4082 6338
419 292 525 350 il)

1491 284 1942 346 DISSEIlTATlO
1983 284 2069 342 DE
2111 283 2293 342 VERA
2333 284 2588 358 ᾸΕἘΑῚΕ

3617 287 3722 347 ηο

418 424 526 480 quo
571 409 710 464 inter
759 407 940 463 hostes
985 405 1192 476 impcrii
1242 405 1473 469 Cassios,
1535 404 1728 477 Nigros
1780 402 2024 457 Albinos-
2050 402 2099 462 Α
2128 418 2253 467 nite,
2282 402 2372 473 qui
2410 417 2478 458 ne
2507 401 2781 458 minimam
2821 401 3036 471 quidem
3066 401 3195 460 dant
3221 401 3560 460 Montanismi
3599 420 3720 460 sus-

426 517 522 572 que
573 500 918 556 Tertullianus
977 497 1186 564 retulit,
1242 497 1307 552 ad
1347 497 1693 554 asserendam
1746 495 2019 566 Apologe-

431 595 519 650 tiei
575 604 785 650 :etatem
842 606 974 647 nece
1015 591 1289 646 Albiniana
1339 591 1726 660 posteriorem;
1779 589 2021 643 continet

425 697 606 744 tamen
639 688 683 742 is
715 688 829 757 ipse
870 685 1021 740 locus
1062 684 1286 756 vestigia
1317 683 1561 755 quaedam
1597 698 1701 738 non
1730 680 2018 737 admodum

431 781 682 848 obscura,
707 779 901 850 quibus
924 777 1232 848 insistentes
1262 787 1473 832 :etatem
1500 791 1658 847 quam
1676 773 2021 845 Apologetico

425 872 804 929 constituimus
826 871 1080 934 tribuere,
1113 870 1414 926 accuratius
1442 869 1685 923 invenire
1712 881 2017 937 possumus.

428 945 572 1019 Nihil
595 963 706 1035 jam
739 963 807 1019 de
839 963 1126 1034 congiariis
1158 962 1226 1017 ab
1250 961 1578 1031 Imperatorc
1620 958 1818 1030 populo
1844 957 2019 1022 datis;

425 1057 560 1114 nihil
601 1056 670 1112 dc
711 1056 798 1112 die
828 1055 1055 1111 solemni
1097 1053 1360 1123 Principis
1388 1052 1532 1107 omni
1570 1051 1896 1106 lautitiarum
1928 1063 2024 1119 ap-

423 1157 612 1221 paratu
630 1147 930 1214 celebrato;
953 1147 1084 1201 nihil
1115 1146 1182 1200 de
1204 1145 1340 1200 votis
1369 1159 1466 1214 pro
1495 1141 1836 1213 Imperatoris
1851 1141 2026 1196 salute

424 1239 692 1308 susceptis
709 1239 951 1294 dicemus
972 1255 985 1291 :
1010 1246 1134 1292 sunt
1153 1238 1297 1291 enim
1331 1235 1468 1299 haec,
1502 1235 1585 1289 vel
1615 1250 1720 1287 non
1745 1243 1865 1304 apta
1893 1232 2024 1288 satis

427 1332 494 1388 ad
524 1346 636 1385 rem
663 1329 1031 1398 exequendam
1055 1372 1069 1394 ,
1102 1329 1186 1383 vel
1227 1344 1258 1382 a
1287 1327 1569 1382 .llosltemio
1592 1325 1702 1396 jam
1733 1325 2025 1396 elegantis-

429 1425 568 1482 sime
595 1425 882 1494 disimtata.
933 1423 1108 1479 Unum
1159 1424 1334 1478 locum
1383 1421 1740 1486 excutiamus,
1795 1429 1847 1473 et
1901 1433 2026 1474 eum

430 1522 648 1594 quidem
718 1522 965 1593 superius
1009 1522 1059 1575 in
1111 1521 1344 1576 medium
1395 1519 1711 1592 productum
1762 1517 1815 1590 (ἓ
1874 1513 1940 1574 15
1970 1519 2026 1589 );

430 1623 714 1686 propterea
763 1612 903 1683 quod
953 1622 1007 1667 et
1057 1613 1101 1666 is
1159 1628 1274 1667 rem
1323 1612 1633 1682 planissime
1685 1610 1922 1679 conﬁcit,
1977 1620 2033 1666 et

431 1714 614 1761 movet
642 1720 771 1771 nos,
798 1714 857 1759 ut
885 1704 954 1759 ab
984 1705 1135 1760 istius
1159 1705 1455 1758 doctissimi
1479 1705 1578 1760 viri
1619 1704 1880 1759 sententia
1907 1719 2034 1774 patt-

433 1801 600 1854 Iulum
625 1799 992 1855 deﬂectemus.
1019 1801 1108 1854 Ait
1131 1799 1289 1870 igitur
1315 1799 1685 1859 Tertullianus.
1709 1798 2032 1852 scelestarum
2065 1778 2111 1837 Β

435 1893 656 1963 partium
685 1893 848 1946 socios
874 1902 961 1945 aut
1004 1893 1271 1962 plausores
1291 1934 1305 1957 ,
1341 1902 1451 1962 post
1482 1891 1788 1946 vindemiam
1815 1892 2034 1963 parrici-

434 1986 620 2040 darum
645 1985 1034 2038 racematiouem
1063 1985 1402 2054 superstitem,
1431 1985 1659 2054 quotidie
1684 1985 1929 2048 revelari;
1963 1985 2038 2050 ait

435 2078 620 2142 etiam,
648 2077 894 2146 quosdam
924 2077 1241 2148 Astrologos,
1273 2077 1524 2146 Augures,
1559 2075 1741 2146 Magos
1770 2077 1834 2130 de
1860 2075 2036 2130 Caesa-

438 2186 554 2222 rum
594 2171 760 2240 capite
783 2171 1115 2224 consuluisse.
1159 2169 1359 2225 Eadem
1388 2168 1670 2239 conjunxit
1697 2169 2032 2240 Spartianus,

437 2261 725 2332 clI'ecitque
772 2263 868 2317 ista
918 2250 1237 2324 similitudo,
1283 2277 1403 2332 qute
1434 2262 1714 2331 utriusque
1757 2261 2039 2332 scriptoris

440 2354 556 2408 loca
602 2355 828 2408 excitata
876 2354 1192 2419 intercedit,
1235 2363 1292 2408 ιιι
1330 2363 1616 2423 utrumque
1646 2354 1834 2410 eadem
1881 2353 2039 2424 plane

441 2453 686 2514 tempora
719 2447 1019 2515 respexisse
1044 2446 1302 2502 dicerem.
1345 2444 1454 2502 Sed
1496 2447 1747 2517 quoniam
1777 2462 1876 2502 nec
1908 2445 2037 2500 Ter-

443 2537 695 2592 tullianus
736 2539 1178 2592 consultationem
1235 2537 1366 2609 Magi
1387 2551 1508 2594 rum
1558 2540 1714 2608 plane
1765 2538 1929 2594 refert
1986 2539 2038 2593 in

443 2633 634 2688 eadem
665 2632 751 2686 illa
781 2644 1041 2700 tempora,
1074 2633 1126 2686 in
1145 2648 1263 2702 qua:
1290 2633 1544 2702 reliquias
1568 2632 1860 2686 amicorum
1887 2630 2042 2702 Nigri

445 2725 800 2795 perquisitas,
833 2739 930 2779 nec
967 2725 1300 2794 Spartianus,
1344 2724 1431 2778 ubi
1465 2733 1674 2794 tempus
1701 2723 1902 2778 diserte
1932 2738 2040 2777 non

444 2818 654 2879 deﬁnit,
683 2817 927 2872 ordinem
961 2833 1140 2872 rerum
1179 2817 1580 2871 accuratissime
1621 2817 1897 2886 sequitur;
1942 2816 1999 2868 lit
2023 2854 2042 2880 ,

447 2917 508 2963 ut.
535 2924 677 2964 nunc
704 2909 978 2964 mittamus
1009 2925 1104 2974 ea,
1139 2925 1259 2980 qua:
1287 2909 1355 2964 de
1385 2909 1644 2964 consultis
1694 2909 1861 2979 magis
1901 2906 2042 2977 apud

451 3013 738 3073 utrumque
785 3003 1050 3074 leguntur.
1103 3004 1172 3056 At
1215 3003 1441 3057 alterum
1469 3017 1756 3072 sequamur
1783 3001 2040 3072 judicium

449 3095 742 3165 temporis,
793 3111 899 3162 qtto
948 3095 1183 3164 scriptus
1219 3103 1303 3150 est
1351 3095 1744 3165 Apologeticus,
1795 3093 2044 3149 videlicet

450 3187 594 3243 istud
622 3187 855 3242 studium
887 3187 1167 3254 Plautiani,
1192 3187 1538 3258 [iretrajtettdi
1565 3201 1754 3240 omnes
1775 3201 1889 3252 eos,
1908 3201 2042 3255 quos

451 3292 731 3350 suspectos
767 3281 979 3335 dicebat
1022 3296 1222 3335 aversae
1259 3297 1286 3332 a
1335 3280 1523 3334 Severo
1558 3278 1864 3333 voluntatis.
1898 3277 2041 3346 Hos,

454 3371 767 3443 Spartianus
793 3373 884 3437 ait,
918 3383 1256 3442 persecutum
1283 3387 1405 3427 esse
1438 3370 1772 3424 Plautianum
1804 3369 2005 3426 interea
2028 3411 2043 3434 ,

449 3481 574 3522 cum
619 3465 837 3521 Severus
883 3465 1109 3522 Parthos
1160 3467 1376 3521 adortus
1423 3465 1609 3520 fuisset
1640 3506 1655 3530 ,
1698 3463 2048 3535 rediissetque

453 3557 508 3613 in
554 3557 786 3629 Syriam,
837 3568 894 3611 ttt
938 3573 997 3612 se
1029 3568 1241 3628 pararet
1283 3557 1349 3612 ad
1381 3558 1576 3613 bellum
1606 3556 1818 3611 Parthis
1857 3556 2048 3626 majori

453 3665 580 3706 cum
611 3651 657 3704 vi
684 3651 1037 3708 inferendum.
1067 3651 1351 3705 Enimvero
1384 3649 1638 3705 credibile
1671 3659 1775 3714 est,
1805 3649 2050 3705 Severum

455 3744 570 3801 fere
615 3754 754 3822 post,~
781 3745 1012 3824 medium
1053 3748 1117 3799 A.
1148 3743 1423 3810 CXCVIII,
1457 3744 1617 3799 fuisse
1647 3743 1904 3799 adversus
1924 3744 2052 3798 Par-

455 3839 578 3893 thos
605 3839 902 3915 profectum
937 3839 1046 3911 (l);
1067 3854 1291 3909 quorum
1321 3841 1548 3908 impetus
1573 3854 1694 3894 cum
1721 3839 2050 3910 aliquantmn

459 3930 828 3999 repressisset.
862 3931 913 3984 in
943 3929 1152 4000 Syriam
1195 3930 1352 3986 rediit
1392 3930 1563 3995 forte,
1605 3941 1663 3984 ut
1704 3930 1775 3984 ibi
1823 3931 2053 3985 hiemem

459 4020 797 4089 transigeret.
833 4019 928 4076 Ubi
958 4035 1079 4074 cum
1111 4029 1324 4090 pararet
1354 4036 1439 4085 ea,
1471 4036 1590 4091 qum
1630 4023 1934 4075 necessaria
1975 4021 2095 4092 vi-‘_

460 4112 724 4168 debentur
743 4113 810 4168 ad
847 4113 1070 4168 Parthos
1095 4113 1236 4168 bello
1271 4113 1670 4184 persequendos
1691 4155 1706 4180 ,
1743 4111 2056 4170 Plautianus

463 4205 805 4276 investigavit
845 4220 958 4269 eos,
1003 4220 1140 4276 quos
1186 4207 1502 4276 superstites
1551 4213 1776 4262 noverat
1822 4221 1854 4262 e
1900 4205 2058 4278 Nigri

465 4295 832 4366 amicis;quod
866 4297 1024 4365 igitur
1054 4296 1165 4353 fere
1196 4297 1390 4353 factum
1421 4308 1502 4352 est
1528 4298 1628 4352 sub
1656 4297 1782 4352 anni
1821 4297 2055 4355 CXCIX.

464 4390 697 4445 initium.
751 4390 928 4458 Quare
980 4390 1160 4444 nullus
1209 4406 1310 4461 ego
1360 4390 1565 4456 dubito,
1622 4391 1748 4460 quin
1794 4392 2058 4446 sententia

466 4483 770 4550 Mosltcmii,
803 4499 905 4555 qua
936 4485 1000 4538 Α.
1029 4482 1303 4540 CXCVIII.
1333 4485 1510 4539 medio
1551 4483 1900 4540 hunclibrum
1935 4500 2063 4539 exa-

461 4587 638 4633 ratum
666 4592 784 4633 esse
814 4578 1103 4645 existimat,
1135 4576 1480 4646 relinquenda
1505 4578 1576 4631 sit
1611 4577 1708 4631 ista
1745 4577 1796 4631 in
1828 4593 1906 4644 re,
1938 4593 2059 4648 pro-

467 4681 651 4742 pterea
704 4669 846 4741 quod
881 4677 990 4724 tum
1021 4669 1179 4724 modo
1221 4670 1480 4724 adversus
1523 4668 1747 4724 Parthos
1791 4670 2063 4740 profectus

467 4773 552 4820 est
582 4764 822 4827 Severus,
859 4771 1017 4834 atque
1053 4761 1397 4818 Tertullianus
1437 4777 1542 4818 non
1568 4763 1636 4820 de
1663 4765 1916 4820 extinctis
1964 4764 2062 4817 Al-

467 4861 594 4922 bini.
623 4859 720 4918 sed
754 4858 907 4930 Nigri
931 4858 1118 4914 amicis
1155 4859 1412 4930 loquitur,
1436 4859 1522 4929 qui
1553 4867 1708 4914 erant
1730 4858 1906 4914 adlmc
1943 4866 2066 4930 post

468 4957 768 5011 Albinianos
797 4956 1130 5026 superstites.
1161 4955 1266 5011 Sed
1293 4969 1463 5026 neque
1487 4965 1745 5025 tempore.
1775 4955 1880 5010 isto
1919 4952 2065 5024 quod

469 5049 724 5115 diximus,
769 5049 1050 5119 posteriori
1095 5049 1227 5103 facta
1260 5063 1380 5104 esse
1411 5048 1620 5103 videtur
1655 5047 1771 5104 haec
1821 5049 2064 5103 inimico-

471 5159 588 5198 rum
615 5144 789 5198 Severi
813 5144 1222 5213 pervestigatio;
1255 5143 1354 5197 hoc
1374 5143 1516 5197 enim
1548 5151 1805 5211 pugnaret
1829 5156 1950 5196 cum
1974 5157 2061 5206 eo,

469 5236 616 5307 quod
639 5235 748 5306 jant
773 5237 837 5290 Α.
866 5235 970 5290 CC.
999 5235 1342 5289 'l‘ertullianus
1374 5234 1811 5289 Montanistarum
1831 5235 2067 5304 partilms

472 5329 732 5392 accessit.
777 5330 1097 5400 scripsitque
1137 5339 1260 5384 ante
1304 5329 1440 5383 hanc
1484 5327 1679 5383 factam
1715 5328 1783 5383 ab
1825 5328 2065 5384 Ecclesia

473 5421 836 5477 secessionem
866 5421 1032 5476 libros
1057 5423 1124 5475 ad
1157 5419 1404 5476 Nationes
1434 5429 1489 5476 et
1529 5422 1593 5475 de
1626 5419 1934 5475 Tcstimonio
1955 5421 2072 5474 ani-

533 5580 606 5642 (l)
638 5577 886 5642 Profectio
900 5578 1104 5642 Augusti
1130 5578 1448 5642 coniungitur
1472 5576 1596 5639 apud
1621 5575 1989 5642 Mediobarbum
2011 5576 2071 5642 a_d

467 5653 512 5692 a.
537 5638 711 5709 @199.
737 5638 783 5704 ί).
811 5640 913 5709 [12.
933 5638 996 5709 εἰ
1016 5641 1141 5709 apud
1165 5638 1474 5709 V'aillahtium
1497 5638 1706 5709 ἱιιῃψῃε
1725 5639 1895 5709 Imij
1915 5638 2009 5709 vni.
2033 5639 2069 5709 1ἶ

467 5721 515 5767 p.
543 5705 649 5767 H3.
683 5700 792 5752 cum
814 5703 900 5754 'l'r.
933 5703 988 5752 Ρ.
1007 5700 1101 5767 ᾉνι.
1127 5716 1238 5765 qua:
1273 5704 1421 5767 desiit
1444 5701 1501 5750 Α.
1529 5700 1745 5767 (ΣξίῖιΧη
1764 5701 1944 5767 medio.
1971 5701 2074 5767 sed

463 5763 591 5830 apud
616 5766 748 5816 illum
774 5782 818 5828 ν.
849 5767 954 5830 273),
979 5765 1103 5830 alius
1145 5763 1370 5830 nummus
1399 5766 1553 5830 habet
1571 5763 1750 5830 Severi
1789 5763 1959 5830 'l'tng.
1986 5763 2070 5819 VI.

472 5825 582 5890 cum
606 5825 895 5897 cognomine
920 5828 1032 5884 Par.
1057 5829 1144 5884 Ar.
1171 5827 1262 5887 Ad.
1287 5828 1540 5900 signisque
1559 5827 1775 5887 victoriae
1799 5825 1922 5887 aliis,

2123 497 2408 568 picionem,
2455 506 2510 553 et
2556 509 2680 554 sunt
2723 499 3070 569 Apologetico
3092 500 3425 568 superiores;
3467 499 3607 572 quod
3647 499 3718 556 dc

2122 589 2260 647 libro
2285 609 2438 664 super
2462 593 2648 647 animas
2677 593 2960 648 testimonio
2988 592 3129 649 haud
3158 593 3379 650 dubium
3407 603 3492 650 est
3510 634 3524 657 ,
3570 608 3634 650 ac
3661 595 3729 648 de

2127 685 2271 740 libris
2309 685 2380 739 ad
2417 687 2650 742 nationes
2683 685 2961 756 probabile
2998 685 3308 743 admodum.
3357 687 3540 757 Neque
3586 700 3731 742 nunc

2123 760 2288 833 credo
2339 776 2452 832 fore
2494 777 2582 848 qui
2644 786 2834 850 putent
2899 777 3274 833 Tertullianum
3312 787 3421 834 tum
3461 779 3728 835 Montani-

2124 877 2262 926 stam
2305 868 2488 932 fuisse.
2530 885 2652 924 cum
2680 871 3085 941 Apologetieum
3113 881 3479 940 componeret.
3513 869 3728 926 Etenim

2125 961 2228 1016 nisi
2269 961 2753 1034 mavelinLlingere
2780 976 2902 1017 cum
2933 960 3287 1032 llaecrcampo
3316 961 3381 1016 ν.
3401 962 3462 1018 C.
3483 962 3561 1034 (in
3590 977 3732 1032 pra:-

2126 1051 2219 1108 l’at.
2251 1052 2318 1108 ad
2362 1053 2653 1109 editionem
2697 1054 2980 1124 Apologet.
3027 1053 3282 1125 Tertull.)
3352 1053 3730 1110 Tertulliauum

2128 1145 2212 1202 bis
2239 1147 2376 1202 hanc
2405 1148 2719 1219 Apologiam
2773 1149 3042 1218 paululum
3079 1149 3411 1204 immutatam
3443 1149 3678 1206 edidisse
3709 1190 3726 1214 .

2128 1240 2460 1309 argumentis
2506 1240 2706 1296 nostris
2747 1240 2943 1296 cedant
2990 1256 3212 1298 necesse
3239 1251 3323 1298 est
3346 1285 3361 1306 ,
3392 1242 3586 1314 quibus
3608 1257 3730 1298 eam

2130 1332 2462 1400 superiorem
2511 1348 2632 1389 esse
2684 1332 2860 1388 Severi
2918 1333 3096 1389 edicto
3138 1334 3500 1406 probavimus.
3555 1337 3736 1406 Atque

2131 1438 2231 1494 ego
2256 1425 2562 1495 opinionem
2594 1424 2939 1490 Havercampi
2982 1443 3087 1481 non
3112 1427 3298 1498 probo,
3327 1442 3446 1482 cum
3472 1417 3737 1483 lectiones

2132 1516 2376 1586 quiedam
2412 1527 2588 1573 textus
2621 1517 2780 1588 lmjns
2828 1517 2948 1572 libri
3005 1519 3379 1588 discrepantes
3426 1515 3582 1575 istam
3623 1535 3742 1575 rem

2133 1623 2241 1664 non
2286 1609 2572 1664 eonliciant
2622 1610 2788 1677 satis;
2839 1611 3080 1681 mihique
3127 1629 3194 1666 ex
3247 1595 3476 1666 ‘Euscbio
3523 1612 3744 1683 quidem

2137 1700 2203 1756 Η.
2233 1700 2297 1756 Ε.
2329 1699 2390 1756 L.
2422 1699 2488 1757 Il.
2518 1717 2636 1772 cap.
2663 1702 2720 1758 ἓ.
2749 1713 2959 1759 constet
2979 1747 2994 1767 ,
3029 1704 3168 1776 quod
3216 1703 3522 1760 Tertulliani
3545 1707 3746 1777 Apolo-

2138 1794 2224 1864 gia
2257 1793 2419 1849 latine
2445 1794 2642 1864 scripta
2666 1795 2757 1858 sit,
2786 1804 3078 1865 posteaque
3115 1812 3291 1868 grmee
3329 1811 3608 1861 conversa,
3640 1797 3743 1852 sed

2137 1885 2280 1956 quod
2313 1885 2394 1941 bis
2414 1885 2553 1940 edita
2580 1887 2685 1954 sit,
2713 1899 2766 1942 et
2793 1888 3067 1942 immutata
3092 1887 3330 1958 quidem.
3376 1889 3523 1943 ttttllo
3558 1891 3745 1944 modo.

2139 1977 2291 2047 Quod
2317 1979 2361 2033 si
2390 1979 2549 2046 igitur
2566 1980 2884 2048 concedant,
2911 1983 3314 2052 Apologeticum
3346 1983 3524 2038 Severi
3567 1983 3750 2040 edie'o

2142 2086 2263 2126 esse
2307 2072 2696 2143 antiquiorem:
2730 2089 2823 2130 eos
2861 2076 3100 2144 profecto
3129 2087 3342 2146 oportet
3385 2087 3571 2134 contra
3603 2093 3700 2132 nos
3722 2121 3742 2142 ,

2141 2165 2185 2219 si
2234 2165 2476 2234 possint,
2523 2166 2848 2222 certioribus
2884 2168 3216 2238 argumentis
3256 2184 3528 2240 pugnare,
3576 2186 3743 2242 quam

2141 2257 2224 2320 iis,
2273 2258 2465 2329 quibus
2511 2260 2833 2316 sententiam
2883 2277 2910 2316 a
2975 2262 3260 2317 Mosltcmio
3315 2265 3738 2320 demonstratam

2147 2350 2496 2419 llo/fmannus
2528 2355 2878 2424 impugnavit,
2910 2372 3030 2425 qua:
3072 2357 3202 2412 nihil
3241 2357 3510 2415 ﬁrmitatis
3549 2360 3758 2417 habere

2142 2447 2357 2517 egregie
2395 2449 2839 2502 commonstravit
2884 2448 3202 2505 Mosltemius
3231 2452 3283 2504 in
3351 2451 3624 2508 Addendis
3675 2453 3750 2510 at!

2143 2539 2252 2594 vol.
2284 2539 2298 2592 I
2329 2539 2459 2596 diss.
2491 2557 2708 2596 suarum
2743 2542 2874 2596 llist.
2915 2543 3122 2600 Eccles.
3165 2561 3221 2616 p.
3267 2546 3518 2602 'l-II.-48.
3568 2549 3753 2614 Atque

2145 2648 2244 2689 nos
2275 2634 2374 2703 ipsi
2404 2635 2558 2690 alteri
2614 2634 2917 2702 llo/fmanni
2974 2647 3290 2706 argumento
3335 2653 3435 2694 suo
3480 2639 3598 2694 loco
3659 2657 3756 2694 tc-

2146 2726 2550 2796 spomlebimus,
2579 2730 2804 2783 alterum
2832 2745 2962 2785 vero
2990 2745 3272 2787 monemus
3288 2747 3411 2788 cum
3456 2735 3567 2803 ipsa
3599 2731 3761 2800 llo/T-

2147 2823 2322 2875 manui
2348 2824 2613 2876 sententia
2645 2839 2883 2893 pugnare
2919 2825 3090 2895 (lubet
3115 2827 3257 2881 enim
3291 2827 3390 2881 hos
3443 2827 3762 2883 Mosltemia-

2149 2929 2230 2967 ua:
2269 2914 2610 2982 responsioni
2638 2914 2915 2984 adjicere).
2945 2916 3075 2971 Nam
3103 2918 3146 2970 si
3193 2933 3318 2972 vera
3367 2928 3493 2972 sunt
3539 2919 3700 2974 etiam
3739 2961 3758 2986 ,

2147 3021 2270 3077 qua:
2310 3007 2379 3062 de
2425 3007 2569 3061 cultu
2604 3007 2875 3079 Serapidis
2918 3009 3104 3064 Roma:
3157 3026 3251 3080 per
3304 3010 3549 3066 Severum
3600 3014 3762 3066 re5ti-

2153 3109 2267 3154 tuto
2303 3098 2654 3167 Hoﬂ'mannus
2690 3101 2857 3168 dicit,
2889 3101 3023 3158 facta
3057 3117 3180 3159 esse
3219 3119 3280 3158 ea
3331 3112 3440 3157 tum
3491 3103 3707 3160 demum
3741 3145 3760 3169 ,

2148 3207 2270 3248 cum
2302 3191 2613 3264 Egyptum,
2643 3193 2868 3248 devictis
2904 3196 3130 3258 Parthis,
3180 3207 3552 3268 peragrasset.
3602 3197 3659 3252 b.
3704 3213 3762 3255 (υ.

2149 3287 2218 3340 Α.
2263 3286 2674 3351 CCII;concidit
2725 3287 2798 3355 id,
2848 3289 2991 3357 quod
3036 3301 3190 3345 antea
3238 3290 3586 3357 decreverat,
3635 3306 3768 3346 anc

2152 3379 2330 3435 Severi
2380 3379 2613 3435 edictum
2655 3381 2914 3450 scriptum
2969 3382 3372 3454 Apulogeticnm
3421 3396 3571 3450 esse;
3625 3400 3769 3456 quo.

2155 3472 2295 3526 niam
2317 3482 2441 3526 ante
2462 3475 2526 3526 Α.
2549 3471 2728 3526 CCIII.
2761 3473 2985 3527 Romam
3019 3474 3237 3530 Severus
3263 3490 3368 3530 non
3395 3475 3573 3542 rediit,
3601 3485 3657 3532 et
3677 3485 3763 3530 ta-

2155 3580 2276 3619 men
2286 3565 2322 3618 A
2335 3563 2746 3620 .CCIl.edictum
2764 3565 3020 3622 adversus
3035 3567 3358 3622 christianos
3371 3568 3768 3639 promulgatum

2154 3656 2338 3724 fuisse,
2381 3672 2542 3712 nemo
2594 3672 2730 3712 unus
2771 3673 2964 3714 vocare
3011 3659 3063 3714 in
3107 3659 3530 3716 controversiam
3564 3670 3768 3731 potest.

2163 3793 2190 3865 §
2239 3794 2324 3851 I7.
2377 3823 2449 3834 —
2498 3793 2640 3848 Libri
2695 3794 2798 3849 duo
2873 3795 2942 3849 ad
2999 3794 3246 3851 Nationes
3307 3812 3443 3850 anno
3521 3794 3770 3852 CXCIX.

2872 3888 3065 3959 scripti.

2234 4045 2426 4100 Narrat
2477 4044 2529 4100 in
2580 4045 2928 4116 Apologetico
2954 4061 3052 4099 suo
3080 4045 3425 4101 Tertullianus
3453 4048 3614 4118 (cap.
3647 4047 3719 4104 16
3753 4052 3772 4118 )

2162 4139 2394 4209 proxime
2439 4135 2606 4193 luisse
2644 4139 2964 4209 quemdam.
3026 4140 3116 4210 qni
3177 4140 3460 4212 imaginem
3510 4150 3768 4212 togatam,

2161 4233 2381 4288 auribus
2434 4234 2746 4289 instructam
2800 4235 3062 4299 asininis,
3113 4235 3285 4290 altero
3347 4235 3480 4306 pede
3543 4237 3776 4308 ttngula-
3837 4270 3850 4281 ο

2163 4335 2294 4392 tam,
2340 4325 2517 4382 addita
2574 4326 2958 4396 inscriptione,
3011 4325 3148 4382 Deus
3204 4329 3597 4383 christiauorum
3643 4346 3774 4383 ono—

2162 4420 2384 4484 cltoetes,
2464 4419 2824 4490 proposuerit.
2895 4419 3040 4475 Idem
3078 4437 3238 4491 nuper
3277 4420 3476 4476 factum
3518 4437 3640 4477 esse
3688 4439 3777 4476 rc-

2087 4515 2139 4577 D
2168 4511 2269 4567 fert
2299 4514 2350 4585 in
2379 4511 2557 4582 priore
2605 4512 2674 4565 ad
2724 4511 2976 4567 Nationes
3025 4511 3161 4567 libro
3196 4528 3244 4568 c.
3293 4514 3403 4578 14.;
3447 4513 3584 4586 quod
3609 4529 3778 4585 argn-

2165 4614 2349 4660 tnento
2401 4618 2524 4659 esse
2575 4613 2770 4672 potest.
2801 4603 2989 4658 eodem
3045 4604 3156 4660 fere
3201 4615 3443 4675 tempore
3481 4622 3600 4660 cum
3634 4607 3777 4676 Ap"-

2167 4679 2396 4768 logetico
2443 4707 2729 4766 utruntquc
2774 4697 2842 4749 ad
2891 4696 3140 4752 Nationes
3177 4697 3367 4752 librum
3409 4697 3610 4754 editum
3649 4698 3777 4753 luis-

2167 4807 2247 4859 se,
2277 4800 2436 4859 atque
2472 4790 2564 4854 ita,
2611 4790 2661 4844 ni
2705 4789 2878 4852 fallor,
2927 4799 2985 4844 ut
3015 4799 3135 4860 post
3161 4806 3283 4846 cum
3315 4790 3367 4844 hi
3416 4791 3591 4847 lucem
3622 4791 3773 4846 vide-

2170 4881 2298 4937 rint.
2322 4881 2622 4952 Utrumque
2648 4880 2905 4952 inquam;
2938 4882 3099 4937 verba
3138 4883 3280 4936 enim
3307 4923 3323 4947 ,
3353 4883 3546 4953 quibus
3575 4882 3771 4938 librum

2170 4975 2528 5046 posteriorem
2577 4973 2806 5039 orditur,
2855 4975 3039 5030 statim
3085 4989 3208 5029 eum
3253 4974 3418 5044 priori
3470 4972 3774 5045 subjectum

2167 5067 2459 5124 ostendunt
2504 5075 2623 5137 post
2671 5066 3074 5138 Apologeticum
3121 5085 3134 5121 :
3180 5079 3291 5122 tum
3332 5068 3586 5138 quoniam
3643 5065 3776 5120 illul

2171 5162 2398 5232 proxime
2423 5159 2636 5214 videtur
2665 5157 2883 5214 brevius
2913 5159 3172 5230 temporis
3199 5159 3430 5228 spatium
3457 5159 3772 5230 designare,

2175 5271 2334 5327 quam
2365 5271 2563 5326 nuper;
2591 5265 2724 5316 tttm,
2753 5247 3006 5325 quoniam
3052 5254 3397 5310 verisimilius
3435 5264 3521 5310 cst
3563 5255 3607 5309 si
3653 5256 3778 5325 quis

2173 5349 2318 5404 dicat
2359 5347 2735 5402 Tertullianutu
2787 5347 3016 5417 primum
3070 5347 3335 5403 Prmsides
3378 5347 3772 5418 compellassc.

2174 5455 2403 5510 quorum
2434 5439 2724 5496 auctoritas
2754 5439 2924 5508 major
2952 5447 3098 5494 esset
3143 5438 3464 5508 animusque
3514 5437 3743 5494 tractabi
3764 5468 3777 5480 -

2178 5534 2301 5597 lior,
2333 5548 2491 5604 quam
2523 5532 2726 5603 populi.
2755 5531 2929 5602 Atque
2960 5539 3085 5585 snnt
3109 5541 3307 5602 prteter
3333 5529 3448 5584 hare
3489 5543 3598 5584 non
3643 5543 3774 5599 pau-

2177 5641 2262 5692 ca,
2293 5625 2486 5696 quibus
2515 5638 2706 5680 eorum
2753 5633 2883 5680 setas
2914 5622 3081 5678 multo
3110 5621 3356 5689 superior
3387 5621 3565 5677 edicto
3596 5620 3780 5678 Severi

2179 5719 2406 5789 intelligi
2441 5717 2606 5789 possit
2632 5733 2648 5784 ;
2677 5732 2705 5772 a
2741 5716 2932 5788 quibus
2957 5715 3340 5774 enumerandis
3367 5729 3453 5768 me
3481 5728 3622 5771 nunc
3658 5715 3778 5783 qui-

2182 5812 2304 5880 dein
2336 5815 2609 5881 contineo,
2656 5809 2749 5875 scd
2782 5818 2904 5876 tttor
2943 5817 3120 5874 tamen
3165 5807 3230 5872 ad
3262 5807 3399 5875 hanc
3428 5823 3540 5871 rem
3569 5805 3780 5872 duobus
