4084 6344
299 313 410 378 {Si
1231 316 1323 376 AC
1361 312 1705 377 DOCTRINA
1745 316 2182 382 SCRIPTORUM
2221 321 2702 386 TERTULLIANI.
3511 323 3624 390 123,

300 432 664 506 argumentis.
714 430 889 490 Unum
917 439 1020 498 est,
1061 431 1205 504 quod
1248 432 1338 492 isti
1386 434 1506 491 libri
1555 435 1660 492 sint
1710 437 1909 509 populo
1935 440 1986 501 A
2015 439 2121 497 Sed
2145 440 2350 506 dubito,
2380 458 2449 498 an
2471 455 2618 501 recte
2638 444 2707 500 ab
2736 441 3052 512 llo/fmanno
3073 441 3135 500 L.
3163 457 3239 512 c.,
3261 457 3314 516 ι).
3346 444 3437 502 54.
3466 442 3616 500 dica-

302 527 362 583 in
394 527 588 598 primis
614 527 900 593 destinati;
934 526 1182 592 alterum,
1217 529 1359 599 quod
1390 530 1667 586 victoriam
1690 547 1718 586 a
1747 530 1911 604 Nigro
2019 546 2105 591 tur
2129 536 2295 592 altera
2317 539 2465 608 quasi
2491 554 2612 608 pars
2637 555 2756 596 esse
2784 540 3174 599 commentarii.
3206 554 3366 612 quem
3391 539 3442 594 in
3468 540 3613 610 Apo-

297 628 474 691 atque
501 620 686 674 Albino
732 631 981 691 tanquam
1037 635 1141 676 non
1183 622 1254 675 ita
1293 622 1462 677 multo
1505 632 1630 680 ante
1672 636 1914 696 reporta-
2016 631 2303 702 logeticum
2336 631 2684 688 Tertullianus
2703 633 3106 700 ediderit,cum
3130 633 3252 690 libri
3273 633 3342 688 ad
3367 632 3616 690 Nationes

300 722 418 769 tam
470 713 798 786 signilicent.
851 712 1106 785 Nuspiatn
1166 714 1431 770 Prmsidcs
1483 716 1804 788 alloquitur,
1856 729 1915 774 ut
2015 723 2250 795 priorem
2297 723 2596 780 eli‘ecerint.
2650 725 2889 797 Namque
2921 728 3019 782 ista
3067 728 3228 782 verba
3280 726 3614 797 Apologeliei

298 805 439 864 iecit
467 809 521 863 iu
570 808 944 880 Apologetico,
990 808 1084 864 sed
1117 809 1273 864 unice
1303 811 1577 881 populum,
1613 826 1642 866 a
1672 827 1778 883 quo
1801 828 1911 869 me-

2015 832 2066 873 c.
2103 817 2189 872 l7.
2220 818 2371 872 vultis
2391 835 2454 872 ex
2472 820 2658 874 animo:
2687 819 2846 890 ipsius
2876 820 3158 875 testimonio
3187 820 3569 890 comprobemus
3590 821 3616 874 εδ

295 902 442 957 mini
495 901 870 958 Tertullianum
913 902 1108 959 alicubi
1155 903 1316 960 etiam
1345 906 1424 974 (v.
1466 921 1518 960 c.
1557 905 1620 961 L.
1660 905 1702 962 l.
1743 922 1794 963 c.
1831 908 1916 980 5.)
2017 925 2137 980 qum
2161 925 2344 964 ansam
2378 909 2696 978 Ilo/Imaum
2723 913 2792 967 ita
2829 912 3093 968 sentiendi
3132 913 3332 969 dedere
3357 955 3373 980 ,
3405 928 3512 968 non
3543 914 3614 968 ita

292 995 516 1053 diserte
574 997 843 1054 Praesides
901 997 1238 1054 distinxisse.
1299 998 1562 1070 Deinceps
1613 1000 1749 1066 hos,
1798 1001 1913 1068 ait,
2015 1015 2322 1074 comparata
2359 1005 2606 1061 videntur
2637 1004 2802 1073 mihi,
2837 1017 2893 1061 ut
2937 1008 3142 1075 possint
3171 1007 3399 1063 lectores
3426 1022 3614 1062 omnes

296 1089 510 1162 quibus
575 1090 774 1146 dicavit
817 1091 952 1147 istos
1006 1091 1198 1160 libros,
1253 1107 1536 1150 accusasse
1587 1095 1914 1154 christianos
2016 1096 2085 1152 ad
2116 1098 2274 1166 hujus
2299 1099 2570 1168 opinionis
2591 1101 2871 1155 veritatem
2900 1099 3614 1170 agnoscendumadducere,

297 1185 326 1255 (
357 1184 423 1241 [ι.
472 1186 516 1242 1.
571 1201 623 1242 c.
663 1186 754 1242 20.
782 1193 822 1258 j;
873 1189 1014 1260 quod
1057 1187 1273 1260 quidem
1320 1190 1611 1245 convenire
1656 1191 1816 1246 video
1860 1193 1912 1248 in
2017 1205 2137 1247 cum
2177 1191 2366 1247 eodem
2399 1192 2490 1248 illo
2535 1192 2654 1250 loco
2697 1193 3043 1248 Tertullianus
3069 1202 3123 1248 et
3159 1192 3529 1249 demonstrare
3557 1209 3616 1248 se

296 1279 601 1348 Pmsides,
635 1291 811 1336 tamen
863 1281 1030 1337 multo
1083 1283 1254 1353 magis
1285 1282 1518 1338 refertur
1567 1283 1633 1338 ad
1677 1283 1910 1354 plebem.
2020 1297 2181 1353 posse
2209 1299 2370 1338 unum
2399 1284 2568 1339 Deum
2597 1299 2662 1340 ex
2691 1284 2809 1354 ejus
2831 1284 3082 1356 operibus
3109 1283 3247 1338 dicat
3273 1301 3287 1346 ;
3318 1283 3386 1339 de
3428 1298 3528 1356 qua
3557 1299 3616 1340 re
3643 1321 3645 1324 ‹

300 1373 560 1445 Denique
615 1373 792 1445 ipsum
833 1389 1131 1446 cognomen
1197 1374 1502 1440 Nationum,
1555 1376 1696 1446 quod
1737 1391 1820 1432 εει
1859 1378 1913 1433 in
2019 1382 2196 1430 tamen
2241 1391 2502 1447 nusquam
2527 1392 2651 1432 cum
2683 1377 2899 1432 memini
2931 1391 2995 1432 ex
3041 1377 3282 1432 instituto
3319 1375 3612 1446 disputare.

298 1467 509 1523 borum
551 1467 809 1524 librorum
855 1469 1166 1540 epigraphe.
1222 1471 1559 1526 manifestum
1609 1480 1693 1526 est
1729 1487 1757 1525 a
1786 1470 1914 1526 Ter-
2019 1467 2206 1522 saltem
2255 1469 2305 1523 in
2355 1469 2493 1524 libro
2538 1469 2664 1537 tali,
2716 1470 2806 1540 qtti
2861 1469 2931 1524 sit
2975 1468 3164 1524 eodem
3209 1477 3449 1539 tempore
3491 1482 3614 1523 cum

299 1561 529 1617 tulliano
587 1562 810 1617 inditum
861 1577 984 1619 esse
1039 1563 1124 1628 iis,
1168 1563 1260 1632 qui
1303 1563 1470 1620 dediti
1534 1574 1688 1619 erant
1749 1564 1914 1620 cultui
1989 1560 2381 1632 ,Apologeticis
2434 1561 2686 1632 scriptus.
2747 1559 2956 1616 Certius
3016 1562 3157 1615 hunc
3209 1560 3404 1615 librum
3464 1560 3613 1630 Apo—

299 1655 564 1719 deorum;
589 1654 675 1710 hic
699 1671 828 1713 vero
867 1656 1083 1727 proprie
1121 1657 1330 1728 plebem
1363 1657 1790 1727 superstitiosam
1816 1657 1916 1712 de—
2020 1655 2249 1726 lugetico
2289 1654 2546 1726 aequalem
2591 1669 2713 1710 esse
2753 1654 2913 1710 verba
2953 1654 3150 1710 docent
3188 1669 3250 1709 ca
3273 1695 3286 1716 ,
3319 1652 3511 1724 quibus
3557 1653 3612 1709 in

301 1749 491 1820 signat
519 1748 661 1804 haud
687 1750 870 1816 dubie,
903 1762 1184 1822 propterea
1215 1752 1358 1823 quod
1391 1767 1526 1822 pene
1555 1752 1766 1814 eadem,
1789 1766 1910 1822 qum
1941 1815 1983 1823 _
2017 1749 2257 1804 seetionc
2307 1749 2490 1820 quinta
2525 1765 2576 1818 p.
2624 1749 2715 1804 8i.
2765 1749 2932 1803 utitur
2973 1746 3320 1802 Tertullianus
3369 1763 3386 1800 :
3416 1745 3617 1800 Dieime

293 1815 576 1911 disputata
607 1851 733 1897 sunt
762 1843 812 1896 in
845 1815 944 1898 hoc
970 1815 1197 1916 utroque
1227 1815 1426 1908 libello,
1447 1845 1556 1915 jam
1584 1815 1912 1902 Przesidibus
1941 1815 1988 1875 Β
2015 1842 2284 1910 scriptura:
2311 1815 2426 1912 qua:
2450 1815 2599 1911 pencs
2623 1857 2715 1894 uos
2737 1840 2814 1894 vel
2837 1839 3048 1894 Judteos
3067 1849 3204 1906 sunt,
3229 1840 3388 1894 nmlto
3404 1839 3616 1894 saecula-

296 1934 702 1990 eonsideranda
734 1937 1010 2007 proposuit
1047 1937 1104 1992 in
1144 1938 1512 2009 Apolngetico.
1561 1938 1664 1995 Sed
1696 1955 1914 2010 nupera)
2015 1935 2153 1989 ribus
2199 1936 2378 1990 litteris
2427 1952 2528 1990 non
2573 1934 2772 1988 modica
2801 1943 2992 1988 tantum
3033 1943 3183 1988 (etate
3210 1933 3382 2004 aliqua
3408 1943 3613 1987 anteceo

294 2027 505 2097 stragis
533 2025 689 2098 Nigri
725 2027 994 2098 Albim'que
1041 2030 1372 2086 mentionem
1401 2031 1568 2098 injicit
1595 2031 1696 2087 hoc
1726 2033 1909 2099 modo,
2015 2029 2162 2092 dunt,
2191 2039 2247 2084 ut
2276 2029 2386 2084 loco
2413 2045 2506 2084 suo
2531 2029 2842 2084 edocuimus.
2879 2029 2991 2086 Hoc
3015 2043 3143 2085 vero
3170 2029 3382 2084 ubinam
3409 2027 3613 2095 docuit,

295 2129 364 2174 ut
382 2118 920 2191 Syriamcadaverum
942 2121 1179 2176 odoribus
1195 2124 1413 2192 spirare,
1437 2122 1730 2194 Galliasque
1744 2124 1913 2180 adhuc
2015 2123 2117 2178 nisi
2160 2123 2212 2178 in
2244 2122 2638 2193 Apologetico?
2672 2138 2790 2193 cap.
2828 2121 2913 2178 18.
2969 2137 3122 2191 seqq.
3155 2120 3324 2189 Quem
3352 2135 3478 2176 cum
3514 2120 3615 2175 sub

298 2209 568 2267 Rhodano
608 2229 701 2267 suo
727 2229 828 2267 non
863 2214 1034 2268 lavare
1057 2214 1236 2280 dicat;
1291 2216 1431 2286 quod
1473 2215 1599 2287 quid
1645 2217 1744 2274 sibi
1799 2217 1914 2274 vult
2016 2216 2225 2271 initium
2256 2216 2321 2270 A.
2373 2213 2630 2282 CXCIX,
2660 2230 2755 2270 eos
2786 2230 2915 2270 vero
2941 2214 3009 2267 ad
3033 2213 3282 2268 Nationes
3311 2213 3466 2284 paulo
3493 2221 3616 2284 post

297 2305 451 2360 aliud
497 2321 656 2374 quam
710 2305 811 2362 hoc
834 2348 849 2372 ,
893 2307 980 2362 vix
1013 2307 1171 2362 linem
1211 2307 1352 2365 bello
1392 2307 1568 2364 Seueri
1593 2324 1713 2365 cum
1743 2309 1912 2382 Nigro
2015 2309 2383 2379 composuerit
2415 2352 2430 2376 ,
2459 2325 2601 2365 anno
2632 2309 2736 2364 isto
2767 2325 2899 2378 pene
2941 2309 3158 2380 expleto
3188 2321 3429 2364 nomrum
3461 2306 3614 2362 libel-

299 2410 470 2471 atque
496 2401 676 2455 Albino
720 2399 887 2457 fuisse
929 2402 1271 2472 impositum?
1309 2403 1438 2472 Qum
1466 2404 1680 2474 quidem
1705 2406 1907 2470 omnia,
2015 2404 2123 2460 lum
2150 2402 2384 2459 edidisse
2410 2402 2714 2460 censendus
2743 2412 2846 2458 est.
2879 2401 3062 2471 Neque
3092 2401 3142 2456 id
3168 2400 3426 2456 abhorret
3452 2399 3520 2454 ab
3549 2413 3615 2454 eo

298 2492 443 2549 istos
468 2494 538 2547 ad
566 2492 813 2549 Nationes
836 2494 1001 2550 libros
1022 2510 1125 2548 non
1150 2505 1268 2565 post
1289 2497 1521 2552 edictum
1545 2495 1719 2551 Severi
1738 2496 1911 2552 editos
2013 2497 2154 2567 quod
2176 2497 2274 2552 sibi
2291 2499 2341 2552 in
2365 2495 2540 2552 libello
2561 2495 2909 2550 Tertullianus
2953 2493 3332 2562 exequendum
3361 2492 3611 2562 sumpsit,

299 2587 480 2644 fuisse
509 2629 524 2651 ,
549 2587 638 2644 sed
665 2599 790 2645 ante
819 2629 835 2654 ,
876 2588 1178 2645 luculenter
1210 2591 1538 2658 ostendunt,
1582 2601 1911 2662 possuntque
2013 2601 2068 2644 ut
2093 2591 2264 2645 a’tttuli
2294 2600 2733 2661 persecutoresque
2779 2587 3169 2642 christianorum
3211 2586 3431 2640 veritatis
3457 2593 3502 2639 et
3530 2600 3613 2637 er-

309 2678 548 2736 edocere
583 2695 766 2736 omnes
786 2722 802 2746 ,
831 2697 936 2735 non
985 2691 1179 2750 praeter
1207 2697 1319 2736 rem
1365 2681 1463 2736 hos
1491 2683 1659 2738 libros
1685 2684 1910 2738 comites
2012 2683 2145 2737 roris
2182 2683 2235 2736 in
2277 2698 2331 2736 se
2369 2691 2416 2736 et
2459 2681 2742 2752 iniquitatis
2772 2681 2822 2732 in
2854 2697 2935 2734 eos
2963 2679 3344 2733 revincerentur
3388 2677 3483 2748 (c.
3503 2674 3542 2730 l.
3569 2675 3612 2746 ).

306 2771 478 2828 datos
506 2787 534 2825 a
566 2773 714 2826 nobis
755 2772 921 2827 fuisse
953 2771 1300 2843 Apologetico
1343 2772 1686 2841 Tertulliani,
1715 2777 1910 2847 quippe
2015 2775 2121 2832 Sed
2192 2777 2244 2830 in
2314 2775 2476 2830 alium
2502 2817 2516 2840 ,
2574 2789 2803 2845 eumque
2872 2773 3224 2844 posteriorem
3295 2786 3361 2828 co
3389 2812 3405 2838 ,
3454 2786 3611 2842 quem

297 2879 446 2936 quos
474 2879 535 2920 ea
560 2864 627 2920 de
651 2880 812 2922 causa
839 2875 1049 2936 oportet
1075 2867 1305 2937 scriptos
1354 2883 1475 2924 esse
1497 2910 1512 2935 ,
1540 2884 1660 2924 cum
1683 2869 1793 2940 jam
1823 2869 1910 2924 di-
2013 2869 2267 2934 diximus,
2296 2885 2495 2924 anmtm
2518 2866 2912 2938 conjiciendum
2941 2865 3084 2921 hunc
3108 2865 3298 2920 librum
3329 2881 3432 2919 non
3460 2874 3608 2935 puto.

295 2958 468 3013 Inidia
507 2972 629 3028 pars
666 2959 730 3012 Α.
761 2957 994 3014 CXCIX.
1027 2957 1216 3014 fuisset
1257 2973 1540 3015 conversa.
1575 2961 1650 3015 Ex
1682 2976 1788 3031 quo
1817 2976 1912 3031 ap-
2014 2963 2224 3018 Etenim
2257 2971 2536 3032 pra-terea,
2569 2959 2709 3031 quod
2742 2959 2885 3017 nulla
2918 2958 2971 3013 in
3000 2958 3104 3014 isto
3134 2958 3271 3013 libro
3293 2955 3613 3028 signiﬁcatio

296 3063 458 3124 paret
487 3052 652 3108 simul
682 3093 696 3115 .
731 3053 968 3122 ipSorum
998 3063 1274 3109 auctorem
1305 3063 1414 3108 tum
1445 3053 1681 3109 nondum
1712 3055 1910 3112 abiisse
2013 3053 2352 3112 Montanismi
2384 3063 2659 3124 appareat,
2693 3051 2831 3107 hand
2856 3052 3034 3121 inepte
3057 3051 3179 3122 quis
3205 3050 3436 3113 dixerit,
3466 3047 3608 3102 hunc

295 3151 353 3203 in
402 3146 851 3204 Hontanistarnm
884 3147 1206 3202 sententiam
1234 3189 1249 3212 ,
1281 3146 1544 3217 siquidem
1592 3147 1642 3201 id
1687 3147 1904 3203 demum
1933 3183 1978 3246 ϐ
2013 3145 2177 3203 veluti
2206 3145 2555 3217 appendicem
2586 3158 2708 3200 esse
2749 3142 3094 3214 Apologetico
3121 3141 3380 3211 librisque
3419 3138 3482 3195 ad
3518 3155 3612 3246 ua-

296 3242 372 3298 Δ.
397 3240 508 3296 CC.
533 3240 781 3310 contigit,
814 3255 987 3310 neque
1009 3240 1354 3295 inveniuntur
1378 3240 1428 3294 in
1453 3239 1602 3295 libris
1629 3240 1763 3303 istis,
1789 3255 1906 3310 qua:
1935 3230 1978 3246 ν
2012 3241 2184 3295 tiones
2218 3238 2514 3308 adjectum;
2555 3236 2804 3308 quoniatn
2838 3235 2890 3288 in
2922 3249 2988 3289 eo
3013 3232 3278 3305 disputata
3316 3240 3400 3286 est
3453 3230 3612 3301 pau'o

293 3334 666 3404 suspicionem
696 3331 1033 3388 Montanismi
1065 3348 1283 3388 movere
1305 3334 1634 3402 aliquantum
1660 3341 1902 3405 possunt.
2010 3333 2241 3404 amplius
2266 3331 2511 3388 doctrina
2535 3329 2847 3385 christiana.
2878 3326 3060 3398 Neque
3082 3327 3226 3382 ullus
3251 3327 3368 3395 ejus
3396 3323 3611 3395 generis

295 3426 371 3482 At
400 3442 566 3480 unum
599 3427 700 3481 hoc
729 3425 856 3480 mihi
881 3424 1348 3481 animadversione
1373 3425 1592 3496 dignum
1617 3425 1824 3480 videtur
1854 3425 1906 3480 in
2011 3429 2151 3485 liber
2177 3427 2433 3483 adversus
2461 3427 2700 3495 ineptum
2733 3422 2964 3477 Deorum
3003 3422 3204 3476 cultum
3235 3429 3322 3476 est
3345 3436 3374 3473 a
3404 3418 3608 3473 Tertul-

296 3516 613 3584 Hoﬂ'manni
653 3517 1002 3588 argumentis,
1035 3515 1127 3586 qui
1169 3517 1340 3571 eidem
1373 3517 1709 3572 similitudini
1750 3516 1909 3572 insis—
2012 3522 2153 3576 liano
2193 3519 2561 3590 compositus,
2591 3517 2679 3586 qui
2715 3525 2895 3586 posset
2937 3514 3023 3568 alii
3067 3512 3293 3583 tempori
3327 3509 3607 3576 vindicari,

299 3621 428 3667 tens
453 3654 468 3677 ,
499 3628 618 3683 qua-
643 3622 1016 3682 argumentum
1060 3612 1389 3683 Apologetici
1420 3613 1716 3684 horumque
1746 3612 1908 3668 Iibro—
2010 3631 2170 3688 quam
2194 3614 2339 3680 huic,
2369 3626 2479 3683 quo
2505 3612 2617 3682 ipsa
2642 3609 2888 3664 violentia
2925 3609 2978 3664 in
3007 3606 3332 3662 christianos
3362 3603 3605 3675 require-

294 3718 422 3760 rum
449 3704 771 3770 intercedit,
798 3705 1101 3775 pronuntiat
1128 3707 1180 3760 in
1211 3707 1534 3761 contrariam
1567 3714 1769 3775 partem
1799 3721 1905 3760 non
2009 3709 2103 3765 bat
2129 3707 2640 3764 demonstrationem
2671 3719 2894 3758 summa:
2921 3702 3195 3772 iniustitiae
3221 3699 3524 3772 conspicuae
3554 3699 3605 3754 in

292 3795 459 3854 bene.
509 3795 748 3867 Namque
781 3813 843 3853 ea
888 3797 1008 3868 ejus
1037 3798 1218 3869 opinio
1239 3841 1253 3863 ,
1281 3814 1402 3869 qua:
1427 3799 1477 3852 in
1512 3798 1612 3853 hoc
1640 3808 1902 3864 versatur,
2009 3801 2391 3873 superstitione
2422 3801 2565 3856 ferro
2595 3798 2932 3866 ﬂammisque
2959 3793 3320 3868 propaganda.

289 3890 436 3959 quod
462 3891 580 3944 libri
605 3891 673 3944 ad
705 3890 951 3947 Nationes
977 3909 1091 3946 cum
1115 3893 1284 3948 libello
1303 3894 1366 3947 de
1385 3892 1696 3948 Testimonio
1719 3895 1904 3948 anima:
2566 3888 2958 3948 ARTlCULUS
2996 3887 3083 3944 Ill.

289 3998 403 4036 non
436 3981 679 4049 diﬂ'crant
705 3984 766 4038 ab
798 3986 1144 4055 Apologetico,
1176 3986 1274 4040 nisi
1302 3987 1614 4056 prolixitate,
1647 3988 1903 4042 eamdem-
2010 3988 2088 4043 De
2136 3987 2276 4043 libris
2314 3985 2638 4052 Tertulliani,
2668 4001 2879 4055 quarunt
2917 3993 2963 4038 et
3001 3993 3126 4039 (etas
3157 3991 3201 4039 et
3231 3981 3606 4038 Montanismus

285 4091 392 4140 que
419 4074 785 4145 defensionem,
813 4094 964 4147 quam
999 4077 1343 4134 Tertullianus
1366 4079 1420 4134 iu
1449 4080 1775 4150 Apologetico
1794 4081 1898 4136 vel-
2702 4087 2917 4134 constat.
3585 4129 3592 4136 .

284 4175 343 4219 ut
371 4166 428 4220 in
454 4183 683 4238 pugnum
707 4184 1090 4240 compresserat,
1119 4172 1380 4242 aliquanto
1430 4172 1581 4228 latius
1607 4174 1900 4241 explicent;
2003 4172 2032 4246 §
2056 4174 2105 4228 l.
2137 4203 2208 4214 —
2231 4172 2380 4228 Liber
2405 4173 2466 4227 de
2492 4172 2692 4228 Corona
2718 4173 2864 4226 Anno
2885 4169 3021 4226 CCI.
3041 4173 3246 4226 docetur
3267 4171 3600 4242 conscriptus.

285 4277 353 4318 ea
394 4277 527 4317 vero
560 4277 658 4318 nec
697 4274 843 4320 recte
870 4279 929 4320 se
972 4265 1133 4322 habet
1161 4268 1421 4334 omnino,
1455 4284 1553 4324 nec
1581 4278 1666 4324 est
1691 4270 1756 4324 ad
1785 4285 1898 4326 rem
2077 4268 2134 4323 In
2179 4269 2459 4339 superiore
2501 4267 2880 4334 distiutalionis
2933 4275 3081 4336 parte
3125 4267 3257 4321 satis
3295 4265 3600 4336 expositum

285 4353 635 4410 eﬂiciwdam
665 4357 795 4411 satis
842 4357 1054 4413 idonea.
1109 4359 1185 4414 De
1233 4361 1399 4430 ipsius
1441 4363 1738 4432 argumenti
1770 4378 1899 4418 con-
2001 4373 2122 4416 esse
2151 4371 2400 4432 putamus
2427 4359 2495 4414 de
2543 4359 2691 4414 libris
2737 4360 2839 4419 iis.
2887 4373 3116 4431 quorum
3158 4368 3292 4413 setas
3315 4366 3370 4413 et
3397 4361 3600 4427 paritas

285 4451 546 4514 clusione
577 4451 704 4506 nihil
737 4451 928 4508 attinet
965 4454 1180 4518 dicere;
1207 4463 1292 4510 est
1325 4455 1467 4510 enim
1497 4441 1602 4511 hoc
1626 4458 1756 4511 satis
1781 4457 1895 4512 dis-
1999 4453 2260 4508 doctrinm
2285 4462 2435 4507 certo
2460 4452 2688 4523 quodam
2721 4452 2881 4507 modo
2909 4452 3046 4506 elliei
3071 4466 3230 4524 posse
3260 4450 3599 4506 videbantur.

282 4552 542 4615 putatum
566 4559 596 4598 a
628 4544 800 4610 nobis,
830 4555 886 4600 et
913 4545 1090 4601 adhuc
1119 4547 1440 4618 quibusdam
1470 4548 1520 4601 in
1553 4549 1684 4604 locis
1709 4549 1893 4618 dispn-
1919 4551 1973 4613 1)
2000 4545 2153 4600 Nunc
2176 4545 2420 4616 sequitur
2444 4546 2580 4600 alter
2609 4545 2760 4600 locus
2785 4586 2800 4612 ,
2823 4546 2910 4616 qui
2941 4544 3284 4615 pertractabit
3310 4559 3439 4611 eos,
3468 4560 3600 4615 quo-

280 4636 518 4693 tabitttr.
550 4637 617 4692 Et
641 4640 885 4707 quamvis
910 4640 962 4694 in
992 4641 1341 4711 Apologeticn
1368 4640 1480 4697 fere
1501 4641 1696 4698 similia
1721 4644 1897 4699 tradat
1999 4653 2116 4691 runt
2143 4645 2275 4690 mtas
2303 4651 2409 4690 non
2439 4636 2617 4690 minus
2652 4646 2904 4698 constat,
2934 4652 3094 4706 quam
3133 4636 3221 4700 id,
3249 4636 3390 4707 quod
3435 4637 3540 4690 sint
3567 4653 3598 4690 a

278 4725 643 4783 Tertullinus
667 4745 871 4792 eorum,
904 4747 1023 4801 qua:
1047 4730 1258 4786 fuerunt
1289 4733 1338 4786 in
1369 4733 1519 4788 libris
1543 4735 1612 4787 ad
1645 4733 1894 4792 Ναιὶυηεε
1997 4727 2314 4784 Tertulliano
2335 4738 2442 4783 tttm
2473 4728 2626 4789 editi,
2653 4745 2775 4783 cum
2803 4729 2869 4783 ad
2902 4727 3132 4784 Montani
3154 4729 3489 4797 disciplinam
3515 4743 3592 4793 sv,

277 4823 570 4890 exposita;
596 4820 760 4876 multa
786 4831 963 4878 tamen
986 4833 1108 4877 sunt.
1131 4825 1180 4876 in
1209 4825 1331 4888 isto,
1353 4841 1473 4894 qua:
1497 4826 1546 4879 in
1571 4825 1652 4880 his
1677 4843 1894 4897 prorsus
1931 4889 1934 4892 .
1997 4820 2180 4876 relicta
2206 4829 2385 4875 vetere
2409 4862 2424 4886 ,
2450 4821 2786 4876 contulisset.
2819 4819 2962 4874 Inter
2987 4836 3120 4890 quos
3159 4822 3384 4890 printutn
3419 4819 3594 4874 locum

278 4927 402 4968 non
427 4920 660 4978 exstant,
688 4921 744 4968 et
772 4913 1008 4968 vicissim
1039 4915 1089 4969 in
1119 4914 1224 4979 his,
1247 4931 1366 4986 qua:
1395 4917 1588 4972 frustra
1618 4917 1670 4973 in
1694 4919 1892 4989 Apolo-
1999 4921 2145 4969 tenet
2169 4911 2307 4969 liber
2331 4912 2394 4967 de
2420 4912 2640 4979 Corona,
2670 4913 2723 4968 itt
2753 4913 2906 4982 cujus
2934 4922 3146 4967 mtatem
3181 4922 3234 4966 ut
3263 4910 3597 4982 iuquiramns

273 5007 467 5076 getico
487 5014 817 5074 qumruntur.
863 5005 1017 5074 Quod
1044 5007 1132 5076 qui
1171 5009 1473 5078 perspicere
1504 5008 1712 5078 plenius
1737 5010 1888 5078 velit,
1996 5007 2158 5079 paulo
2206 5007 2434 5078 plenius,
2468 5023 2644 5078 Operm
2678 5007 2888 5063 videtur
2917 5007 3143 5077 pretiutn
3171 5020 3290 5061 esse
3311 5020 3378 5060 eo
3401 5008 3593 5076 magis,

273 5112 414 5154 eum
463 5096 532 5151 ad
582 5097 886 5154 universum
939 5099 1131 5154 librum
1166 5100 1516 5176 posteriorem
1545 5101 1888 5170 remittimus,
1991 5119 2099 5174 quo
2116 5103 2316 5158 certius
2345 5102 2431 5158 hic
2461 5102 2621 5159 veluti
2650 5109 2954 5174 παράπηγμα
2979 5109 3080 5164 est,
3105 5099 3170 5156 ad
3199 5101 3339 5171 quod
3369 5093 3594 5172 e'xigen-

271 5187 432 5261 quod
474 5198 718 5244 versatur
748 5191 800 5244 in
831 5189 1185 5259 explodendis
1218 5192 1498 5262 gentilium
1532 5192 1639 5247 Diis
1679 5210 1694 5246 :
1727 5194 1814 5248 ubi
1845 5195 1889 5249 si
1994 5197 2046 5252 di
2078 5206 2204 5252 sunt
2230 5198 2411 5252 cartcri
2452 5211 2642 5250 omnes
2671 5196 2812 5261 libri,
2847 5196 2889 5249 si
2924 5192 3052 5248 illud
3081 5195 3258 5249 veniat
3289 5194 3339 5248 in
3370 5205 3590 5249 contro-

270 5284 609 5340 discesseris
637 5283 705 5339 ab
728 5285 929 5340 ultimis
954 5285 1073 5340 libri
1095 5286 1444 5355 sectionibus,
1473 5287 1605 5342 nihil
1630 5289 1888 5359 reperies,
1993 5292 2222 5346 versiam
2255 5331 2268 5354 ,
2318 5301 2492 5345 utrum
2537 5291 2646 5346 sint
2685 5299 2811 5345 ante
2871 5287 3176 5342 Tertulliani
3233 5288 3590 5344 defectionem

268 5374 431 5448 quod
455 5376 528 5430 sit
553 5375 606 5430 in
635 5377 983 5447 Apologetico
1010 5387 1312 5432 tractatum.
1991 5385 2199 5456 scripti,
2230 5400 2442 5442 necne.
2483 5386 2594 5454 Qua
2631 5385 2696 5438 de
2718 5400 2774 5438 re
2797 5397 2917 5437 cum
2951 5382 3230 5438 videamus
3253 5382 3444 5438 doctos
3489 5384 3592 5439 ho-

271 5468 304 5540 §
361 5467 447 5524 18.
498 5495 570 5508 —-
630 5465 781 5523 Liber
847 5469 912 5524 de
971 5470 1255 5525 testimonio
1299 5471 1485 5527 animos
1546 5472 1710 5530 eidem
1750 5491 1888 5531 anno
1992 5477 2165 5531 mines
2193 5477 2357 5531 variis
2387 5477 2526 5531 inter
2554 5490 2612 5529 sc
2641 5472 2902 5529 tliSsiderc
2926 5474 3232 5541 sententiis,
3262 5474 3456 5546 quibus
3483 5475 3587 5529 im-

962 5563 1225 5619 asseritur.
1371 5635 1376 5640 ι
1990 5571 2243 5640 pedivcre
2270 5571 2438 5641 magis
2466 5571 2741 5626 veritatem
2768 5569 3149 5625 inveniendam
3179 5585 3340 5641 quam
3371 5568 3590 5640 expedi-

349 5650 478 5708 Stat
523 5649 654 5706 mihi
703 5651 891 5707 eadem
938 5655 1200 5710 sententia
1244 5654 1312 5712 de
1356 5670 1422 5712 co
1468 5656 1691 5728 libello‘,
1724 5675 1884 5734 quem
1987 5679 2154 5729 vere;
2203 5663 2428 5718 candide
2466 5662 2746 5728 dicemus,
2786 5677 2907 5733 qua:
2946 5662 3057 5718 veri
3105 5661 3298 5717 similia
3341 5660 3588 5721 videntur

265 5742 636 5802 Tertullianus
681 5743 744 5799 de
792 5742 1095 5802 Testimonio
1136 5747 1322 5805 anima,
1363 5753 1701 5824 conscripsit.
1732 5753 1886 5814 llunc
1990 5745 2167 5822 nobis,
2197 5771 2259 5812 ac
2288 5771 2392 5810 una
2421 5767 2634 5812 utemur
2660 5770 2833 5829 eaque
2877 5757 3046 5828 prima
3080 5755 3199 5812 libri
3247 5756 3486 5814 sectione
3507 5797 3521 5824 ,
3555 5772 3586 5818 ο

267 5835 533 5920 equidem
578 5852 683 5903 ηυιι
725 5851 862 5926 0030
899 5837 1158 5920 tequidem
1189 5855 1308 5911 esse
1339 5841 1486 5911 libris
1507 5845 1575 5915 ad
1615 5845 1882 5918 Αἀιὶοηςξς
1989 5864 2090 5931 qua
2119 5850 2231 5909 erui
2258 5858 2430 5931 potest
2453 5859 2505 5914 et
2528 5849 2638 5933 ipsa
2661 5848 2948 5929 Scripteris
2969 5848 3236 5932 decltitta,
3263 5857 3316 5929 et
3346 5859 3578 5940 tempttg,
