4084 6344
506 276 617 345 ωδ
1596 255 2050 322 BISSERTATIO
2087 254 2178 319 on
2214 253 2404 316 VERA
2440 255 2700 320 mare
3698 257 3807 324 tat

508 408 619 468 quo
643 392 805 452 istum
832 388 1032 449 librum
1054 385 1111 446 in
1138 381 1409 458 publicum
1449 377 1692 454 protulit.
1735 377 1913 450 Atque
1935 374 2109 468 illam
2135 377 2188 443 Α
2212 388 2474 468 annorum
2503 376 2734 468 primum
2758 373 2942 441 statim
2982 372 3071 433 hic
3108 373 3513 449 intelligendum
3549 388 3661 468 non
3685 389 3808 439 esse

509 466 681 544 cuivis
725 483 850 540 licet
892 478 1192 551 intelligere
1219 492 1287 533 ex
1320 475 1426 531 ista
1464 470 1827 546 disputatione
1857 467 2108 524 universa
2211 466 2461 525 defendo.
2505 466 2718 525 Etenim
2762 468 3023 540 disputari
3064 476 3270 540 potest,
3317 478 3500 525 utrum
3545 467 3649 526 hoc
3684 469 3801 542 «ιε.

510 578 580 639 de
600 574 864 649 fugiendis
884 574 971 639 iis,
999 588 1118 645 qua:
1139 568 1224 627 vel
1250 566 1528 625 minimam
1550 563 1911 636 suspicionem
1932 560 2110 618 cultus
2211 559 2499 620 diatorium
2526 577 2722 620 munus
2763 574 2818 619 et
2841 562 3209 634 congiarium,
3239 561 3383 633 quod
3426 561 3592 618 habet
3632 561 3807 634 Sparq

511 671 1003 732 comnientitiorum
1028 650 1259 724 Deorum
1286 662 1524 723 excitare
1551 667 1790 732 possent;
1814 656 1907 715 ubi
1928 655 2106 713 dissc-
2212 656 2403 724 tianus,
2433 655 2576 713 idem
2597 656 2665 712 sit
2691 671 2756 713 ac
2783 655 2947 722 illud,
2974 655 3120 728 quod
3149 654 3329 711 datum
3357 670 3392 712 a
3422 653 3616 713 Seuero
3641 655 3807 715 luisse

512 775 720 824 rentum
746 762 929 820 audiet
960 758 1336 818 Tertullianum
1358 797 1377 825 ,
1408 770 1515 817 non
1541 768 1666 810 eum
1692 750 1909 824 quidem
1940 747 2108 823 placi-
2214 750 2413 822 populo
2457 749 2785 806 Herodianus
2827 749 2994 808 refert
3031 749 3173 825 (Lib.
3204 749 3289 806 Ill.
3315 764 3368 806 c.
3414 749 3474 808 8.
3512 750 3602 806 ed.
3645 750 3809 811 Boee.

512 858 662 925 dum,
691 856 1017 920 modestum,
1041 861 1204 925 atque
1223 848 1538 915 cedentem,
1559 844 1658 904 sed
1687 852 1984 911 austerum,
2011 840 2109 898 sed
2212 857 2270 916 p.
2316 842 2471 916 145.)
2514 858 2583 900 co
2610 851 2853 915 tempore
2875 884 2892 911 ,
2921 858 3029 915 quo
3073 841 3142 899 ab
3182 841 3369 898 Albino
3399 842 3546 901 victo
3582 842 3810 903 Romam

513 950 894 1007 vehementem
916 988 934 1016 ,
963 944 1059 1003 sed
1087 945 1165 1003 ira
1190 944 1450 1000 adversus
1493 953 1652 998 secus
1679 930 1975 996 sentientes
2002 937 2108 992 mi-
2212 937 2469 996 redierat.
2495 937 2680 1012 Neque
2699 940 2844 997 enim
2869 940 3028 1012 obiici
3052 939 3215 998 debet
3239 939 3315 1008 id,
3341 940 3690 1012 Spartiatam
3706 942 3811 1000 alio

513 1043 756 1102 rabiliter
798 1042 1080 1098 incensum
1103 1080 1122 1108 ,
1152 1047 1212 1096 ut
1254 1035 1370 1095 fere
1409 1034 1587 1107 solent
1614 1033 1651 1095 ii
1672 1074 1691 1112 ε
1717 1032 1813 1105 qui
1852 1029 2016 1088 modo
2040 1028 2110 1087 ad
2215 1028 2336 1087 loco
2362 1030 2443 1102 (in
2466 1029 2593 1088 Sev.
2624 1046 2677 1088 c.
2705 1029 2823 1104 19.)
2852 1031 3016 1100 idem,
3034 1031 3181 1105 quod
3215 1032 3399 1089 statim
3432 1042 3558 1104 post
3584 1034 3809 1092 reditum

512 1137 855 1209 disciplinam
880 1135 1114 1206 aliquam
1145 1131 1443 1205 progressi,
1477 1128 1768 1202 plurimum
1789 1125 1891 1183 sibi
1918 1138 2110 1196 sapere
2217 1126 2438 1183 Severus
2466 1126 2670 1197 edidit,
2699 1142 3180 1186 commemorasse.
3207 1127 3457 1199 Namque
3475 1169 3492 1197 ,
3534 1136 3594 1183 ut
3645 1127 3809 1198 δρατε

514 1231 787 1288 videntur.
820 1228 1058 1286 Alterius
1084 1226 1229 1283 enim
1258 1233 1424 1283 secta:
1467 1219 1855 1296 pastores;dum
1881 1219 2109 1287 aitesse
2215 1221 2412 1277 tinuum
2444 1237 2554 1279 non
2599 1222 2776 1280 dicam
2811 1221 3006 1280 adem
3049 1222 3247 1293 saepius
3287 1232 3548 1293 tanquam
3605 1220 3809 1280 diversa

515 1325 570 1380 in
595 1339 721 1396 pace
739 1322 932 1388 leones,
954 1321 1007 1375 in
1030 1320 1209 1391 prtelio
1230 1334 1423 1386 cervos,
1447 1329 1629 1387 eosque
1652 1313 1905 1384 rapuisse
1934 1310 2115 1383 Spiri-
2215 1325 2466 1387 repetere
2488 1356 2504 1381 ,
2550 1315 2597 1371 is
2622 1315 2839 1389 quidem
2869 1331 2937 1372 eo
2971 1316 3027 1373 in
3062 1317 3186 1373 loco
3221 1331 3332 1372 non
3361 1315 3601 1386 loquitur
3620 1315 3690 1371 de
3708 1314 3806 1371 do-

521 1428 602 1473 tus
628 1415 791 1472 sancti
819 1412 1152 1485 prophetias;
1183 1419 1408 1482 apparet
1448 1423 1578 1464 sane
1610 1405 1844 1462 Montani
1877 1404 2115 1476 discipu-
2219 1406 2400 1466 nativo
2422 1423 2683 1466 concesso
2725 1409 3019 1476 militibus,
3061 1408 3158 1466 sed
3184 1409 3373 1477 deeo,
3416 1408 3565 1479 quod
3603 1407 3812 1467 Sera-us

519 1508 630 1564 lum
656 1507 744 1563 hic
765 1505 933 1577 loqui,
956 1521 1061 1560 non
1079 1502 1379 1561 communis
1400 1499 1657 1557 Ecclesia
1671 1497 1933 1555 sodalem.
1955 1495 2117 1553 Nam-
2218 1502 2478 1560 militibus
2503 1494 2706 1559 tantum
2731 1502 3125 1575 stipendiorum
3145 1541 3163 1570 ,
3190 1510 3453 1573 quam
3485 1515 3645 1558 nemo
3665 1501 3810 1558 Ρι-ίιι.

518 1617 627 1675 que
645 1600 731 1656 bis
757 1598 936 1656 verbis
954 1607 1010 1654 et
1041 1597 1178 1652 alius
1203 1611 1261 1652 se
1297 1595 1476 1668 gregis
1499 1608 1621 1649 esse
1648 1590 1932 1665 proﬁtetur
1959 1603 2024 1646 ac
2053 1588 2113 1659 ii,
2218 1597 2425 1669 apum,
2450 1596 2683 1654 dederit.
2714 1595 2869 1675 Quod
2888 1596 2935 1651 si
2956 1595 3117 1667 igitur
3142 1594 3284 1652 idem
3310 1594 3649 1666 congiarium
3672 1601 3811 1667 uter;-

520 1707 749 1764 quorum
780 1690 1032 1746 doctores
1069 1690 1383 1759 impugnat,
1412 1684 1622 1757 etquid
1668 1698 1824 1740 suum
1854 1681 2115 1740 adversus
2219 1706 2325 1761 quo
2370 1692 2643 1761 respexit,
2699 1706 2833 1747 sane
2870 1690 3191 1760 intelligitur
3236 1705 3348 1745 non
3396 1687 3541 1745 idem
3585 1688 3809 1745 voluisse

442 1858 445 1863 ι
518 1800 616 1843 eos
644 1784 882 1841 animum
909 1781 1279 1848 concitaverit,
1306 1783 1589 1852 perspicue
1618 1778 1835 1844 indicat,
1858 1776 2115 1832 nimirum
2144 1765 2194 1830 Β
2220 1781 2595 1841 Tertulliani;
2615 1824 2631 1851 ,
2660 1797 2784 1839 cum
2822 1797 2967 1839 anno
2992 1782 3213 1839 deum
3240 1779 3524 1837 cxcvtu.
3552 1795 3584 1836 ει
3620 1781 3809 1837 Senatu

518 1876 684 1944 illud,
706 1873 857 1947 quod
898 1888 1084 1930 secum
1133 1872 1324 1930 eadem
1369 1870 1629 1926 Paracleti
1674 1868 2117 1927 Montanistarum
2221 1877 2455 1948 dignitas
2494 1878 2721 1950 Augusti
2768 1878 2819 1932 in
2866 1874 3196 1934 Camalluttt
3243 1874 3471 1931 collata.
3527 1873 3721 1930 Verum
3762 1874 3809 1931 si

523 1971 742 2029 decreta
768 1986 874 2027 non
902 1968 1124 2025 fuissent
1153 1967 1347 2025 secuti.
1376 1965 1528 2023 Hane
1555 1964 1804 2022 eamdem
1845 1964 1966 2021 libri
1996 1978 2115 2021 sec-
2220 1969 2383 2027 detur
2429 1969 2482 2026 id
2527 1969 2722 2038 etiam,
2755 1968 2899 2025 aliud
2929 1969 3264 2040 congiarium
3308 1968 3385 2025 ab
3432 1965 3749 2034 Herodianus,
3774 1982 3807 2024 ι

521 2063 723 2121 tionem
753 2063 818 2118 iis
861 2061 1043 2118 verbis
1081 2060 1289 2117 orditur
1310 2101 1327 2127 ,
1355 2074 1475 2130 qua:
1514 2057 1677 2115 fontis
1706 2058 1874 2114 instar
1900 2066 2056 2125 sunt,
2085 2070 2119 2114 e

521 2172 630 2228 quo
655 2153 832 2211 omnis
854 2152 1147 2209 haurienda
1173 2161 1256 2209 est
1284 2152 1456 2207 aetatis
1484 2150 1693 2206 notitia.
1722 2148 1799 2206 Ita
1825 2164 1953 2207 vero
1980 2148 2070 2206 ille
2098 2165 2114 2203 :

525 2249 776 2308 Proxime
811 2252 952 2322 {acta
996 2255 1070 2304 est
1109 2246 1390 2302 liberalitas
1432 2244 1971 2318 prestautissintorum
2006 2241 2119 2299 Im-

526 2352 821 2416 peratontnt
839 2358 861 2409 ;
901 2340 1317 2414 expungeltantur
1365 2339 1418 2395 in
1456 2339 1639 2395 castris
1664 2337 1849 2394 milites
1877 2337 2116 2394 laureati.

522 2437 808 2494 Adhibetur
856 2435 1068 2509 quidam
1118 2435 1225 2490 illic
1263 2434 1427 2507 magis
1484 2432 1577 2489 Da'
1617 2432 1762 2488 miles
1786 2460 1856 2474 --
1883 2432 2024 2488 solus
2049 2432 2119 2488 li-

528 2533 647 2588 bero
688 2528 879 2601 capite,
923 2536 1280 2584 coronametsto
1322 2529 1377 2582 in
1426 2543 1586 2583 manu
1621 2526 1805 2583 otioso.
1849 2556 1926 2569 --
1973 2525 2125 2582 ,ναν-

524 2640 639 2682 mur
663 2622 862 2678 tribuno
890 2621 1136 2693 defertur.
1164 2620 1355 2676 Statim
1381 2620 1612 2676 tribunus
1630 2618 1789 2686 :Cttr,
1809 2618 1993 2690 inquit,
2017 2626 2125 2674 tam

523 2716 752 2772 diversus
793 2714 1013 2770 habitu?
1047 2711 1265 2787 Negavit
1304 2713 1391 2769 ille
1417 2713 1514 2770 sibi
1551 2729 1669 2767 cum
1710 2712 1908 2768 ueteris
1948 2711 2121 2767 licere.

523 2811 747 2870 Caussas
771 2806 1121 2881 expostulata
1154 2825 1174 2864 :
1202 2807 1525 2865 Christianus
1545 2806 1975 2880 sum,respotttlit.
2006 2805 2121 2863 Ilu-

522 2904 612 2979 jus
639 2904 823 2961 militis
835 2903 1035 2960 factum
1064 2918 1186 2961 cum
1210 2903 1393 2959 caeteri
1421 2902 1698 2959 christiani
1727 2901 2123 2972 improbarent,

526 2998 898 3056 existimantes
922 3036 939 3065 ,
970 3009 1038 3053 eo
1076 3002 1185 3051 tam
1210 2996 1406 3051 bonam
1441 3004 1498 3051 et
1522 2993 1733 3066 longam
1762 3008 1947 3064 pacem
1980 2993 2125 3064 peri-

526 3093 699 3149 clitari
720 3133 736 3158 ,
757 3100 946 3150 contra
984 3089 1172 3146 nititur
1209 3088 1342 3146 illud
1365 3086 1593 3145 summis
1620 3086 1867 3145 laudibus
1892 3086 2132 3145 eﬁ‘erens'

532 3186 897 3244 Tertullianus.
955 3186 1131 3257 Atque
1182 3184 1239 3240 in
1287 3184 1395 3240 isto
1432 3183 1556 3242 loco
1602 3184 1833 3256 primum
1881 3182 2125 3240 videmus

531 3280 691 3337 abeo
719 3277 1089 3336 liberalitatem
1139 3276 1528 3349 bnperatorum
1577 3278 1885 3350 nuperrime
1930 3277 2127 3336 factam

533 3372 985 3441 commemorari,
1014 3384 1150 3443 quos
1177 3370 1364 3428 dubito
1387 3384 1456 3428 an
1485 3372 1606 3444 quis
1630 3372 1765 3428 alios
1782 3370 1949 3427 fuisse
1971 3370 2128 3429 dixe-

527 3469 641 3534 rit,
675 3482 834 3539 quam
890 3465 1134 3523 Seuerum
1181 3474 1238 3525 et
1279 3465 1645 3535 Caraeallum,
1686 3474 1971 3538 utrumque
2013 3466 2127 3522 Au-

534 3568 773 3633 gustum.
810 3560 883 3617 At
915 3559 1061 3617 enim
1092 3559 1147 3616 iu
1190 3558 1566 3630 superioribus
1605 3558 1935 3616 Caraeallntn
1977 3557 2129 3616 dice-

541 3652 735 3711 bamus
775 3651 1039 3725 dignitate
1071 3652 1300 3721 Augusti
1340 3660 1452 3708 tum
1488 3650 1657 3708 fuisse
1683 3659 1933 3708 ornatum
1960 3692 1978 3720 ,
2005 3665 2132 3708 cum

543 3744 765 3803 Seuerus
792 3744 896 3802 iter
926 3744 980 3800 in
1013 3742 1293 3801 Orientem
1315 3741 1578 3800 adversus
1622 3742 1852 3801 Parthos
1878 3753 2128 3815 pararet,

539 3852 647 3910 quo
675 3836 787 3894 fere
816 3836 945 3893 abiit
973 3846 1095 3909 post
1117 3836 1394 3894 dimidiam
1432 3846 1637 3909 partem
1669 3837 1811 3893 Anni
1848 3835 2126 3894 CXCVIII.

539 3943 893 3996 conversam;
923 3937 980 3985 et
1004 3938 1193 4000 postea
1223 3927 1592 3994 ostendemus,
1624 3943 1829 4001 pacem,
1853 3943 2015 4000 quam
2044 3927 2133 3986 hic

544 4020 737 4078 adduci
766 4020 818 4077 in
847 4020 1146 4092 periculum
1189 4021 1433 4079 nonnulli
1458 4021 1782 4091 credebant,
1825 4035 1947 4078 esse
1973 4037 2128 4090 eam,

543 4130 646 4187 qua
677 4112 995 4173 fruebantur
1021 4114 1299 4172 christiani
1322 4114 1559 4172 nondum
1585 4113 1762 4172 Severi
1801 4113 1919 4186 lege
1953 4114 2133 4186 publi-

546 4222 611 4265 ca
636 4209 929 4282 exagitati,
968 4224 1129 4283 quam
1158 4210 1321 4269 latam
1344 4225 1467 4269 esse
1491 4214 1558 4269 A.
1580 4212 1735 4271 CCII.
1756 4221 1968 4271 constat
1996 4214 2139 4271 inter

549 4316 759 4359 omnes.
786 4302 941 4361 Hunc
966 4304 1125 4377 igitur
1163 4304 1360 4362 librum
1399 4307 1659 4379 scriptum
1687 4315 1901 4378 oportet
1935 4322 2063 4365 esse
2082 4308 2140 4365 in

549 4395 836 4454 intervallo
864 4412 962 4468 eo,
997 4399 1143 4472 quod
1184 4399 1253 4456 ab
1278 4414 1422 4458 anno
1450 4410 1603 4458 sexto
1632 4400 1808 4458 Severi
1840 4400 1908 4458 ad
1935 4416 2139 4459 nonum

2222 2062 2506 2134 Spartiuno
2533 2061 2678 2118 aliud
2724 2061 2983 2134 intelligi;
3014 2070 3194 2118 tamen
3237 2059 3389 2132 quod
3413 2074 3485 2118 ex
3520 2062 3807 2132 ltocprimo

2222 2152 2342 2210 loco
2379 2153 2761 2223 escitavimus,
2808 2168 2917 2209 non
2964 2161 3138 2225 potest
3179 2152 3248 2210 ad
3288 2152 3474 2210 locum
3516 2151 3807 2208 Tertulliani

2222 2246 2415 2305 referri
2442 2261 2562 2305 eam
2614 2248 2686 2305 ob
2713 2261 3003 2316 caussam,
3026 2246 3151 2318 quia
3180 2246 3280 2318 ipsi
3309 2246 3385 2303 de
3412 2245 3680 2318 congiario
3706 2259 3807 2302 non

2227 2340 2330 2396 nisi
2381 2340 2589 2413 populo
2629 2339 2757 2397 dato
2785 2339 3055 2412 editisque
3101 2339 3461 2410 spectaculis,
3505 2337 3807 2396 Tertulliano

2226 2442 2406 2495 autem
2430 2433 2500 2493 de
2525 2450 2585 2492 re
2610 2435 2772 2508 plane
2800 2437 2905 2493 alia
2935 2434 3199 2492 militibus
3240 2435 3295 2491 in
3328 2434 3526 2492 castris
3561 2448 3805 2492 emicem

2225 2534 2310 2584 est
2336 2526 2559 2585 dictum.
2588 2526 2696 2583 Sed
2723 2543 2897 2599 neque
2917 2527 3009 2583 illa
3034 2536 3309 2600 postrema
3337 2528 3598 2600 sententia
3618 2527 3801 2585 admit-

2227 2620 2388 2679 tenda
2412 2632 2534 2692 est,
2562 2631 2623 2679 ut
2647 2624 2749 2679 ista
2776 2622 3097 2688 liberalitas,
3131 2621 3285 2679 linito
3314 2623 3375 2681 in
3400 2622 3616 2680 Oriente
3636 2622 3803 2688 bello,

2225 2716 2280 2772 in
2302 2714 2460 2788 Syria
2483 2716 2768 2788 contigerit
2794 2717 2862 2771 Α.
2891 2714 3045 2773 CCII.
3068 2725 3189 2788 post
3228 2724 3547 2789 susceptum
3572 2715 3637 2770 ab
3667 2724 3805 2771 utro-

2224 2824 2333 2880 que
2376 2809 2623 2880 Augusto
2672 2808 3035 2865 consulatum.
3069 2807 3170 2877 Qui
3212 2808 3365 2865 enim
3403 2808 3519 2880 ejus
3557 2809 3632 2864 rei
3667 2807 3807 2864 solus

2226 2902 2558 2960 mentionem
2586 2902 2757 2974 injicit
2782 2901 2961 2958 Elius
2988 2901 3345 2974 Spartianus.
3377 2902 3551 2958 datum
3577 2917 3695 2967 esse,
3714 2900 3799 2965 ait,

2226 2995 2476 3052 militibus
2499 2996 2810 3052 cuneulatius
2844 2995 3158 3065 stipendium
3180 3037 3196 3061 ,
3233 2995 3392 3067 quod
3414 2995 3597 3053 dubito
3631 3009 3694 3050 an
3715 2993 3802 3049 do-

2229 3091 2469 3147 nativum
2517 3089 2628 3147 dici
2685 3090 2900 3162 possit,
2941 3089 3100 3162 quale
3126 3087 3489 3146 Tertullinus
3527 3086 3803 3161 signiﬁcare

2230 3186 2463 3244 videtur.
2493 3187 2577 3243 Ac
2602 3186 2648 3242 si
2688 3186 2774 3242 vel
2823 3185 3057 3242 maxime
3084 3185 3228 3251 sint,
3271 3186 3374 3258 qui
3405 3185 3601 3241 'malint
3626 3184 3674 3239 in
3713 3182 3803 3237 ista

2228 3281 2357 3339 loco
2385 3280 2657 3351 Spartiani
2699 3279 3013 3336 donativum
3043 3278 3389 3351 intelligere,
3419 3293 3516 3337 eos
3541 3292 3691 3350 spero
3706 3289 3805 3331 sou

2229 3376 2449 3447 penitus
2475 3382 2879 3445 contempturus
2904 3372 3229 3429 sententiam
3259 3388 3448 3431 meam
3465 3413 3481 3441 ,
3498 3382 3610 3444 qua
3631 3373 3805 3429 liben-

2234 3468 2443 3526 litatem
2470 3483 2500 3522 a
2531 3466 2851 3525 Tertulliani
2867 3470 3171 3541 expositam
3198 3468 3377 3526 credo
3403 3484 3521 3527 eam
3548 3467 3801 3538 attingere,

2232 3564 2305 3622 de
2329 3579 2432 3637 qua
2460 3562 2806 3636 Spartiatam
2834 3562 3070 3619 locutum
3087 3577 3211 3620 esse
3228 3561 3377 3634 dixi,
3394 3562 3520 3620 dum
3546 3576 3607 3618 ea
3621 3558 3803 3617 refere-

2234 3663 2326 3719 bat
2348 3703 2363 3729 ,
2395 3673 2519 3731 quae
2548 3659 2860 3717 acciderunt
2888 3667 3010 3730 post
3051 3666 3376 3730 occupatam
3405 3655 3800 3727 Ctesiphontem.

2232 3754 2369 3823 Quae
2398 3756 2471 3811 ita
2502 3770 2626 3810 cum
2656 3752 3121 3824 circumspicimus
3144 3793 3159 3819 ,
3186 3766 3296 3807 non
3325 3751 3504 3808 omnia
3531 3746 3691 3804 solum
3715 3786 3729 3813 ,
3759 3742 3801 3798 'si

2233 3847 2519 3906 contentio
2538 3847 2781 3919 quadam
2812 3855 2869 3903 et
2895 3845 3236 3918 comparatio.
3256 3845 3388 3914 tias,
3418 3845 3552 3902 bene
3578 3856 3636 3897 se
3659 3837 3802 3894 liabe-

2233 3957 2319 4010 re,
2334 3941 2429 3999 sed
2450 3941 2708 4013 explicari
2731 3940 2890 3997 etiam
2913 3939 3127 4011 egregie
3148 3938 3378 3995 alterum
3401 3950 3556 4010 posse
3570 3948 3639 3991 ex
3653 3932 3801 3987 altero

2237 4035 2734 4094 animadvertimus.
2747 4033 2880 4090 Nam
2897 4033 3129 4105 primum
3146 4031 3251 4086 isto
3267 4026 3650 4102 temporeduos
3661 4022 3809 4078 fuisse

2238 4133 2516 4201 Augustos
2540 4127 2813 4183 neminem
2840 4123 3119 4197 praeterire
3143 4132 3345 4195 potest;
3375 4130 3492 4179 erat
3515 4119 3651 4177 enim
3667 4115 3807 4170 Cara-

2238 4224 2405 4280 satlus
2414 4223 2525 4296 jam
2537 4218 3075 4292 anteexpeditionem
3085 4215 3394 4273 Parthicam
3411 4217 3477 4271 Δ.
3494 4204 3741 4269 CXCVllI.
3758 4208 3805 4258 et

2242 4333 2386 4375 nunc
2409 4332 2442 4373 a
2464 4315 2723 4373 militibus
2748 4314 2913 4371 etiam
2937 4312 3209 4385 particeps
3224 4311 3436 4383 imperii
3453 4308 3638 4365 dictus.
3665 4297 3803 4356 Deia-

2242 4412 2311 4470 de
2324 4410 2637 4468 donativum
2652 4408 2911 4464 militibus
2919 4398 3804 4478 datumSpartianuscommemonb

550 4490 778 4547 efﬂuxit.
811 4490 870 4548 In
899 4506 1015 4581 quo
1046 4492 1306 4565 temporis
1343 4493 1519 4566 spatio
1560 4502 1670 4552 tres
1714 4494 1997 4551 observavi
2036 4510 2136 4553 an—
2164 4518 2221 4581 D
2246 4502 2794 4563 undeillaliberalitas
2812 4498 3485 4572 Imperatorttmin‘castris
3498 4488 3802 4581 intelligitur.

551 4597 654 4640 nos
682 4574 1068 4655 imperatorum
1087 4585 1409 4643 liberalitate
1435 4597 1648 4644 notatos
1678 4607 1692 4644 :
1726 4588 1957 4660 primum
2008 4604 2142 4660 pau-

552 4676 605 4732 lo
658 4684 947 4748 antequam
994 4675 1216 4734 Seuerus
1269 4677 1701 4749 proﬁcisceretur
1757 4680 1811 4736 in
1864 4681 2144 4741 Orientem

547 4768 617 4825 A.
650 4766 925 4825 CXCVIII.
962 4767 1062 4839 (1).
1090 4767 1332 4825 Alterum
1376 4783 1581 4827 annum
1621 4770 1753 4829 CCI.
1783 4787 1906 4830 cum
1949 4774 1995 4829 is
2035 4774 2143 4830 mi-

547 4860 730 4918 litibus
756 4863 869 4919 suis
893 4902 909 4931 ,
940 4870 1223 4934 propterea
1251 4862 1397 4934 quod
1424 4863 1754 4920 Caraeallatn
1793 4868 2093 4940 Augustum
2120 4908 2139 4936 ,
2168 4862 2173 4866 ’

555 4952 735 5009 Getam
762 4953 1055 5021 Caesarem,
1077 4952 1345 5022 dixerant,
1374 4954 1778 5028 Ctesiphontem
1807 4960 2145 5030 spoliandum

551 5046 860 5104 tradidisset
884 5047 998 5120 (2);
1029 5047 1244 5103 tertium
1269 5050 1337 5104 A.
1367 5047 1516 5106 CCII.
1548 5044 1669 5107 cum
1700 5051 1917 5110 Severus
1951 5061 2008 5112 et
2048 5054 2150 5112 Ca-

551 5140 777 5196 racallus
834 5143 936 5196 iter
977 5139 1355 5214 Egyptiacum
1382 5144 1770 5204 meditarentur
1797 5150 1895 5221 (3).
1942 5148 2149 5207 Horum

703 5324 1010 5401 .Spartianus
1032 5340 1087 5401 tu
1105 5327 1329 5401 Severo,
1351 5342 1409 5401 c._
1426 5328 1501 5381 ιι.
1530 5342 1542 5378 :
1577 5326 1861 5401 «Profectus
1881 5330 1942 5401 ad
1963 5330 2151 5401 bellum

544 5387 831 5515 $331323?
855 5396 934 5441 est
951 5423 967 5452 ,
993 5391 1125 5443 edito
1154 5387 1689 5459 gladiatorio‘munere,
1718 5398 1772 5443 et
1791 5394 2039 5458 congiario
2060 5407 2149 5457 po-

807 5491 818 5501 .
840 5470 865 5499 ι

617 5512 686 5578 [2)
722 5515 877 5578 Idem,
893 5530 938 5568 c.
964 5517 1041 5568 16.
1070 5531 1083 5566 :
1116 5534 1141 5566 tt
1160 5517 1347 5570 Harum
1364 5532 1394 5568 a

545 5576 948 5645 vum'__tnilitibus
984 5580 1312 5645 largissimum
1350 5576 1506 5641 dedit,
1529 5595 1764 5633 concessa
1800 5582 1934 5634 omni

547 5639 711 5702 Oppidi
734 5639 968 5714 Parthici,
993 5639 1120 5705 quod
1142 5644 1328 5693 milites
1347 5639 1650 5716 quaerebant.
1677 5660 1699 5689 ι
1980 5639 1994 5645 ’
2008 5698 2019 5708 ,

614 5701 688 5762 (5)
721 5700 814 5770 ἰᾷ..
839 5703 955 5770 tbtd.
979 5715 992 5751 :
1023 5705 1187 5770 s_Post
1201 5705 1292 5755 hoc
1311 5704 1613 5770 (eumililtnm
1634 5709 1870 5770 majorem
1891 5706 2146 5770 consulem

550 5774 722 5836 secum
745 5762 1074 5836 dissignasset)
1089 5802 1103 5827 ,
1127 5767 1241 5821 dato
1269 5762 1516 5828 stipendio
1547 5762 1872 5825 cumulatiore
1885 5769 2139 5830 militibus,

552 5823 899 5875 Alexandriam
923 5823 1136 5890 petiit.)

1461 5517 1748 5571 ellationum
1779 5530 1930 5570 causa
1949 5517 2144 5570 donati-

1980 5581 2146 5645 praeda

2249 4601 2489 4671 Denique
2506 4599 2609 4655 sub
2622 4596 2828 4653 initium
2848 4595 3007 4666 hujus
3026 4595 3152 4650 anni
3177 4592 3305 4650 CCI.
3335 4591 3567 4650 nondum
3592 4590 3699 4643 erat
3724 4579 3799 4635 lex

2245 4693 2492 4767 quasdam
2516 4707 2547 4747 a
2577 4691 2787 4748 Severo
2808 4688 3163 4761 promulgata,
3181 4703 3304 4760 quae
3320 4700 3507 4744 omnes
3521 4698 3549 4737 a

2247 4765 2663 4844 christianornrn
2687 4792 2920 4849 arceret,
2956 4796 3188 4855 quorum
3217 4780 3472 4838 familiam
3503 4788 3623 4830 mox
3643 4765 3807 4855 turba-

2248 4891 2357 4937 tam
2378 4894 2505 4936 esse
2522 4891 2587 4935 ea
2613 4876 2912 4949 apparebit.
2940 4852 3047 4932 scd
3082 4874 3186 4931 hoc
3211 4872 3521 4930 donativum
3544 4864 3697 4921 fuisse
3720 4852 3807 4913 sub

2249 4972 2460 5030 initium
2479 4975 2518 5028 Α
2530 5012 2544 5027 .
2564 4971 2695 5029 CCI.
2715 4969 2977 5027 militibus
2995 4967 3363 5035 distributum,
3388 4964 3451 5020 id
3466 4973 3589 5017 vero
3600 4966 3710 5011 cum
3725 4949 3805 5002 ha-

2250 5068 2372 5125 beat
2400 5067 2632 5135 aliquam
2658 5064 3069 5131 dubitationem,
3107 5060 3379 5133 quomodo
3416 5051 3597 5114 calculi
3624 5040 3821 5140 subtili"

2250 5158 2409 5218 cendi
2424 5160 2554 5227 sint,
2577 5155 2814 5214 breviter
2822 5168 3176 5225 exponemus.
3193 5149 3463 5223 Principio
3477 5143 3689 5200 velimus
3705 5145 3805 5189 ant-

2253 5252 2540 5320 madverti,
2558 5251 2701 5323 quod
2726 5240 2835 5306 alio
2860 5247 3093 5323 quodam
3112 5246 3232 5303 loco
3248 5238 3624 5316 disputavimus
3650 5227 3805 5323 (tum

2254 5346 2384 5422 §16.
2407 5347 2508 5403 col.
2536 5345 2656 5402 119.
2677 5345 2810 5417 not.)
2832 5342 3101 5412 Seuerum,
3118 5339 3336 5412 expleta
3358 5331 3519 5409 priori
3543 5332 3678 5422 parte
3694 5326 3802 5422 ano!

2255 5404 2531 5501 CXCVIII.
2554 5440 2609 5496 in
2627 5404 2905 5496 Orientem
2918 5404 3559 5509 fttisse'profectumﬂuic
3576 5415 3703 5475 bello
3723 5404 3806 5509 “‘1'

2251 5551 2441 5594 versus
2463 5534 2689 5592 Parthos
2701 5540 2950 5605 suscepto
2978 5503 3139 5587 linem
3164 5528 3277 5586 fere
3309 5517 3551 5595 imposuit
3574 5503 3800 5605 φθείρειίέ

2245 5629 2614 5701 Ctesiphonte.
2633 5594 2934 5698 Nam,quod
2949 5634 3134 5697 postea
3147 5622 3361 5678 demum
3373 5603 3661 5701 DioCasst'uf

2246 5685 2364 5780 runt
2378 5685 2542 5778 r'efert
2557 5685 2638 5776 bis
2659 5685 2854 5776 frustra
2878 5685 3054 5773 Atram
3069 5716 3435 5789 impugnasse;
3453 5705 3503 5760 in
3521 5711 3601 5763 e0,
3623 5690 3662 5745 si
3676 5685 3799 5789 ηεξθ

2135 5809 2141 5870 ἶ
2247 5817 2400 5889 dixit,
2421 5816 2635 5876 Severus
2658 5828 2762 5874 non
2791 5813 3002 5872 videtur
3025 5785 3252 5870 multum
3282 5796 3533 5876 temporis
3552 5785 3798 5848 consum?
