4084 6344
264 329 391 396 ηδ

1214 335 1306 395 AC
1344 330 1686 396 DOC‘I‘RINA
1725 331 2165 398 SCRIP‘I‘ORUM
2201 336 2689 402 TERTULLIANI.

3478 344 3585 408 126

263 454 442 522 sisse,
474 464 601 510 eum
644 450 811 513 altera
850 462 1023 523 eaque
1058 448 1531 508 vehementissima
1552 452 1711 523 hujus
1732 451 1880 508 urbis
1907 458 1961 522 Α
1988 456 2162 525 (ἔξω,
2224 465 2281 514 et
2334 459 2593 516 Caracatli
2638 461 2935 520 laureatum
2997 468 3187 535 caput,
3240 459 3385 536 quod
3442 458 3585 522 hunc

266 544 616 618 oppugnatio
636 544 824 621 viginti
837 546 908 600 sit
931 543 1120 600 diebus
1138 544 1387 600 conlecta
1433 546 1575 616 (Dio.
1597 545 1631 600 l.
1661 545 1877 603 LXXV.

262 653 332 694 ο.
360 639 455 696 Is.
472 652 532 709 ν.
559 633 777 706 1365.),
792 651 1021 709 eamque
1040 638 1219 693 statim
1250 647 1491 694 secutum
1514 638 1617 695 iter
1632 637 1803 695 Seueri
1828 639 1883 695 in

264 731 636 789 Palatinam
659 739 822 803 atque
844 728 1164 804 Egyptum.
1196 729 1306 787 Sed
1333 746 1550 803 quoquo
1577 732 1741 788 modo
1778 732 1884 791 hoc

263 823 606 896 accipiatur,
620 822 1032 895 Ctesiphontem
1050 821 1268 879 hiemali
1292 838 1459 895 prope
1485 830 1727 897 tempore
1747 839 1880 898 cap-

261 925 394 973 tam
421 932 550 975 ese
597 915 914 989 Spartianus
940 915 1226 973 conﬁrmat
1269 916 1323 973 in
1366 916 1492 975 Sev.
1523 931 1576 973 c.
1628 918 1721 975 16.
1770 918 1884 976 Hoc

260 1009 386 1067 dici
408 1025 524 1066 non
548 1009 999 1081 potestaceidisse
1015 1011 1081 1066 A.
1103 1007 1401 1078 CXCVIII.;
1420 1010 1697 1084 qumodo
1712 1013 1878 1081 enim,

263 1104 323 1161 si
358 1102 611 1160 dicamus
635 1102 801 1160 aiam
838 1102 1087 1159 Severum
1122 1101 1304 1159 statim
1354 1111 1475 1175 post
1499 1113 1803 1174 susceptam
1850 1118 1883 1161 a

266 1195 565 1252 Castalio
595 1196 819 1269 Augusti
858 1195 1174 1268 dignitatem
1203 1194 1376 1251 Roma
1395 1194 1593 1252 abiisse
1612 1237 1628 1263 ,
1658 1211 1884 1268 quem

262 1288 375 1356 do,
401 1289 648 1361 inquam,
678 1298 921 1359 tempore
945 1296 1054 1344 tam
1076 1288 1226 1345 brevi
1257 1295 1467 1344 tantum
1510 1289 1614 1346 iter
1645 1290 1701 1346 in
1744 1290 1875 1345 ulti-

262 1397 400 1440 mas
428 1384 587 1454 quasi
617 1384 862 1454 regiones
880 1381 1159 1453 perlicere,
1181 1381 1412 1439 classem
1445 1396 1730 1449 exornare,
1754 1397 1880 1454 per—

264 1491 477 1550 agrare
517 1477 846 1543 Armeniam,
898 1475 1224 1544 Seleuciam,
1250 1475 1683 1549 Babylonemque
1720 1491 1882 1548 cape.

265 1587 365 1638 re,
396 1581 565 1644 atque
592 1581 805 1628 vastare
831 1569 1084 1627 Arabiam
1112 1568 1420 1641 potuisset?
1447 1569 1633 1641 Neque
1674 1585 1808 1627 vero
1830 1570 1882 1627 id

266 1663 459 1735 magis
495 1677 642 1719 anno
666 1663 912 1734 sequenti
937 1662 1231 1734 contigisse
1247 1661 1509 1719 credibile
1529 1670 1633 1719 est.
1666 1662 1879 1721 Etenim

266 1768 411 1831 post
432 1765 653 1827 captam
679 1755 1107 1828 Ctesiphontem,
1147 1757 1443 1828 Atramque
1468 1755 1552 1813 bis
1577 1756 1879 1827 obsessam,

266 1830 510 1908 Saenia
537 1848 685 1906 venit
724 1849 785 1904 in
834 1848 1069 1920 Syriam,
1115 1847 1205 1904 ubi
1250 1858 1437 1920 postea
1467 1847 1646 1906 feraces
1671 1830 1959 1923 imperii}

570 1940 676 1999 Sed
710 1956 834 1997 eum
877 1957 1001 1996 cuin
1045 1940 1157 1997 ﬁlio
1176 1942 1241 1996 A.
1276 1939 1428 1998 CCII.
1460 1941 1559 1999 hos
1584 1942 1839 2000 habuisse
1863 1986 1878 2014 ,

264 2038 507 2094 norunt,
534 2029 629 2101 qui
652 2026 819 2085 laetos
845 2028 1228 2086 normaliteth
1274 2029 1542 2096 universi;
1576 2030 1757 2103 itaque
1793 2031 1880 2088 di-

265 2122 520 2181 cendis.
545 2122 669 2191 erit,
700 2138 797 2194 per
816 2130 933 2179 tres
960 2122 1071 2179 fere
1097 2132 1191 2179 aut
1217 2121 1356 2180 duos
1384 2138 1558 2181 anuos
1584 2125 1716 2181 nihil
1737 2128 1883 2199 cgito

266 2233 340 2277 se
370 2219 623 2276 Sensum
661 2217 715 2275 in
758 2217 900 2274 bello
927 2216 1187 2274 adversus
1210 2225 1435 2274 caeteros
1462 2219 1874 2291 persequendo:

277 2312 442 2385 quod
490 2326 715 2384 prorsus
741 2311 1017 2368 abhorret.
1050 2311 1239 2369 Restat
1264 2311 1463 2385 igitur,
1510 2322 1567 2370 ut
1587 2324 1800 2385 captam
1846 2329 1879 2371 a

273 2406 485 2464 Sam
509 2404 911 2478 Ctesiphontem
941 2406 1010 2464 Δ.
1041 2403 1147 2462 CC.
1180 2403 1292 2462 lere
1321 2413 1567 2464 vertente
1595 2406 1837 2477 dicamus
1861 2448 1878 2478 ,

274 2502 446 2572 cuius
490 2501 898 2572 «certationem
941 2512 1062 2557 cum
1093 2500 1276 2557 statim
1327 2502 1612 2573 exceperit
1654 2504 1885 2575 Augusti

272 2593 525 2665 dignitas
552 2593 607 2648 in
633 2592 961 2648 Cumllrtm
987 2606 1019 2648 a
1046 2591 1308 2649 militibus
1332 2592 1529 2651 collata
1551 2636 1568 2664 ,
1609 2609 1675 2652 ac
1710 2595 1884 2652 dona-

282 2687 475 2745 tivum
503 2687 566 2744 iis
590 2701 651 2744 ea
675 2686 745 2744 de
767 2701 929 2744 causa
982 2700 1322 2754 conoessum;
1348 2688 1451 2745 hoc
1473 2697 1622 2747 certe
1649 2704 1758 2745 non
1778 2688 1886 2747 alio

276 2789 559 2855 tempore,
585 2780 684 2837 nisi
706 2780 811 2838 sub
836 2782 963 2837 anni
988 2780 1099 2838 CC.
1128 2781 1293 2837 linem
1332 2790 1427 2837 aut
1473 2782 1750 2855 sequentis
1772 2782 1879 2839 ini-

277 2877 425 2932 tium
478 2875 716 2945 contigit.
766 2875 900 2946 Qua:
942 2874 1162 2948 quidem
1214 2862 1305 2933 res
1343 2878 1559 2949 egregie
1599 2858 1887 2935 conﬁrma-

278 2978 377 3026 tur
402 2970 470 3027 iis
488 2969 866 3041 antiquitatum
905 2969 1293 3036 monumentis,
1325 2984 1449 3041 quae
1478 2969 1761 3043 utriusque
1804 2969 1887 3027 rei

277 3063 607 3120 memoriam
638 3062 792 3120 nobis
830 3061 1183 3120 tradiderunt.
1224 3062 1474 3133 Etenim,
1531 3071 1590 3120 ut
1641 3078 1673 3120 a
1712 3064 1884 3121 victo-

1985 551 2205 624 quidem
2233 557 2532 625 Augustum
2558 595 2574 619 ,
2617 554 2766 611 illunt
2809 553 3080 614 Cmsarem
3131 556 3299 615 fuisse
3337 556 3579 628 indicat,

1985 661 2109 702 cum
2137 646 2432 720 epigraphe
2462 664 2474 701 :
2509 646 2757 705 Etet-uit.
2791 648 3004 723 Imperi.
3038 649 3243 722 Nempe
3267 665 3335 709 eo
3361 666 3466 708 non
3493 665 3582 707 so-

1988 738 2101 794 lum
2125 740 2477 797 conﬁrmatur
2503 740 2579 807 id,
2610 740 2751 813 quod
2782 741 3094 814 Spartianus
3119 742 3189 799 de
3212 753 3456 814 tempore
3483 742 3580 800 bu-

1981 833 2070 906 jus
2096 833 2164 890 ab
2194 835 2257 890 iis
2282 842 2546 906 suscepta:
2572 835 2848 907 dignitatis
2876 835 3121 904 tradidit,
3152 835 3247 893 sed
3274 835 3391 893 haec
3417 837 3581 893 etiam

1985 938 2285 1001 sequuntur
2318 972 2331 995 ,
2362 946 2483 1001 qua:
2511 939 2667 987 antea
2687 928 2943 996 diximus,
2974 944 3092 986 eam
3136 946 3249 986 rem
3274 933 3432 986 Anno
3451 928 3579 986 CCI.

1984 1022 2250 1091 extitisse,
2276 1021 2541 1093 siquidem
2584 1036 2651 1079 eo
2703 1035 2847 1078 anno
2886 1020 3030 1077 Trib.
3072 1021 3195 1078 Pot.
3230 1021 3336 1078 IX.
3361 1023 3581 1080 Severus

1987 1113 2245 1187 suscepit.
2284 1111 2392 1171 Sed
2417 1113 2708 1170 redeamus
2740 1113 2807 1170 ad
2839 1114 3033 1170 librum
3063 1114 3129 1171 de
3151 1114 3371 1172 Corona.
3411 1115 3581 1187 Hujus

1990 1207 2166 1264 locum
2221 1223 2382 1280 supra
2439 1223 2727 1266 excussum
2779 1209 3009 1266 dicimus
3077 1211 3304 1282 intelligi
3377 1211 3582 1282 optime

1988 1317 2148 1376 posse
2172 1345 2187 1371 ,
2232 1304 2278 1359 si
2313 1303 2625 1360 admittatur
2659 1305 2925 1360 sententia
2947 1318 3009 1361 ea
3031 1346 3046 1370 ,
3070 1319 3230 1376 quam
3270 1305 3423 1360 nobis
3454 1320 3582 1376 pro-

1985 1396 2145 1452 basse
2188 1395 2319 1452 satis
2350 1396 2612 1453 videmur.
2643 1397 2886 1469 Namque
2912 1413 2976 1453 ex
3004 1412 3066 1453 ea
3096 1396 3316 1468 intelligi
3347 1398 3583 1454 maxime

1986 1497 2184 1560 potest,
2207 1490 2299 1561 qui
2327 1488 2524 1545 factum
2547 1492 2638 1556 sit,
2668 1500 2724 1546 ut
2752 1491 2952 1546 milites
2974 1491 3202 1546 laureati
3229 1485 3575 1557 incederent;

1984 1589 2125 1661 quod
2150 1604 2309 1645 nemo
2350 1590 2530 1646 mirari
2575 1589 2773 1654 debet,
2822 1589 2913 1660 qui
2940 1589 3139 1645 milites
3186 1588 3348 1645 etiam
3395 1588 3583 1643 trium-

1985 1683 2213 1754 phantes
2234 1684 2440 1739 cinctos
2468 1682 2683 1738 coronis
2720 1680 2885 1738 luisse
2927 1683 3103 1748 novit,
3149 1677 3307 1752 quale
3334 1678 3461 1751 quid
3491 1679 3580 1736 hic

1989 1773 2155 1831 fuisse
2179 1774 2334 1831 facile
2363 1775 2700 1846 perstricitur.
2745 1773 2878 1830 Nam
2908 1782 2964 1829 et
3009 1787 3152 1828 nunc
3188 1772 3393 1827 subacti
3445 1785 3581 1842 pene

1985 1878 2142 1926 erant
2167 1884 2355 1927 omnes
2381 1911 2395 1933 ,
2436 1869 2695 1924 adversus
2724 1883 2858 1938 quos
2887 1866 3106 1923 Severus
3145 1865 3442 1921 exercitum
3474 1863 3581 1919 duo

1984 1972 2137 2018 serat
2162 2004 2178 2031 ,
2221 1963 2273 2017 in
2307 1962 2492 2033 primis
2520 1961 2836 2016 Parthorum
2861 1958 3269 2018 bellicosissima
3293 1956 3440 2012 natio
3464 1997 3479 2024 ,
3523 1964 3580 2012 et

1988 2054 2104 2127 ipse
2127 2052 2364 2121 Severus,
2387 2068 2508 2109 cum
2531 2061 2747 2123 propter
2767 2050 3109 2107 articularem
3141 2049 3388 2105 morbum
3419 2062 3583 2117 agere

1988 2134 2313 2217 triumphum
2340 2144 2408 2201 de
2450 2144 2662 2201 Parthis
2694 2158 2799 2200 non
2829 2151 3043 2214 posset,
3071 2142 3140 2221 de
3164 2141 3366 2198 ludatis
3397 2149 3580 2197 tamen

1987 2252 2117 2298 eum
2145 2238 2408 2311 agendum
2440 2237 2585 2306 ﬁlio,
2627 2252 2690 2292 ac
2720 2236 2953 2291 Parthici
2999 2232 3383 2305 eompensandi
3409 2232 3581 2304 gratia

1991 2333 2252 2393 militibus
2278 2332 2415 2390 forte
2440 2331 2590 2404 signa
2622 2329 3062 2401 triumphantium
3082 2325 3366 2383 concessit.
3381 2325 3512 2391 Quae
3534 2323 3581 2380 si

1990 2436 2267 2484 teneamus
2291 2466 2306 2494 ,
2330 2425 2492 2481 simul
2522 2423 2648 2480 illud
2675 2424 2912 2495 aperitur
2931 2462 2945 2487 ,
2978 2436 3084 2491 quo
3117 2419 3278 2475 modo
3298 2432 3441 2474 nunc
3471 2425 3583 2471 tur-

1986 2521 2178 2580 banda:
2200 2520 2347 2593 pacis
2376 2519 2610 2592 suspicio
2630 2519 2940 2575 christiauis
2963 2516 3196 2588 potuerit
3216 2513 3439 2570 aboriri.
3461 2511 3581 2568 Iam

1987 2616 2130 2674 enim
2160 2615 2414 2687 prostrati
2442 2623 2597 2672 erant
2623 2613 2808 2669 hostes
2834 2610 3178 2684 Imperatoris
3199 2606 3410 2676 omnes,
3435 2607 3582 2678 ipsa-

1987 2723 2094 2780 que
2117 2706 2294 2764 Severt'
2316 2707 2426 2778 jam
2450 2706 2609 2762 otiosi
2629 2706 2892 2776 asperitas
2914 2702 3218 2758 minabatur
3239 2699 3581 2757 severitatem

1988 2817 2275 2872 summam,
2296 2818 2478 2876 quam,
2496 2801 2773 2858 districtus
2788 2799 2963 2855 adhuc
2978 2795 3314 2870 gravioribus
3329 2793 3580 2866 negotiis,

1990 2917 2099 2959 non
2140 2908 2388 2973 potuerat
2431 2899 2607 2971 sequi.
2653 2896 2724 2953 Et
2772 2896 2859 2952 isti
2907 2891 3302 2951 inflammanda:
3352 2889 3584 2946 maxime

1990 2993 2243 3052 idoneum
2266 2990 2543 3048 videbatur
2569 2989 2752 3046 militis
2780 2986 3110 3058 exemplum,
3136 2998 3295 3057 quem
3324 2998 3409 3049 eo,
3439 2980 3582 3053 quod

1990 3103 2243 3145 coronam
2272 3086 2606 3159 repudiasset
2631 3127 2645 3152 ,
2680 3082 3025 3157 parricidium
3052 3079 3390 3136 commisisse
3413 3119 3427 3142 ,
3453 3076 3583 3132 hos-

277 3159 364 3214 ria
396 3156 646 3213 Parthica
678 3156 965 3225 exordiar,
1015 3170 1122 3213 non
1171 3155 1416 3212 Eusebius
1469 3158 1641 3213 solum
1666 3199 1682 3225 ,
1725 3157 1881 3229 citius

281 3250 427 3277 1...-
454 3250 667 3277 -..ἓΛΑ-..ι
696 3261 840 3277 ηιμ...-
871 3251 1051 3277 ....I....a
1082 3250 1280 3277 ξηιᾶζηέη
1374 3252 1512 3277 In“...
1538 3251 1816 3277 ..;-.,...ι-...
1849 3266 1878 3277 Α

1992 3190 2206 3253 temque
2227 3155 2455 3237 Cresaris
2480 3155 2751 3250 publicum
2778 3173 3055 3233 exstitisse
3079 3214 3094 3242 ,
3141 3184 3243 3230 suo
3273 3185 3423 3228 more
3449 3168 3586 3227 Deo-

182 3268 189 3273 '
280 3250 428 3309 forte
450 3250 670 3323 quidam
696 3261 843 3307 stare
870 3251 1055 3307 nolent
1075 3250 1282 3322 judicio
1307 3290 1321 3317 ,
1373 3252 1514 3308 hanc
1538 3251 1819 3307 victoriam
1849 3266 1880 3307 a
1911 3250 1956 3277 υ
1990 3250 2376 3334 ..υπηόυιιοηε
2403 3270 2822 3328 arbitrabamur.

280 3343 506 3400 Parthis
537 3384 552 3408 ,
583 3334 875 3399 Adiabcnis
906 3385 922 3412 ,
954 3343 1330 3415 Arabibusque
1357 3352 1684 3415 reportatum
1708 3354 1886 3400 trans-

279 3437 396 3495 fert
423 3439 480 3494 in
501 3437 568 3493 A.
594 3436 703 3493 CC.
730 3435 994 3509 (Chronic.
1022 3436 1086 3492 L.
1117 3436 1181 3493 ll.
1203 3437 1270 3492 ad
1302 3436 1356 3492 lt.
1386 3451 1439 3493 a.
1471 3436 1614 3493 Edil.
1644 3437 1885 3510 Scalige-

280 3530 356 3597 ri,
388 3545 444 3600 p.
473 3529 650 3600 172.).
683 3529 792 3601 Sed
824 3530 945 3585 fasti
966 3529 1130 3585 etiam
1157 3529 1322 3602 (apud
1363 3530 1660 3587 Pamelium
1687 3532 1740 3588 in
1780 3532 1887 3588 vita

280 3622 521 3679 Tertull.
547 3637 601 3694 ι).
634 3622 721 3678 18.
754 3622 851 3693 Η.)
877 3631 933 3679 et
956 3623 1159 3678 nummi
1180 3620 1344 3696 (apud
1390 3622 1780 3683 Mediolanium
1821 3625 1888 3682 ad

282 3734 344 3774 a.
374 3731 426 3772 c.
453 3716 574 3772 201.
600 3733 652 3788 p.
682 3716 836 3789 274.)
858 3731 1152 3789 cognomen
1184 3715 1420 3773 Parthici
1451 3717 1670 3773 Maximi
1699 3717 1890 3776 Set-ero

279 3808 387 3867 Tr.
416 3808 478 3864 P.
534 3808 664 3866 VIII.
721 3810 1008 3866 sustinenti
1058 3810 1332 3875 tribuunt,
1377 3826 1537 3882 quam
1579 3812 1887 3884 pmgredia

283 3902 477 3961 medio
508 3901 634 3959 anni
656 3901 762 3959 CC.
807 3904 874 3960 ad
904 3905 1029 3960 anni
1067 3904 1342 3975 serprentis
1371 3905 1603 3962 mediam
1633 3914 1838 3978 partem
1867 3946 1884 3975 ,

282 4011 452 4053 nemo
476 3998 705 4069 ignorat.
728 3997 996 4069 Deinceps
1024 4001 1075 4053 in
1099 3997 1425 4054 Caracollnm
1440 3999 1684 4070 Augusti,
1708 4000 1761 4055 in
1783 3999 1887 4056 Ge-

282 4101 398 4147 una
426 4090 656 4147 Camris
681 4090 992 4165 dignitatem
1030 4080 1058 4147 a
1111 4093 1368 4149 militibus
1397 4093 1645 4149 collatam
1677 4108 1799 4150 esse
1818 4097 1886 4151 A.

281 4182 418 4242 CCI.
452 4200 522 4241 ex
551 4184 839 4257 Spartiauo
860 4185 1173 4257 intelligitur
1195 4187 1428 4257 quodam
1456 4188 1639 4256 modo,
1666 4190 1758 4261 qui
1787 4189 1889 4248 hoc

281 4280 365 4335 ait
397 4278 595 4335 lacttuu
620 4292 776 4347 esse,
803 4292 925 4334 cum
956 4276 1259 4334 Cufhcalhts
1302 4293 1500 4335 annum
1530 4280 1667 4335 XIII.
1705 4289 1891 4354 ageret

286 4371 351 4444 (1.
374 4384 430 4426 e.
463 4383 516 4425 e.
547 4370 694 4443 Ill);
724 4384 885 4443 quem
924 4386 992 4427 eo
1018 4384 1162 4426 anno
1186 4372 1295 4443 egit
1316 4371 1459 4428 haud
1485 4372 1682 4440 dubie,
1716 4383 1773 4429 ut
1794 4389 1890 4447 ap-

284 4473 547 4538 parctex
585 4465 796 4538 iisque
842 4465 911 4522 de
958 4465 1076 4537 ejus
1105 4466 1266 4521 natali
1319 4465 1452 4523 alias
1497 4466 1889 4539 disputavimus

1990 3447 2107 3521 52.
2132 3478 2205 3492 —
2233 3447 2392 3506 Sectis
2436 3447 2758 3505 sentientium
2807 3444 3072 3517 opiniones
3113 3439 3496 3505 examinantur,
3539 3441 3589 3492 et

2064 3548 2317 3621 imprimis
2339 3543 2639 3603 ﬂoﬂmanni
2658 3552 2703 3598 et
2720 3540 2885 3609 Orsii,
2914 3539 3000 3610 qui
3019 3537 3164 3593 illum
3186 3535 3249 3590 Α.
3269 3530 3583 3590 CXCVIII.

2067 3646 2367 3709 tribuerant,
2416 3651 2459 3694 et
2496 3638 2663 3711 Pagii,
2689 3636 2779 3707 qui
2807 3650 2921 3691 eum
2945 3633 3291 3704 assignaverat
3319 3627 3385 3684 Α.
3412 3623 3582 3684 CCII.

2064 3835 2154 3903 At,
2186 3847 2308 3890 cum
2347 3829 2433 3887 his
2483 3825 2814 3902 argumentis
2859 3809 3128 3890 inductus,
3172 3816 3460 3893 librumgde
3487 3816 3587 3872 La-

1990 3945 2119 3987 roua
2150 3930 2215 3985 A.
2247 3924 2377 3985 CCI.
2410 3927 2669 3996 scriptum
2714 3937 2835 3981 csse
2879 3918 3202 3978 contendam
3229 3959 3243 3984 ,
3271 3915 3429 3973 video
3472 3914 3587 3986 ple-

1991 4025 2189 4097 rosque
2213 4019 2607 4085 contradicere,
2627 4015 2870 4089 quamvis
2891 4015 2943 4071 in
2971 4014 3210 4070 diversas
3234 4012 3392 4082 plane
3409 4015 3588 4079 partes

1993 4117 2363 4192 pronuntient.
2410 4113 2653 4184 Namque
2684 4110 2914 4177 ‘Orsius,
2960 4107 3175 4189 familiai
3222 4102 3588 4162 Dominicantc

1993 4213 2339 4273 doctissimus
2355 4208 2670 4273 monachus,
2695 4207 2916 4277 ejusque
2937 4200 3290 4273 adstipulator
3314 4195 3589 4266 Ilo/fnum-

1993 4328 2090 4367 πω
2146 4310 2212 4366 Δ.
2262 4304 2536 4363 CXCVIII.
2586 4301 2842 4357 Barouius
2885 4300 2951 4354 A.
2999 4293 3235 4353 CXCIX.
3280 4291 3478 4365 Pagius
3517 4291 3584 4346 A.

1994 4402 2143 4465 CCII.
2189 4400 2450 4460 Pamelius
2495 4407 2550 4455 et
2575 4394 2801 4452 Allixt'us
2829 4394 2895 4448 A.
2923 4388 3077 4447 CCX.
3124 4396 3398 4460 postremo
3429 4382 3591 4439 Tille-

1993 4498 2217 4555 moutius
2276 4496 2573 4563 imperante
2632 4486 2918 4544 ﬂuximiuo
2972 4484 3040 4540 Δ.
3088 4477 3395 4539 CCXXXV.
3462 4491 3590 4533 eum

650 4559 811 4631 “Ws
856 4558 1079 4657 “idem
1110 4560 1424 4658 δυωῖνῃθθ,
1456 4560 1503 4658 ⁵)
1543 4559 1689 4658 ,ίθἿθ
1732 4576 1891 4658 [θβψ
1914 4588 2197 4651 Deditum
2243 4558 2410 4645 fuisse
2459 4586 2726 4658 Opinatur.
2778 4581 2884 4638 Sed
2932 4580 3038 4645 isti,
3091 4578 3134 4633 si
3186 4592 3215 4631 a
3277 4573 3590 4630 Tertulliano

282 4653 494 4710 dianda
530 4653 737 4708 videtur
764 4648 1044 4725 propterea
1067 4694 1081 4719 ,
1136 4652 1279 4724 quod
1311 4654 1363 4709 in
1392 4651 1696 4709 deﬁnienda
1722 4653 1890 4710 Cara-

282 4749 420 4808 calli
452 4756 615 4805 atate
659 4747 763 4803 sibi
806 4748 922 4820 ipse
951 4761 1058 4804 non
1087 4756 1299 4804 constat
1335 4748 1504 4815 satis;
1545 4747 1691 4805 Imus
1742 4757 1892 4805 certe

286 4842 617 4913 scrupulum
645 4842 834 4899 eximit
894 4842 1326 4916 elegantissimus
1371 4857 1624 4900 nummus
1652 4843 1890 4901 thesauri

283 4941 429 4999 olim
456 4937 939 5011 Sebwnrtsburgici,
970 4952 1113 4994 nunc
1151 4935 1400 5004 Gallioni,
1425 4953 1582 5007 quem
1610 4938 1890 4995 memorias

284 5033 459 5105 hujus
504 5032 581 5087 rei
638 5031 1020 5089 conservandae
1083 5031 1408 5088 destinatum
1457 5031 1664 5099 fuisse,
1732 5031 1891 5088 ἀιώίο

284 5129 398 5184 tari
454 5140 563 5181 non
618 5134 794 5198 potest
849 5126 950 5199 (Ι).
997 5125 1128 5196 Ejus
1179 5126 1345 5182 altera
1374 5140 1496 5196 pars
1523 5133 1684 5196 caput
1710 5124 1890 5182 Severi

286 5220 484 5276 laurea
530 5217 762 5273 cinctum
803 5216 961 5273 nﬁert
1008 5216 1189 5273 addita
1253 5217 1602 5289 inscriptione
1633 5234 1647 5272 :
1673 5216 1894 5274 Severus

286 5314 435 5384 Aug.
481 5310 634 5367 Part.
672 5310 818 5367 Max.
855 5308 923 5366 P.
954 5309 1035 5367 Μ.
1076 5309 1170 5366 Tr.
1218 5308 1288 5365 P.
1346 5308 1452 5365 IX.
1494 5311 1659 5367 altera
1691 5310 1890 5368 nudum

355 5496 436 5561 (ι)
471 5493 613 5561 Em
634 5506 746 5561 una
786 5491 983 5561 erudito
1013 5492 1556 5561 ,ονιὶθροξηφιιηίωγὲι
1596 5480 1923 5561 Macareus

282 5553 580 5615 Tehtzelius
602 5559 653 5607 in
670 5556 793 5608 diss.
815 5556 893 5607 Jo.
920 5556 1071 5607 Andr.
1097 5553 1330 5606 Schmidii
1355 5555 1581 5620 praesidio
1600 5553 1787 5620 habita,
1807 5553 1895 5606 ubi

285 5622 487 5678 selecta
522 5621 811 5670 nomismata
833 5631 1007 5678 aurea,
1045 5623 1285 5682 argentea
1322 5627 1374 5668 et
1398 5630 1531 5682 terea
1570 5619 1894 5682 tiraximimo-

283 5685 397 5738 οι)ιί
431 5698 497 5747 ex
522 5682 860 5747 gnophylacio
882 5680 1133 5747 Amstadio
1154 5681 1611 5747 Schwartzburgieo
1640 5680 1887 5747 expurgat;
1980 5689 1988 5695 ·

1040 5747 1051 5756 σ

285 5762 409 5815 pag.
434 5745 516 5798 22.
534 5744 688 5809 'seqq.
712 5744 878 5795 Aliam
909 5746 1273 5857 inscriptionem
1293 5779 1308 5804 ,
1333 5746 1381 5793 in
1404 5755 1501 5806 qua
1525 5744 1720 5792 nomina
1741 5744 1889 5793 tritam

285 5819 503 5857 Istorum
531 5821 646 5857 eum
665 5819 793 5857 anno
827 5807 916 5857 'l’r.
937 5807 996 5857 P.
1024 5806 1043 5856 ι
1094 5844 1105 5855 .
1140 5806 1319 5857 Severi
1356 5811 1411 5857 et.
1439 5805 1525 5857 Tr.
1550 5804 1607 5854 Ρ.
1634 5804 1720 5855 ιν.
1743 5804 1888 5857 Cara-

282 5804 503 5867 istorum
531 5804 793 5863 eud'suno
827 5807 916 5861 Τι’.
937 5804 1105 5858 P.1X.
1140 5806 1319 5858 Severi
1356 5804 1525 5858 et’Tr.
1550 5804 1607 5854 Ρ.
1634 5804 1720 5867 1v.
1743 5804 1888 5859 Cara-

285 5874 405 6001 ;léi
426 5872 811 5986 césnjunguntur,
835 5870 986 5923 habet
1005 5869 1230 5935 Scaliger
1254 5869 1307 5922 in
1332 5868 1657 5925 animadverti.
1679 5866 1887 5934 Euseb.,

1996 4684 2331 4750 discesseris,
2370 4677 2657 4737 omnesad
2700 4690 2863 4731 unum
2907 4680 3157 4728 errarunt
3200 4670 3252 4726 in
3305 4682 3403 4735 co,
3445 4663 3590 4736 quod

1994 4781 2137 4837 aliud
2170 4778 2479 4836 donativum
2509 4772 2768 4831 militibus
2796 4786 2832 4826 a
2866 4769 3053 4827 Seuero
3079 4767 3261 4822 datum
3307 4762 3590 4820 intellexe-

1996 4878 2127 4945 rint,
2157 4889 2317 4948 quam
2340 4870 2481 4945 quod
2520 4868 2716 4926 debeat
2750 4865 2992 4937 intelligi.
3036 4862 3308 4931 Quocirca
3339 4870 3592 4928 superse-

1994 4968 2126 5025 dere
2157 4980 2437 5041 possemus
2458 4963 2525 5020 iis
2549 4959 2911 5026 confutandis,
2930 4957 3079 5024 dum,
3102 4953 3258 5028 quale
3281 4949 3592 5025 dpnativum

1995 5062 2085 5119 hic
2137 5060 2298 5118 fuerit
2345 5074 2377 5115 a
2423 5057 2747 5114 Tertulliauo
2800 5053 3111 5113 indicatum,
3166 5046 3465 5103 docuimus.
3521 5044 3592 5099 At

1994 5155 2245 5231 quoniam
2272 5169 2337 5211 ex
2363 5151 2514 5208 istius
2540 5148 2704 5206 libelli
2734 5157 2979 5218 tempore
3008 5139 3203 5214 pendet
3233 5137 3589 5210 plurimorum

1993 5236 2111 5324 ejus
2138 5249 2397 5306 librorum
2441 5242 2809 5315 chronologia,
2866 5238 3096 5309 facitque
3140 5236 3239 5290 ista
3279 5248 3437 5290 secus
3468 5246 3593 5288 sen-

1999 5345 2245 5404 tientium
2273 5339 2570 5398 confutatio
2599 5336 2887 5410 plurimum
2914 5329 2979 5386 ad
3011 5327 3434 5387 conﬁrmandam
3466 5337 3592 5380 nos-

2000 5450 2133 5497 tram
2163 5437 2507 5500 sententiam,
2530 5432 2658 5505 age!
2693 5443 2785 5486 eas
2811 5426 3090 5497 opiniones
3120 5422 3434 5479 brevissime
3459 5434 3590 5476 exa-

1998 5533 2284 5591 miucmus.
2337 5530 2510 5599 Atque
2563 5525 2649 5580 hic
2678 5522 2746 5579 de
2790 5519 3045 5591 Opinione
3089 5514 3400 5572 Tillemontii
3455 5512 3592 5568 nihil

1999 5628 2192 5683 attinet
2214 5624 2395 5680 dicere
2421 5629 2722 5691 promeres,
2746 5614 2889 5687 quod
2915 5621 3021 5669 tota
3050 5611 3149 5668 ista
3176 5623 3267 5665 res
3290 5607 3422 5664 satis
3453 5615 3590 5662 trac-

1992 5729 2100 5781 tata
2148 5718 2355 5775 videtur
2399 5713 2467 5772 ab
2518 5709 2836 5780 IIo/fmauuo
2864 5706 2945 5782 (In
2976 5705 3107 5762 diss.
3167 5703 3231 5759 de
3274 5698 3583 5757 Tertulliani

1992 5813 2223 5874 omnibus
2249 5811 2304 5866 in
2333 5806 2679 5864 Hontam'smo
2717 5803 2940 5874 scriptis,
2969 5800 3000 5874 §
3031 5800 3085 5857 6.
3128 5814 3183 5870 p.
3232 5796 3326 5854 26.
3359 5796 3578 5873 seqq.),

1992 5915 2049 5967 et
2096 5905 2255 5979 plane
2300 5900 2545 5975 sequitur
2595 5897 2743 5957 illam
2788 5894 3035 5955 haeresim
3058 5935 3075 5965 ,
3119 5905 3240 5965 qlia:
3297 5903 3472 5962 neque
3512 5887 3589 5945 Α.
