4084 6344
504 332 610 402 127

1605 323 2054 385 DISSERTATIO
2094 321 2182 384 DE
2218 320 2408 382 VERA
2450 322 2706 382 ιΕΤΑΤΕ

3700 326 3805 387 ηε

503 444 734 504 CXCIX.
765 456 942 517 neque
969 441 1127 516 paulo
1147 449 1271 514 post
1294 440 1667 498 Tertullianum
1703 442 1820 498 vult
1855 441 1921 497 ad
1948 441 2102 498 Mon-
2130 442 2182 504 Α
2209 455 2396 498 omnes
2421 455 2542 497 cum
2569 439 2731 496 rebus
2766 438 2833 495 A.
2861 436 3138 498 CXCVIII.
3180 438 3347 512 gestis
3365 439 3578 513 egregie
3607 455 3808 499 conve-

504 539 730 594 tanistas
776 537 1071 602 transiiSse,
1103 536 1242 607 quod
1287 536 1394 591 alio
1423 536 1543 592 loco
1587 535 1998 607 disputavimus.
2032 534 2103 592 Et

431 650 456 668 ο
506 632 558 688 iii
586 633 686 687 ista
707 630 922 701 quidem
947 638 1100 703 parte
1121 631 1498 702 disputationis
1524 633 1725 687 rectius
1747 641 1987 688 versatus
2016 638 2103 688 est

508 722 876 792 Ilo/Titianum,
909 739 1066 793 quam
1101 732 1234 788 tum,
1267 739 1392 779 cum
1429 739 1580 779 suam
1633 724 1748 795 ipse
1791 724 2099 794 opinionem

503 815 749 888 protulit.
792 814 919 872 Vult
961 816 1104 873 enim
1145 815 1285 872 hunc
1327 815 1520 872 librum
1549 831 1615 872 eo
1646 821 1886 887 tempore
1937 816 2101 873 fuisse

499 910 888 980 conscriptum,
911 927 1034 966 cum
1056 927 1158 982 pax
1179 910 1594 966 cbristianorum
1623 926 1688 966 ne
1718 925 1747 964 a
1778 908 2101 965 Praesidibus

500 1001 737 1074 quidem,
783 1003 979 1060 nedum
1020 1004 1198 1059 edicto
1224 1005 1438 1075 Augusti
1465 1002 1780 1059 labefactata
1835 1003 2014 1070 fuerit,
2046 1011 2102 1060 et

498 1110 642 1152 anno
671 1097 888 1168 quidem
919 1097 981 1154 P.
1011 1096 1072 1154 C.
1104 1097 1172 1152 N.
1200 1097 1499 1162 CXCVII“
1529 1115 1756 1168 quarunt
1801 1097 1930 1154 illud
1959 1097 2100 1155 effici

496 1191 676 1248 credit
701 1208 792 1256 eo,
816 1192 960 1263 quod
994 1190 1339 1247 Tertttlliamts
1381 1191 1706 1248 christianos
1752 1193 1947 1248 referat
1979 1207 2098 1248 creo

500 1284 723 1349 didisse.
756 1301 940 1356 pacem
970 1286 1293 1358 imprudenti
1323 1287 1527 1354 militis,
1551 1303 1708 1358 quem
1734 1288 1818 1342 hic
1839 1286 2099 1355 defendit,

500 1378 640 1434 facto
686 1380 956 1437 turbatum
1008 1382 1104 1446 iri;
1159 1382 1262 1438 hoc
1312 1398 1438 1438 vero
1477 1383 1862 1453 potentiSsimis
1908 1383 1982 1437 ait
2030 1381 2100 1437 ab

503 1471 652 1527 Orsio
681 1472 1102 1530 demonstratum
1126 1478 1455 1547 argumentis
1476 1492 1616 1532 esse.
1647 1476 1777 1545 Qua:
1797 1492 1918 1533 cum
1946 1475 2102 1530 adhi-

506 1567 762 1624 berentur
799 1571 866 1623 ah
915 1569 1262 1640 Iloffmanno,
1328 1581 1384 1626 ut
1439 1572 1784 1628 labefactaret
1830 1569 2100 1626 Moshemt‘i

498 1671 582 1716 τοῦ
637 1672 908 1732 μακαρίτου
950 1670 1270 1718 sententiam
1310 1663 1378 1720 de
1401 1681 1525 1719 vera
1552 1673 1710 1719 aetate
1735 1663 2050 1734 Apologetici
2078 1679 2101 1728 ,-

500 1749 590 1806 Iiic
616 1751 833 1822 quidem
882 1753 966 1824 (iu
995 1754 1243 1809 addendis
1297 1755 1366 1808 ad
1410 1755 1509 1808 vol.
1544 1754 1582 1810 I.
1631 1755 1756 1810 diss.
1807 1771 2016 1808 suarum
2043 1753 2098 1808 in

2215 533 2351 598 nire,
2381 532 2476 589 sed
2522 549 2757 605 pugnare
2794 547 2915 589 cum
2939 548 3278 606 quocumque
3313 548 3459 590 anno
3483 534 3614 591 alio.
3640 535 3810 607 Igitur

2207 635 2264 684 et
2291 641 2389 682 nos
2433 642 2720 698 sequemur
2759 626 3058 682 doctissimi
3105 626 3204 682 viri
3255 626 3499 699 vestigia,
3551 629 3808 699 quoniam

2205 736 2474 787 veremur,
2517 736 2586 776 ne
2611 720 2930 776 misceamus
2955 735 3040 787 ea,
3069 735 3191 791 quae
3212 719 3321 790 jam
3347 720 3418 776 ab
3447 735 3514 776 eo
3537 721 3810 792 permixta

2204 822 2330 868 sunt
2354 814 2504 877 satis,
2537 828 2600 868 ac
2625 828 2723 883 per
2752 813 2992 884 singulos
3017 813 3186 880 locos,
3214 828 3461 885 quamam
3487 826 3636 871 recte
3656 815 3816 874 dixe-

2204 908 2293 974 rit,
2337 921 2588 979 qutenam
2617 923 2796 972 secus,
2827 907 3038 978 adjecto
3085 906 3325 962 breviuri
3368 917 3814 979 argumentorum

2205 999 2561 1073 Pagianorum
2609 1001 2879 1066 examine,
2914 999 3285 1055 indicabimus.
3331 999 3388 1055 In
3416 1000 3536 1057 loco
3563 1001 3668 1058 isto
3697 1002 3814 1074 pri-

2209 1107 2322 1160 mo,
2355 1092 2549 1164 quiest
2575 1091 2644 1148 de
2689 1107 2914 1148 numero
2967 1091 3304 1148 liberalitatis
3335 1091 3512 1148 Severi
3555 1095 3812 1166 Augusti,

2179 1185 2490 1257 'quinquies
2527 1184 2598 1239 ab
2625 1199 2692 1241 eo
2719 1184 2946 1240 donatos
2984 1183 3182 1240 milites
3203 1199 3345 1251 esse,
3376 1185 3558 1241 nescio
3577 1200 3645 1241 an
3673 1188 3816 1244 satis

2204 1287 2352 1334 recte
2379 1317 2395 1342 ,
2436 1277 2585 1343 dicit,
2629 1277 2892 1349 siquidem
2937 1277 3142 1348 aliquot
3193 1277 3396 1334 nunnni
3441 1280 3640 1349 septies
3680 1295 3811 1336 eam

2203 1381 2628 1426 commemorant
2655 1369 2749 1443 (V.
2787 1368 3048 1425 Vailfuntii
3069 1371 3374 1425 numiamata
3398 1369 3570 1442 Impp.
3623 1371 3812 1440 Rom.,

2203 1472 2334 1520 tom.
2369 1463 2432 1519 Il.
2466 1479 2519 1533 p.
2546 1463 2672 1520 254.
2701 1465 2741 1533 );
2771 1463 2865 1518 sed
2900 1473 3076 1533 potest
3116 1463 3166 1518 id
3195 1463 3340 1518 salva
3369 1477 3427 1518 re
3453 1474 3814 1522 controversa

2209 1556 2459 1614 concedi.
2481 1557 2666 1629 Neque
2695 1566 2872 1613 tamen
2902 1558 2952 1612 in
2980 1571 3047 1612 eo
3080 1555 3260 1612 Orsius
3299 1557 3398 1612 sibi
3429 1567 3640 1614 constat
3668 1560 3816 1631 ipse,

2203 1650 2343 1722 quod
2371 1649 2748 1705 Tertullianum
2774 1651 2843 1707 de
2884 1649 3138 1705 donativo
3163 1650 3303 1705 Anni
3331 1648 3610 1706 CXCVIII.
3655 1651 3818 1708 Iocu-

2205 1753 2319 1799 tum
2349 1757 2470 1801 esse
2507 1742 2713 1814 judicet
2744 1740 2889 1815 (pag.
2921 1741 3098 1812 £04.),
3146 1750 3201 1797 et
3230 1751 3413 1812 postea
3458 1757 3580 1798 eum
3622 1751 3817 1802 tamen

500 1819 647 1899 Hist.
677 1842 819 1898 Eccl.
871 1819 1252 1913 pertinentium,
1299 1862 1354 1917 p.
1402 1847 1528 1902 7M.
1574 1846 1778 1917 seqq),
1805 1846 2093 1913 concedit,
2128 1819 2348 1893 Bdicat
2397 1835 2465 1892 de
2515 1844 2702 1907 quarta
2756 1835 3077 1890 liberalitate
3127 1849 3156 1888 a
3211 1849 3272 1891 se
3315 1833 3550 1891 indicata
3600 1835 3819 1894 dixisse

497 1932 652 1989 istam
686 1952 797 1990 rem
827 1937 926 1992 rite
963 1937 1032 1991 ab
1065 1937 1215 1992 υηὶο
1237 1937 1401 1993 fuisse
1439 1939 1759 2008 expositam;
1790 1937 1883 1992 sed
1911 1945 2092 2008 negat,

497 2026 550 2082 id
579 2039 726 2085 recte
753 2028 1005 2100 proferri,
1035 2030 1178 2101 quod
1212 2045 1316 2086 non
1343 2032 1498 2086 simul
1528 2047 1660 2102 pace
1696 2032 1769 2086 uti
1815 2030 2096 2087 christiani

494 2123 787 2194 potuerint,
817 2133 870 2179 et
898 2125 966 2180 ab
995 2125 1240 2181 hostibus
1290 2133 1469 2180 tamen
1511 2127 1624 2181 suis
1675 2125 1838 2180 variis
1887 2124 2097 2194 injuriis

496 2214 658 2272 affici.
693 2217 868 2285 Atque
896 2231 996 2288 ego
1018 2217 1229 2272 tametsi
1263 2216 1412 2272 Orrio
1440 2232 1545 2272 non
1573 2217 1857 2282 assentiar,
1892 2217 2096 2286 potius-

497 2324 602 2380 quc
632 2307 876 2365 refellam
923 2320 1107 2381 postea
1139 2353 1154 2377 ,
1205 2313 1480 2382 sapienter
1531 2323 1708 2366 tamen
1755 2310 2096 2367 Mos/tentiam

494 2401 876 2470 pronuntiasse
903 2417 1168 2473 agnosco,
1201 2402 1290 2458 ubi
1331 2418 1421 2460 res
1470 2403 1886 2459 cbristianorum
1931 2403 2094 2471 dixit,

495 2507 617 2549 cum
642 2492 763 2548 aliis
788 2495 838 2548 in
866 2494 1154 2564 provinciis
1192 2495 1518 2566 urbibusque
1545 2496 1844 2567 tranquilla:
1872 2497 2090 2563 fuerint,

503 2583 558 2640 in
581 2585 702 2640 aliis
748 2601 1120 2655 sarpenumero
1147 2603 1176 2641 a
1207 2587 1530 2644 Praesidibus
1561 2588 1820 2654 turbatas,
1848 2597 1903 2645 et
1930 2591 2093 2646 talem

496 2676 573 2732 rei
626 2677 936 2734 christiana:
985 2679 1174 2735 faciem
1218 2690 1460 2752 tempore
1512 2683 1696 2752 scripti
1759 2682 1916 2753 hujus
1970 2683 2093 2740 libri

497 2785 686 2826 revera
713 2770 896 2828 fuisse.
925 2773 1154 2830 Pulchre
1177 2775 1318 2831 enim
1353 2774 1403 2829 id
1437 2783 1612 2845 potest
1631 2775 1854 2848 intelligi
1903 2791 1932 2833 e
1955 2776 2096 2833 libro

497 2860 802 2918 Tertulliani
823 2863 890 2920 ad
920 2863 1228 2936 Scapulam,-
1280 2883 1438 2938 quem
1485 2866 1687 2922 editum
1737 2883 1859 2924 esse
1924 2869 2094 2940 impe-

495 2962 652 3009 rante
676 2954 946 3010 Curaeallo
992 2958 1204 3027 plurimi
1230 2973 1416 3012 eorum
1445 2957 1788 3025 cenfitentur,
1823 2959 1913 3030 qui
1940 2962 2094 3030 quid-

497 3063 658 3116 quam
689 3047 741 3102 in
770 3048 882 3126 isto.
899 3064 1098 3120 genere
1124 3059 1427 3116 tentarunt;
1459 3059 1514 3106 et
1555 3051 1835 3122 apparebit
1882 3052 1934 3107 id
1977 3053 2096 3124 qui-

495 3138 620 3194 dent
650 3155 715 3195 ex
741 3140 826 3206 iis,
859 3157 978 3211 qua:
1003 3153 1183 3212 postea
1217 3142 1549 3198 docebimus.
1583 3143 1697 3198 Iam
1727 3144 1830 3198 isto
1859 3159 1927 3198 ex
1957 3143 2095 3201 libro

496 3233 616 3303 quis
648 3249 752 3288 non
779 3234 940 3299 videt,
972 3236 1217 3292 maximis
1241 3246 1351 3292 tum
1389 3237 1782 3292 calamitatibus
1819 3237 2096 3309 expositos

496 3325 822 3383 christianos
865 3328 1078 3384 fuisse?
1118 3330 1184 3386 Et
1230 3345 1390 3386 nemo
1444 3340 1622 3385 tamen
1655 3344 1792 3385 unus
1820 3339 1902 3385 est
1958 3329 2099 3386 inter

496 3420 791 3491 scriptores
829 3433 1060 3486 veteres,
1091 3423 1182 3493 qui
1213 3421 1536 3477 christianos
1582 3421 1683 3478 sub
1709 3421 1979 3478 Coracallo
2008 3437 2100 3478 ve-

496 3525 651 3571 xatos
675 3531 796 3574 esse
824 3517 1018 3573 tradat.
1047 3519 1200 3576 Unde
1230 3519 1372 3575 hoc?
1398 3519 1660 3576 Nimirum
1683 3524 1806 3594 quia
1833 3537 1961 3592 pace
1985 3532 2095 3576 tum

500 3608 815 3667 fruebantur
841 3613 988 3668 nullo
1016 3613 1235 3686 Augusti
1261 3613 1439 3670 edicto
1467 3616 1674 3670 turbata
1706 3633 1721 3682 ;
1767 3616 1862 3671 sed
1893 3632 1921 3670 a
1949 3615 2095 3671 Prae-

497 3703 674 3760 sidum
705 3713 880 3762 tamen
913 3707 1232 3764 crudelitate
1264 3725 1368 3763 non
1411 3708 1674 3764 vaeabant
1717 3709 1911 3765 ubivis.
1958 3709 2095 3766 Tum

496 3813 626 3854 vero
655 3814 715 3855 se
762 3799 834 3854 ita
882 3792 996 3856 rem
1049 3801 1302 3859 habuisse
1353 3803 1592 3868 omnino,
1643 3818 1766 3858 cum
1815 3803 1867 3858 in
1895 3802 2099 3858 litteras

499 3890 729 3948 referret
752 3891 1104 3948 Tertullianus
1130 3894 1259 3950 istas
1279 3895 1343 3950 de
1367 3894 1567 3950 Corona
1593 3893 1898 3966 Opiniones,
1924 3894 2096 3950 videri

499 3985 703 4058 optime
732 3995 945 4056 potest,
978 3988 1022 4042 si
1066 3988 1416 4043 admittantur
1444 4004 1527 4053 ea,
1582 4001 1702 4058 qua:
1750 4004 1848 4043 nos
1875 3990 2094 4059 quidem

500 4081 769 4132 sentimus
789 4077 856 4133 de
886 4079 1040 4133 istius
1067 4079 1188 4135 libri
1211 4091 1389 4135 aetate.
1411 4080 1649 4152 Contigit
1669 4081 1810 4135 enim
1841 4081 1942 4136 hoc
1970 4081 2096 4137 laci-

501 4184 604 4226 nus
652 4169 838 4226 militis
868 4171 919 4226 in
950 4169 1188 4238 Oriente,
1222 4172 1362 4229 forte
1401 4174 1454 4229 in
1498 4173 1711 4229 Parthia
1766 4175 1949 4240 etiam,
2005 4173 2093 4228 ubi

502 4269 630 4318 ante
661 4262 836 4318 Severi
861 4263 1091 4320 edictum
1120 4265 1441 4321 christianos
1462 4267 1757 4336 exagitatus
1796 4265 1962 4322 fuisse
1990 4281 2095 4322 non

504 4352 734 4424 legimus
761 4355 987 4425 uspiam;
1014 4356 1131 4422 sed,
1157 4374 1278 4428 qua:
1299 4350 1678 4414 a-Tertulliano
1694 4368 1937 4414 enarrata
1969 4367 2097 4415 sunt

505 4447 560 4504 in
576 4448 903 4520 Apologetico
923 4451 1241 4522 caeterisque
1261 4451 1614 4524 ejusgeneris
1641 4450 1812 4518 libris,
1837 4453 1887 4506 in
1914 4451 2096 4507 Africa

2202 1929 2280 2003 (p.
2314 1929 2482 2002 I06.).
2515 1930 2607 1986 Est
2634 1930 2778 1986 enim
2809 1930 2905 1984 ista
2936 1938 3145 2000 quarta,
3183 1937 3239 1984 ut
3289 1933 3400 2000 ipse
3429 1931 3654 1997 monuit,
3686 1931 3817 1989 haec

2201 2023 2392 2080 eadem
2421 2023 2597 2095 plane,
2627 2038 2748 2094 qua:
2799 2031 3116 2092 occupatam
3169 2019 3570 2093 Ctesiphontem
3619 2035 3813 2083 secuta

2201 2125 2306 2173 est.
2332 2115 2575 2172 Alterum
2605 2116 2803 2182 locum,
2832 2130 2991 2185 quem
3029 2113 3176 2169 dedit
3217 2114 3456 2185 opinioni
3495 2112 3648 2187 Pagii
3671 2131 3814 2172 exa—

2201 2195 2490 2272 niinandm,
2522 2223 2628 2264 non
2658 2208 3004 2279 repudiamus
3040 2223 3136 2279 per
3156 2222 3236 2274 se,
3267 2207 3361 2264 sed
3387 2216 3512 2263 sunt
3543 2219 3720 2266 tamen
3750 2210 3810 2268 in

2201 2301 2301 2358 ista
2344 2301 2740 2372 diSpntatione,
2786 2317 2907 2373 qua:
2949 2301 3172 2356 omnino
3201 2299 3407 2356 admitti
3439 2317 3545 2358 non
3575 2301 3802 2359 debent.

2201 2395 2414 2452 Etenim
2443 2397 2493 2452 id
2529 2397 2758 2467 primum
2796 2397 2975 2466 inepte
2998 2395 3127 2451 dicit
3156 2413 3168 2450 :
3201 2393 3578 2450 Tertullianum
3601 2395 3668 2452 de
3699 2414 3808 2454 ur-

2199 2489 2354 2546 banis
2406 2489 2664 2544 militibus
2711 2488 2893 2559 loqui,
2947 2488 3141 2560 quibus
3193 2487 3257 2542 ad
3306 2477 3605 2544 custodiam
3635 2487 3808 2545 Urbis

2199 2579 2432 2636 fuissent
2453 2579 2521 2635 ad
2553 2591 2762 2652 portam
2787 2580 3114 2636 Viminatem
3142 2590 3318 2636 castra
3348 2581 3614 2652 prtetoria;
3637 2582 3808 2652 cujus

2199 2678 2277 2734 rei
2306 2691 2373 2732 ne
2402 2675 2553 2731 adest
2579 2676 2682 2730 ulla
2713 2675 2928 2748 quidem
2951 2674 3290 2745 significatio,
3319 2684 3374 2731 et
3396 2685 3544 2732 extra
3572 2675 3807 2732 Romam

2201 2779 2443 2840 tempore
2465 2768 2612 2836 belli,
2636 2769 2756 2840 quis
2775 2768 3005 2835 dubitet,
3035 2775 3210 2823 castra
3240 2767 3482 2824 Severum
3510 2768 3766 2826 habuisc
3782 2770 3809 2824 τ

2200 2867 2486 2936 Deinceps,
2508 2864 2650 2935 quod
2682 2873 2882 2919 nostra:
2907 2863 3187 2918 sententia:
3213 2863 3450 2918 maxime
3471 2863 3808 2921 contrarium

2201 2959 2470 3023 videmus,
2518 2955 2894 3012 liberalitatem
2951 2969 3168 3010 omnem
3217 2954 3346 3010 dicit
3373 2953 3522 3026 pacis
3559 2964 3810 3026 tempore

2201 3059 2428 3122 postque
2455 3047 2687 3104 reditum
2725 3063 2758 3105 e
2805 3047 2945 3103 bello
2985 3047 3182 3103 editam
3231 3046 3428 3112 fuisse;
3481 3062 3585 3118 qua
3624 3046 3690 3102 de
3743 3064 3811 3106 re

2203 3142 2567 3213 Spuri/terniue,
2596 3155 2754 3212 quem
2777 3140 2956 3196 obiter
2983 3140 3188 3206 citavit,
3208 3138 3341 3194 nihil
3366 3153 3586 3210 prorsus
3613 3139 3806 3197 habet.

2201 3233 2346 3291 Istud
2374 3251 2503 3290 vero
2533 3248 2632 3304 ego
2663 3233 2710 3287 si
2740 3231 2808 3288 de
2836 3233 3122 3302 congiariis
3149 3231 3252 3287 dici
3301 3246 3458 3302 posse
3483 3232 3806 3302 concedam,

2202 3327 2269 3384 de
2290 3325 2578 3391 donativis,
2608 3325 2768 3395 quale
2791 3324 2892 3380 hoc
2919 3334 3036 3380 erat
3065 3323 3204 3379 haud
3238 3324 3419 3389 dubie,
3452 3323 3810 3382 vehementer

2202 3417 2449 3490 equidem
2497 3417 2704 3472 dubito.
2751 3415 2868 3472 Imo
2914 3417 3028 3489 ipsa
3059 3427 3182 3488 post
3217 3427 3428 3488 captam
3479 3415 3810 3488 Ctesiphon.

2203 3522 2310 3569 tetu
2357 3511 2500 3568 edita
2550 3510 2868 3575 liberalitas,
2917 3511 3152 3566 admissa
3194 3511 3262 3567 ab
3311 3512 3482 3577 Orsio,
3533 3528 3657 3566 num
3691 3511 3810 3569 ullo

2201 3605 2362 3661 modo
2393 3621 2490 3676 per
2512 3604 2672 3661 verba
2703 3603 2974 3672 Spartiani
3011 3604 3112 3658 alia
3147 3602 3369 3675 intelligi
3401 3611 3596 3674 potest,
3635 3619 3806 3676 quam

2200 3715 2320 3772 qua:
2349 3707 2499 3754 extra
2557 3698 2777 3752 llomatn
2826 3697 2876 3751 in
2911 3696 3050 3752 liellu
3093 3695 3233 3752 edita
3287 3696 3488 3752 fuerit?
3520 3696 3809 3754 Postremo

2199 3794 2254 3849 in
2287 3792 2637 3863 responsione
2667 3791 2731 3846 ad
2776 3791 3004 3847 alterum
3041 3789 3193 3861 Pagii
3220 3799 3625 3862 argumentum,
3657 3791 3809 3847 male

2200 3894 2624 3958 argumentatur,
2654 3883 2768 3939 dari
2820 3883 2939 3955 ejus
2965 3884 3272 3954 Opinionem
3302 3897 3407 3937 non
3437 3897 3595 3952 posse
3637 3896 3806 3953 prop-

2203 3989 2370 4046 terea,
2398 3977 2538 4048 quod
2570 3976 2848 4032 christiani
2870 3977 2956 4031 vel
2993 3991 3177 4046 pacem
3203 3990 3232 4044 a
3268 3973 3594 4030 Prtesidihus
3615 3973 3701 4029 vel
3727 3973 3808 4029 ab

2199 4071 2528 4145 Imperatere
2560 4070 2880 4125 turbandam
2909 4069 3233 4132 timuissent;
3259 4083 3288 4122 e
3317 4066 3512 4138 quibus
3544 4081 3642 4122 nec
3666 4065 3805 4122 illud

2198 4167 2409 4224 defendi
2440 4181 2618 4236 posse,
2641 4165 2764 4234 quia
2786 4163 2898 4234 jam
2930 4164 2995 4218 Λ.
3025 4161 3153 4218 CCI.
3180 4161 3354 4215 vexati
3382 4158 3808 4216 fuissentchris-

2204 4261 2354 4326 tiani,
2385 4274 2559 4329 neque
2591 4257 2693 4312 huc
2715 4258 2899 4322 etiam,
2931 4254 3094 4311 fuisse
3121 4256 3264 4310 enim
3294 4269 3360 4309 eo
3385 4269 3528 4309 anno
3556 4254 3810 4309 Severum

2198 4354 2477 4408 absentem
2518 4359 2575 4407 et
2594 4349 3088 4420 occupatissimum.
3121 4345 3275 4416 Qued
3306 4347 3573 4418 posterius
3601 4345 3809 4416 oppido

2201 4445 2321 4502 leve
2359 4453 2463 4500 est.
2503 4443 2637 4499 Nam
2681 4452 2737 4500 et
2781 4441 3040 4498 militibus
3078 4439 3330 4495 donativa
3374 4445 3526 4494 extra
3573 4437 3807 4495 Romam

502 4543 839 4612 potissimum
887 4544 1163 4612 exstitere,
1185 4545 1324 4601 unde
1364 4547 1545 4602 caeteri
1579 4545 1629 4599 iu
1661 4545 1880 4602 Oriente
1919 4546 2094 4601 ehris-
2121 4549 2174 4620 ι)
2199 4539 2322 4597 data
2373 4546 2520 4603 sunt,
2563 4550 2616 4594 et
2663 4539 2765 4594 isto
2808 4552 2952 4592 anno
2991 4534 3116 4590 CCI.
3153 4534 3291 4591 bello
3333 4533 3594 4591 Orientali
3635 4533 3806 4591 finem

502 4635 631 4689 tiani
661 4635 818 4706 plane
845 4637 1018 4692 vereri
1070 4647 1339 4706 pulcram,
1382 4654 1450 4694 ne
1482 4654 1611 4709 pace
1643 4649 1861 4710 propter
1889 4641 2093 4695 facinus

503 4726 690 4783 militis
729 4727 1090 4798 privarentur.
1143 4730 1247 4785 Sed
1282 4730 1507 4786 influent
1537 4732 1590 4786 in
1631 4732 1838 4787 animos
1868 4732 2093 4788 forsitan

502 4819 776 4889 potentius
803 4819 942 4874 Orsii
962 4834 1298 4892 argumenta;
1324 4825 1498 4894 itaque
1517 4840 1762 4895 quamam
1793 4835 2096 4897 quantaque

502 4910 603 4966 ista
630 4911 760 4977 sint,
801 4913 1125 4968 videbimus.
1182 4916 1322 4971 Sunt
1349 4931 1476 4972 vero
1501 4917 1836 4974 excursiouis
1864 4917 2096 4974 Orsianat

503 5013 614 5059 tres
647 5005 786 5072 loci,
823 5008 1017 5077 quibus
1054 5024 1165 5063 rem
1216 5010 1370 5065 istam
1411 5011 1695 5083 descripsit
1722 5013 1824 5087 (l).
1851 5014 2088 5071 Primum

503 5111 710 5167 monet,
763 5101 903 5159 hunc
928 5103 1121 5158 librum
1152 5104 1213 5158 Α.
1267 5103 1538 5160 CXCVIII.
1583 5107 1845 5178 assignari
1875 5107 2095 5175 debere,

502 5195 808 5266 rcperitque
841 5195 1175 5253 liberalitatis
1202 5198 1378 5254 Severi
1410 5199 1548 5270 apud
1578 5209 1786 5256 veteres
1808 5202 2099 5273 scriptores

503 5287 722 5357 vestigia
745 5303 760 5352 ;
786 5287 984 5345 deinde
1007 5293 1237 5347 occurrit
1257 5291 1444 5365 Pugio,
1471 5293 1561 5364 qui
1581 5300 1646 5349 Α.
1667 5292 1816 5350 CCII.
1839 5297 2097 5366 scriptum

504 5378 649 5435 hunc
676 5380 868 5435 librum
916 5381 1356 5452 existimaverat;
1405 5395 1516 5443 tum
1548 5386 1805 5453 ostendit,
1854 5403 1974 5459 qua:
1999 5388 2096 5444 ad-

501 5473 678 5532 ducta:
701 5486 827 5534 sunt
853 5492 880 5536 a
913 5477 1243 5548 Tertulliano,
1264 5481 1423 5554 hujus
1448 5481 1782 5540 liberalitatis
1794 5506 1878 5560 σπιρ
1893 5491 2095 5548 ιστάσιις

569 5687 643 5756 (1)
679 5687 735 5740 In
759 5689 877 5756 diss.
902 5689 1035 5750 hist.,
1060 5703 1157 5756 qua
1177 5693 1478 5756 ostenditur,
1504 5693 1791 5746 catholicam
1830 5695 2102 5747 Ecclesiam

506 5752 667 5822 tribus
705 5755 950 5822 prioribus
985 5752 1168 5822 seculis
1212 5752 1487 5820 capitalium
1512 5761 1766 5808 criminum
1804 5761 1907 5809 reis
1929 5770 2101 5822 νεαρξη

508 5818 563 5881 et
602 5815 958 5881 absOIutionetn
992 5815 1284 5881 neutiquam
1312 5823 1625 5881 denegasse;
1664 5829 1790 5872 seet.
1817 5822 1878 5873 ll.
1918 5815 2023 5881 cap.
2048 5819 2095 5874 3.

508 5834 563 5862 et.
602 5834 958 5867 ausotuuonetn
992 5834 1127 5868 neuu
1165 5834 1274 5869 nam
1312 5834 1625 5882 denegasse;
1664 5834 1790 5872 seet.
1817 5834 1878 5873 ll.
1918 5834 2023 5884 cap.
2048 5834 2092 5874 ο.

506 5877 826 5946 Digressioue
848 5880 895 5938 3.
924 5893 975 5956 ρ.
1003 5879 1111 5939 101.
1130 5834 1244 5941 Ἱιόι
1269 5881 1340 5939 Ea
1366 5884 1547 5955 prodiit
1573 5884 1864 5953 Mediolani,
1893 5885 2022 5942 1750.
2045 5883 2092 5941 1η

2201 4635 2419 4691 Severus
2440 4631 2710 4704 imposuit.
2750 4630 2857 4688 Sed
2906 4628 3060 4696 nihil,
3092 4630 3296 4695 fateor,
3323 4626 3664 4684 tribuendum
3715 4636 3811 4684 est

2202 4728 2358 4801 l’agii
2385 4727 2720 4799 argumentis
2763 4727 2864 4798 (l).
2909 4723 3165 4780 Caracafli
3201 4723 3345 4780 enim
3375 4721 3802 4794 quinquennalia,

2200 4837 2428 4892 quorum
2459 4835 2650 4877 caussa
2672 4819 2868 4880 editam
2903 4817 3015 4873 vult
3049 4817 3424 4873 liberalitatem
3477 4815 3805 4872 Tertulliano

2199 4923 2698 4980 eutnmcmoratam,
2720 4911 2784 4968 ad
2807 4912 2874 4968 Δ.
2899 4910 3074 4968 CCIII.
3100 4910 3384 4982 pertinent,
3411 4908 3498 4965 tibi
3528 4909 3646 4980 quis
3701 4923 3806 4964 nc-

2200 5008 2301 5066 scit
2327 5009 2435 5081 jam
2481 5006 2802 5063 christianos
2855 5003 3020 5060 fuisse
3078 5012 3296 5074 propter
3335 5001 3508 5057 Severi
3559 4999 3800 5058 edictum

2200 5102 2345 5159 omni
2377 5101 2582 5158 scelere
2611 5099 2912 5156 laceratos?
2931 5096 3066 5152 Tum
3097 5110 3227 5150 vero
3250 5096 3298 5150 in
3317 5093 3489 5150 altero
3512 5108 3802 5166 argumen-

2202 5204 2256 5250 to
2280 5193 2464 5252 ethoc
2493 5207 2771 5266 perperam
2803 5190 3022 5254 dicitur,
3051 5197 3256 5260 ereptas
3298 5202 3420 5244 esse
3451 5187 3580 5242 istas
3611 5186 3798 5242 Ῐιιὶιιιίθ

2202 5287 2356 5344 citias
2403 5303 2432 5342 a
2487 5285 2784 5350 militibus,
2843 5291 2904 5338 ut
2955 5281 3261 5337 Diocletiani
3319 5291 3578 5352 tempore,
3633 5289 3798 5351 atque

2201 5381 2378 5438 onmis
2409 5380 2509 5436 ista
2555 5378 2820 5435 sententia
2850 5373 3156 5432 defenditur
3181 5381 3398 5444 prepter
3437 5388 3555 5428 eam
3588 5371 3799 5441 opinio-

2203 5490 2324 5531 nem
2350 5515 2366 5541 ,
2396 5470 2537 5545 quod
2574 5485 2664 5527 res
2709 5467 3124 5525 cbristianorum
3152 5473 3278 5522 ante
3321 5464 3588 5522 decimum
3619 5463 3800 5519 Severi

2204 5584 2400 5624 annum
2426 5565 2660 5622 nondum
2693 5563 2917 5620 fuissent
2948 5560 3192 5628 turbatae;
3211 5559 3352 5631 quod
3372 5568 3456 5615 est
3479 5574 3638 5631 supra
3664 5559 3798 5614 satis

2205 5660 2560 5720 confutatum.
2609 5657 2821 5718 Tertius
2865 5654 3097 5727 denique
3143 5651 3518 5726 disputationis
3562 5650 3799 5713 Orriana:

2201 5817 2458 5942 άέίχῖεη
2474 5819 2816 5953 Ρὲοὲοςὲῑιθὶιη
2838 5811 3032 5942 9tl‘ritiea
3070 5808 3331 5871 Amulium
3368 5808 3568 5878 Βετοώὶ
3592 5809 3652 5865 ad
3677 5821 3724 5875 ῃ,
3749 5822 3797 5876 ρ,
