  <div class='ocr_page' id='page_1' title='image "/cluster/home/n/w/nwhite01/storage/ocr_20150623/1/hvd.32044015466733/090.png"; bbox 0 0 4084 6344; ppageno 0'>
   <div class='ocr_carea' id='block_1_1' title="bbox 257 347 366 406">
    <p class='ocr_par' dir='ltr' id='par_1_1' title="bbox 257 347 366 406">
     <span class='ocr_line' id='line_1_1' title="bbox 257 347 366 406; baseline 0 0"><span class='ocrx_word' id='word_1_1' title='bbox 257 347 366 406; x_wconf 59' lang='grc'><strong>1919</strong></span> 
     </span>
    </p>
   </div>
   <div class='ocr_carea' id='block_1_2' title="bbox 1159 323 2636 398">
    <p class='ocr_par' dir='ltr' id='par_1_2' title="bbox 1159 323 2636 398">
     <span class='ocr_line' id='line_1_2' title="bbox 1159 323 2636 398; baseline -0.006 -2"><span class='ocrx_word' id='word_1_2' title='bbox 1159 339 1249 397; x_wconf 81' lang='lat' dir='ltr'><strong>AC</strong></span> <span class='ocrx_word' id='word_1_3' title='bbox 1287 334 1632 398; x_wconf 77' lang='lat' dir='ltr'><strong>DOCTRINA</strong></span> <span class='ocrx_word' id='word_1_4' title='bbox 1670 330 2108 394; x_wconf 81' lang='lat' dir='ltr'><strong>SCRIPTORUM</strong></span> <span class='ocrx_word' id='word_1_5' title='bbox 2145 323 2636 393; x_wconf 73' lang='lat' dir='ltr'><strong>TERTULIJANI.</strong></span> 
     </span>
    </p>
   </div>
   <div class='ocr_carea' id='block_1_3' title="bbox 3463 323 3571 387">
    <p class='ocr_par' dir='ltr' id='par_1_3' title="bbox 3463 323 3571 387">
     <span class='ocr_line' id='line_1_3' title="bbox 3463 323 3571 387; baseline -0.019 0"><span class='ocrx_word' id='word_1_6' title='bbox 3463 323 3571 387; x_wconf 73' lang='grc'><strong>1511</strong></span> 
     </span>
    </p>
   </div>
   <div class='ocr_carea' id='block_1_4' title="bbox 264 443 3571 535">
    <p class='ocr_par' dir='ltr' id='par_1_4' title="bbox 264 443 3571 535">
     <span class='ocr_line' id='line_1_4' title="bbox 264 443 3571 535; baseline -0.006 -15"><span class='ocrx_word' id='word_1_7' title='bbox 264 465 449 532; x_wconf 83' lang='lat' dir='ltr'><strong>locus,</strong></span> <span class='ocrx_word' id='word_1_8' title='bbox 482 463 536 518; x_wconf 90' lang='lat' dir='ltr'><strong>in</strong></span> <span class='ocrx_word' id='word_1_9' title='bbox 561 470 666 535; x_wconf 91' lang='lat' dir='ltr'><strong>quo</strong></span> <span class='ocrx_word' id='word_1_10' title='bbox 690 459 852 517; x_wconf 67' lang='lat' dir='ltr'><strong>verba</strong></span> <span class='ocrx_word' id='word_1_11' title='bbox 883 455 1188 514; x_wconf 74' lang='lat' dir='ltr'><strong>Tertulliani</strong></span> <span class='ocrx_word' id='word_1_12' title='bbox 1219 455 1420 512; x_wconf 90' lang='lat' dir='ltr'><strong>nullum</strong></span> <span class='ocrx_word' id='word_1_13' title='bbox 1442 467 1641 510; x_wconf 89' lang='lat' dir='ltr'><strong>annum</strong></span> <span class='ocrx_word' id='word_1_14' title='bbox 1672 461 1866 525; x_wconf 85' lang='lat' dir='ltr'><strong>praeter</strong></span> <span class='ocrx_word' id='word_1_15' title='bbox 1893 455 1946 512; x_wconf 75' lang='grc' dir='ltr'><strong>Α</strong></span> <span class='ocrx_word' id='word_1_16' title='bbox 1970 459 2184 517; x_wconf 90' lang='lat' dir='ltr'><strong>mente,</strong></span> <span class='ocrx_word' id='word_1_17' title='bbox 2218 449 2409 505; x_wconf 90' lang='lat' dir='ltr'><strong>librum</strong></span> <span class='ocrx_word' id='word_1_18' title='bbox 2451 449 2518 505; x_wconf 92' lang='lat' dir='ltr'><strong>de</strong></span> <span class='ocrx_word' id='word_1_19' title='bbox 2562 447 2772 506; x_wconf 76' lang='lat' dir='ltr'><strong>Coroan</strong></span> <span class='ocrx_word' id='word_1_20' title='bbox 2808 445 2877 505; x_wconf 89' lang='lat' dir='ltr'><strong>ad</strong></span> <span class='ocrx_word' id='word_1_21' title='bbox 2923 444 3194 505; x_wconf 89' lang='lat' dir='ltr'><strong>decimum</strong></span> <span class='ocrx_word' id='word_1_22' title='bbox 3251 443 3428 504; x_wconf 82' lang='lat' dir='ltr'><strong>Severi</strong></span> <span class='ocrx_word' id='word_1_23' title='bbox 3473 461 3571 502; x_wconf 82' lang='lat' dir='ltr'><strong>an-</strong></span> 
     </span>
    </p>
   </div>
   <div class='ocr_carea' id='block_1_5' title="bbox 253 545 1867 627">
    <p class='ocr_par' dir='ltr' id='par_1_5' title="bbox 253 545 1867 627">
     <span class='ocr_line' id='line_1_5' title="bbox 253 545 1867 627; baseline -0.012 -8"><span class='ocrx_word' id='word_1_24' title='bbox 253 557 536 619; x_wconf 73' lang='lat' dir='ltr'><strong>CXCVIII.</strong></span> <span class='ocrx_word' id='word_1_25' title='bbox 573 557 838 627; x_wconf 72' lang='lat' dir='ltr'><strong>attingere</strong></span> <span class='ocrx_word' id='word_1_26' title='bbox 887 567 1048 626; x_wconf 83' lang='lat' dir='ltr'><strong>posse</strong></span> <span class='ocrx_word' id='word_1_27' title='bbox 1074 550 1334 617; x_wconf 80' lang='lat' dir='ltr'><strong>defendit,</strong></span> <span class='ocrx_word' id='word_1_28' title='bbox 1376 559 1592 606; x_wconf 90' lang='lat' dir='ltr'><strong>nonest</strong></span> <span class='ocrx_word' id='word_1_29' title='bbox 1630 545 1867 616; x_wconf 65' lang='lat' dir='ltr'><strong>atquiore</strong></span> 
     </span>
    </p>
   </div>
   <div class='ocr_carea' id='block_1_6' title="bbox 251 637 1869 716">
    <p class='ocr_par' dir='ltr' id='par_1_6' title="bbox 251 637 1869 716">
     <span class='ocr_line' id='line_1_6' title="bbox 251 637 1869 716; baseline -0.012 -7"><span class='ocrx_word' id='word_1_30' title='bbox 251 650 395 709; x_wconf 74' lang='lat' dir='ltr'><strong>Jove</strong></span> <span class='ocrx_word' id='word_1_31' title='bbox 424 659 700 706; x_wconf 87' lang='lat' dir='ltr'><strong>tractatus.</strong></span> <span class='ocrx_word' id='word_1_32' title='bbox 723 647 936 703; x_wconf 77' lang='lat' dir='ltr'><strong>Etenim</strong></span> <span class='ocrx_word' id='word_1_33' title='bbox 957 643 1098 716; x_wconf 89' lang='lat' dir='ltr'><strong>quod</strong></span> <span class='ocrx_word' id='word_1_34' title='bbox 1119 644 1272 698; x_wconf 90' lang='lat' dir='ltr'><strong>istam</strong></span> <span class='ocrx_word' id='word_1_35' title='bbox 1294 641 1668 698; x_wconf 87' lang='lat' dir='ltr'><strong>liberalitatem</strong></span> <span class='ocrx_word' id='word_1_36' title='bbox 1695 637 1869 694; x_wconf 83' lang='lat' dir='ltr'><strong>Severi</strong></span> 
     </span>
    </p>
   </div>
   <div class='ocr_carea' id='block_1_7' title="bbox 251 731 1871 810">
    <p class='ocr_par' dir='ltr' id='par_1_7' title="bbox 251 731 1871 810">
     <span class='ocr_line' id='line_1_7' title="bbox 251 731 1871 810; baseline -0.009 -10"><span class='ocrx_word' id='word_1_37' title='bbox 251 743 541 800; x_wconf 70' lang='lat' dir='ltr'><strong>exstitisse</strong></span> <span class='ocrx_word' id='word_1_38' title='bbox 562 750 684 797; x_wconf 91' lang='lat' dir='ltr'><strong>ante</strong></span> <span class='ocrx_word' id='word_1_39' title='bbox 709 739 1112 810; x_wconf 77' lang='lat' dir='ltr'><strong>expeditionem</strong></span> <span class='ocrx_word' id='word_1_40' title='bbox 1141 736 1434 807; x_wconf 89' lang='lat' dir='ltr'><strong>parthicam</strong></span> <span class='ocrx_word' id='word_1_41' title='bbox 1459 741 1624 805; x_wconf 91' lang='lat' dir='ltr'><strong>putat,</strong></span> <span class='ocrx_word' id='word_1_42' title='bbox 1656 731 1707 787; x_wconf 90' lang='lat' dir='ltr'><strong>id</strong></span> <span class='ocrx_word' id='word_1_43' title='bbox 1738 744 1871 786; x_wconf 91' lang='lat' dir='ltr'><strong>vero</strong></span> 
     </span>
    </p>
   </div>
   <div class='ocr_carea' id='block_1_8' title="bbox 251 822 1870 905">
    <p class='ocr_par' dir='ltr' id='par_1_8' title="bbox 251 822 1870 905">
     <span class='ocr_line' id='line_1_8' title="bbox 251 822 1870 905; baseline -0.009 -14"><span class='ocrx_word' id='word_1_44' title='bbox 251 833 426 891; x_wconf 83' lang='lat' dir='ltr'><strong>habet</strong></span> <span class='ocrx_word' id='word_1_45' title='bbox 467 834 702 905; x_wconf 82' lang='lat' dir='ltr'><strong>aliquam</strong></span> <span class='ocrx_word' id='word_1_46' title='bbox 745 830 1176 902; x_wconf 81' lang='lat' dir='ltr'><strong>ambiguitatem.</strong></span> <span class='ocrx_word' id='word_1_47' title='bbox 1205 827 1340 883; x_wconf 79' lang='lat' dir='ltr'><strong>Nam</strong></span> <span class='ocrx_word' id='word_1_48' title='bbox 1381 827 1427 882; x_wconf 89' lang='lat' dir='ltr'><strong>si</strong></span> <span class='ocrx_word' id='word_1_49' title='bbox 1478 827 1578 881; x_wconf 91' lang='lat' dir='ltr'><strong>ista</strong></span> <span class='ocrx_word' id='word_1_50' title='bbox 1621 825 1700 880; x_wconf 90' lang='lat' dir='ltr'><strong>bis</strong></span> <span class='ocrx_word' id='word_1_51' title='bbox 1726 822 1870 880; x_wconf 88' lang='lat' dir='ltr'><strong>edita</strong></span> 
     </span>
    </p>
   </div>
   <div class='ocr_carea' id='block_1_9' title="bbox 251 917 1869 999">
    <p class='ocr_par' dir='ltr' id='par_1_9' title="bbox 251 917 1869 999">
     <span class='ocr_line' id='line_1_9' title="bbox 251 917 1869 999; baseline -0.008 -15"><span class='ocrx_word' id='word_1_52' title='bbox 251 937 362 994; x_wconf 81' lang='lat' dir='ltr'><strong>est,</strong></span> <span class='ocrx_word' id='word_1_53' title='bbox 405 927 640 999; x_wconf 88' lang='lat' dir='ltr'><strong>primum</strong></span> <span class='ocrx_word' id='word_1_54' title='bbox 671 926 735 980; x_wconf 79' lang='grc' dir='ltr'><strong>Α.</strong></span> <span class='ocrx_word' id='word_1_55' title='bbox 765 922 1019 980; x_wconf 78' lang='lat' dir='ltr'><strong>CXCVII.</strong></span> <span class='ocrx_word' id='word_1_56' title='bbox 1059 933 1180 992; x_wconf 86' lang='lat' dir='ltr'><strong>post</strong></span> <span class='ocrx_word' id='word_1_57' title='bbox 1220 919 1450 976; x_wconf 88' lang='lat' dir='ltr'><strong>reditum</strong></span> <span class='ocrx_word' id='word_1_58' title='bbox 1484 917 1676 984; x_wconf 83' lang='lat' dir='ltr'><strong>Severi,</strong></span> <span class='ocrx_word' id='word_1_59' title='bbox 1709 930 1869 984; x_wconf 91' lang='lat' dir='ltr'><strong>quam</strong></span> 
     </span>
    </p>
   </div>
   <div class='ocr_carea' id='block_1_10' title="bbox 250 1010 1866 1089">
    <p class='ocr_par' dir='ltr' id='par_1_10' title="bbox 250 1010 1866 1089">
     <span class='ocr_line' id='line_1_10' title="bbox 250 1010 1866 1089; baseline -0.008 -13"><span class='ocrx_word' id='word_1_60' title='bbox 250 1019 547 1076; x_wconf 64' lang='lat' dir='ltr'><strong>memoriae</strong></span> <span class='ocrx_word' id='word_1_61' title='bbox 597 1017 836 1089; x_wconf 81' lang='lat' dir='ltr'><strong>prodidit</strong></span> <span class='ocrx_word' id='word_1_62' title='bbox 858 1015 1236 1082; x_wconf 82' lang='lat' dir='ltr'><strong>-llerodianus,</strong></span> <span class='ocrx_word' id='word_1_63' title='bbox 1269 1012 1465 1070; x_wconf 87' lang='lat' dir='ltr'><strong>deinde</strong></span> <span class='ocrx_word' id='word_1_64' title='bbox 1494 1015 1560 1068; x_wconf 80' lang='grc' dir='ltr'><strong>Α.</strong></span> <span class='ocrx_word' id='word_1_65' title='bbox 1589 1010 1866 1068; x_wconf 76' lang='lat' dir='ltr'><strong>CXCVIII.</strong></span> 
     </span>
    </p>
   </div>
   <div class='ocr_carea' id='block_1_11' title="bbox 251 1105 1868 1176">
    <p class='ocr_par' dir='ltr' id='par_1_11' title="bbox 251 1105 1868 1176">
     <span class='ocr_line' id='line_1_11' title="bbox 251 1105 1868 1176; baseline -0.004 -10"><span class='ocrx_word' id='word_1_66' title='bbox 251 1120 388 1167; x_wconf 82' lang='lat' dir='ltr'><strong>ante</strong></span> <span class='ocrx_word' id='word_1_67' title='bbox 443 1110 640 1168; x_wconf 87' lang='lat' dir='ltr'><strong>bcllutn</strong></span> <span class='ocrx_word' id='word_1_68' title='bbox 680 1109 940 1165; x_wconf 87' lang='lat' dir='ltr'><strong>adversus</strong></span> <span class='ocrx_word' id='word_1_69' title='bbox 992 1108 1221 1165; x_wconf 84' lang='lat' dir='ltr'><strong>Parthos</strong></span> <span class='ocrx_word' id='word_1_70' title='bbox 1274 1114 1605 1176; x_wconf 87' lang='lat' dir='ltr'><strong>susceptum,</strong></span> <span class='ocrx_word' id='word_1_71' title='bbox 1657 1105 1868 1175; x_wconf 88' lang='lat' dir='ltr'><strong>qualem</strong></span> 
     </span>
    </p>
   </div>
   <div class='ocr_carea' id='block_1_12' title="bbox 251 1197 1869 1276">
    <p class='ocr_par' dir='ltr' id='par_1_12' title="bbox 251 1197 1869 1276">
     <span class='ocr_line' id='line_1_12' title="bbox 251 1197 1869 1276; baseline -0.006 -14"><span class='ocrx_word' id='word_1_72' title='bbox 251 1205 584 1276; x_wconf 77' lang='lat' dir='ltr'><strong>Spartianus</strong></span> <span class='ocrx_word' id='word_1_73' title='bbox 630 1203 878 1268; x_wconf 86' lang='lat' dir='ltr'><strong>tradidit;</strong></span> <span class='ocrx_word' id='word_1_74' title='bbox 931 1202 1068 1269; x_wconf 69' lang='lat' dir='ltr'><strong>haec,</strong></span> <span class='ocrx_word' id='word_1_75' title='bbox 1113 1200 1189 1257; x_wconf 90' lang='lat' dir='ltr'><strong>uti</strong></span> <span class='ocrx_word' id='word_1_76' title='bbox 1235 1200 1488 1267; x_wconf 78' lang='lat' dir='ltr'><strong>diximus,</strong></span> <span class='ocrx_word' id='word_1_77' title='bbox 1541 1201 1690 1255; x_wconf 92' lang='lat' dir='ltr'><strong>nullo</strong></span> <span class='ocrx_word' id='word_1_78' title='bbox 1711 1197 1869 1254; x_wconf 90' lang='lat' dir='ltr'><strong>modo</strong></span> 
     </span>
    </p>
   </div>
   <div class='ocr_carea' id='block_1_13' title="bbox 250 1291 1870 1369">
    <p class='ocr_par' dir='ltr' id='par_1_13' title="bbox 250 1291 1870 1369">
     <span class='ocr_line' id='line_1_13' title="bbox 250 1291 1870 1369; baseline -0.003 -18"><span class='ocrx_word' id='word_1_79' title='bbox 250 1305 450 1369; x_wconf 84' lang='lat' dir='ltr'><strong>potest</strong></span> <span class='ocrx_word' id='word_1_80' title='bbox 478 1296 726 1368; x_wconf 81' lang='lat' dir='ltr'><strong>intelligi,</strong></span> <span class='ocrx_word' id='word_1_81' title='bbox 775 1311 876 1352; x_wconf 91' lang='lat' dir='ltr'><strong>nec</strong></span> <span class='ocrx_word' id='word_1_82' title='bbox 905 1294 1118 1351; x_wconf 88' lang='lat' dir='ltr'><strong>videtur</strong></span> <span class='ocrx_word' id='word_1_83' title='bbox 1146 1294 1412 1349; x_wconf 83' lang='lat' dir='ltr'><strong>intellecta</strong></span> <span class='ocrx_word' id='word_1_84' title='bbox 1458 1293 1526 1347; x_wconf 91' lang='lat' dir='ltr'><strong>ab</strong></span> <span class='ocrx_word' id='word_1_85' title='bbox 1575 1291 1746 1358; x_wconf 83' lang='lat' dir='ltr'><strong>Orsio,</strong></span> <span class='ocrx_word' id='word_1_86' title='bbox 1781 1291 1870 1362; x_wconf 90' lang='lat' dir='ltr'><strong>qui</strong></span> 
     </span>
    </p>
   </div>
   <div class='ocr_carea' id='block_1_14' title="bbox 251 1383 1870 1452">
    <p class='ocr_par' dir='ltr' id='par_1_14' title="bbox 251 1383 1870 1452">
     <span class='ocr_line' id='line_1_14' title="bbox 251 1383 1870 1452; baseline -0.006 -6"><span class='ocrx_word' id='word_1_87' title='bbox 251 1391 326 1446; x_wconf 82' lang='lat' dir='ltr'><strong>ad</strong></span> <span class='ocrx_word' id='word_1_88' title='bbox 355 1405 485 1446; x_wconf 80' lang='lat' dir='ltr'><strong>eam</strong></span> <span class='ocrx_word' id='word_1_89' title='bbox 516 1403 637 1445; x_wconf 88' lang='lat' dir='ltr'><strong>rem</strong></span> <span class='ocrx_word' id='word_1_90' title='bbox 679 1387 1102 1444; x_wconf 90' lang='lat' dir='ltr'><strong>conlirmandam</strong></span> <span class='ocrx_word' id='word_1_91' title='bbox 1134 1385 1489 1442; x_wconf 85' lang='lat' dir='ltr'><strong>Herodianum</strong></span> <span class='ocrx_word' id='word_1_92' title='bbox 1517 1384 1737 1452; x_wconf 84' lang='lat' dir='ltr'><strong>citavit;</strong></span> <span class='ocrx_word' id='word_1_93' title='bbox 1782 1383 1870 1439; x_wconf 89' lang='lat' dir='ltr'><strong>illa</strong></span> 
     </span>
    </p>
   </div>
   <div class='ocr_carea' id='block_1_15' title="bbox 250 1477 1871 1551">
    <p class='ocr_par' dir='ltr' id='par_1_15' title="bbox 250 1477 1871 1551">
     <span class='ocr_line' id='line_1_15' title="bbox 250 1477 1871 1551; baseline -0.004 -13"><span class='ocrx_word' id='word_1_94' title='bbox 250 1497 392 1539; x_wconf 76' lang='lat' dir='ltr'><strong>vero</strong></span> <span class='ocrx_word' id='word_1_95' title='bbox 421 1484 491 1540; x_wconf 91' lang='lat' dir='ltr'><strong>ad</strong></span> <span class='ocrx_word' id='word_1_96' title='bbox 519 1498 631 1539; x_wconf 88' lang='lat' dir='ltr'><strong>rem</strong></span> <span class='ocrx_word' id='word_1_97' title='bbox 662 1483 790 1538; x_wconf 85' lang='lat' dir='ltr'><strong>nihil</strong></span> <span class='ocrx_word' id='word_1_98' title='bbox 839 1481 967 1537; x_wconf 78' lang='lat' dir='ltr'><strong>facit</strong></span> <span class='ocrx_word' id='word_1_99' title='bbox 1003 1480 1225 1537; x_wconf 91' lang='lat' dir='ltr'><strong>omnino</strong></span> <span class='ocrx_word' id='word_1_100' title='bbox 1256 1485 1579 1551; x_wconf 85' lang='lat' dir='ltr'><strong>prepterea,</strong></span> <span class='ocrx_word' id='word_1_101' title='bbox 1634 1477 1776 1548; x_wconf 92' lang='lat' dir='ltr'><strong>quod</strong></span> <span class='ocrx_word' id='word_1_102' title='bbox 1806 1492 1871 1532; x_wconf 91' lang='lat' dir='ltr'><strong>eo</strong></span> 
     </span>
    </p>
   </div>
   <div class='ocr_carea' id='block_1_16' title="bbox 252 1571 1874 1649">
    <p class='ocr_par' dir='ltr' id='par_1_16' title="bbox 252 1571 1874 1649">
     <span class='ocr_line' id='line_1_16' title="bbox 252 1571 1874 1649; baseline -0.007 -13"><span class='ocrx_word' id='word_1_103' title='bbox 252 1594 408 1636; x_wconf 80' lang='lat' dir='ltr'><strong>anno</strong></span> <span class='ocrx_word' id='word_1_104' title='bbox 460 1579 696 1635; x_wconf 86' lang='lat' dir='ltr'><strong>nondum</strong></span> <span class='ocrx_word' id='word_1_105' title='bbox 752 1588 871 1634; x_wconf 89' lang='lat' dir='ltr'><strong>erat</strong></span> <span class='ocrx_word' id='word_1_106' title='bbox 921 1576 1136 1649; x_wconf 81' lang='lat' dir='ltr'><strong>Augusti</strong></span> <span class='ocrx_word' id='word_1_107' title='bbox 1163 1574 1395 1646; x_wconf 81' lang='lat' dir='ltr'><strong>dignitas</strong></span> <span class='ocrx_word' id='word_1_108' title='bbox 1448 1573 1501 1629; x_wconf 93' lang='lat' dir='ltr'><strong>in</strong></span> <span class='ocrx_word' id='word_1_109' title='bbox 1549 1571 1874 1628; x_wconf 83' lang='lat' dir='ltr'><strong>Cararallum</strong></span> 
     </span>
    </p>
   </div>
   <div class='ocr_carea' id='block_1_17' title="bbox 253 1665 1874 1741">
    <p class='ocr_par' dir='ltr' id='par_1_17' title="bbox 253 1665 1874 1741">
     <span class='ocr_line' id='line_1_17' title="bbox 253 1665 1874 1741; baseline -0.007 -11"><span class='ocrx_word' id='word_1_110' title='bbox 253 1674 491 1730; x_wconf 83' lang='lat' dir='ltr'><strong>collata.</strong></span> <span class='ocrx_word' id='word_1_111' title='bbox 523 1673 629 1729; x_wconf 89' lang='lat' dir='ltr'><strong>Sed</strong></span> <span class='ocrx_word' id='word_1_112' title='bbox 678 1673 732 1728; x_wconf 91' lang='lat' dir='ltr'><strong>in</strong></span> <span class='ocrx_word' id='word_1_113' title='bbox 788 1672 854 1728; x_wconf 91' lang='lat' dir='ltr'><strong>iis</strong></span> <span class='ocrx_word' id='word_1_114' title='bbox 895 1671 1048 1739; x_wconf 90' lang='lat' dir='ltr'><strong>locis,</strong></span> <span class='ocrx_word' id='word_1_115' title='bbox 1080 1684 1216 1741; x_wconf 87' lang='lat' dir='ltr'><strong>quos</strong></span> <span class='ocrx_word' id='word_1_116' title='bbox 1243 1685 1311 1724; x_wconf 77' lang='lat' dir='ltr'><strong>ex</strong></span> <span class='ocrx_word' id='word_1_117' title='bbox 1348 1666 1651 1722; x_wconf 84' lang='lat' dir='ltr'><strong>Tertulliani</strong></span> <span class='ocrx_word' id='word_1_118' title='bbox 1677 1665 1874 1738; x_wconf 83' lang='lat' dir='ltr'><strong>Apulo-</strong></span> 
     </span>
    </p>
   </div>
   <div class='ocr_carea' id='block_1_18' title="bbox 254 1759 1872 1840">
    <p class='ocr_par' dir='ltr' id='par_1_18' title="bbox 254 1759 1872 1840">
     <span class='ocr_line' id='line_1_18' title="bbox 254 1759 1872 1840; baseline -0.007 -18"><span class='ocrx_word' id='word_1_119' title='bbox 254 1770 431 1840; x_wconf 80' lang='lat' dir='ltr'><strong>getico</strong></span> <span class='ocrx_word' id='word_1_120' title='bbox 458 1783 510 1823; x_wconf 93' lang='lat' dir='ltr'><strong>c.</strong></span> <span class='ocrx_word' id='word_1_121' title='bbox 545 1767 635 1823; x_wconf 78' lang='lat'><strong>35.</strong></span> <span class='ocrx_word' id='word_1_122' title='bbox 670 1765 914 1837; x_wconf 87' lang='lat' dir='ltr'><strong>libroque</strong></span> <span class='ocrx_word' id='word_1_123' title='bbox 943 1763 1010 1819; x_wconf 87' lang='lat' dir='ltr'><strong>ad</strong></span> <span class='ocrx_word' id='word_1_124' title='bbox 1042 1763 1328 1834; x_wconf 81' lang='lat' dir='ltr'><strong>Scapulam</strong></span> <span class='ocrx_word' id='word_1_125' title='bbox 1365 1777 1415 1816; x_wconf 93' lang='lat' dir='ltr'><strong>c.</strong></span> <span class='ocrx_word' id='word_1_126' title='bbox 1446 1760 1500 1817; x_wconf 73' lang='grc'><strong>4.</strong></span> <span class='ocrx_word' id='word_1_127' title='bbox 1534 1759 1730 1824; x_wconf 87' lang='lat' dir='ltr'><strong>attulit,</strong></span> <span class='ocrx_word' id='word_1_128' title='bbox 1766 1773 1872 1812; x_wconf 92' lang='lat' dir='ltr'><strong>non</strong></span> 
     </span>
    </p>
   </div>
   <div class='ocr_carea' id='block_1_19' title="bbox 254 1853 1874 1932">
    <p class='ocr_par' dir='ltr' id='par_1_19' title="bbox 254 1853 1874 1932">
     <span class='ocr_line' id='line_1_19' title="bbox 254 1853 1874 1932; baseline -0.007 -15"><span class='ocrx_word' id='word_1_129' title='bbox 254 1870 366 1929; x_wconf 74' lang='lat' dir='ltr'><strong>est,</strong></span> <span class='ocrx_word' id='word_1_130' title='bbox 391 1860 543 1932; x_wconf 90' lang='lat' dir='ltr'><strong>quod</strong></span> <span class='ocrx_word' id='word_1_131' title='bbox 573 1859 751 1916; x_wconf 88' lang='lat' dir='ltr'><strong>multis</strong></span> <span class='ocrx_word' id='word_1_132' title='bbox 780 1871 1076 1914; x_wconf 80' lang='lat' dir='ltr'><strong>versemur.</strong></span> <span class='ocrx_word' id='word_1_133' title='bbox 1104 1856 1240 1912; x_wconf 90' lang='lat' dir='ltr'><strong>Sunt</strong></span> <span class='ocrx_word' id='word_1_134' title='bbox 1267 1855 1411 1911; x_wconf 91' lang='lat' dir='ltr'><strong>enim</strong></span> <span class='ocrx_word' id='word_1_135' title='bbox 1438 1854 1523 1910; x_wconf 86' lang='lat' dir='ltr'><strong>isti</strong></span> <span class='ocrx_word' id='word_1_136' title='bbox 1555 1869 1584 1908; x_wconf 92' lang='lat' dir='ltr'><strong>a</strong></span> <span class='ocrx_word' id='word_1_137' title='bbox 1615 1853 1769 1908; x_wconf 91' lang='lat' dir='ltr'><strong>nobis</strong></span> <span class='ocrx_word' id='word_1_138' title='bbox 1798 1854 1874 1906; x_wconf 86' lang='lat' dir='ltr'><strong>ei-</strong></span> 
     </span>
    </p>
   </div>
   <div class='ocr_carea' id='block_1_20' title="bbox 255 1945 1876 2021">
    <p class='ocr_par' dir='ltr' id='par_1_20' title="bbox 255 1945 1876 2021">
     <span class='ocr_line' id='line_1_20' title="bbox 255 1945 1876 2021; baseline -0.006 -11"><span class='ocrx_word' id='word_1_139' title='bbox 255 1954 392 2010; x_wconf 82' lang='lat' dir='ltr'><strong>dem</strong></span> <span class='ocrx_word' id='word_1_140' title='bbox 441 1969 589 2008; x_wconf 91' lang='lat' dir='ltr'><strong>anno</strong></span> <span class='ocrx_word' id='word_1_141' title='bbox 625 1950 896 2009; x_wconf 75' lang='lat' dir='ltr'><strong>CXCVIII.</strong></span> <span class='ocrx_word' id='word_1_142' title='bbox 943 1965 1007 2006; x_wconf 89' lang='lat' dir='ltr'><strong>ac</strong></span> <span class='ocrx_word' id='word_1_143' title='bbox 1050 1949 1296 2021; x_wconf 84' lang='lat' dir='ltr'><strong>sequenti</strong></span> <span class='ocrx_word' id='word_1_144' title='bbox 1332 1947 1626 2014; x_wconf 91' lang='lat' dir='ltr'><strong>vindicati,</strong></span> <span class='ocrx_word' id='word_1_145' title='bbox 1673 1945 1768 2000; x_wconf 86' lang='lat' dir='ltr'><strong>abs</strong></span> <span class='ocrx_word' id='word_1_146' title='bbox 1791 1959 1876 2014; x_wconf 51' lang='lat' dir='ltr'><strong>lue</strong></span> 
     </span>
    </p>
   </div>
   <div class='ocr_carea' id='block_1_21' title="bbox 253 2038 1873 2113">
    <p class='ocr_par' dir='ltr' id='par_1_21' title="bbox 253 2038 1873 2113">
     <span class='ocr_line' id='line_1_21' title="bbox 253 2038 1873 2113; baseline -0.007 -9"><span class='ocrx_word' id='word_1_147' title='bbox 253 2049 373 2105; x_wconf 86' lang='lat' dir='ltr'><strong>ullo</strong></span> <span class='ocrx_word' id='word_1_148' title='bbox 399 2062 587 2104; x_wconf 67' lang='lat' dir='ltr'><strong>causa:</strong></span> <span class='ocrx_word' id='word_1_149' title='bbox 608 2056 805 2103; x_wconf 77' lang='lat' dir='ltr'><strong>nostra:</strong></span> <span class='ocrx_word' id='word_1_150' title='bbox 840 2046 1164 2101; x_wconf 88' lang='lat' dir='ltr'><strong>detrimento</strong></span> <span class='ocrx_word' id='word_1_151' title='bbox 1184 2086 1200 2112; x_wconf 92' lang='lat'><strong>,</strong></span> <span class='ocrx_word' id='word_1_152' title='bbox 1233 2051 1558 2113; x_wconf 74' lang='lat' dir='ltr'><strong>cazteraque,</strong></span> <span class='ocrx_word' id='word_1_153' title='bbox 1603 2039 1728 2096; x_wconf 89' lang='lat' dir='ltr'><strong>dum</strong></span> <span class='ocrx_word' id='word_1_154' title='bbox 1776 2038 1873 2093; x_wconf 82' lang='lat' dir='ltr'><strong>do-</strong></span> 
     </span>
    </p>
   </div>
   <div class='ocr_carea' id='block_1_22' title="bbox 254 2134 1875 2200">
    <p class='ocr_par' dir='ltr' id='par_1_22' title="bbox 254 2134 1875 2200">
     <span class='ocr_line' id='line_1_22' title="bbox 254 2134 1875 2200; baseline -0.007 -3"><span class='ocrx_word' id='word_1_155' title='bbox 254 2142 452 2198; x_wconf 81' lang='lat' dir='ltr'><strong>nativa</strong></span> <span class='ocrx_word' id='word_1_156' title='bbox 496 2149 649 2197; x_wconf 80' lang='lat' dir='ltr'><strong>extra</strong></span> <span class='ocrx_word' id='word_1_157' title='bbox 695 2139 920 2195; x_wconf 81' lang='lat' dir='ltr'><strong>Romam</strong></span> <span class='ocrx_word' id='word_1_158' title='bbox 953 2136 1242 2194; x_wconf 77' lang='lat' dir='ltr'><strong>diStributa</strong></span> <span class='ocrx_word' id='word_1_159' title='bbox 1297 2150 1417 2193; x_wconf 88' lang='lat' dir='ltr'><strong>esse</strong></span> <span class='ocrx_word' id='word_1_160' title='bbox 1457 2134 1737 2200; x_wconf 84' lang='lat' dir='ltr'><strong>novimus,</strong></span> <span class='ocrx_word' id='word_1_161' title='bbox 1780 2145 1875 2187; x_wconf 89' lang='lat' dir='ltr'><strong>sua</strong></span> 
     </span>
    </p>
   </div>
   <div class='ocr_carea' id='block_1_23' title="bbox 255 2233 809 2307">
    <p class='ocr_par' dir='ltr' id='par_1_23' title="bbox 255 2233 809 2307">
     <span class='ocr_line' id='line_1_23' title="bbox 255 2233 809 2307; baseline -0.005 -17"><span class='ocrx_word' id='word_1_162' title='bbox 255 2248 472 2307; x_wconf 81' lang='lat' dir='ltr'><strong>sponte</strong></span> <span class='ocrx_word' id='word_1_163' title='bbox 495 2233 809 2290; x_wconf 86' lang='lat' dir='ltr'><strong>concidunt.</strong></span> 
     </span>
    </p>
   </div>
   <div class='ocr_carea' id='block_1_24' title="bbox 257 2387 1753 2462">
    <p class='ocr_par' dir='ltr' id='par_1_24' title="bbox 257 2387 1753 2462">
     <span class='ocr_line' id='line_1_24' title="bbox 257 2387 1753 2462; baseline -0.009 -10"><span class='ocrx_word' id='word_1_164' title='bbox 257 2421 268 2452; x_wconf 78' lang='lat' dir='ltr'><strong>l</strong></span> <span class='ocrx_word' id='word_1_165' title='bbox 425 2391 456 2462; x_wconf 64' lang='grc' dir='ltr'>ᾗ</span> <span class='ocrx_word' id='word_1_166' title='bbox 487 2392 543 2448; x_wconf 74' lang='grc' dir='ltr'><strong>ὅ.</strong></span> <span class='ocrx_word' id='word_1_167' title='bbox 584 2421 654 2432; x_wconf 92' lang='grc'><strong><em>-</em></strong></span> <span class='ocrx_word' id='word_1_168' title='bbox 679 2389 890 2446; x_wconf 85' lang='lat' dir='ltr'><strong>Baronii</strong></span> <span class='ocrx_word' id='word_1_169' title='bbox 934 2397 1232 2462; x_wconf 79' lang='lat' dir='ltr'><strong>argumenta</strong></span> <span class='ocrx_word' id='word_1_170' title='bbox 1276 2387 1626 2442; x_wconf 81' lang='lat' dir='ltr'><strong>ctineelluntur</strong></span> <span class='ocrx_word' id='word_1_171' title='bbox 1660 2401 1753 2456; x_wconf 87' lang='lat' dir='ltr'><strong>pro</strong></span> 
     </span>
    </p>
   </div>
   <div class='ocr_carea' id='block_1_25' title="bbox 903 2479 1243 2538">
    <p class='ocr_par' dir='ltr' id='par_1_25' title="bbox 903 2479 1243 2538">
     <span class='ocr_line' id='line_1_25' title="bbox 903 2479 1243 2538; baseline 0 -2"><span class='ocrx_word' id='word_1_172' title='bbox 903 2483 966 2536; x_wconf 84' lang='grc' dir='ltr'><strong>Α.</strong></span> <span class='ocrx_word' id='word_1_173' title='bbox 996 2479 1243 2538; x_wconf 77' lang='lat' dir='ltr'><strong>CXCIX.</strong></span> 
     </span>
    </p>
   </div>
   <div class='ocr_carea' id='block_1_26' title="bbox 337 2615 1873 2691">
    <p class='ocr_par' dir='ltr' id='par_1_26' title="bbox 337 2615 1873 2691">
     <span class='ocr_line' id='line_1_26' title="bbox 337 2615 1873 2691; baseline -0.004 -16"><span class='ocrx_word' id='word_1_174' title='bbox 337 2618 575 2675; x_wconf 73' lang='lat' dir='ltr'><strong>Restant</strong></span> <span class='ocrx_word' id='word_1_175' title='bbox 614 2619 681 2676; x_wconf 90' lang='lat' dir='ltr'><strong>de</strong></span> <span class='ocrx_word' id='word_1_176' title='bbox 707 2634 849 2674; x_wconf 88' lang='lat' dir='ltr'><strong>anno</strong></span> <span class='ocrx_word' id='word_1_177' title='bbox 889 2619 1074 2691; x_wconf 88' lang='lat' dir='ltr'><strong>scripti</strong></span> <span class='ocrx_word' id='word_1_178' title='bbox 1123 2619 1279 2690; x_wconf 87' lang='lat' dir='ltr'><strong>hujus</strong></span> <span class='ocrx_word' id='word_1_179' title='bbox 1310 2617 1476 2674; x_wconf 84' lang='lat' dir='ltr'><strong>libelli</strong></span> <span class='ocrx_word' id='word_1_180' title='bbox 1504 2617 1718 2674; x_wconf 82' lang='lat' dir='ltr'><strong>decreta</strong></span> <span class='ocrx_word' id='word_1_181' title='bbox 1767 2615 1873 2670; x_wconf 83' lang='lat' dir='ltr'><strong>Ba-</strong></span> 
     </span>
    </p>
   </div>
   <div class='ocr_carea' id='block_1_27' title="bbox 261 2710 1876 2785">
    <p class='ocr_par' dir='ltr' id='par_1_27' title="bbox 261 2710 1876 2785">
     <span class='ocr_line' id='line_1_27' title="bbox 261 2710 1876 2785; baseline -0.002 -17"><span class='ocrx_word' id='word_1_182' title='bbox 261 2714 420 2769; x_wconf 86' lang='lat' dir='ltr'><strong>ronii</strong></span> <span class='ocrx_word' id='word_1_183' title='bbox 488 2724 638 2785; x_wconf 86' lang='lat' dir='ltr'><strong>atque</strong></span> <span class='ocrx_word' id='word_1_184' title='bbox 693 2711 918 2768; x_wconf 85' lang='lat' dir='ltr'><strong>Pamelii</strong></span> <span class='ocrx_word' id='word_1_185' title='bbox 985 2715 1055 2769; x_wconf 89' lang='lat' dir='ltr'><strong>ita</strong></span> <span class='ocrx_word' id='word_1_186' title='bbox 1109 2723 1455 2784; x_wconf 79' lang='lat' dir='ltr'><strong>comparata,</strong></span> <span class='ocrx_word' id='word_1_187' title='bbox 1523 2725 1578 2766; x_wconf 93' lang='lat' dir='ltr'><strong>ut</strong></span> <span class='ocrx_word' id='word_1_188' title='bbox 1647 2710 1876 2767; x_wconf 88' lang='lat' dir='ltr'><strong>convelli</strong></span> 
     </span>
    </p>
   </div>
   <div class='ocr_carea' id='block_1_28' title="bbox 265 2805 1880 2880">
    <p class='ocr_par' dir='ltr' id='par_1_28' title="bbox 265 2805 1880 2880">
     <span class='ocr_line' id='line_1_28' title="bbox 265 2805 1880 2880; baseline -0.004 -16"><span class='ocrx_word' id='word_1_189' title='bbox 265 2808 434 2865; x_wconf 78' lang='lat' dir='ltr'><strong>nullo</strong></span> <span class='ocrx_word' id='word_1_190' title='bbox 463 2810 672 2880; x_wconf 82' lang='lat' dir='ltr'><strong>negotio</strong></span> <span class='ocrx_word' id='word_1_191' title='bbox 701 2809 927 2879; x_wconf 87' lang='lat' dir='ltr'><strong>possint.</strong></span> <span class='ocrx_word' id='word_1_192' title='bbox 959 2807 1199 2878; x_wconf 84' lang='lat' dir='ltr'><strong>Namque</strong></span> <span class='ocrx_word' id='word_1_193' title='bbox 1221 2806 1473 2861; x_wconf 85' lang='lat' dir='ltr'><strong>Baronius</strong></span> <span class='ocrx_word' id='word_1_194' title='bbox 1505 2805 1597 2876; x_wconf 92' lang='lat' dir='ltr'><strong>(V.</strong></span> <span class='ocrx_word' id='word_1_195' title='bbox 1629 2805 1744 2876; x_wconf 86' lang='lat' dir='ltr'><strong>ejus</strong></span> <span class='ocrx_word' id='word_1_196' title='bbox 1774 2805 1880 2858; x_wconf 77' lang='lat' dir='ltr'><strong>An-</strong></span> 
     </span>
    </p>
   </div>
   <div class='ocr_carea' id='block_1_29' title="bbox 258 2898 1873 2958">
    <p class='ocr_par' dir='ltr' id='par_1_29' title="bbox 258 2898 1873 2958">
     <span class='ocr_line' id='line_1_29' title="bbox 258 2898 1873 2958; baseline -0.002 0"><span class='ocrx_word' id='word_1_197' title='bbox 258 2904 416 2958; x_wconf 76' lang='lat' dir='ltr'><strong>swles</strong></span> <span class='ocrx_word' id='word_1_198' title='bbox 449 2901 746 2957; x_wconf 79' lang='lat' dir='ltr'><strong>Ecclesiasl.</strong></span> <span class='ocrx_word' id='word_1_199' title='bbox 794 2902 859 2956; x_wconf 84' lang='lat' dir='ltr'><strong>ad</strong></span> <span class='ocrx_word' id='word_1_200' title='bbox 889 2919 939 2956; x_wconf 84' lang='lat' dir='ltr'><strong>a.</strong></span> <span class='ocrx_word' id='word_1_201' title='bbox 981 2900 1113 2958; x_wconf 84' lang='lat' dir='ltr'><strong>CCI.</strong></span> <span class='ocrx_word' id='word_1_202' title='bbox 1157 2912 1286 2956; x_wconf 85' lang='lat' dir='ltr'><strong>tum.</strong></span> <span class='ocrx_word' id='word_1_203' title='bbox 1318 2900 1386 2957; x_wconf 86' lang='lat' dir='ltr'><strong>Il.</strong></span> <span class='ocrx_word' id='word_1_204' title='bbox 1428 2901 1516 2956; x_wconf 84' lang='lat' dir='ltr'><strong>ed.</strong></span> <span class='ocrx_word' id='word_1_205' title='bbox 1546 2900 1665 2955; x_wconf 85' lang='lat' dir='ltr'><strong>Col.</strong></span> <span class='ocrx_word' id='word_1_206' title='bbox 1713 2898 1873 2955; x_wconf 80' lang='grc'><strong>1609.</strong></span> 
     </span>
    </p>
   </div>
   <div class='ocr_carea' id='block_1_30' title="bbox 261 2993 1878 3067">
    <p class='ocr_par' dir='ltr' id='par_1_30' title="bbox 261 2993 1878 3067">
     <span class='ocr_line' id='line_1_30' title="bbox 261 2993 1878 3067; baseline -0.001 -19"><span class='ocrx_word' id='word_1_207' title='bbox 261 3009 395 3066; x_wconf 86' lang='lat' dir='ltr'><strong>pag.</strong></span> <span class='ocrx_word' id='word_1_208' title='bbox 431 2993 589 3066; x_wconf 69' lang='lat'><strong>299.)</strong></span> <span class='ocrx_word' id='word_1_209' title='bbox 610 3005 667 3049; x_wconf 92' lang='lat' dir='ltr'><strong>ut</strong></span> <span class='ocrx_word' id='word_1_210' title='bbox 694 2995 963 3067; x_wconf 89' lang='lat' dir='ltr'><strong>probaret,</strong></span> <span class='ocrx_word' id='word_1_211' title='bbox 1016 3011 1138 3048; x_wconf 86' lang='lat' dir='ltr'><strong>eum</strong></span> <span class='ocrx_word' id='word_1_212' title='bbox 1184 2994 1377 3048; x_wconf 85' lang='lat' dir='ltr'><strong>librum</strong></span> <span class='ocrx_word' id='word_1_213' title='bbox 1427 3003 1703 3048; x_wconf 78' lang='lat' dir='ltr'><strong>exaratum</strong></span> <span class='ocrx_word' id='word_1_214' title='bbox 1757 3006 1878 3047; x_wconf 87' lang='lat' dir='ltr'><strong>esse</strong></span> 
     </span>
    </p>
   </div>
   <div class='ocr_carea' id='block_1_31' title="bbox 263 3085 1876 3158">
    <p class='ocr_par' dir='ltr' id='par_1_31' title="bbox 263 3085 1876 3158">
     <span class='ocr_line' id='line_1_31' title="bbox 263 3085 1876 3158; baseline -0.003 -15"><span class='ocrx_word' id='word_1_215' title='bbox 263 3090 308 3143; x_wconf 73' lang='grc' dir='ltr'><strong>Δ</strong></span> <span class='ocrx_word' id='word_1_216' title='bbox 323 3085 479 3142; x_wconf 86' lang='lat' dir='ltr'><strong>.CCI.</strong></span> <span class='ocrx_word' id='word_1_217' title='bbox 501 3097 786 3158; x_wconf 86' lang='lat' dir='ltr'><strong>antequam</strong></span> <span class='ocrx_word' id='word_1_218' title='bbox 809 3087 1027 3142; x_wconf 75' lang='lat' dir='ltr'><strong>Severus</strong></span> <span class='ocrx_word' id='word_1_219' title='bbox 1052 3086 1480 3158; x_wconf 71' lang='lat' dir='ltr'><strong>proﬁcisceretur</strong></span> <span class='ocrx_word' id='word_1_220' title='bbox 1503 3087 1553 3140; x_wconf 92' lang='lat' dir='ltr'><strong>in</strong></span> <span class='ocrx_word' id='word_1_221' title='bbox 1579 3085 1876 3152; x_wconf 83' lang='lat' dir='ltr'><strong>Orientem,</strong></span> 
     </span>
    </p>
   </div>
   <div class='ocr_carea' id='block_1_32' title="bbox 1974 541 2636 614">
    <p class='ocr_par' dir='ltr' id='par_1_32' title="bbox 1974 541 2636 614">
     <span class='ocr_line' id='line_1_32' title="bbox 1974 541 2636 614; baseline 0 -16"><span class='ocrx_word' id='word_1_222' title='bbox 1974 558 2101 598; x_wconf 88' lang='lat' dir='ltr'><strong>tium</strong></span> <span class='ocrx_word' id='word_1_223' title='bbox 2129 541 2318 599; x_wconf 82' lang='lat' dir='ltr'><strong>referri</strong></span> <span class='ocrx_word' id='word_1_224' title='bbox 2345 541 2636 614; x_wconf 83' lang='lat' dir='ltr'><strong>Oportebit.</strong></span> 
     </span>
    </p>
   </div>
   <div class='ocr_carea' id='block_1_33' title="bbox 2044 653 3572 729">
    <p class='ocr_par' dir='ltr' id='par_1_33' title="bbox 2044 653 3572 729">
     <span class='ocr_line' id='line_1_33' title="bbox 2044 653 3572 729; baseline -0.003 -17"><span class='ocrx_word' id='word_1_225' title='bbox 2044 655 2073 729; x_wconf 61' lang='grc' dir='ltr'>ᾗ</span> <span class='ocrx_word' id='word_1_226' title='bbox 2124 657 2178 712; x_wconf 72' lang='grc'><strong>4.</strong></span> <span class='ocrx_word' id='word_1_227' title='bbox 2231 685 2302 697; x_wconf 91' lang='grc'><strong><em>-</em></strong></span> <span class='ocrx_word' id='word_1_228' title='bbox 2371 653 2601 725; x_wconf 86' lang='lat' dir='ltr'><strong>Denique</strong></span> <span class='ocrx_word' id='word_1_229' title='bbox 2639 653 2862 711; x_wconf 84' lang='lat' dir='ltr'><strong>Pamelii</strong></span> <span class='ocrx_word' id='word_1_230' title='bbox 2900 664 2948 711; x_wconf 88' lang='lat' dir='ltr'><strong>et</strong></span> <span class='ocrx_word' id='word_1_231' title='bbox 2993 654 3204 722; x_wconf 71' lang='lat' dir='ltr'><strong>Allixii,</strong></span> <span class='ocrx_word' id='word_1_232' title='bbox 3254 653 3341 726; x_wconf 84' lang='lat' dir='ltr'><strong>qui</strong></span> <span class='ocrx_word' id='word_1_233' title='bbox 3385 653 3572 709; x_wconf 84' lang='lat' dir='ltr'><strong>librum</strong></span> 
     </span>
    </p>
   </div>
   <div class='ocr_carea' id='block_1_34' title="bbox 1973 747 3570 822">
    <p class='ocr_par' dir='ltr' id='par_1_34' title="bbox 1973 747 3570 822">
     <span class='ocr_line' id='line_1_34' title="bbox 1973 747 3570 822; baseline -0.001 -16"><span class='ocrx_word' id='word_1_234' title='bbox 1973 752 2107 806; x_wconf 78' lang='lat' dir='ltr'><strong>hunc</strong></span> <span class='ocrx_word' id='word_1_235' title='bbox 2145 751 2466 822; x_wconf 87' lang='lat' dir='ltr'><strong>conjecerant</strong></span> <span class='ocrx_word' id='word_1_236' title='bbox 2509 750 2561 804; x_wconf 86' lang='lat' dir='ltr'><strong>in</strong></span> <span class='ocrx_word' id='word_1_237' title='bbox 2606 750 2671 805; x_wconf 86' lang='lat' dir='ltr'><strong>A.</strong></span> <span class='ocrx_word' id='word_1_238' title='bbox 2700 747 2892 806; x_wconf 80' lang='lat' dir='ltr'><strong>CCIX.</strong></span> <span class='ocrx_word' id='word_1_239' title='bbox 2939 747 3160 806; x_wconf 87' lang='lat' dir='ltr'><strong>Decreta</strong></span> <span class='ocrx_word' id='word_1_240' title='bbox 3205 747 3570 820; x_wconf 68' lang='lat' dir='ltr'><strong>exploduntur.</strong></span> 
     </span>
    </p>
   </div>
   <div class='ocr_carea' id='block_1_35' title="bbox 2046 862 3576 933">
    <p class='ocr_par' dir='ltr' id='par_1_35' title="bbox 2046 862 3576 933">
     <span class='ocr_line' id='line_1_35' title="bbox 2046 862 3576 933; baseline -0.002 -11"><span class='ocrx_word' id='word_1_241' title='bbox 2046 865 2128 923; x_wconf 77' lang='lat' dir='ltr'><strong>Ad</strong></span> <span class='ocrx_word' id='word_1_242' title='bbox 2155 865 2402 920; x_wconf 79' lang='lat' dir='ltr'><strong>Allixium</strong></span> <span class='ocrx_word' id='word_1_243' title='bbox 2420 864 2599 932; x_wconf 90' lang='lat' dir='ltr'><strong>venio,</strong></span> <span class='ocrx_word' id='word_1_244' title='bbox 2617 863 2988 920; x_wconf 84' lang='lat' dir='ltr'><strong>doctissimum</strong></span> <span class='ocrx_word' id='word_1_245' title='bbox 3011 863 3207 930; x_wconf 87' lang='lat' dir='ltr'><strong>virum,</strong></span> <span class='ocrx_word' id='word_1_246' title='bbox 3226 877 3383 933; x_wconf 90' lang='lat' dir='ltr'><strong>quem</strong></span> <span class='ocrx_word' id='word_1_247' title='bbox 3406 862 3576 919; x_wconf 86' lang='lat' dir='ltr'><strong>miror</strong></span> 
     </span>
    </p>
   </div>
   <div class='ocr_carea' id='block_1_36' title="bbox 1973 956 3572 1031">
    <p class='ocr_par' dir='ltr' id='par_1_36' title="bbox 1973 956 3572 1031">
     <span class='ocr_line' id='line_1_36' title="bbox 1973 956 3572 1031; baseline -0.003 -14"><span class='ocrx_word' id='word_1_248' title='bbox 1973 969 2082 1017; x_wconf 77' lang='lat' dir='ltr'><strong>tam</strong></span> <span class='ocrx_word' id='word_1_249' title='bbox 2128 961 2358 1017; x_wconf 89' lang='lat' dir='ltr'><strong>docilem</strong></span> <span class='ocrx_word' id='word_1_250' title='bbox 2401 975 2460 1016; x_wconf 89' lang='lat' dir='ltr'><strong>se</strong></span> <span class='ocrx_word' id='word_1_251' title='bbox 2503 959 2795 1031; x_wconf 59' lang='lat' dir='ltr'><strong>praebuisse</strong></span> <span class='ocrx_word' id='word_1_252' title='bbox 2825 958 2890 1014; x_wconf 90' lang='lat' dir='ltr'><strong>ad</strong></span> <span class='ocrx_word' id='word_1_253' title='bbox 2924 956 3144 1012; x_wconf 86' lang='lat' dir='ltr'><strong>Panielii</strong></span> <span class='ocrx_word' id='word_1_254' title='bbox 3183 958 3520 1014; x_wconf 51' lang='lat' dir='ltr'><strong>Wutentiam</strong></span> <span class='ocrx_word' id='word_1_255' title='bbox 3555 999 3572 1026; x_wconf 91' lang='lat'><strong>,</strong></span> 
     </span>
    </p>
   </div>
   <div class='ocr_carea' id='block_1_37' title="bbox 1972 1051 3572 1131">
    <p class='ocr_par' dir='ltr' id='par_1_37' title="bbox 1972 1051 3572 1131">
     <span class='ocr_line' id='line_1_37' title="bbox 1972 1051 3572 1131; baseline -0.005 -17"><span class='ocrx_word' id='word_1_256' title='bbox 1972 1075 2079 1131; x_wconf 92' lang='lat' dir='ltr'><strong>quo</strong></span> <span class='ocrx_word' id='word_1_257' title='bbox 2118 1057 2326 1126; x_wconf 90' lang='lat' dir='ltr'><strong>dubito,</strong></span> <span class='ocrx_word' id='word_1_258' title='bbox 2355 1072 2421 1111; x_wconf 91' lang='lat' dir='ltr'><strong>an</strong></span> <span class='ocrx_word' id='word_1_259' title='bbox 2467 1055 2588 1127; x_wconf 90' lang='lat' dir='ltr'><strong>quis</strong></span> <span class='ocrx_word' id='word_1_260' title='bbox 2633 1055 2804 1124; x_wconf 82' lang='lat' dir='ltr'><strong>magis</strong></span> <span class='ocrx_word' id='word_1_261' title='bbox 2847 1064 3033 1110; x_wconf 88' lang='lat' dir='ltr'><strong>contra</strong></span> <span class='ocrx_word' id='word_1_262' title='bbox 3059 1053 3296 1124; x_wconf 86' lang='lat' dir='ltr'><strong>auspicia</strong></span> <span class='ocrx_word' id='word_1_263' title='bbox 3341 1051 3405 1106; x_wconf 88' lang='lat' dir='ltr'><strong>ad</strong></span> <span class='ocrx_word' id='word_1_264' title='bbox 3437 1051 3572 1106; x_wconf 84' lang='lat' dir='ltr'><strong>dell-</strong></span> 
     </span>
    </p>
   </div>
   <div class='ocr_carea' id='block_1_38' title="bbox 1977 1145 3576 1220">
    <p class='ocr_par' dir='ltr' id='par_1_38' title="bbox 1977 1145 3576 1220">
     <span class='ocr_line' id='line_1_38' title="bbox 1977 1145 3576 1220; baseline -0.004 -13"><span class='ocrx_word' id='word_1_265' title='bbox 1977 1151 2225 1207; x_wconf 90' lang='lat' dir='ltr'><strong>niendam</strong></span> <span class='ocrx_word' id='word_1_266' title='bbox 2271 1151 2592 1220; x_wconf 87' lang='lat' dir='ltr'><strong>scriptorum</strong></span> <span class='ocrx_word' id='word_1_267' title='bbox 2639 1147 2944 1203; x_wconf 89' lang='lat' dir='ltr'><strong>Tertulliani</strong></span> <span class='ocrx_word' id='word_1_268' title='bbox 2990 1155 3203 1202; x_wconf 65' lang='lat' dir='ltr'><strong>aetatem</strong></span> <span class='ocrx_word' id='word_1_269' title='bbox 3245 1145 3576 1202; x_wconf 79' lang='lat' dir='ltr'><strong>accesserit?</strong></span> 
     </span>
    </p>
   </div>
   <div class='ocr_carea' id='block_1_39' title="bbox 1975 1238 3568 1316">
    <p class='ocr_par' dir='ltr' id='par_1_39' title="bbox 1975 1238 3568 1316">
     <span class='ocr_line' id='line_1_39' title="bbox 1975 1238 3568 1316; baseline -0.005 -16"><span class='ocrx_word' id='word_1_270' title='bbox 1975 1247 2150 1316; x_wconf 71' lang='lat' dir='ltr'><strong>AtQue</strong></span> <span class='ocrx_word' id='word_1_271' title='bbox 2189 1243 2277 1299; x_wconf 83' lang='lat' dir='ltr'><strong>isti</strong></span> <span class='ocrx_word' id='word_1_272' title='bbox 2305 1241 2558 1307; x_wconf 82' lang='lat' dir='ltr'><strong>Pameliu,</strong></span> <span class='ocrx_word' id='word_1_273' title='bbox 2588 1241 2842 1312; x_wconf 89' lang='lat' dir='ltr'><strong>quoniam</strong></span> <span class='ocrx_word' id='word_1_274' title='bbox 2873 1239 3210 1296; x_wconf 81' lang='lat' dir='ltr'><strong>liberalitatis</strong></span> <span class='ocrx_word' id='word_1_275' title='bbox 3241 1238 3568 1294; x_wconf 89' lang='lat' dir='ltr'><strong>mentionem</strong></span> 
     </span>
    </p>
   </div>
   <div class='ocr_carea' id='block_1_40' title="bbox 1978 1327 3564 1406">
    <p class='ocr_par' dir='ltr' id='par_1_40' title="bbox 1978 1327 3564 1406">
     <span class='ocr_line' id='line_1_40' title="bbox 1978 1327 3564 1406; baseline -0.006 -14"><span class='ocrx_word' id='word_1_276' title='bbox 1978 1336 2325 1393; x_wconf 86' lang='lat' dir='ltr'><strong>Tertullianns</strong></span> <span class='ocrx_word' id='word_1_277' title='bbox 2375 1335 2576 1406; x_wconf 87' lang='lat' dir='ltr'><strong>injicit,</strong></span> <span class='ocrx_word' id='word_1_278' title='bbox 2606 1333 2817 1389; x_wconf 89' lang='lat' dir='ltr'><strong>libellus</strong></span> <span class='ocrx_word' id='word_1_279' title='bbox 2864 1332 2931 1387; x_wconf 92' lang='lat' dir='ltr'><strong>ad</strong></span> <span class='ocrx_word' id='word_1_280' title='bbox 2980 1332 3047 1387; x_wconf 83' lang='lat' dir='ltr'><strong>A.</strong></span> <span class='ocrx_word' id='word_1_281' title='bbox 3073 1330 3256 1387; x_wconf 79' lang='lat' dir='ltr'><strong>CCIX.</strong></span> <span class='ocrx_word' id='word_1_282' title='bbox 3289 1341 3452 1402; x_wconf 90' lang='lat' dir='ltr'><strong>atque</strong></span> <span class='ocrx_word' id='word_1_283' title='bbox 3495 1327 3564 1384; x_wconf 89' lang='lat' dir='ltr'><strong>ad</strong></span> 
     </span>
    </p>
   </div>
   <div class='ocr_carea' id='block_1_41' title="bbox 1977 1422 3573 1498">
    <p class='ocr_par' dir='ltr' id='par_1_41' title="bbox 1977 1422 3573 1498">
     <span class='ocr_line' id='line_1_41' title="bbox 1977 1422 3573 1498; baseline -0.005 -14"><span class='ocrx_word' id='word_1_284' title='bbox 1977 1428 2280 1484; x_wconf 89' lang='lat' dir='ltr'><strong>decennalia</strong></span> <span class='ocrx_word' id='word_1_285' title='bbox 2314 1427 2562 1484; x_wconf 69' lang='lat' dir='ltr'><strong>Anionini</strong></span> <span class='ocrx_word' id='word_1_286' title='bbox 2592 1426 2748 1498; x_wconf 83' lang='lat' dir='ltr'><strong>plane</strong></span> <span class='ocrx_word' id='word_1_287' title='bbox 2775 1425 3091 1482; x_wconf 78' lang='lat' dir='ltr'><strong>referendus</strong></span> <span class='ocrx_word' id='word_1_288' title='bbox 3117 1423 3327 1481; x_wconf 83' lang='lat' dir='ltr'><strong>videtur</strong></span> <span class='ocrx_word' id='word_1_289' title='bbox 3353 1422 3444 1495; x_wconf 88' lang='lat' dir='ltr'><strong>(In</strong></span> <span class='ocrx_word' id='word_1_290' title='bbox 3472 1422 3573 1478; x_wconf 82' lang='lat' dir='ltr'><strong>vita</strong></span> 
     </span>
    </p>
   </div>
   <div class='ocr_carea' id='block_1_42' title="bbox 1977 1516 3572 1595">
    <p class='ocr_par' dir='ltr' id='par_1_42' title="bbox 1977 1516 3572 1595">
     <span class='ocr_line' id='line_1_42' title="bbox 1977 1516 3572 1595; baseline -0.006 -15"><span class='ocrx_word' id='word_1_291' title='bbox 1977 1523 2308 1589; x_wconf 85' lang='lat' dir='ltr'><strong>Tertulliani,</strong></span> <span class='ocrx_word' id='word_1_292' title='bbox 2341 1523 2603 1595; x_wconf 77' lang='lat' dir='ltr'><strong>prtemissa</strong></span> <span class='ocrx_word' id='word_1_293' title='bbox 2625 1522 2734 1592; x_wconf 83' lang='lat' dir='ltr'><strong>ejus</strong></span> <span class='ocrx_word' id='word_1_294' title='bbox 2761 1519 2998 1589; x_wconf 74' lang='lat' dir='ltr'><strong>operibus</strong></span> <span class='ocrx_word' id='word_1_295' title='bbox 3028 1536 3059 1574; x_wconf 91' lang='lat' dir='ltr'><strong>a</strong></span> <span class='ocrx_word' id='word_1_296' title='bbox 3089 1517 3350 1585; x_wconf 83' lang='lat' dir='ltr'><strong>anelio,</strong></span> <span class='ocrx_word' id='word_1_297' title='bbox 3379 1516 3572 1572; x_wconf 86' lang='lat' dir='ltr'><strong>Colon.</strong></span> 
     </span>
    </p>
   </div>
   <div class='ocr_carea' id='block_1_43' title="bbox 1980 1608 3576 1687">
    <p class='ocr_par' dir='ltr' id='par_1_43' title="bbox 1980 1608 3576 1687">
     <span class='ocr_line' id='line_1_43' title="bbox 1980 1608 3576 1687; baseline -0.008 -12"><span class='ocrx_word' id='word_1_298' title='bbox 1980 1618 2142 1675; x_wconf 84' lang='grc'><strong>1617.</strong></span> <span class='ocrx_word' id='word_1_299' title='bbox 2170 1617 2351 1674; x_wconf 91' lang='lat' dir='ltr'><strong>editis.</strong></span> <span class='ocrx_word' id='word_1_300' title='bbox 2385 1635 2436 1687; x_wconf 93' lang='lat' dir='ltr'><strong>p.</strong></span> <span class='ocrx_word' id='word_1_301' title='bbox 2463 1615 2556 1670; x_wconf 72' lang='lat'><strong>9.2.</strong></span> <span class='ocrx_word' id='word_1_302' title='bbox 2592 1613 2711 1684; x_wconf 72' lang='lat'><strong>8.).</strong></span> <span class='ocrx_word' id='word_1_303' title='bbox 2745 1613 2850 1669; x_wconf 89' lang='lat' dir='ltr'><strong>Sed</strong></span> <span class='ocrx_word' id='word_1_304' title='bbox 2890 1613 3008 1683; x_wconf 84' lang='lat' dir='ltr'><strong>ejus</strong></span> <span class='ocrx_word' id='word_1_305' title='bbox 3045 1612 3258 1684; x_wconf 89' lang='lat' dir='ltr'><strong>quidem</strong></span> <span class='ocrx_word' id='word_1_306' title='bbox 3287 1608 3576 1666; x_wconf 86' lang='lat' dir='ltr'><strong>liberalita-</strong></span> 
     </span>
    </p>
   </div>
   <div class='ocr_carea' id='block_1_44' title="bbox 1977 1701 3579 1774">
    <p class='ocr_par' dir='ltr' id='par_1_44' title="bbox 1977 1701 3579 1774">
     <span class='ocr_line' id='line_1_44' title="bbox 1977 1701 3579 1774; baseline -0.007 -7"><span class='ocrx_word' id='word_1_307' title='bbox 1977 1720 2088 1768; x_wconf 90' lang='lat' dir='ltr'><strong>tem</strong></span> <span class='ocrx_word' id='word_1_308' title='bbox 2139 1711 2192 1767; x_wconf 90' lang='lat' dir='ltr'><strong>in</strong></span> <span class='ocrx_word' id='word_1_309' title='bbox 2251 1711 2366 1766; x_wconf 88' lang='lat' dir='ltr'><strong>istis</strong></span> <span class='ocrx_word' id='word_1_310' title='bbox 2420 1708 2803 1765; x_wconf 89' lang='lat' dir='ltr'><strong>decennalibus</strong></span> <span class='ocrx_word' id='word_1_311' title='bbox 2861 1707 3164 1772; x_wconf 69' lang='lat' dir='ltr'><strong>exstitisse,</strong></span> <span class='ocrx_word' id='word_1_312' title='bbox 3227 1719 3333 1760; x_wconf 92' lang='lat' dir='ltr'><strong>non</strong></span> <span class='ocrx_word' id='word_1_313' title='bbox 3386 1701 3579 1774; x_wconf 88' lang='lat' dir='ltr'><strong>probat</strong></span> 
     </span>
    </p>
   </div>
   <div class='ocr_carea' id='block_1_45' title="bbox 1904 1792 3580 1893">
    <p class='ocr_par' dir='ltr' id='par_1_45' title="bbox 1904 1792 3580 1893">
     <span class='ocr_line' id='line_1_45' title="bbox 1904 1792 3580 1893; baseline -0.006 -33"><span class='ocrx_word' id='word_1_314' title='bbox 1904 1833 1952 1893; x_wconf 75' lang='grc' dir='ltr'><strong>Β</strong></span> <span class='ocrx_word' id='word_1_315' title='bbox 1983 1803 2270 1870; x_wconf 86' lang='lat' dir='ltr'><strong>Patttelius,</strong></span> <span class='ocrx_word' id='word_1_316' title='bbox 2300 1801 2395 1858; x_wconf 92' lang='lat' dir='ltr'><strong>sed</strong></span> <span class='ocrx_word' id='word_1_317' title='bbox 2436 1801 2592 1874; x_wconf 85' lang='lat' dir='ltr'><strong>plane</strong></span> <span class='ocrx_word' id='word_1_318' title='bbox 2622 1800 2772 1871; x_wconf 80' lang='lat' dir='ltr'><strong>ﬁngit</strong></span> <span class='ocrx_word' id='word_1_319' title='bbox 2799 1799 2865 1854; x_wconf 93' lang='lat' dir='ltr'><strong>ad</strong></span> <span class='ocrx_word' id='word_1_320' title='bbox 2895 1797 3193 1854; x_wconf 88' lang='lat' dir='ltr'><strong>libidinem.</strong></span> <span class='ocrx_word' id='word_1_321' title='bbox 3224 1795 3426 1852; x_wconf 90' lang='lat' dir='ltr'><strong>Tamen</strong></span> <span class='ocrx_word' id='word_1_322' title='bbox 3472 1792 3580 1850; x_wconf 91' lang='lat' dir='ltr'><strong>alio</strong></span> 
     </span>
    </p>
   </div>
   <div class='ocr_carea' id='block_1_46' title="bbox 1979 1890 3576 1972">
    <p class='ocr_par' dir='ltr' id='par_1_46' title="bbox 1979 1890 3576 1972">
     <span class='ocr_line' id='line_1_46' title="bbox 1979 1890 3576 1972; baseline -0.005 -18"><span class='ocrx_word' id='word_1_323' title='bbox 1979 1899 2212 1972; x_wconf 87' lang='lat' dir='ltr'><strong>qundam</strong></span> <span class='ocrx_word' id='word_1_324' title='bbox 2266 1898 2385 1954; x_wconf 88' lang='lat' dir='ltr'><strong>loco</strong></span> <span class='ocrx_word' id='word_1_325' title='bbox 2432 1895 2689 1968; x_wconf 87' lang='lat' dir='ltr'><strong>(lnnotis</strong></span> <span class='ocrx_word' id='word_1_326' title='bbox 2735 1896 2804 1948; x_wconf 87' lang='lat' dir='ltr'><strong>ad</strong></span> <span class='ocrx_word' id='word_1_327' title='bbox 2852 1895 2985 1949; x_wconf 84' lang='lat' dir='ltr'><strong>hunc</strong></span> <span class='ocrx_word' id='word_1_328' title='bbox 3020 1894 3237 1960; x_wconf 89' lang='lat' dir='ltr'><strong>librum,</strong></span> <span class='ocrx_word' id='word_1_329' title='bbox 3285 1907 3406 1964; x_wconf 84' lang='lat' dir='ltr'><strong>pag.</strong></span> <span class='ocrx_word' id='word_1_330' title='bbox 3446 1890 3576 1949; x_wconf 75' lang='lat' dir='ltr'><strong>2I0.</strong></span> 
     </span>
    </p>
   </div>
   <div class='ocr_carea' id='block_1_47' title="bbox 1981 1987 3579 2064">
    <p class='ocr_par' dir='ltr' id='par_1_47' title="bbox 1981 1987 3579 2064">
     <span class='ocr_line' id='line_1_47' title="bbox 1981 1987 3579 2064; baseline -0.006 -14"><span class='ocrx_word' id='word_1_331' title='bbox 1981 2011 2035 2050; x_wconf 92' lang='lat' dir='ltr'><strong>n.</strong></span> <span class='ocrx_word' id='word_1_332' title='bbox 2087 1993 2166 2064; x_wconf 89' lang='grc'><strong>1.)</strong></span> <span class='ocrx_word' id='word_1_333' title='bbox 2197 1991 2264 2047; x_wconf 89' lang='lat' dir='ltr'><strong>ad</strong></span> <span class='ocrx_word' id='word_1_334' title='bbox 2314 2007 2589 2046; x_wconf 87' lang='lat' dir='ltr'><strong>nunnnum</strong></span> <span class='ocrx_word' id='word_1_335' title='bbox 2637 1999 2890 2060; x_wconf 81' lang='lat' dir='ltr'><strong>provocat</strong></span> <span class='ocrx_word' id='word_1_336' title='bbox 2920 1987 3056 2043; x_wconf 89' lang='lat' dir='ltr'><strong>dicis</strong></span> <span class='ocrx_word' id='word_1_337' title='bbox 3104 2000 3316 2053; x_wconf 88' lang='lat' dir='ltr'><strong>caussa,</strong></span> <span class='ocrx_word' id='word_1_338' title='bbox 3349 1998 3579 2055; x_wconf 89' lang='lat' dir='ltr'><strong>eumque</strong></span> 
     </span>
    </p>
   </div>
   <div class='ocr_carea' id='block_1_48' title="bbox 1980 2075 3575 2159">
    <p class='ocr_par' dir='ltr' id='par_1_48' title="bbox 1980 2075 3575 2159">
     <span class='ocr_line' id='line_1_48' title="bbox 1980 2075 3575 2159; baseline -0.008 -17"><span class='ocrx_word' id='word_1_339' title='bbox 1980 2086 2140 2159; x_wconf 88' lang='lat' dir='ltr'><strong>hujus</strong></span> <span class='ocrx_word' id='word_1_340' title='bbox 2195 2086 2494 2158; x_wconf 85' lang='lat' dir='ltr'><strong>argumenti</strong></span> <span class='ocrx_word' id='word_1_341' title='bbox 2541 2102 2556 2140; x_wconf 90' lang='lat'><strong>:</strong></span> <span class='ocrx_word' id='word_1_342' title='bbox 2604 2081 2746 2155; x_wconf 82' lang='lat' dir='ltr'><strong>Imp.</strong></span> <span class='ocrx_word' id='word_1_343' title='bbox 2779 2081 2908 2137; x_wconf 66' lang='lat' dir='ltr'><strong>Caes.</strong></span> <span class='ocrx_word' id='word_1_344' title='bbox 2943 2080 3006 2134; x_wconf 90' lang='lat' dir='ltr'><strong>L.</strong></span> <span class='ocrx_word' id='word_1_345' title='bbox 3057 2079 3198 2152; x_wconf 83' lang='lat' dir='ltr'><strong>Sept.</strong></span> <span class='ocrx_word' id='word_1_346' title='bbox 3247 2077 3368 2135; x_wconf 79' lang='lat' dir='ltr'><strong>Seu.</strong></span> <span class='ocrx_word' id='word_1_347' title='bbox 3430 2075 3575 2131; x_wconf 89' lang='lat' dir='ltr'><strong>Pert.</strong></span> 
     </span>
    </p>
   </div>
   <div class='ocr_carea' id='block_1_49' title="bbox 1979 2165 3578 2252">
    <p class='ocr_par' dir='ltr' id='par_1_49' title="bbox 1979 2165 3578 2252">
     <span class='ocr_line' id='line_1_49' title="bbox 1979 2165 3578 2252; baseline -0.009 -17"><span class='ocrx_word' id='word_1_348' title='bbox 1979 2180 2210 2252; x_wconf 82' lang='lat' dir='ltr'><strong>Ang.....</strong></span> <span class='ocrx_word' id='word_1_349' title='bbox 2263 2176 2568 2232; x_wconf 87' lang='lat' dir='ltr'><strong>Liberalitas</strong></span> <span class='ocrx_word' id='word_1_350' title='bbox 2616 2174 2787 2246; x_wconf 78' lang='lat' dir='ltr'><strong>Augg.</strong></span> <span class='ocrx_word' id='word_1_351' title='bbox 2857 2171 2961 2228; x_wconf 88' lang='lat' dir='ltr'><strong>SC.</strong></span> <span class='ocrx_word' id='word_1_352' title='bbox 3016 2171 3116 2227; x_wconf 82' lang='lat' dir='ltr'><strong>Hic</strong></span> <span class='ocrx_word' id='word_1_353' title='bbox 3165 2170 3395 2242; x_wconf 88' lang='lat' dir='ltr'><strong>primum</strong></span> <span class='ocrx_word' id='word_1_354' title='bbox 3446 2165 3578 2222; x_wconf 90' lang='lat' dir='ltr'><strong>mihi</strong></span> 
     </span>
    </p>
   </div>
   <div class='ocr_carea' id='block_1_50' title="bbox 1982 2259 3580 2346">
    <p class='ocr_par' dir='ltr' id='par_1_50' title="bbox 1982 2259 3580 2346">
     <span class='ocr_line' id='line_1_50' title="bbox 1982 2259 3580 2346; baseline -0.008 -19"><span class='ocrx_word' id='word_1_355' title='bbox 1982 2275 2102 2346; x_wconf 88' lang='lat' dir='ltr'><strong>quis</strong></span> <span class='ocrx_word' id='word_1_356' title='bbox 2139 2271 2316 2338; x_wconf 86' lang='lat' dir='ltr'><strong>dicat,</strong></span> <span class='ocrx_word' id='word_1_357' title='bbox 2349 2270 2563 2326; x_wconf 87' lang='lat' dir='ltr'><strong>ubinam</strong></span> <span class='ocrx_word' id='word_1_358' title='bbox 2600 2268 2708 2323; x_wconf 90' lang='lat' dir='ltr'><strong>sint</strong></span> <span class='ocrx_word' id='word_1_359' title='bbox 2750 2265 3121 2323; x_wconf 90' lang='lat' dir='ltr'><strong>decennalium</strong></span> <span class='ocrx_word' id='word_1_360' title='bbox 3152 2262 3335 2318; x_wconf 67' lang='lat' dir='ltr'><strong>notat?</strong></span> <span class='ocrx_word' id='word_1_361' title='bbox 3375 2259 3580 2316; x_wconf 84' lang='lat' dir='ltr'><strong>Deinde</strong></span> 
     </span>
    </p>
   </div>
   <div class='ocr_carea' id='block_1_51' title="bbox 1979 2352 3580 2436">
    <p class='ocr_par' dir='ltr' id='par_1_51' title="bbox 1979 2352 3580 2436">
     <span class='ocr_line' id='line_1_51' title="bbox 1979 2352 3580 2436; baseline -0.01 -13"><span class='ocrx_word' id='word_1_362' title='bbox 1979 2382 2101 2423; x_wconf 92' lang='lat' dir='ltr'><strong>cum</strong></span> <span class='ocrx_word' id='word_1_363' title='bbox 2142 2382 2242 2436; x_wconf 92' lang='lat' dir='ltr'><strong>ego</strong></span> <span class='ocrx_word' id='word_1_364' title='bbox 2287 2379 2395 2420; x_wconf 92' lang='lat' dir='ltr'><strong>non</strong></span> <span class='ocrx_word' id='word_1_365' title='bbox 2434 2365 2698 2433; x_wconf 87' lang='lat' dir='ltr'><strong>ignorem,</strong></span> <span class='ocrx_word' id='word_1_366' title='bbox 2732 2360 2976 2416; x_wconf 86' lang='lat' dir='ltr'><strong>Severum</strong></span> <span class='ocrx_word' id='word_1_367' title='bbox 3022 2368 3076 2414; x_wconf 91' lang='lat' dir='ltr'><strong>et</strong></span> <span class='ocrx_word' id='word_1_368' title='bbox 3114 2355 3435 2413; x_wconf 87' lang='lat' dir='ltr'><strong>Caracallum</strong></span> <span class='ocrx_word' id='word_1_369' title='bbox 3480 2352 3580 2408; x_wconf 86' lang='lat' dir='ltr'><strong>mi-</strong></span> 
     </span>
    </p>
   </div>
   <div class='ocr_carea' id='block_1_52' title="bbox 1981 2447 3581 2532">
    <p class='ocr_par' dir='ltr' id='par_1_52' title="bbox 1981 2447 3581 2532">
     <span class='ocr_line' id='line_1_52' title="bbox 1981 2447 3581 2532; baseline -0.009 -15"><span class='ocrx_word' id='word_1_370' title='bbox 1981 2461 2163 2517; x_wconf 87' lang='lat' dir='ltr'><strong>litibus</strong></span> <span class='ocrx_word' id='word_1_371' title='bbox 2186 2458 2488 2532; x_wconf 88' lang='lat' dir='ltr'><strong>populoque</strong></span> <span class='ocrx_word' id='word_1_372' title='bbox 2507 2455 2867 2512; x_wconf 88' lang='lat' dir='ltr'><strong>communiter</strong></span> <span class='ocrx_word' id='word_1_373' title='bbox 2895 2453 3037 2508; x_wconf 89' lang='lat' dir='ltr'><strong>aliud</strong></span> <span class='ocrx_word' id='word_1_374' title='bbox 3060 2451 3270 2507; x_wconf 89' lang='lat' dir='ltr'><strong>dedisse</strong></span> <span class='ocrx_word' id='word_1_375' title='bbox 3304 2451 3355 2504; x_wconf 88' lang='grc'><strong>111</strong></span> <span class='ocrx_word' id='word_1_376' title='bbox 3384 2447 3581 2505; x_wconf 75' lang='lat' dir='ltr'><strong>deced-</strong></span> 
     </span>
    </p>
   </div>
   <div class='ocr_carea' id='block_1_53' title="bbox 1981 2547 3582 2622">
    <p class='ocr_par' dir='ltr' id='par_1_53' title="bbox 1981 2547 3582 2622">
     <span class='ocr_line' id='line_1_53' title="bbox 1981 2547 3582 2622; baseline -0.007 -11"><span class='ocrx_word' id='word_1_377' title='bbox 1981 2555 2219 2620; x_wconf 90' lang='lat' dir='ltr'><strong>nalibus;</strong></span> <span class='ocrx_word' id='word_1_378' title='bbox 2253 2551 2490 2622; x_wconf 84' lang='lat' dir='ltr'><strong>nunquid</strong></span> <span class='ocrx_word' id='word_1_379' title='bbox 2541 2550 2690 2620; x_wconf 86' lang='lat' dir='ltr'><strong>plura</strong></span> <span class='ocrx_word' id='word_1_380' title='bbox 2740 2548 2824 2603; x_wconf 91' lang='lat' dir='ltr'><strong>his</strong></span> <span class='ocrx_word' id='word_1_381' title='bbox 2884 2547 3154 2618; x_wconf 88' lang='lat' dir='ltr'><strong>congiaria</strong></span> <span class='ocrx_word' id='word_1_382' title='bbox 3185 2560 3288 2600; x_wconf 91' lang='lat' dir='ltr'><strong>non</strong></span> <span class='ocrx_word' id='word_1_383' title='bbox 3321 2554 3446 2601; x_wconf 90' lang='lat' dir='ltr'><strong>sunt</strong></span> <span class='ocrx_word' id='word_1_384' title='bbox 3487 2552 3582 2600; x_wconf 88' lang='lat' dir='ltr'><strong>aut</strong></span> 
     </span>
    </p>
   </div>
   <div class='ocr_carea' id='block_1_54' title="bbox 1979 2638 3582 2711">
    <p class='ocr_par' dir='ltr' id='par_1_54' title="bbox 1979 2638 3582 2711">
     <span class='ocr_line' id='line_1_54' title="bbox 1979 2638 3582 2711; baseline -0.009 -7"><span class='ocrx_word' id='word_1_385' title='bbox 1979 2647 2231 2704; x_wconf 89' lang='lat' dir='ltr'><strong>donativa</strong></span> <span class='ocrx_word' id='word_1_386' title='bbox 2257 2645 2436 2701; x_wconf 86' lang='lat' dir='ltr'><strong>edita?</strong></span> <span class='ocrx_word' id='word_1_387' title='bbox 2468 2642 2636 2699; x_wconf 82' lang='lat' dir='ltr'><strong>Nemo</strong></span> <span class='ocrx_word' id='word_1_388' title='bbox 2658 2658 2786 2698; x_wconf 85' lang='lat' dir='ltr'><strong>vero</strong></span> <span class='ocrx_word' id='word_1_389' title='bbox 2834 2641 2886 2696; x_wconf 90' lang='lat' dir='ltr'><strong>id</strong></span> <span class='ocrx_word' id='word_1_390' title='bbox 2919 2639 3134 2711; x_wconf 90' lang='lat' dir='ltr'><strong>quidem</strong></span> <span class='ocrx_word' id='word_1_391' title='bbox 3179 2638 3382 2708; x_wconf 83' lang='lat' dir='ltr'><strong>absque</strong></span> <span class='ocrx_word' id='word_1_392' title='bbox 3412 2646 3582 2692; x_wconf 89' lang='lat' dir='ltr'><strong>teme-</strong></span> 
     </span>
    </p>
   </div>
   <div class='ocr_carea' id='block_1_55' title="bbox 1980 2729 3576 2810">
    <p class='ocr_par' dir='ltr' id='par_1_55' title="bbox 1980 2729 3576 2810">
     <span class='ocr_line' id='line_1_55' title="bbox 1980 2729 3576 2810; baseline -0.008 -13"><span class='ocrx_word' id='word_1_393' title='bbox 1980 2742 2138 2797; x_wconf 86' lang='lat' dir='ltr'><strong>ritate</strong></span> <span class='ocrx_word' id='word_1_394' title='bbox 2188 2750 2278 2794; x_wconf 89' lang='lat' dir='ltr'><strong>aut</strong></span> <span class='ocrx_word' id='word_1_395' title='bbox 2310 2738 2606 2810; x_wconf 78' lang='lat' dir='ltr'><strong>ignorantia</strong></span> <span class='ocrx_word' id='word_1_396' title='bbox 2651 2735 2868 2790; x_wconf 82' lang='lat' dir='ltr'><strong>dixerit.</strong></span> <span class='ocrx_word' id='word_1_397' title='bbox 2916 2732 3048 2796; x_wconf 81' lang='lat' dir='ltr'><strong>luto,</strong></span> <span class='ocrx_word' id='word_1_398' title='bbox 3080 2731 3344 2803; x_wconf 89' lang='lat' dir='ltr'><strong>siquidem</strong></span> <span class='ocrx_word' id='word_1_399' title='bbox 3392 2729 3576 2788; x_wconf 82' lang='lat' dir='ltr'><strong>Panic-</strong></span> 
     </span>
    </p>
   </div>
   <div class='ocr_carea' id='block_1_56' title="bbox 1982 2822 3580 2894">
    <p class='ocr_par' dir='ltr' id='par_1_56' title="bbox 1982 2822 3580 2894">
     <span class='ocr_line' id='line_1_56' title="bbox 1982 2822 3580 2894; baseline -0.006 -5"><span class='ocrx_word' id='word_1_400' title='bbox 1982 2834 2080 2889; x_wconf 89' lang='lat' dir='ltr'><strong>lius</strong></span> <span class='ocrx_word' id='word_1_401' title='bbox 2126 2848 2290 2888; x_wconf 90' lang='lat' dir='ltr'><strong>ausus</strong></span> <span class='ocrx_word' id='word_1_402' title='bbox 2320 2842 2401 2887; x_wconf 93' lang='lat' dir='ltr'><strong>est</strong></span> <span class='ocrx_word' id='word_1_403' title='bbox 2425 2830 2546 2885; x_wconf 87' lang='lat' dir='ltr'><strong>aliis</strong></span> <span class='ocrx_word' id='word_1_404' title='bbox 2577 2827 2864 2884; x_wconf 91' lang='lat' dir='ltr'><strong>obtrudere</strong></span> <span class='ocrx_word' id='word_1_405' title='bbox 2890 2841 3090 2881; x_wconf 89' lang='lat' dir='ltr'><strong>annum</strong></span> <span class='ocrx_word' id='word_1_406' title='bbox 3119 2822 3341 2881; x_wconf 90' lang='lat' dir='ltr'><strong>CCVIII.</strong></span> <span class='ocrx_word' id='word_1_407' title='bbox 3375 2823 3580 2894; x_wconf 85' lang='lat' dir='ltr'><strong>absque</strong></span> 
     </span>
    </p>
   </div>
   <div class='ocr_carea' id='block_1_57' title="bbox 1982 2911 3574 3003">
    <p class='ocr_par' dir='ltr' id='par_1_57' title="bbox 1982 2911 3574 3003">
     <span class='ocr_line' id='line_1_57' title="bbox 1982 2911 3574 3003; baseline -0.006 -22"><span class='ocrx_word' id='word_1_408' title='bbox 1982 2925 2129 2982; x_wconf 91' lang='lat' dir='ltr'><strong>omni</strong></span> <span class='ocrx_word' id='word_1_409' title='bbox 2153 2925 2360 2980; x_wconf 90' lang='lat' dir='ltr'><strong>ratione</strong></span> <span class='ocrx_word' id='word_1_410' title='bbox 2390 2923 2617 2989; x_wconf 82' lang='lat' dir='ltr'><strong>idonea;</strong></span> <span class='ocrx_word' id='word_1_411' title='bbox 2651 2911 2804 2976; x_wconf 76' lang='lat' dir='ltr'><strong>nobis</strong></span> <span class='ocrx_word' id='word_1_412' title='bbox 2836 2919 3070 2976; x_wconf 85' lang='lat' dir='ltr'><strong>vicissim</strong></span> <span class='ocrx_word' id='word_1_413' title='bbox 3103 2933 3211 2974; x_wconf 93' lang='lat' dir='ltr'><strong>non</strong></span> <span class='ocrx_word' id='word_1_414' title='bbox 3231 2925 3418 3003; x_wconf 77' lang='lat' dir='ltr'><strong>potest</strong></span> <span class='ocrx_word' id='word_1_415' title='bbox 3444 2916 3574 2973; x_wconf 89' lang='lat' dir='ltr'><strong>vitio</strong></span> 
     </span>
    </p>
   </div>
   <div class='ocr_carea' id='block_1_58' title="bbox 1985 3011 3579 3084">
    <p class='ocr_par' dir='ltr' id='par_1_58' title="bbox 1985 3011 3579 3084">
     <span class='ocr_line' id='line_1_58' title="bbox 1985 3011 3579 3084; baseline -0.005 -11"><span class='ocrx_word' id='word_1_416' title='bbox 1985 3018 2142 3082; x_wconf 85' lang='lat' dir='ltr'><strong>verti,</strong></span> <span class='ocrx_word' id='word_1_417' title='bbox 2175 3017 2221 3072; x_wconf 88' lang='lat' dir='ltr'><strong>si</strong></span> <span class='ocrx_word' id='word_1_418' title='bbox 2249 3032 2445 3072; x_wconf 90' lang='lat' dir='ltr'><strong>annum</strong></span> <span class='ocrx_word' id='word_1_419' title='bbox 2471 3013 2601 3072; x_wconf 84' lang='lat' dir='ltr'><strong>CCI.</strong></span> <span class='ocrx_word' id='word_1_420' title='bbox 2631 3013 3027 3084; x_wconf 80' lang='lat' dir='ltr'><strong>intelligamus;</strong></span> <span class='ocrx_word' id='word_1_421' title='bbox 3062 3011 3163 3066; x_wconf 89' lang='lat' dir='ltr'><strong>hoc</strong></span> <span class='ocrx_word' id='word_1_422' title='bbox 3185 3011 3328 3067; x_wconf 90' lang='lat' dir='ltr'><strong>enim</strong></span> <span class='ocrx_word' id='word_1_423' title='bbox 3355 3023 3498 3064; x_wconf 90' lang='lat' dir='ltr'><strong>anno</strong></span> <span class='ocrx_word' id='word_1_424' title='bbox 3523 3018 3579 3065; x_wconf 90' lang='lat' dir='ltr'><strong>et</strong></span> 
     </span>
    </p>
   </div>
   <div class='ocr_carea' id='block_1_59' title="bbox 1938 3103 3576 3177">
    <p class='ocr_par' dir='ltr' id='par_1_59' title="bbox 1938 3103 3576 3177">
     <span class='ocr_line' id='line_1_59' title="bbox 1938 3103 3576 3177; baseline -0.008 -8"><span class='ocrx_word' id='word_1_425' title='bbox 1938 3108 1945 3115; x_wconf 85' lang='grc'><em>’</em></span> <span class='ocrx_word' id='word_1_426' title='bbox 1986 3112 2280 3169; x_wconf 83' lang='lat' dir='ltr'><strong>liberalitas</strong></span> <span class='ocrx_word' id='word_1_427' title='bbox 2306 3109 2446 3165; x_wconf 90' lang='lat' dir='ltr'><strong>edita</strong></span> <span class='ocrx_word' id='word_1_428' title='bbox 2473 3118 2577 3176; x_wconf 91' lang='lat' dir='ltr'><strong>est,</strong></span> <span class='ocrx_word' id='word_1_429' title='bbox 2605 3115 2658 3163; x_wconf 91' lang='lat' dir='ltr'><strong>et</strong></span> <span class='ocrx_word' id='word_1_430' title='bbox 2695 3107 2764 3162; x_wconf 91' lang='lat' dir='ltr'><strong>ab</strong></span> <span class='ocrx_word' id='word_1_431' title='bbox 2793 3106 3047 3177; x_wconf 87' lang='lat' dir='ltr'><strong>Augustis</strong></span> <span class='ocrx_word' id='word_1_432' title='bbox 3076 3103 3260 3159; x_wconf 91' lang='lat' dir='ltr'><strong>etiam.</strong></span> <span class='ocrx_word' id='word_1_433' title='bbox 3289 3105 3361 3160; x_wconf 84' lang='lat' dir='ltr'><strong>At</strong></span> <span class='ocrx_word' id='word_1_434' title='bbox 3385 3117 3576 3174; x_wconf 84' lang='lat' dir='ltr'><strong>quam-</strong></span> 
     </span>
    </p>
   </div>
   <div class='ocr_carea' id='block_1_60' title="bbox 265 3179 3578 3274">
    <p class='ocr_par' dir='ltr' id='par_1_60' title="bbox 265 3179 3578 3274">
     <span class='ocr_line' id='line_1_60' title="bbox 265 3179 3578 3274; baseline -0.008 4"><span class='ocrx_word' id='word_1_435' title='bbox 265 3179 494 3274; x_wconf 54' lang='lat' dir='ltr'><strong>b&#39;ef’m</strong></span> <span class='ocrx_word' id='word_1_436' title='bbox 512 3196 608 3235; x_wconf 66' lang='lat' dir='ltr'><strong>nos</strong></span> <span class='ocrx_word' id='word_1_437' title='bbox 623 3180 775 3274; x_wconf 12' lang='lat'><strong>710&quot;&quot;:</strong></span> <span class='ocrx_word' id='word_1_438' title='bbox 793 3180 990 3236; x_wconf 59' lang='lat' dir='ltr'><strong>melius</strong></span> <span class='ocrx_word' id='word_1_439' title='bbox 1005 3179 1878 3274; x_wconf 54' lang='lat' dir='ltr'><strong>50&quot;i&quot;‘&quot;5&#39;A-CXC”E’&quot;WPH&#39;&quot;</strong></span> <span class='ocrx_word' id='word_1_440' title='bbox 1906 3209 1951 3271; x_wconf 88' lang='lat' dir='ltr'><strong>C</strong></span> <span class='ocrx_word' id='word_1_441' title='bbox 1985 3210 2065 3264; x_wconf 91' lang='lat' dir='ltr'><strong>vis</strong></span> <span class='ocrx_word' id='word_1_442' title='bbox 2108 3207 2328 3262; x_wconf 89' lang='lat' dir='ltr'><strong>omnino</strong></span> <span class='ocrx_word' id='word_1_443' title='bbox 2356 3204 2580 3274; x_wconf 90' lang='lat' dir='ltr'><strong>turpiter</strong></span> <span class='ocrx_word' id='word_1_444' title='bbox 2607 3217 2665 3257; x_wconf 91' lang='lat' dir='ltr'><strong>se</strong></span> <span class='ocrx_word' id='word_1_445' title='bbox 2712 3201 2826 3272; x_wconf 88' lang='lat' dir='ltr'><strong>ipse</strong></span> <span class='ocrx_word' id='word_1_446' title='bbox 2856 3197 3096 3265; x_wconf 90' lang='lat' dir='ltr'><strong>dederit,</strong></span> <span class='ocrx_word' id='word_1_447' title='bbox 3132 3205 3310 3254; x_wconf 92' lang='lat' dir='ltr'><strong>tamen</strong></span> <span class='ocrx_word' id='word_1_448' title='bbox 3353 3194 3578 3250; x_wconf 76' lang='lat' dir='ltr'><strong>Allixius</strong></span> 
     </span>
    </p>
   </div>
   <div class='ocr_carea' id='block_1_61' title="bbox 267 3269 1875 3344">
    <p class='ocr_par' dir='ltr' id='par_1_61' title="bbox 267 3269 1875 3344">
     <span class='ocr_line' id='line_1_61' title="bbox 267 3269 1875 3344; baseline -0.005 -15"><span class='ocrx_word' id='word_1_449' title='bbox 267 3273 512 3340; x_wconf 80' lang='lat' dir='ltr'><strong>excitat,</strong></span> <span class='ocrx_word' id='word_1_450' title='bbox 547 3273 700 3344; x_wconf 88' lang='lat' dir='ltr'><strong>cujus</strong></span> <span class='ocrx_word' id='word_1_451' title='bbox 733 3273 898 3328; x_wconf 87' lang='lat' dir='ltr'><strong>altera</strong></span> <span class='ocrx_word' id='word_1_452' title='bbox 933 3288 1056 3344; x_wconf 90' lang='lat' dir='ltr'><strong>pars</strong></span> <span class='ocrx_word' id='word_1_453' title='bbox 1087 3271 1331 3328; x_wconf 78' lang='lat' dir='ltr'><strong>Severum</strong></span> <span class='ocrx_word' id='word_1_454' title='bbox 1360 3288 1480 3328; x_wconf 89' lang='lat' dir='ltr'><strong>cum</strong></span> <span class='ocrx_word' id='word_1_455' title='bbox 1522 3271 1614 3327; x_wconf 89' lang='lat' dir='ltr'><strong>Tr.</strong></span> <span class='ocrx_word' id='word_1_456' title='bbox 1660 3271 1718 3329; x_wconf 84' lang='lat' dir='ltr'><strong>P.</strong></span> <span class='ocrx_word' id='word_1_457' title='bbox 1754 3269 1875 3338; x_wconf 83' lang='lat' dir='ltr'><strong>XL,</strong></span> 
     </span>
    </p>
   </div>
   <div class='ocr_carea' id='block_1_62' title="bbox 266 3348 1879 3438">
    <p class='ocr_par' dir='ltr' id='par_1_62' title="bbox 266 3348 1879 3438">
     <span class='ocr_line' id='line_1_62' title="bbox 266 3348 1879 3438; baseline 0 -17"><span class='ocrx_word' id='word_1_458' title='bbox 266 3365 447 3423; x_wconf 83' lang='lat' dir='ltr'><strong>altera</strong></span> <span class='ocrx_word' id='word_1_459' title='bbox 501 3367 872 3423; x_wconf 84' lang='lat' dir='ltr'><strong>liberalitatem</strong></span> <span class='ocrx_word' id='word_1_460' title='bbox 904 3366 969 3422; x_wconf 91' lang='lat' dir='ltr'><strong>V.</strong></span> <span class='ocrx_word' id='word_1_461' title='bbox 1003 3367 1192 3435; x_wconf 88' lang='lat' dir='ltr'><strong>habet,</strong></span> <span class='ocrx_word' id='word_1_462' title='bbox 1223 3367 1478 3438; x_wconf 88' lang='lat' dir='ltr'><strong>additque</strong></span> <span class='ocrx_word' id='word_1_463' title='bbox 1525 3367 1691 3422; x_wconf 91' lang='lat' dir='ltr'><strong>multo</strong></span> <span class='ocrx_word' id='word_1_464' title='bbox 1717 3348 1879 3423; x_wconf 86' lang='lat' dir='ltr'><strong>etiam</strong></span> 
     </span>
    </p>
   </div>
   <div class='ocr_carea' id='block_1_63' title="bbox 271 3459 1881 3529">
    <p class='ocr_par' dir='ltr' id='par_1_63' title="bbox 271 3459 1881 3529">
     <span class='ocr_line' id='line_1_63' title="bbox 271 3459 1881 3529; baseline -0.001 -15"><span class='ocrx_word' id='word_1_465' title='bbox 271 3461 686 3514; x_wconf 76' lang='lat' dir='ltr'><strong>asseverantius</strong></span> <span class='ocrx_word' id='word_1_466' title='bbox 716 3478 730 3514; x_wconf 88' lang='lat'>:</span> <span class='ocrx_word' id='word_1_467' title='bbox 760 3459 895 3514; x_wconf 81' lang='lat' dir='ltr'><strong>hunc</strong></span> <span class='ocrx_word' id='word_1_468' title='bbox 926 3476 1187 3514; x_wconf 87' lang='lat' dir='ltr'><strong>nuntmum</strong></span> <span class='ocrx_word' id='word_1_469' title='bbox 1213 3460 1282 3513; x_wconf 88' lang='lat' dir='ltr'><strong>ad</strong></span> <span class='ocrx_word' id='word_1_470' title='bbox 1311 3476 1388 3514; x_wconf 88' lang='lat' dir='ltr'><strong>res</strong></span> <span class='ocrx_word' id='word_1_471' title='bbox 1418 3469 1617 3514; x_wconf 86' lang='lat' dir='ltr'><strong>nostras</strong></span> <span class='ocrx_word' id='word_1_472' title='bbox 1635 3501 1649 3524; x_wconf 92' lang='lat'><strong>,</strong></span> <span class='ocrx_word' id='word_1_473' title='bbox 1679 3459 1743 3513; x_wconf 86' lang='lat' dir='ltr'><strong>de</strong></span> <span class='ocrx_word' id='word_1_474' title='bbox 1768 3460 1881 3529; x_wconf 82' lang='lat' dir='ltr'><strong>qui-</strong></span> 
     </span>
    </p>
   </div>
   <div class='ocr_carea' id='block_1_64' title="bbox 273 3551 1880 3624">
    <p class='ocr_par' dir='ltr' id='par_1_64' title="bbox 273 3551 1880 3624">
     <span class='ocr_line' id='line_1_64' title="bbox 273 3551 1880 3624; baseline -0.002 -15"><span class='ocrx_word' id='word_1_475' title='bbox 273 3553 378 3609; x_wconf 81' lang='lat' dir='ltr'><strong>bus</strong></span> <span class='ocrx_word' id='word_1_476' title='bbox 434 3553 594 3608; x_wconf 86' lang='lat' dir='ltr'><strong>acturi</strong></span> <span class='ocrx_word' id='word_1_477' title='bbox 641 3570 840 3620; x_wconf 88' lang='lat' dir='ltr'><strong>sumus,</strong></span> <span class='ocrx_word' id='word_1_478' title='bbox 883 3553 1132 3624; x_wconf 80' lang='lat' dir='ltr'><strong>pertinere</strong></span> <span class='ocrx_word' id='word_1_479' title='bbox 1181 3563 1318 3607; x_wconf 88' lang='lat' dir='ltr'><strong>certo</strong></span> <span class='ocrx_word' id='word_1_480' title='bbox 1366 3553 1518 3608; x_wconf 85' lang='lat' dir='ltr'><strong>scias.</strong></span> <span class='ocrx_word' id='word_1_481' title='bbox 1550 3551 1703 3618; x_wconf 86' lang='lat' dir='ltr'><strong>Quod</strong></span> <span class='ocrx_word' id='word_1_482' title='bbox 1751 3552 1880 3606; x_wconf 89' lang='lat' dir='ltr'><strong>tnihi</strong></span> 
     </span>
    </p>
   </div>
   <div class='ocr_carea' id='block_1_65' title="bbox 270 3643 1882 3718">
    <p class='ocr_par' dir='ltr' id='par_1_65' title="bbox 270 3643 1882 3718">
     <span class='ocr_line' id='line_1_65' title="bbox 270 3643 1882 3718; baseline -0.001 -18"><span class='ocrx_word' id='word_1_483' title='bbox 270 3646 502 3702; x_wconf 53' lang='lat' dir='ltr'><strong>\‘idetur</strong></span> <span class='ocrx_word' id='word_1_484' title='bbox 543 3661 608 3702; x_wconf 93' lang='lat' dir='ltr'><strong>eo</strong></span> <span class='ocrx_word' id='word_1_485' title='bbox 634 3646 946 3718; x_wconf 82' lang='lat' dir='ltr'><strong>planissime</strong></span> <span class='ocrx_word' id='word_1_486' title='bbox 992 3645 1152 3701; x_wconf 90' lang='lat' dir='ltr'><strong>modo</strong></span> <span class='ocrx_word' id='word_1_487' title='bbox 1201 3646 1402 3701; x_wconf 90' lang='lat' dir='ltr'><strong>dictmn</strong></span> <span class='ocrx_word' id='word_1_488' title='bbox 1425 3686 1440 3710; x_wconf 92' lang='lat'><strong>,</strong></span> <span class='ocrx_word' id='word_1_489' title='bbox 1471 3660 1578 3716; x_wconf 89' lang='lat' dir='ltr'><strong>quo</strong></span> <span class='ocrx_word' id='word_1_490' title='bbox 1607 3645 1734 3699; x_wconf 92' lang='lat' dir='ltr'><strong>olim</strong></span> <span class='ocrx_word' id='word_1_491' title='bbox 1777 3643 1882 3714; x_wconf 86' lang='lat' dir='ltr'><strong>Py-</strong></span> 
     </span>
    </p>
   </div>
   <div class='ocr_carea' id='block_1_66' title="bbox 277 3738 1880 3811">
    <p class='ocr_par' dir='ltr' id='par_1_66' title="bbox 277 3738 1880 3811">
     <span class='ocr_line' id='line_1_66' title="bbox 277 3738 1880 3811; baseline -0.002 -15"><span class='ocrx_word' id='word_1_492' title='bbox 277 3738 579 3810; x_wconf 65' lang='lat' dir='ltr'><strong>thagorici,</strong></span> <span class='ocrx_word' id='word_1_493' title='bbox 608 3754 729 3796; x_wconf 89' lang='lat' dir='ltr'><strong>cum</strong></span> <span class='ocrx_word' id='word_1_494' title='bbox 781 3754 847 3796; x_wconf 79' lang='lat' dir='ltr'><strong>ex</strong></span> <span class='ocrx_word' id='word_1_495' title='bbox 897 3740 964 3794; x_wconf 90' lang='lat' dir='ltr'><strong>iis</strong></span> <span class='ocrx_word' id='word_1_496' title='bbox 1007 3748 1357 3811; x_wconf 67' lang='lat' dir='ltr'><strong>quaereretur,</strong></span> <span class='ocrx_word' id='word_1_497' title='bbox 1407 3754 1574 3810; x_wconf 89' lang='lat' dir='ltr'><strong>quare</strong></span> <span class='ocrx_word' id='word_1_498' title='bbox 1634 3738 1704 3792; x_wconf 88' lang='lat' dir='ltr'><strong>ita</strong></span> <span class='ocrx_word' id='word_1_499' title='bbox 1752 3738 1880 3810; x_wconf 89' lang='lat' dir='ltr'><strong>quid</strong></span> 
     </span>
    </p>
   </div>
   <div class='ocr_carea' id='block_1_67' title="bbox 273 3831 1878 3904">
    <p class='ocr_par' dir='ltr' id='par_1_67' title="bbox 273 3831 1878 3904">
     <span class='ocr_line' id='line_1_67' title="bbox 273 3831 1878 3904; baseline -0.001 -16"><span class='ocrx_word' id='word_1_500' title='bbox 273 3841 459 3898; x_wconf 80' lang='lat' dir='ltr'><strong>esset,</strong></span> <span class='ocrx_word' id='word_1_501' title='bbox 504 3831 632 3887; x_wconf 92' lang='lat' dir='ltr'><strong>illud</strong></span> <span class='ocrx_word' id='word_1_502' title='bbox 680 3847 834 3888; x_wconf 89' lang='lat' dir='ltr'><strong>suum</strong></span> <span class='ocrx_word' id='word_1_503' title='bbox 868 3833 976 3904; x_wconf 87' lang='lat' dir='ltr'><strong>ipse</strong></span> <span class='ocrx_word' id='word_1_504' title='bbox 1012 3834 1142 3888; x_wconf 75' lang='lat' dir='ltr'><strong>dixit</strong></span> <span class='ocrx_word' id='word_1_505' title='bbox 1194 3833 1536 3904; x_wconf 88' lang='lat' dir='ltr'><strong>interponere</strong></span> <span class='ocrx_word' id='word_1_506' title='bbox 1589 3832 1878 3898; x_wconf 82' lang='lat' dir='ltr'><strong>Solebant;</strong></span> 
     </span>
    </p>
   </div>
   <div class='ocr_carea' id='block_1_68' title="bbox 275 3924 1882 3996">
    <p class='ocr_par' dir='ltr' id='par_1_68' title="bbox 275 3924 1882 3996">
     <span class='ocr_line' id='line_1_68' title="bbox 275 3924 1882 3996; baseline -0.003 -13"><span class='ocrx_word' id='word_1_507' title='bbox 275 3926 417 3983; x_wconf 84' lang='lat' dir='ltr'><strong>nihil</strong></span> <span class='ocrx_word' id='word_1_508' title='bbox 448 3934 536 3982; x_wconf 70' lang='lat' dir='ltr'><strong>est</strong></span> <span class='ocrx_word' id='word_1_509' title='bbox 570 3927 712 3982; x_wconf 90' lang='lat' dir='ltr'><strong>enim</strong></span> <span class='ocrx_word' id='word_1_510' title='bbox 752 3925 821 3981; x_wconf 91' lang='lat' dir='ltr'><strong>ab</strong></span> <span class='ocrx_word' id='word_1_511' title='bbox 846 3942 913 3982; x_wconf 89' lang='lat' dir='ltr'><strong>eo</strong></span> <span class='ocrx_word' id='word_1_512' title='bbox 955 3925 1167 3980; x_wconf 84' lang='lat' dir='ltr'><strong>Baronii</strong></span> <span class='ocrx_word' id='word_1_513' title='bbox 1190 3925 1351 3981; x_wconf 74' lang='lat' dir='ltr'><strong>cilato</strong></span> <span class='ocrx_word' id='word_1_514' title='bbox 1381 3926 1605 3981; x_wconf 86' lang='lat' dir='ltr'><strong>veritate</strong></span> <span class='ocrx_word' id='word_1_515' title='bbox 1645 3924 1882 3996; x_wconf 57' lang='lat' dir='ltr'><strong>disjunco</strong></span> 
     </span>
    </p>
   </div>
   <div class='ocr_carea' id='block_1_69' title="bbox 275 4016 1883 4082">
    <p class='ocr_par' dir='ltr' id='par_1_69' title="bbox 275 4016 1883 4082">
     <span class='ocr_line' id='line_1_69' title="bbox 275 4016 1883 4082; baseline -0.002 -9"><span class='ocrx_word' id='word_1_516' title='bbox 275 4019 413 4074; x_wconf 89' lang='lat' dir='ltr'><strong>tius.</strong></span> <span class='ocrx_word' id='word_1_517' title='bbox 463 4017 597 4072; x_wconf 65' lang='lat' dir='ltr'><strong>Nam</strong></span> <span class='ocrx_word' id='word_1_518' title='bbox 639 4031 760 4072; x_wconf 89' lang='lat' dir='ltr'><strong>cum</strong></span> <span class='ocrx_word' id='word_1_519' title='bbox 805 4018 950 4073; x_wconf 88' lang='lat' dir='ltr'><strong>clare</strong></span> <span class='ocrx_word' id='word_1_520' title='bbox 996 4016 1197 4082; x_wconf 87' lang='lat' dir='ltr'><strong>tradat,</strong></span> <span class='ocrx_word' id='word_1_521' title='bbox 1226 4033 1424 4072; x_wconf 89' lang='lat' dir='ltr'><strong>annum</strong></span> <span class='ocrx_word' id='word_1_522' title='bbox 1473 4016 1562 4073; x_wconf 88' lang='lat' dir='ltr'><strong>Tr.</strong></span> <span class='ocrx_word' id='word_1_523' title='bbox 1613 4017 1672 4073; x_wconf 83' lang='lat' dir='ltr'><strong>P.</strong></span> <span class='ocrx_word' id='word_1_524' title='bbox 1709 4017 1883 4072; x_wconf 80' lang='lat' dir='ltr'><strong>Severi</strong></span> 
     </span>
    </p>
   </div>
   <div class='ocr_carea' id='block_1_70' title="bbox 274 4109 1882 4182">
    <p class='ocr_par' dir='ltr' id='par_1_70' title="bbox 274 4109 1882 4182">
     <span class='ocr_line' id='line_1_70' title="bbox 274 4109 1882 4182; baseline -0.001 -16"><span class='ocrx_word' id='word_1_525' title='bbox 274 4111 578 4182; x_wconf 81' lang='lat' dir='ltr'><strong>septimum</strong></span> <span class='ocrx_word' id='word_1_526' title='bbox 600 4125 667 4165; x_wconf 90' lang='lat' dir='ltr'><strong>eo</strong></span> <span class='ocrx_word' id='word_1_527' title='bbox 692 4124 835 4164; x_wconf 88' lang='lat' dir='ltr'><strong>anno</strong></span> <span class='ocrx_word' id='word_1_528' title='bbox 863 4109 1068 4164; x_wconf 90' lang='lat' dir='ltr'><strong>initium</strong></span> <span class='ocrx_word' id='word_1_529' title='bbox 1091 4111 1409 4180; x_wconf 87' lang='lat' dir='ltr'><strong>sumpsisse,</strong></span> <span class='ocrx_word' id='word_1_530' title='bbox 1437 4120 1490 4165; x_wconf 93' lang='lat' dir='ltr'><strong>et</strong></span> <span class='ocrx_word' id='word_1_531' title='bbox 1515 4120 1690 4166; x_wconf 90' lang='lat' dir='ltr'><strong>tamen</strong></span> <span class='ocrx_word' id='word_1_532' title='bbox 1725 4126 1882 4166; x_wconf 82' lang='lat' dir='ltr'><strong>num-</strong></span> 
     </span>
    </p>
   </div>
   <div class='ocr_carea' id='block_1_71' title="bbox 276 4202 1880 4276">
    <p class='ocr_par' dir='ltr' id='par_1_71' title="bbox 276 4202 1880 4276">
     <span class='ocr_line' id='line_1_71' title="bbox 276 4202 1880 4276; baseline -0.002 -13"><span class='ocrx_word' id='word_1_533' title='bbox 276 4223 434 4263; x_wconf 86' lang='lat' dir='ltr'><strong>mum</strong></span> <span class='ocrx_word' id='word_1_534' title='bbox 461 4206 660 4262; x_wconf 78' lang='lat' dir='ltr'><strong>excitet</strong></span> <span class='ocrx_word' id='word_1_535' title='bbox 686 4219 806 4260; x_wconf 87' lang='lat' dir='ltr'><strong>cum</strong></span> <span class='ocrx_word' id='word_1_536' title='bbox 836 4204 927 4260; x_wconf 85' lang='lat' dir='ltr'><strong>Tr.</strong></span> <span class='ocrx_word' id='word_1_537' title='bbox 973 4205 1033 4260; x_wconf 82' lang='grc' dir='ltr'><strong>Ρ.</strong></span> <span class='ocrx_word' id='word_1_538' title='bbox 1063 4204 1155 4260; x_wconf 72' lang='grc'><strong>111.</strong></span> <span class='ocrx_word' id='word_1_539' title='bbox 1185 4204 1275 4275; x_wconf 90' lang='lat' dir='ltr'><strong>qui</strong></span> <span class='ocrx_word' id='word_1_540' title='bbox 1307 4205 1462 4276; x_wconf 89' lang='lat' dir='ltr'><strong>plane</strong></span> <span class='ocrx_word' id='word_1_541' title='bbox 1491 4204 1557 4260; x_wconf 88' lang='lat' dir='ltr'><strong>ad</strong></span> <span class='ocrx_word' id='word_1_542' title='bbox 1603 4207 1667 4259; x_wconf 84' lang='lat' dir='ltr'><strong>A.</strong></span> <span class='ocrx_word' id='word_1_543' title='bbox 1702 4202 1880 4260; x_wconf 84' lang='lat' dir='ltr'><strong>CCIV.</strong></span> 
     </span>
    </p>
   </div>
   <div class='ocr_carea' id='block_1_72' title="bbox 277 4294 1888 4370">
    <p class='ocr_par' dir='ltr' id='par_1_72' title="bbox 277 4294 1888 4370">
     <span class='ocr_line' id='line_1_72' title="bbox 277 4294 1888 4370; baseline -0.003 -14"><span class='ocrx_word' id='word_1_544' title='bbox 277 4309 398 4365; x_wconf 88' lang='lat' dir='ltr'><strong>aut,</strong></span> <span class='ocrx_word' id='word_1_545' title='bbox 431 4299 479 4354; x_wconf 90' lang='lat' dir='ltr'><strong>si</strong></span> <span class='ocrx_word' id='word_1_546' title='bbox 507 4299 673 4354; x_wconf 89' lang='lat' dir='ltr'><strong>mavis</strong></span> <span class='ocrx_word' id='word_1_547' title='bbox 699 4313 820 4353; x_wconf 92' lang='lat' dir='ltr'><strong>cum</strong></span> <span class='ocrx_word' id='word_1_548' title='bbox 875 4299 991 4370; x_wconf 92' lang='lat' dir='ltr'><strong>ipso</strong></span> <span class='ocrx_word' id='word_1_549' title='bbox 1032 4297 1274 4359; x_wconf 89' lang='lat' dir='ltr'><strong>Baronio,</strong></span> <span class='ocrx_word' id='word_1_550' title='bbox 1301 4297 1368 4352; x_wconf 92' lang='lat' dir='ltr'><strong>ad</strong></span> <span class='ocrx_word' id='word_1_551' title='bbox 1403 4301 1506 4354; x_wconf 83' lang='lat' dir='ltr'><strong>An.</strong></span> <span class='ocrx_word' id='word_1_552' title='bbox 1545 4294 1721 4353; x_wconf 83' lang='lat' dir='ltr'><strong>CCVI.</strong></span> <span class='ocrx_word' id='word_1_553' title='bbox 1755 4295 1888 4352; x_wconf 80' lang='lat' dir='ltr'><strong>refe-</strong></span> 
     </span>
    </p>
   </div>
   <div class='ocr_carea' id='block_1_73' title="bbox 279 4391 1886 4472">
    <p class='ocr_par' dir='ltr' id='par_1_73' title="bbox 279 4391 1886 4472">
     <span class='ocr_line' id='line_1_73' title="bbox 279 4391 1886 4472; baseline -0.004 -19"><span class='ocrx_word' id='word_1_554' title='bbox 279 4395 493 4454; x_wconf 84' lang='lat' dir='ltr'><strong>rendus</strong></span> <span class='ocrx_word' id='word_1_555' title='bbox 515 4401 631 4458; x_wconf 91' lang='lat' dir='ltr'><strong>est;</strong></span> <span class='ocrx_word' id='word_1_556' title='bbox 659 4409 837 4449; x_wconf 90' lang='lat' dir='ltr'><strong>nonne</strong></span> <span class='ocrx_word' id='word_1_557' title='bbox 857 4393 1207 4472; x_wconf 80' lang='lat' dir='ltr'><strong>repugnantia</strong></span> <span class='ocrx_word' id='word_1_558' title='bbox 1231 4391 1498 4463; x_wconf 84' lang='lat' dir='ltr'><strong>loquitur?</strong></span> <span class='ocrx_word' id='word_1_559' title='bbox 1523 4392 1600 4446; x_wconf 88' lang='lat' dir='ltr'><strong>Ac</strong></span> <span class='ocrx_word' id='word_1_560' title='bbox 1621 4391 1690 4446; x_wconf 89' lang='lat' dir='ltr'><strong>de</strong></span> <span class='ocrx_word' id='word_1_561' title='bbox 1717 4391 1886 4447; x_wconf 88' lang='lat' dir='ltr'><strong>altero</strong></span> 
     </span>
    </p>
   </div>
   <div class='ocr_carea' id='block_1_74' title="bbox 279 4484 1884 4560">
    <p class='ocr_par' dir='ltr' id='par_1_74' title="bbox 279 4484 1884 4560">
     <span class='ocr_line' id='line_1_74' title="bbox 279 4484 1884 4560; baseline -0.003 -15"><span class='ocrx_word' id='word_1_562' title='bbox 279 4489 407 4560; x_wconf 82' lang='lat' dir='ltr'><strong>ejus</strong></span> <span class='ocrx_word' id='word_1_563' title='bbox 435 4496 750 4559; x_wconf 80' lang='lat' dir='ltr'><strong>argumento</strong></span> <span class='ocrx_word' id='word_1_564' title='bbox 780 4486 907 4558; x_wconf 89' lang='lat' dir='ltr'><strong>quid</strong></span> <span class='ocrx_word' id='word_1_565' title='bbox 934 4486 1142 4542; x_wconf 87' lang='lat' dir='ltr'><strong>dicam?</strong></span> <span class='ocrx_word' id='word_1_566' title='bbox 1171 4485 1313 4556; x_wconf 90' lang='lat' dir='ltr'><strong>quod</strong></span> <span class='ocrx_word' id='word_1_567' title='bbox 1344 4485 1493 4540; x_wconf 75' lang='lat' dir='ltr'><strong>duxit</strong></span> <span class='ocrx_word' id='word_1_568' title='bbox 1520 4485 1587 4540; x_wconf 87' lang='lat' dir='ltr'><strong>ab</strong></span> <span class='ocrx_word' id='word_1_569' title='bbox 1614 4501 1679 4542; x_wconf 91' lang='lat' dir='ltr'><strong>eo</strong></span> <span class='ocrx_word' id='word_1_570' title='bbox 1699 4528 1715 4549; x_wconf 91' lang='lat'><strong>,</strong></span> <span class='ocrx_word' id='word_1_571' title='bbox 1741 4484 1884 4556; x_wconf 92' lang='lat' dir='ltr'><strong>quod</strong></span> 
     </span>
    </p>
   </div>
   <div class='ocr_carea' id='block_1_75' title="bbox 1983 3289 3570 3377">
    <p class='ocr_par' dir='ltr' id='par_1_75' title="bbox 1983 3289 3570 3377">
     <span class='ocr_line' id='line_1_75' title="bbox 1983 3289 3570 3377; baseline -0.011 -20"><span class='ocrx_word' id='word_1_572' title='bbox 1983 3302 2032 3377; x_wconf 92' lang='grc' dir='ltr'><strong>(Ι</strong></span> <span class='ocrx_word' id='word_1_573' title='bbox 2043 3321 2074 3356; x_wconf 89' lang='grc'><strong>11</strong></span> <span class='ocrx_word' id='word_1_574' title='bbox 2099 3301 2363 3354; x_wconf 82' lang='lat' dir='ltr'><strong>rarissima</strong></span> <span class='ocrx_word' id='word_1_575' title='bbox 2389 3297 2512 3352; x_wconf 88' lang='lat' dir='ltr'><strong>diss.</strong></span> <span class='ocrx_word' id='word_1_576' title='bbox 2555 3297 2618 3350; x_wconf 89' lang='lat' dir='ltr'><strong>de</strong></span> <span class='ocrx_word' id='word_1_577' title='bbox 2637 3291 2944 3348; x_wconf 79' lang='lat' dir='ltr'><strong>Tertulliani</strong></span> <span class='ocrx_word' id='word_1_578' title='bbox 2979 3291 3081 3345; x_wconf 83' lang='lat' dir='ltr'><strong>vita</strong></span> <span class='ocrx_word' id='word_1_579' title='bbox 3107 3299 3154 3344; x_wconf 87' lang='lat' dir='ltr'><strong>et</strong></span> <span class='ocrx_word' id='word_1_580' title='bbox 3193 3289 3418 3360; x_wconf 83' lang='lat' dir='ltr'><strong>scriptis,</strong></span> <span class='ocrx_word' id='word_1_581' title='bbox 3449 3301 3570 3357; x_wconf 84' lang='lat' dir='ltr'><strong>Cap.</strong></span> 
     </span>
    </p>
   </div>
   <div class='ocr_carea' id='block_1_76' title="bbox 1987 3381 3581 3468">
    <p class='ocr_par' dir='ltr' id='par_1_76' title="bbox 1987 3381 3581 3468">
     <span class='ocr_line' id='line_1_76' title="bbox 1987 3381 3581 3468; baseline -0.008 -18"><span class='ocrx_word' id='word_1_582' title='bbox 1987 3396 2076 3452; x_wconf 89' lang='lat' dir='ltr'><strong>Vl.</strong></span> <span class='ocrx_word' id='word_1_583' title='bbox 2105 3413 2156 3468; x_wconf 90' lang='lat' dir='ltr'><strong>p.</strong></span> <span class='ocrx_word' id='word_1_584' title='bbox 2187 3393 2302 3464; x_wconf 70' lang='lat'><strong>49.)</strong></span> <span class='ocrx_word' id='word_1_585' title='bbox 2335 3391 2556 3448; x_wconf 88' lang='lat' dir='ltr'><strong>secessit</strong></span> <span class='ocrx_word' id='word_1_586' title='bbox 2584 3392 2636 3445; x_wconf 90' lang='lat' dir='ltr'><strong>in</strong></span> <span class='ocrx_word' id='word_1_587' title='bbox 2667 3387 2786 3458; x_wconf 83' lang='lat' dir='ltr'><strong>ejus</strong></span> <span class='ocrx_word' id='word_1_588' title='bbox 2814 3386 3174 3450; x_wconf 88' lang='lat' dir='ltr'><strong>sententiam;</strong></span> <span class='ocrx_word' id='word_1_589' title='bbox 3207 3398 3327 3438; x_wconf 91' lang='lat' dir='ltr'><strong>nam</strong></span> <span class='ocrx_word' id='word_1_590' title='bbox 3357 3383 3409 3438; x_wconf 93' lang='lat' dir='ltr'><strong>in</strong></span> <span class='ocrx_word' id='word_1_591' title='bbox 3443 3381 3581 3437; x_wconf 91' lang='lat' dir='ltr'><strong>libro</strong></span> 
     </span>
    </p>
   </div>
   <div class='ocr_carea' id='block_1_77' title="bbox 1985 3473 3575 3554">
    <p class='ocr_par' dir='ltr' id='par_1_77' title="bbox 1985 3473 3575 3554">
     <span class='ocr_line' id='line_1_77' title="bbox 1985 3473 3575 3554; baseline -0.011 -10"><span class='ocrx_word' id='word_1_592' title='bbox 1985 3490 2048 3545; x_wconf 87' lang='lat' dir='ltr'><strong>de</strong></span> <span class='ocrx_word' id='word_1_593' title='bbox 2076 3488 2310 3552; x_wconf 87' lang='lat' dir='ltr'><strong>Corona,</strong></span> <span class='ocrx_word' id='word_1_594' title='bbox 2354 3485 2562 3554; x_wconf 89' lang='lat' dir='ltr'><strong>inquit,</strong></span> <span class='ocrx_word' id='word_1_595' title='bbox 2594 3482 2858 3536; x_wconf 87' lang='lat' dir='ltr'><strong>excitatur</strong></span> <span class='ocrx_word' id='word_1_596' title='bbox 2901 3476 3115 3533; x_wconf 90' lang='lat' dir='ltr'><strong>libellus</strong></span> <span class='ocrx_word' id='word_1_597' title='bbox 3162 3475 3226 3531; x_wconf 91' lang='lat' dir='ltr'><strong>de</strong></span> <span class='ocrx_word' id='word_1_598' title='bbox 3253 3473 3575 3545; x_wconf 86' lang='lat' dir='ltr'><strong>spectaculis,</strong></span> 
     </span>
    </p>
   </div>
   <div class='ocr_carea' id='block_1_78' title="bbox 1985 3569 3582 3658">
    <p class='ocr_par' dir='ltr' id='par_1_78' title="bbox 1985 3569 3582 3658">
     <span class='ocr_line' id='line_1_78' title="bbox 1985 3569 3582 3658; baseline -0.009 -20"><span class='ocrx_word' id='word_1_599' title='bbox 1985 3585 2074 3658; x_wconf 92' lang='lat' dir='ltr'><strong>qui</strong></span> <span class='ocrx_word' id='word_1_600' title='bbox 2108 3585 2338 3653; x_wconf 90' lang='lat' dir='ltr'><strong>scriptus</strong></span> <span class='ocrx_word' id='word_1_601' title='bbox 2364 3589 2447 3635; x_wconf 89' lang='lat' dir='ltr'><strong>est</strong></span> <span class='ocrx_word' id='word_1_602' title='bbox 2475 3581 2540 3634; x_wconf 84' lang='lat' dir='ltr'><strong>A.</strong></span> <span class='ocrx_word' id='word_1_603' title='bbox 2568 3575 2746 3632; x_wconf 84' lang='lat' dir='ltr'><strong>CCIV.</strong></span> <span class='ocrx_word' id='word_1_604' title='bbox 2780 3573 2834 3628; x_wconf 95' lang='lat' dir='ltr'><strong>Id</strong></span> <span class='ocrx_word' id='word_1_605' title='bbox 2867 3587 2997 3629; x_wconf 90' lang='lat' dir='ltr'><strong>vero</strong></span> <span class='ocrx_word' id='word_1_606' title='bbox 3025 3574 3202 3642; x_wconf 88' lang='lat' dir='ltr'><strong>inepte</strong></span> <span class='ocrx_word' id='word_1_607' title='bbox 3227 3569 3428 3625; x_wconf 79' lang='lat' dir='ltr'><strong>dictum</strong></span> <span class='ocrx_word' id='word_1_608' title='bbox 3458 3583 3582 3625; x_wconf 83' lang='lat' dir='ltr'><strong>esse</strong></span> 
     </span>
    </p>
   </div>
   <div class='ocr_carea' id='block_1_79' title="bbox 1985 3661 3556 3745">
    <p class='ocr_par' dir='ltr' id='par_1_79' title="bbox 1985 3661 3556 3745">
     <span class='ocr_line' id='line_1_79' title="bbox 1985 3661 3556 3745; baseline -0.013 -9"><span class='ocrx_word' id='word_1_609' title='bbox 1985 3696 2016 3736; x_wconf 87' lang='lat' dir='ltr'><strong>a</strong></span> <span class='ocrx_word' id='word_1_610' title='bbox 2041 3675 2296 3742; x_wconf 80' lang='lat' dir='ltr'><strong>Pamelio,</strong></span> <span class='ocrx_word' id='word_1_611' title='bbox 2320 3689 2477 3745; x_wconf 90' lang='lat' dir='ltr'><strong>quem</strong></span> <span class='ocrx_word' id='word_1_612' title='bbox 2501 3686 2663 3726; x_wconf 90' lang='lat' dir='ltr'><strong>unum</strong></span> <span class='ocrx_word' id='word_1_613' title='bbox 2692 3669 2956 3740; x_wconf 90' lang='lat' dir='ltr'><strong>sequitur,</strong></span> <span class='ocrx_word' id='word_1_614' title='bbox 2982 3665 3133 3722; x_wconf 80' lang='lat' dir='ltr'><strong>facile</strong></span> <span class='ocrx_word' id='word_1_615' title='bbox 3161 3664 3439 3735; x_wconf 86' lang='lat' dir='ltr'><strong>intelliget,</strong></span> <span class='ocrx_word' id='word_1_616' title='bbox 3463 3661 3556 3734; x_wconf 92' lang='lat' dir='ltr'><strong>qui</strong></span> 
     </span>
    </p>
   </div>
   <div class='ocr_carea' id='block_1_80' title="bbox 1986 3751 3584 3840">
    <p class='ocr_par' dir='ltr' id='par_1_80' title="bbox 1986 3751 3584 3840">
     <span class='ocr_line' id='line_1_80' title="bbox 1986 3751 3584 3840; baseline -0.013 -12"><span class='ocrx_word' id='word_1_617' title='bbox 1986 3785 2216 3840; x_wconf 87' lang='lat' dir='ltr'><strong>cumque</strong></span> <span class='ocrx_word' id='word_1_618' title='bbox 2237 3781 2420 3822; x_wconf 84' lang='lat' dir='ltr'><strong>secum</strong></span> <span class='ocrx_word' id='word_1_619' title='bbox 2445 3760 2773 3834; x_wconf 90' lang='lat' dir='ltr'><strong>reputaverit</strong></span> <span class='ocrx_word' id='word_1_620' title='bbox 2791 3774 2877 3825; x_wconf 90' lang='lat' dir='ltr'><strong>ea,</strong></span> <span class='ocrx_word' id='word_1_621' title='bbox 2899 3773 3017 3827; x_wconf 77' lang='lat' dir='ltr'><strong>qua:</strong></span> <span class='ocrx_word' id='word_1_622' title='bbox 3035 3771 3195 3826; x_wconf 88' lang='lat' dir='ltr'><strong>supra</strong></span> <span class='ocrx_word' id='word_1_623' title='bbox 3215 3754 3282 3811; x_wconf 91' lang='lat' dir='ltr'><strong>de</strong></span> <span class='ocrx_word' id='word_1_624' title='bbox 3305 3755 3408 3810; x_wconf 89' lang='lat' dir='ltr'><strong>isto</strong></span> <span class='ocrx_word' id='word_1_625' title='bbox 3428 3751 3584 3809; x_wconf 82' lang='lat' dir='ltr'><strong>libel-</strong></span> 
     </span>
    </p>
   </div>
   <div class='ocr_carea' id='block_1_81' title="bbox 1985 3847 3581 3932">
    <p class='ocr_par' dir='ltr' id='par_1_81' title="bbox 1985 3847 3581 3932">
     <span class='ocr_line' id='line_1_81' title="bbox 1985 3847 3581 3932; baseline -0.01 -14"><span class='ocrx_word' id='word_1_626' title='bbox 1985 3862 2039 3918; x_wconf 93' lang='lat' dir='ltr'><strong>lo</strong></span> <span class='ocrx_word' id='word_1_627' title='bbox 2059 3857 2536 3932; x_wconf 79' lang='lat' dir='ltr'><strong>pronuntiavimus;</strong></span> <span class='ocrx_word' id='word_1_628' title='bbox 2565 3869 2758 3924; x_wconf 90' lang='lat' dir='ltr'><strong>neque,</strong></span> <span class='ocrx_word' id='word_1_629' title='bbox 2777 3853 2819 3908; x_wconf 91' lang='lat' dir='ltr'><strong>si</strong></span> <span class='ocrx_word' id='word_1_630' title='bbox 2844 3865 3029 3907; x_wconf 87' lang='lat' dir='ltr'><strong>verum</strong></span> <span class='ocrx_word' id='word_1_631' title='bbox 3047 3847 3148 3904; x_wconf 88' lang='lat' dir='ltr'><strong>hoc</strong></span> <span class='ocrx_word' id='word_1_632' title='bbox 3165 3857 3329 3912; x_wconf 80' lang='lat' dir='ltr'><strong>esset,</strong></span> <span class='ocrx_word' id='word_1_633' title='bbox 3349 3847 3581 3902; x_wconf 83' lang='lat' dir='ltr'><strong>maxime</strong></span> 
     </span>
    </p>
   </div>
   <div class='ocr_carea' id='block_1_82' title="bbox 1986 3938 3575 4022">
    <p class='ocr_par' dir='ltr' id='par_1_82' title="bbox 1986 3938 3575 4022">
     <span class='ocr_line' id='line_1_82' title="bbox 1986 3938 3575 4022; baseline -0.011 -12"><span class='ocrx_word' id='word_1_634' title='bbox 1986 3955 2054 4010; x_wconf 90' lang='lat' dir='ltr'><strong>de</strong></span> <span class='ocrx_word' id='word_1_635' title='bbox 2097 3968 2164 4008; x_wconf 90' lang='lat' dir='ltr'><strong>eo</strong></span> <span class='ocrx_word' id='word_1_636' title='bbox 2193 3966 2355 4022; x_wconf 90' lang='lat' dir='ltr'><strong>super</strong></span> <span class='ocrx_word' id='word_1_637' title='bbox 2401 3945 2741 4020; x_wconf 83' lang='lat' dir='ltr'><strong>Spectaculis,</strong></span> <span class='ocrx_word' id='word_1_638' title='bbox 2777 3957 3021 3999; x_wconf 86' lang='lat' dir='ltr'><strong>caussam</strong></span> <span class='ocrx_word' id='word_1_639' title='bbox 3045 3956 3165 3998; x_wconf 90' lang='lat' dir='ltr'><strong>esse</strong></span> <span class='ocrx_word' id='word_1_640' title='bbox 3200 3938 3575 4012; x_wconf 88' lang='lat' dir='ltr'><strong>perspicimus,</strong></span> 
     </span>
    </p>
   </div>
   <div class='ocr_carea' id='block_1_83' title="bbox 1985 4035 3583 4129">
    <p class='ocr_par' dir='ltr' id='par_1_83' title="bbox 1985 4035 3583 4129">
     <span class='ocr_line' id='line_1_83' title="bbox 1985 4035 3583 4129; baseline -0.013 -16"><span class='ocrx_word' id='word_1_641' title='bbox 1985 4066 2313 4129; x_wconf 88' lang='lat' dir='ltr'><strong>quapropter</strong></span> <span class='ocrx_word' id='word_1_642' title='bbox 2359 4051 2494 4106; x_wconf 88' lang='lat' dir='ltr'><strong>liber</strong></span> <span class='ocrx_word' id='word_1_643' title='bbox 2538 4049 2602 4104; x_wconf 88' lang='lat' dir='ltr'><strong>de</strong></span> <span class='ocrx_word' id='word_1_644' title='bbox 2646 4045 2847 4102; x_wconf 87' lang='lat' dir='ltr'><strong>Corona</strong></span> <span class='ocrx_word' id='word_1_645' title='bbox 2890 4043 2955 4100; x_wconf 92' lang='lat' dir='ltr'><strong>ad</strong></span> <span class='ocrx_word' id='word_1_646' title='bbox 3001 4043 3066 4098; x_wconf 84' lang='grc' dir='ltr'><strong>Δ.</strong></span> <span class='ocrx_word' id='word_1_647' title='bbox 3098 4039 3322 4099; x_wconf 90' lang='lat' dir='ltr'><strong>CCVIII.</strong></span> <span class='ocrx_word' id='word_1_648' title='bbox 3360 4054 3468 4095; x_wconf 91' lang='lat' dir='ltr'><strong>non</strong></span> <span class='ocrx_word' id='word_1_649' title='bbox 3515 4035 3583 4092; x_wconf 87' lang='lat' dir='ltr'><strong>ad</strong></span> 
     </span>
    </p>
   </div>
   <div class='ocr_carea' id='block_1_84' title="bbox 1986 4129 3582 4210">
    <p class='ocr_par' dir='ltr' id='par_1_84' title="bbox 1986 4129 3582 4210">
     <span class='ocr_line' id='line_1_84' title="bbox 1986 4129 3582 4210; baseline -0.013 -4"><span class='ocrx_word' id='word_1_650' title='bbox 1986 4151 2148 4207; x_wconf 88' lang='lat' dir='ltr'><strong>alium</strong></span> <span class='ocrx_word' id='word_1_651' title='bbox 2195 4147 2382 4204; x_wconf 81' lang='lat' dir='ltr'><strong>referri</strong></span> <span class='ocrx_word' id='word_1_652' title='bbox 2430 4144 2669 4199; x_wconf 91' lang='lat' dir='ltr'><strong>deberet.</strong></span> <span class='ocrx_word' id='word_1_653' title='bbox 2727 4137 2911 4210; x_wconf 78' lang='lat' dir='ltr'><strong>Neque</strong></span> <span class='ocrx_word' id='word_1_654' title='bbox 2957 4135 3023 4191; x_wconf 92' lang='lat' dir='ltr'><strong>ad</strong></span> <span class='ocrx_word' id='word_1_655' title='bbox 3054 4149 3187 4203; x_wconf 69' lang='lat' dir='ltr'><strong>.eam</strong></span> <span class='ocrx_word' id='word_1_656' title='bbox 3231 4148 3345 4190; x_wconf 92' lang='lat' dir='ltr'><strong>rem</strong></span> <span class='ocrx_word' id='word_1_657' title='bbox 3391 4129 3582 4188; x_wconf 82' lang='lat' dir='ltr'><strong>defen-</strong></span> 
     </span>
    </p>
   </div>
   <div class='ocr_carea' id='block_1_85' title="bbox 1991 4223 3580 4300">
    <p class='ocr_par' dir='ltr' id='par_1_85' title="bbox 1991 4223 3580 4300">
     <span class='ocr_line' id='line_1_85' title="bbox 1991 4223 3580 4300; baseline -0.014 0"><span class='ocrx_word' id='word_1_658' title='bbox 1991 4242 2221 4300; x_wconf 89' lang='lat' dir='ltr'><strong>dendam</strong></span> <span class='ocrx_word' id='word_1_659' title='bbox 2264 4238 2462 4296; x_wconf 88' lang='lat' dir='ltr'><strong>rectius</strong></span> <span class='ocrx_word' id='word_1_660' title='bbox 2487 4233 2728 4292; x_wconf 84' lang='lat' dir='ltr'><strong>adhibuit</strong></span> <span class='ocrx_word' id='word_1_661' title='bbox 2773 4246 2984 4291; x_wconf 87' lang='lat' dir='ltr'><strong>errores</strong></span> <span class='ocrx_word' id='word_1_662' title='bbox 3030 4227 3472 4283; x_wconf 85' lang='lat' dir='ltr'><strong>Montanistarum</strong></span> <span class='ocrx_word' id='word_1_663' title='bbox 3526 4223 3580 4278; x_wconf 93' lang='lat' dir='ltr'><strong>in</strong></span> 
     </span>
    </p>
   </div>
   <div class='ocr_carea' id='block_1_86' title="bbox 1990 4316 3586 4394">
    <p class='ocr_par' dir='ltr' id='par_1_86' title="bbox 1990 4316 3586 4394">
     <span class='ocr_line' id='line_1_86' title="bbox 1990 4316 3586 4394; baseline -0.014 0"><span class='ocrx_word' id='word_1_664' title='bbox 1990 4338 2129 4394; x_wconf 89' lang='lat' dir='ltr'><strong>libro</strong></span> <span class='ocrx_word' id='word_1_665' title='bbox 2151 4337 2212 4390; x_wconf 84' lang='lat' dir='ltr'><strong>de</strong></span> <span class='ocrx_word' id='word_1_666' title='bbox 2239 4333 2439 4389; x_wconf 80' lang='lat' dir='ltr'><strong>Corona</strong></span> <span class='ocrx_word' id='word_1_667' title='bbox 2465 4338 2829 4385; x_wconf 88' lang='lat' dir='ltr'><strong>occurrentes.</strong></span> <span class='ocrx_word' id='word_1_668' title='bbox 2855 4327 3000 4391; x_wconf 80' lang='lat' dir='ltr'><strong>Quos</strong></span> <span class='ocrx_word' id='word_1_669' title='bbox 3029 4320 3277 4392; x_wconf 88' lang='lat' dir='ltr'><strong>equidem</strong></span> <span class='ocrx_word' id='word_1_670' title='bbox 3328 4318 3413 4374; x_wconf 91' lang='lat' dir='ltr'><strong>isti</strong></span> <span class='ocrx_word' id='word_1_671' title='bbox 3448 4316 3586 4372; x_wconf 87' lang='lat' dir='ltr'><strong>libro</strong></span> 
     </span>
    </p>
   </div>
   <div class='ocr_carea' id='block_1_87' title="bbox 1990 4409 3584 4500">
    <p class='ocr_par' dir='ltr' id='par_1_87' title="bbox 1990 4409 3584 4500">
     <span class='ocr_line' id='line_1_87' title="bbox 1990 4409 3584 4500; baseline -0.016 -11"><span class='ocrx_word' id='word_1_672' title='bbox 1990 4449 2097 4489; x_wconf 83' lang='lat' dir='ltr'><strong>nnn</strong></span> <span class='ocrx_word' id='word_1_673' title='bbox 2137 4445 2272 4500; x_wconf 73' lang='lat' dir='ltr'><strong>nego</strong></span> <span class='ocrx_word' id='word_1_674' title='bbox 2301 4428 2508 4490; x_wconf 88' lang='lat' dir='ltr'><strong>inesse;</strong></span> <span class='ocrx_word' id='word_1_675' title='bbox 2542 4422 2636 4478; x_wconf 88' lang='lat' dir='ltr'><strong>sed</strong></span> <span class='ocrx_word' id='word_1_676' title='bbox 2677 4436 2743 4478; x_wconf 92' lang='lat' dir='ltr'><strong>eo</strong></span> <span class='ocrx_word' id='word_1_677' title='bbox 2791 4425 3107 4491; x_wconf 83' lang='lat' dir='ltr'><strong>argumento</strong></span> <span class='ocrx_word' id='word_1_678' title='bbox 3155 4413 3207 4470; x_wconf 91' lang='lat' dir='ltr'><strong>id</strong></span> <span class='ocrx_word' id='word_1_679' title='bbox 3247 4427 3406 4484; x_wconf 88' lang='lat' dir='ltr'><strong>posse</strong></span> <span class='ocrx_word' id='word_1_680' title='bbox 3443 4409 3584 4467; x_wconf 88' lang='lat' dir='ltr'><strong>eliici</strong></span> 
     </span>
    </p>
   </div>
   <div class='ocr_carea' id='block_1_88' title="bbox 1992 4501 3586 4596">
    <p class='ocr_par' dir='ltr' id='par_1_88' title="bbox 1992 4501 3586 4596">
     <span class='ocr_line' id='line_1_88' title="bbox 1992 4501 3586 4596; baseline -0.015 -16"><span class='ocrx_word' id='word_1_681' title='bbox 1992 4523 2133 4596; x_wconf 87' lang='lat' dir='ltr'><strong>quod</strong></span> <span class='ocrx_word' id='word_1_682' title='bbox 2159 4521 2384 4579; x_wconf 86' lang='lat' dir='ltr'><strong>debeat,</strong></span> <span class='ocrx_word' id='word_1_683' title='bbox 2411 4515 2512 4570; x_wconf 86' lang='lat' dir='ltr'><strong>huc</strong></span> <span class='ocrx_word' id='word_1_684' title='bbox 2541 4530 2669 4570; x_wconf 89' lang='lat' dir='ltr'><strong>vero</strong></span> <span class='ocrx_word' id='word_1_685' title='bbox 2696 4525 2968 4580; x_wconf 90' lang='lat' dir='ltr'><strong>nunquam</strong></span> <span class='ocrx_word' id='word_1_686' title='bbox 3001 4506 3346 4579; x_wconf 88' lang='lat' dir='ltr'><strong>percipietur,</strong></span> <span class='ocrx_word' id='word_1_687' title='bbox 3387 4503 3487 4560; x_wconf 92' lang='lat' dir='ltr'><strong>nisi</strong></span> <span class='ocrx_word' id='word_1_688' title='bbox 3517 4501 3586 4557; x_wconf 88' lang='lat' dir='ltr'><strong>ab</strong></span> 
     </span>
    </p>
   </div>
   <div class='ocr_carea' id='block_1_89' title="bbox 280 4579 3586 4687">
    <p class='ocr_par' dir='ltr' id='par_1_89' title="bbox 280 4579 3586 4687">
     <span class='ocr_line' id='line_1_89' title="bbox 280 4579 3586 4687; baseline -0.013 6"><span class='ocrx_word' id='word_1_689' title='bbox 280 4590 414 4687; x_wconf 42' lang='lat' dir='ltr'><strong>am?</strong></span> <span class='ocrx_word' id='word_1_690' title='bbox 455 4579 594 4687; x_wconf 51' lang='lat' dir='ltr'><strong>mnf:</strong></span> <span class='ocrx_word' id='word_1_691' title='bbox 628 4579 1363 4687; x_wconf 31' lang='lat' dir='ltr'><strong>eipediuofmpl.parmicam</strong></span> <span class='ocrx_word' id='word_1_692' title='bbox 1393 4579 1575 4684; x_wconf 57' lang='lat'><strong>&quot;9&quot;“?</strong></span> <span class='ocrx_word' id='word_1_693' title='bbox 1622 4590 1740 4687; x_wconf 58' lang='grc' dir='ltr'><strong>Ρῗδι</strong></span> <span class='ocrx_word' id='word_1_694' title='bbox 1765 4596 1884 4636; x_wconf 56' lang='lat' dir='ltr'><strong>cum</strong></span> <span class='ocrx_word' id='word_1_695' title='bbox 1911 4584 1963 4645; x_wconf 69' lang='grc' dir='ltr'><strong>Ι)</strong></span> <span class='ocrx_word' id='word_1_696' title='bbox 1992 4579 2077 4684; x_wconf 71' lang='lat' dir='ltr'><strong>iis,</strong></span> <span class='ocrx_word' id='word_1_697' title='bbox 2109 4614 2197 4687; x_wconf 91' lang='lat' dir='ltr'><strong>qui</strong></span> <span class='ocrx_word' id='word_1_698' title='bbox 2221 4612 2434 4669; x_wconf 89' lang='grc'><strong>(1(111111111</strong></span> <span class='ocrx_word' id='word_1_699' title='bbox 2467 4625 2532 4664; x_wconf 90' lang='lat' dir='ltr'><strong>eo</strong></span> <span class='ocrx_word' id='word_1_700' title='bbox 2564 4621 2708 4663; x_wconf 86' lang='lat' dir='ltr'><strong>anno</strong></span> <span class='ocrx_word' id='word_1_701' title='bbox 2735 4579 3111 4659; x_wconf 70' lang='lat' dir='ltr'><strong>Tertullianum</strong></span> <span class='ocrx_word' id='word_1_702' title='bbox 3140 4607 3326 4672; x_wconf 87' lang='lat' dir='ltr'><strong>putant</strong></span> <span class='ocrx_word' id='word_1_703' title='bbox 3346 4596 3412 4652; x_wconf 90' lang='lat' dir='ltr'><strong>ad</strong></span> <span class='ocrx_word' id='word_1_704' title='bbox 3433 4595 3586 4651; x_wconf 81' lang='lat' dir='ltr'><strong>Mon-</strong></span> 
     </span>
    </p>
   </div>
   <div class='ocr_carea' id='block_1_90' title="bbox 278 4671 1885 4745">
    <p class='ocr_par' dir='ltr' id='par_1_90' title="bbox 278 4671 1885 4745">
     <span class='ocr_line' id='line_1_90' title="bbox 278 4671 1885 4745; baseline -0.002 -13"><span class='ocrx_word' id='word_1_705' title='bbox 278 4677 472 4732; x_wconf 78' lang='lat' dir='ltr'><strong>multa:</strong></span> <span class='ocrx_word' id='word_1_706' title='bbox 500 4675 834 4731; x_wconf 88' lang='lat' dir='ltr'><strong>calamitates</strong></span> <span class='ocrx_word' id='word_1_707' title='bbox 861 4673 1279 4728; x_wconf 78' lang='lat' dir='ltr'><strong>Christianorum</strong></span> <span class='ocrx_word' id='word_1_708' title='bbox 1311 4674 1635 4744; x_wconf 65' lang='lat' dir='ltr'><strong>exstiterint,</strong></span> <span class='ocrx_word' id='word_1_709' title='bbox 1666 4671 1725 4728; x_wconf 93' lang='lat' dir='ltr'><strong>In</strong></span> <span class='ocrx_word' id='word_1_710' title='bbox 1777 4689 1885 4745; x_wconf 89' lang='lat' dir='ltr'><strong>quo</strong></span> 
     </span>
    </p>
   </div>
   <div class='ocr_carea' id='block_1_91' title="bbox 282 4764 1887 4840">
    <p class='ocr_par' dir='ltr' id='par_1_91' title="bbox 282 4764 1887 4840">
     <span class='ocr_line' id='line_1_91' title="bbox 282 4764 1887 4840; baseline -0.001 -17"><span class='ocrx_word' id='word_1_711' title='bbox 282 4767 535 4840; x_wconf 81' lang='lat' dir='ltr'><strong>peccavit</strong></span> <span class='ocrx_word' id='word_1_712' title='bbox 575 4765 889 4838; x_wconf 89' lang='lat' dir='ltr'><strong>dupliciter;</strong></span> <span class='ocrx_word' id='word_1_713' title='bbox 921 4765 1185 4836; x_wconf 90' lang='lat' dir='ltr'><strong>primum,</strong></span> <span class='ocrx_word' id='word_1_714' title='bbox 1216 4764 1360 4837; x_wconf 90' lang='lat' dir='ltr'><strong>quod</strong></span> <span class='ocrx_word' id='word_1_715' title='bbox 1409 4779 1500 4822; x_wconf 91' lang='lat' dir='ltr'><strong>eas</strong></span> <span class='ocrx_word' id='word_1_716' title='bbox 1549 4776 1674 4822; x_wconf 91' lang='lat' dir='ltr'><strong>ante</strong></span> <span class='ocrx_word' id='word_1_717' title='bbox 1723 4765 1887 4822; x_wconf 80' lang='lat' dir='ltr'><strong>fuisse</strong></span> 
     </span>
    </p>
   </div>
   <div class='ocr_carea' id='block_1_92' title="bbox 284 4859 1885 4947">
    <p class='ocr_par' dir='ltr' id='par_1_92' title="bbox 284 4859 1885 4947">
     <span class='ocr_line' id='line_1_92' title="bbox 284 4859 1885 4947; baseline -0.002 -28"><span class='ocrx_word' id='word_1_718' title='bbox 284 4863 606 4932; x_wconf 79' lang='lat' dir='ltr'><strong>negaverit,</strong></span> <span class='ocrx_word' id='word_1_719' title='bbox 636 4877 795 4947; x_wconf 82' lang='lat' dir='ltr'><strong>quam</strong></span> <span class='ocrx_word' id='word_1_720' title='bbox 830 4859 1102 4932; x_wconf 80' lang='lat' dir='ltr'><strong>profectus</strong></span> <span class='ocrx_word' id='word_1_721' title='bbox 1131 4861 1200 4916; x_wconf 92' lang='lat' dir='ltr'><strong>sit</strong></span> <span class='ocrx_word' id='word_1_722' title='bbox 1230 4860 1448 4916; x_wconf 83' lang='lat' dir='ltr'><strong>Severus</strong></span> <span class='ocrx_word' id='word_1_723' title='bbox 1477 4861 1733 4917; x_wconf 88' lang='lat' dir='ltr'><strong>adversus</strong></span> <span class='ocrx_word' id='word_1_724' title='bbox 1757 4861 1885 4916; x_wconf 86' lang='lat' dir='ltr'><strong>Par-</strong></span> 
     </span>
    </p>
   </div>
   <div class='ocr_carea' id='block_1_93' title="bbox 287 4953 1885 5026">
    <p class='ocr_par' dir='ltr' id='par_1_93' title="bbox 287 4953 1885 5026">
     <span class='ocr_line' id='line_1_93' title="bbox 287 4953 1885 5026; baseline -0.001 -16"><span class='ocrx_word' id='word_1_725' title='bbox 287 4955 438 5021; x_wconf 81' lang='lat' dir='ltr'><strong>thos,</strong></span> <span class='ocrx_word' id='word_1_726' title='bbox 467 4955 661 5012; x_wconf 90' lang='lat' dir='ltr'><strong>deinde</strong></span> <span class='ocrx_word' id='word_1_727' title='bbox 707 4953 851 5026; x_wconf 88' lang='lat' dir='ltr'><strong>quod</strong></span> <span class='ocrx_word' id='word_1_728' title='bbox 897 4953 1095 5010; x_wconf 91' lang='lat' dir='ltr'><strong>librum</strong></span> <span class='ocrx_word' id='word_1_729' title='bbox 1138 4954 1202 5009; x_wconf 90' lang='lat' dir='ltr'><strong>de</strong></span> <span class='ocrx_word' id='word_1_730' title='bbox 1242 4954 1443 5010; x_wconf 88' lang='lat' dir='ltr'><strong>Corona</strong></span> <span class='ocrx_word' id='word_1_731' title='bbox 1481 4970 1547 5011; x_wconf 91' lang='lat' dir='ltr'><strong>eo</strong></span> <span class='ocrx_word' id='word_1_732' title='bbox 1577 4955 1638 5009; x_wconf 89' lang='lat' dir='ltr'><strong>de</strong></span> <span class='ocrx_word' id='word_1_733' title='bbox 1665 4955 1885 5026; x_wconf 83' lang='lat' dir='ltr'><strong>Specta-</strong></span> 
     </span>
    </p>
   </div>
   <div class='ocr_carea' id='block_1_94' title="bbox 283 5047 1887 5119">
    <p class='ocr_par' dir='ltr' id='par_1_94' title="bbox 283 5047 1887 5119">
     <span class='ocr_line' id='line_1_94' title="bbox 283 5047 1887 5119; baseline 0 -15"><span class='ocrx_word' id='word_1_734' title='bbox 283 5047 424 5104; x_wconf 81' lang='lat' dir='ltr'><strong>culis</strong></span> <span class='ocrx_word' id='word_1_735' title='bbox 466 5049 816 5119; x_wconf 86' lang='lat' dir='ltr'><strong>posteriorem</strong></span> <span class='ocrx_word' id='word_1_736' title='bbox 846 5063 968 5104; x_wconf 83' lang='lat' dir='ltr'><strong>esse</strong></span> <span class='ocrx_word' id='word_1_737' title='bbox 1016 5062 1123 5103; x_wconf 91' lang='lat' dir='ltr'><strong>non</strong></span> <span class='ocrx_word' id='word_1_738' title='bbox 1173 5047 1507 5118; x_wconf 85' lang='lat' dir='ltr'><strong>cogitaverit.</strong></span> <span class='ocrx_word' id='word_1_739' title='bbox 1541 5055 1712 5119; x_wconf 74' lang='lat' dir='ltr'><strong>Atque</strong></span> <span class='ocrx_word' id='word_1_740' title='bbox 1759 5048 1887 5104; x_wconf 88' lang='lat' dir='ltr'><strong>illud</strong></span> 
     </span>
    </p>
   </div>
   <div class='ocr_carea' id='block_1_95' title="bbox 284 5141 1890 5214">
    <p class='ocr_par' dir='ltr' id='par_1_95' title="bbox 284 5141 1890 5214">
     <span class='ocr_line' id='line_1_95' title="bbox 284 5141 1890 5214; baseline -0.002 -14"><span class='ocrx_word' id='word_1_741' title='bbox 284 5141 690 5200; x_wconf 67' lang='lat' dir='ltr'><strong>conlatas-imus</strong></span> <span class='ocrx_word' id='word_1_742' title='bbox 727 5158 828 5199; x_wconf 91' lang='lat' dir='ltr'><strong>suo</strong></span> <span class='ocrx_word' id='word_1_743' title='bbox 866 5144 1017 5208; x_wconf 89' lang='lat' dir='ltr'><strong>loco;</strong></span> <span class='ocrx_word' id='word_1_744' title='bbox 1051 5143 1153 5197; x_wconf 90' lang='lat' dir='ltr'><strong>hoc</strong></span> <span class='ocrx_word' id='word_1_745' title='bbox 1194 5158 1323 5198; x_wconf 89' lang='lat' dir='ltr'><strong>vero</strong></span> <span class='ocrx_word' id='word_1_746' title='bbox 1371 5144 1447 5198; x_wconf 92' lang='lat' dir='ltr'><strong>uti</strong></span> <span class='ocrx_word' id='word_1_747' title='bbox 1486 5160 1645 5199; x_wconf 88' lang='lat' dir='ltr'><strong>netno</strong></span> <span class='ocrx_word' id='word_1_748' title='bbox 1691 5157 1890 5214; x_wconf 87' lang='lat' dir='ltr'><strong>negare</strong></span> 
     </span>
    </p>
   </div>
   <div class='ocr_carea' id='block_1_96' title="bbox 284 5234 1888 5308">
    <p class='ocr_par' dir='ltr' id='par_1_96' title="bbox 284 5234 1888 5308">
     <span class='ocr_line' id='line_1_96' title="bbox 284 5234 1888 5308; baseline 0.002 -20"><span class='ocrx_word' id='word_1_749' title='bbox 284 5243 499 5308; x_wconf 83' lang='lat' dir='ltr'><strong>potest,</strong></span> <span class='ocrx_word' id='word_1_750' title='bbox 531 5235 634 5291; x_wconf 90' lang='lat' dir='ltr'><strong>nisi</strong></span> <span class='ocrx_word' id='word_1_751' title='bbox 664 5235 750 5290; x_wconf 93' lang='lat' dir='ltr'><strong>cui</strong></span> <span class='ocrx_word' id='word_1_752' title='bbox 779 5234 1017 5292; x_wconf 62' lang='lat' dir='ltr'><strong>tenebrae</strong></span> <span class='ocrx_word' id='word_1_753' title='bbox 1040 5235 1148 5290; x_wconf 90' lang='lat' dir='ltr'><strong>sint</strong></span> <span class='ocrx_word' id='word_1_754' title='bbox 1181 5249 1333 5290; x_wconf 89' lang='lat' dir='ltr'><strong>mero</strong></span> <span class='ocrx_word' id='word_1_755' title='bbox 1360 5235 1584 5291; x_wconf 89' lang='lat' dir='ltr'><strong>meridie</strong></span> <span class='ocrx_word' id='word_1_756' title='bbox 1612 5234 1718 5308; x_wconf 92' lang='lat' dir='ltr'><strong>(est</strong></span> <span class='ocrx_word' id='word_1_757' title='bbox 1747 5235 1888 5291; x_wconf 90' lang='lat' dir='ltr'><strong>enim</strong></span> 
     </span>
    </p>
   </div>
   <div class='ocr_carea' id='block_1_97' title="bbox 285 5327 1890 5400">
    <p class='ocr_par' dir='ltr' id='par_1_97' title="bbox 285 5327 1890 5400">
     <span class='ocr_line' id='line_1_97' title="bbox 285 5327 1890 5400; baseline -0.002 -14"><span class='ocrx_word' id='word_1_758' title='bbox 285 5339 348 5386; x_wconf 89' lang='lat' dir='ltr'><strong>et</strong></span> <span class='ocrx_word' id='word_1_759' title='bbox 375 5327 479 5384; x_wconf 84' lang='lat' dir='ltr'><strong>hoc</strong></span> <span class='ocrx_word' id='word_1_760' title='bbox 499 5330 628 5384; x_wconf 87' lang='lat' dir='ltr'><strong>satis</strong></span> <span class='ocrx_word' id='word_1_761' title='bbox 652 5329 1042 5400; x_wconf 83' lang='lat' dir='ltr'><strong>disputatum);</strong></span> <span class='ocrx_word' id='word_1_762' title='bbox 1071 5328 1142 5383; x_wconf 90' lang='lat' dir='ltr'><strong>ita</strong></span> <span class='ocrx_word' id='word_1_763' title='bbox 1169 5327 1237 5383; x_wconf 88' lang='lat' dir='ltr'><strong>de</strong></span> <span class='ocrx_word' id='word_1_764' title='bbox 1257 5331 1545 5385; x_wconf 81' lang='lat' dir='ltr'><strong>vexatione</strong></span> <span class='ocrx_word' id='word_1_765' title='bbox 1568 5328 1890 5383; x_wconf 74' lang='lat' dir='ltr'><strong>christiano-</strong></span> 
     </span>
    </p>
   </div>
   <div class='ocr_carea' id='block_1_98' title="bbox 284 5417 1888 5494">
    <p class='ocr_par' dir='ltr' id='par_1_98' title="bbox 284 5417 1888 5494">
     <span class='ocr_line' id='line_1_98' title="bbox 284 5417 1888 5494; baseline -0.001 -14"><span class='ocrx_word' id='word_1_766' title='bbox 284 5438 439 5488; x_wconf 84' lang='lat' dir='ltr'><strong>rum,</strong></span> <span class='ocrx_word' id='word_1_767' title='bbox 464 5422 580 5494; x_wconf 82' lang='lat' dir='ltr'><strong>lege</strong></span> <span class='ocrx_word' id='word_1_768' title='bbox 597 5421 772 5479; x_wconf 78' lang='lat' dir='ltr'><strong>Severi</strong></span> <span class='ocrx_word' id='word_1_769' title='bbox 799 5417 1127 5494; x_wconf 83' lang='lat' dir='ltr'><strong>antiquiore,</strong></span> <span class='ocrx_word' id='word_1_770' title='bbox 1153 5438 1258 5478; x_wconf 91' lang='lat' dir='ltr'><strong>non</strong></span> <span class='ocrx_word' id='word_1_771' title='bbox 1290 5431 1464 5494; x_wconf 85' lang='lat' dir='ltr'><strong>potest</strong></span> <span class='ocrx_word' id='word_1_772' title='bbox 1487 5436 1668 5477; x_wconf 89' lang='lat' dir='ltr'><strong>sermo</strong></span> <span class='ocrx_word' id='word_1_773' title='bbox 1689 5437 1811 5477; x_wconf 88' lang='lat' dir='ltr'><strong>esse</strong></span> <span class='ocrx_word' id='word_1_774' title='bbox 1837 5423 1888 5478; x_wconf 90' lang='lat' dir='ltr'><strong>in</strong></span> 
     </span>
    </p>
   </div>
   <div class='ocr_carea' id='block_1_99' title="bbox 285 5514 1888 5584">
    <p class='ocr_par' dir='ltr' id='par_1_99' title="bbox 285 5514 1888 5584">
     <span class='ocr_line' id='line_1_99' title="bbox 285 5514 1888 5584; baseline -0.002 -11"><span class='ocrx_word' id='word_1_775' title='bbox 285 5531 366 5573; x_wconf 83' lang='lat' dir='ltr'><strong>eo</strong></span> <span class='ocrx_word' id='word_1_776' title='bbox 400 5516 464 5571; x_wconf 85' lang='lat' dir='ltr'><strong>de</strong></span> <span class='ocrx_word' id='word_1_777' title='bbox 489 5514 718 5584; x_wconf 88' lang='lat' dir='ltr'><strong>Corona,</strong></span> <span class='ocrx_word' id='word_1_778' title='bbox 747 5516 839 5572; x_wconf 91' lang='lat' dir='ltr'><strong>ubi</strong></span> <span class='ocrx_word' id='word_1_779' title='bbox 884 5515 1160 5573; x_wconf 88' lang='lat' dir='ltr'><strong>christiani</strong></span> <span class='ocrx_word' id='word_1_780' title='bbox 1203 5515 1457 5572; x_wconf 88' lang='lat' dir='ltr'><strong>dicuntur</strong></span> <span class='ocrx_word' id='word_1_781' title='bbox 1494 5515 1627 5572; x_wconf 89' lang='lat' dir='ltr'><strong>istas</strong></span> <span class='ocrx_word' id='word_1_782' title='bbox 1666 5515 1888 5571; x_wconf 88' lang='lat' dir='ltr'><strong>calami-</strong></span> 
     </span>
    </p>
   </div>
   <div class='ocr_carea' id='block_1_100' title="bbox 287 5610 1888 5681">
    <p class='ocr_par' dir='ltr' id='par_1_100' title="bbox 287 5610 1888 5681">
     <span class='ocr_line' id='line_1_100' title="bbox 287 5610 1888 5681; baseline -0.001 -16"><span class='ocrx_word' id='word_1_783' title='bbox 287 5620 433 5666; x_wconf 87' lang='lat' dir='ltr'><strong>tates</strong></span> <span class='ocrx_word' id='word_1_784' title='bbox 479 5623 726 5681; x_wconf 89' lang='lat' dir='ltr'><strong>tanquam</strong></span> <span class='ocrx_word' id='word_1_785' title='bbox 753 5619 1010 5667; x_wconf 89' lang='lat' dir='ltr'><strong>venturas</strong></span> <span class='ocrx_word' id='word_1_786' title='bbox 1054 5610 1441 5676; x_wconf 76' lang='lat' dir='ltr'><strong>extimescere;</strong></span> <span class='ocrx_word' id='word_1_787' title='bbox 1471 5623 1594 5664; x_wconf 90' lang='lat' dir='ltr'><strong>cum</strong></span> <span class='ocrx_word' id='word_1_788' title='bbox 1646 5619 1888 5679; x_wconf 88' lang='lat' dir='ltr'><strong>tempore</strong></span> 
     </span>
    </p>
   </div>
   <div class='ocr_carea' id='block_1_101' title="bbox 1992 4702 2543 4766">
    <p class='ocr_par' dir='ltr' id='par_1_101' title="bbox 1992 4702 2543 4766">
     <span class='ocr_line' id='line_1_101' title="bbox 1992 4702 2543 4766; baseline -0.02 0"><span class='ocrx_word' id='word_1_789' title='bbox 1992 4708 2216 4766; x_wconf 87' lang='lat' dir='ltr'><strong>tanistas</strong></span> <span class='ocrx_word' id='word_1_790' title='bbox 2245 4702 2543 4760; x_wconf 87' lang='lat' dir='ltr'><strong>transiisse.</strong></span> 
     </span>
    </p>
   </div>
   <div class='ocr_carea' id='block_1_102' title="bbox 1991 4803 3585 4900">
    <p class='ocr_par' dir='ltr' id='par_1_102' title="bbox 1991 4803 3585 4900">
     <span class='ocr_line' id='line_1_102' title="bbox 1991 4803 3585 4900; baseline -0.016 -17"><span class='ocrx_word' id='word_1_791' title='bbox 1991 4827 2020 4900; x_wconf 80' lang='lat'><strong>§</strong></span> <span class='ocrx_word' id='word_1_792' title='bbox 2057 4826 2112 4882; x_wconf 83' lang='lat'><strong>5.</strong></span> <span class='ocrx_word' id='word_1_793' title='bbox 2152 4853 2223 4865; x_wconf 89' lang='lat'><em>--</em></span> <span class='ocrx_word' id='word_1_794' title='bbox 2239 4820 2390 4876; x_wconf 85' lang='lat' dir='ltr'><strong>Liber</strong></span> <span class='ocrx_word' id='word_1_795' title='bbox 2416 4828 2626 4884; x_wconf 85' lang='lat' dir='ltr'><strong>uterque</strong></span> <span class='ocrx_word' id='word_1_796' title='bbox 2650 4814 2714 4869; x_wconf 89' lang='lat' dir='ltr'><strong>de</strong></span> <span class='ocrx_word' id='word_1_797' title='bbox 2732 4813 2887 4870; x_wconf 86' lang='lat' dir='ltr'><strong>Cultu</strong></span> <span class='ocrx_word' id='word_1_798' title='bbox 2911 4811 3214 4883; x_wconf 80' lang='lat' dir='ltr'><strong>feminarum</strong></span> <span class='ocrx_word' id='word_1_799' title='bbox 3238 4807 3392 4864; x_wconf 89' lang='lat' dir='ltr'><strong>simul</strong></span> <span class='ocrx_word' id='word_1_800' title='bbox 3421 4803 3585 4862; x_wconf 84' lang='lat' dir='ltr'><strong>editus</strong></span> 
     </span>
    </p>
   </div>
   <div class='ocr_carea' id='block_1_103' title="bbox 2115 4901 3462 4974">
    <p class='ocr_par' dir='ltr' id='par_1_103' title="bbox 2115 4901 3462 4974">
     <span class='ocr_line' id='line_1_103' title="bbox 2115 4901 3462 4974; baseline -0.013 0"><span class='ocrx_word' id='word_1_801' title='bbox 2115 4915 2396 4974; x_wconf 87' lang='lat' dir='ltr'><strong>ostenditur</strong></span> <span class='ocrx_word' id='word_1_802' title='bbox 2424 4921 2601 4968; x_wconf 88' lang='lat' dir='ltr'><strong>contra</strong></span> <span class='ocrx_word' id='word_1_803' title='bbox 2629 4905 2926 4965; x_wconf 81' lang='lat' dir='ltr'><strong>Pamelium</strong></span> <span class='ocrx_word' id='word_1_804' title='bbox 2957 4917 3012 4962; x_wconf 92' lang='lat' dir='ltr'><strong>et</strong></span> <span class='ocrx_word' id='word_1_805' title='bbox 3040 4901 3462 4960; x_wconf 86' lang='lat' dir='ltr'><strong>Tillemontium.</strong></span> 
     </span>
    </p>
   </div>
   <div class='ocr_carea' id='block_1_104' title="bbox 2067 5015 3588 5093">
    <p class='ocr_par' dir='ltr' id='par_1_104' title="bbox 2067 5015 3588 5093">
     <span class='ocr_line' id='line_1_104' title="bbox 2067 5015 3588 5093; baseline -0.012 -2"><span class='ocrx_word' id='word_1_806' title='bbox 2067 5035 2174 5093; x_wconf 85' lang='lat' dir='ltr'><strong>Sed</strong></span> <span class='ocrx_word' id='word_1_807' title='bbox 2202 5032 2333 5088; x_wconf 89' lang='lat' dir='ltr'><strong>satis</strong></span> <span class='ocrx_word' id='word_1_808' title='bbox 2378 5029 2468 5086; x_wconf 92' lang='lat' dir='ltr'><strong>diu</strong></span> <span class='ocrx_word' id='word_1_809' title='bbox 2502 5043 2598 5084; x_wconf 88' lang='lat' dir='ltr'><strong>nos</strong></span> <span class='ocrx_word' id='word_1_810' title='bbox 2647 5026 2819 5082; x_wconf 90' lang='lat' dir='ltr'><strong>tenuit</strong></span> <span class='ocrx_word' id='word_1_811' title='bbox 2866 5023 2934 5079; x_wconf 89' lang='lat' dir='ltr'><strong>de</strong></span> <span class='ocrx_word' id='word_1_812' title='bbox 3001 5021 3138 5076; x_wconf 85' lang='lat' dir='ltr'><strong>libro</strong></span> <span class='ocrx_word' id='word_1_813' title='bbox 3182 5033 3346 5090; x_wconf 82' lang='lat' dir='ltr'><strong>super</strong></span> <span class='ocrx_word' id='word_1_814' title='bbox 3385 5015 3588 5074; x_wconf 86' lang='lat' dir='ltr'><strong>Corona</strong></span> 
     </span>
    </p>
   </div>
   <div class='ocr_carea' id='block_1_105' title="bbox 1995 5112 3591 5198">
    <p class='ocr_par' dir='ltr' id='par_1_105' title="bbox 1995 5112 3591 5198">
     <span class='ocr_line' id='line_1_105' title="bbox 1995 5112 3591 5198; baseline -0.012 -10"><span class='ocrx_word' id='word_1_815' title='bbox 1995 5133 2293 5193; x_wconf 83' lang='lat' dir='ltr'><strong>institutio;</strong></span> <span class='ocrx_word' id='word_1_816' title='bbox 2342 5129 2518 5198; x_wconf 89' lang='lat' dir='ltr'><strong>itaque</strong></span> <span class='ocrx_word' id='word_1_817' title='bbox 2563 5123 2719 5179; x_wconf 91' lang='lat' dir='ltr'><strong>nobis</strong></span> <span class='ocrx_word' id='word_1_818' title='bbox 2762 5130 2845 5176; x_wconf 89' lang='lat' dir='ltr'><strong>est</strong></span> <span class='ocrx_word' id='word_1_819' title='bbox 2891 5112 3404 5190; x_wconf 44' lang='lat' dir='ltr'><strong>properandum&#39;ad</strong></span> <span class='ocrx_word' id='word_1_820' title='bbox 3453 5112 3591 5169; x_wconf 90' lang='lat' dir='ltr'><strong>alios</strong></span> 
     </span>
    </p>
   </div>
   <div class='ocr_carea' id='block_1_106' title="bbox 1994 5205 3590 5300">
    <p class='ocr_par' dir='ltr' id='par_1_106' title="bbox 1994 5205 3590 5300">
     <span class='ocr_line' id='line_1_106' title="bbox 1994 5205 3590 5300; baseline -0.013 -19"><span class='ocrx_word' id='word_1_821' title='bbox 1994 5205 2255 5300; x_wconf 77' lang='lat' dir='ltr'><strong>quosdam</strong></span> <span class='ocrx_word' id='word_1_822' title='bbox 2299 5223 2497 5288; x_wconf 90' lang='lat' dir='ltr'><strong>libros,</strong></span> <span class='ocrx_word' id='word_1_823' title='bbox 2525 5228 2580 5275; x_wconf 93' lang='lat' dir='ltr'><strong>et</strong></span> <span class='ocrx_word' id='word_1_824' title='bbox 2627 5232 2722 5274; x_wconf 70' lang='lat' dir='ltr'><strong>eos</strong></span> <span class='ocrx_word' id='word_1_825' title='bbox 2767 5213 2986 5287; x_wconf 88' lang='lat' dir='ltr'><strong>quidem</strong></span> <span class='ocrx_word' id='word_1_826' title='bbox 3018 5254 3032 5278; x_wconf 96' lang='lat'><strong>,</strong></span> <span class='ocrx_word' id='word_1_827' title='bbox 3077 5227 3214 5284; x_wconf 87' lang='lat' dir='ltr'><strong>quos</strong></span> <span class='ocrx_word' id='word_1_828' title='bbox 3241 5208 3590 5300; x_wconf 81' lang='lat' dir='ltr'><strong>Tertullianus</strong></span> 
     </span>
    </p>
   </div>
   <div class='ocr_carea' id='block_1_107' title="bbox 1996 5295 3590 5384">
    <p class='ocr_par' dir='ltr' id='par_1_107' title="bbox 1996 5295 3590 5384">
     <span class='ocr_line' id='line_1_107' title="bbox 1996 5295 3590 5384; baseline -0.014 -8"><span class='ocrx_word' id='word_1_829' title='bbox 1996 5295 2061 5376; x_wconf 78' lang='lat' dir='ltr'><strong>de</strong></span> <span class='ocrx_word' id='word_1_830' title='bbox 2097 5318 2249 5374; x_wconf 88' lang='lat' dir='ltr'><strong>Cultu</strong></span> <span class='ocrx_word' id='word_1_831' title='bbox 2275 5315 2582 5384; x_wconf 74' lang='lat' dir='ltr'><strong>feminarum</strong></span> <span class='ocrx_word' id='word_1_832' title='bbox 2624 5307 2944 5378; x_wconf 88' lang='lat' dir='ltr'><strong>composuit.</strong></span> <span class='ocrx_word' id='word_1_833' title='bbox 2980 5307 3156 5375; x_wconf 79' lang='lat' dir='ltr'><strong>Atque</strong></span> <span class='ocrx_word' id='word_1_834' title='bbox 3185 5302 3273 5358; x_wconf 92' lang='lat' dir='ltr'><strong>hic</strong></span> <span class='ocrx_word' id='word_1_835' title='bbox 3303 5317 3410 5358; x_wconf 88' lang='lat' dir='ltr'><strong>non</strong></span> <span class='ocrx_word' id='word_1_836' title='bbox 3438 5295 3590 5356; x_wconf 78' lang='lat' dir='ltr'><strong>vide-</strong></span> 
     </span>
    </p>
   </div>
   <div class='ocr_carea' id='block_1_108' title="bbox 1995 5387 3590 5479">
    <p class='ocr_par' dir='ltr' id='par_1_108' title="bbox 1995 5387 3590 5479">
     <span class='ocr_line' id='line_1_108' title="bbox 1995 5387 3590 5479; baseline -0.016 -8"><span class='ocrx_word' id='word_1_837' title='bbox 1995 5423 2084 5472; x_wconf 93' lang='lat' dir='ltr'><strong>tur</strong></span> <span class='ocrx_word' id='word_1_838' title='bbox 2112 5428 2141 5467; x_wconf 89' lang='lat' dir='ltr'><strong>a</strong></span> <span class='ocrx_word' id='word_1_839' title='bbox 2173 5387 2510 5479; x_wconf 74' lang='lat' dir='ltr'><strong>suscipienda</strong></span> <span class='ocrx_word' id='word_1_840' title='bbox 2550 5401 2912 5474; x_wconf 89' lang='lat' dir='ltr'><strong>disputatione</strong></span> <span class='ocrx_word' id='word_1_841' title='bbox 2943 5397 3202 5463; x_wconf 88' lang='lat' dir='ltr'><strong>alienum,</strong></span> <span class='ocrx_word' id='word_1_842' title='bbox 3232 5394 3416 5466; x_wconf 88' lang='lat' dir='ltr'><strong>paucis</strong></span> <span class='ocrx_word' id='word_1_843' title='bbox 3449 5407 3590 5464; x_wconf 63' lang='lat' dir='ltr'><strong>prae-</strong></span> 
     </span>
    </p>
   </div>
   <div class='ocr_carea' id='block_1_109' title="bbox 1995 5485 3589 5577">
    <p class='ocr_par' dir='ltr' id='par_1_109' title="bbox 1995 5485 3589 5577">
     <span class='ocr_line' id='line_1_109' title="bbox 1995 5485 3589 5577; baseline -0.017 -10"><span class='ocrx_word' id='word_1_844' title='bbox 1995 5523 2217 5568; x_wconf 88' lang='lat' dir='ltr'><strong>monere</strong></span> <span class='ocrx_word' id='word_1_845' title='bbox 2240 5547 2255 5571; x_wconf 93' lang='lat'><strong>,</strong></span> <span class='ocrx_word' id='word_1_846' title='bbox 2284 5504 2455 5577; x_wconf 89' lang='lat' dir='ltr'><strong>qualis</strong></span> <span class='ocrx_word' id='word_1_847' title='bbox 2485 5500 2647 5555; x_wconf 83' lang='lat' dir='ltr'><strong>fuerit</strong></span> <span class='ocrx_word' id='word_1_848' title='bbox 2684 5497 2812 5553; x_wconf 90' lang='lat' dir='ltr'><strong>olim</strong></span> <span class='ocrx_word' id='word_1_849' title='bbox 2862 5493 3054 5549; x_wconf 90' lang='lat' dir='ltr'><strong>horum</strong></span> <span class='ocrx_word' id='word_1_850' title='bbox 3091 5491 3352 5546; x_wconf 90' lang='lat' dir='ltr'><strong>librorum</strong></span> <span class='ocrx_word' id='word_1_851' title='bbox 3394 5485 3589 5543; x_wconf 82' lang='lat' dir='ltr'><strong>inscri—</strong></span> 
     </span>
    </p>
   </div>
   <div class='ocr_carea' id='block_1_110' title="bbox 1995 5580 3584 5678">
    <p class='ocr_par' dir='ltr' id='par_1_110' title="bbox 1995 5580 3584 5678">
     <span class='ocr_line' id='line_1_110' title="bbox 1995 5580 3584 5678; baseline -0.017 -19"><span class='ocrx_word' id='word_1_852' title='bbox 1995 5606 2129 5678; x_wconf 90' lang='lat' dir='ltr'><strong>ptio,</strong></span> <span class='ocrx_word' id='word_1_853' title='bbox 2159 5610 2319 5671; x_wconf 85' lang='lat' dir='ltr'><strong>atque</strong></span> <span class='ocrx_word' id='word_1_854' title='bbox 2345 5595 2632 5665; x_wconf 90' lang='lat' dir='ltr'><strong>dispicere,</strong></span> <span class='ocrx_word' id='word_1_855' title='bbox 2666 5588 2900 5644; x_wconf 76' lang='lat' dir='ltr'><strong>fueritne</strong></span> <span class='ocrx_word' id='word_1_856' title='bbox 2929 5583 3196 5657; x_wconf 67' lang='lat' dir='ltr'><strong>pnsterinr</strong></span> <span class='ocrx_word' id='word_1_857' title='bbox 3225 5580 3439 5637; x_wconf 87' lang='lat' dir='ltr'><strong>libellus</strong></span> <span class='ocrx_word' id='word_1_858' title='bbox 3464 5593 3584 5633; x_wconf 92' lang='lat' dir='ltr'><strong>cum</strong></span> 
     </span>
    </p>
   </div>
   <div class='ocr_carea' id='block_1_111' title="bbox 285 5673 3592 5774">
    <p class='ocr_par' dir='ltr' id='par_1_111' title="bbox 285 5673 3592 5774">
     <span class='ocr_line' id='line_1_111' title="bbox 285 5673 3592 5774; baseline -0.01 -14"><span class='ocrx_word' id='word_1_859' title='bbox 285 5719 385 5770; x_wconf 75' lang='lat' dir='ltr'><strong>eo,</strong></span> <span class='ocrx_word' id='word_1_860' title='bbox 411 5719 520 5774; x_wconf 83' lang='lat' dir='ltr'><strong>quo</strong></span> <span class='ocrx_word' id='word_1_861' title='bbox 555 5673 904 5759; x_wconf 72' lang='lat' dir='ltr'><strong>Tertullianus</strong></span> <span class='ocrx_word' id='word_1_862' title='bbox 949 5702 1001 5758; x_wconf 91' lang='grc'><strong>111</strong></span> <span class='ocrx_word' id='word_1_863' title='bbox 1047 5702 1286 5758; x_wconf 87' lang='lat' dir='ltr'><strong>chartam</strong></span> <span class='ocrx_word' id='word_1_864' title='bbox 1330 5673 1561 5772; x_wconf 61' lang='lat' dir='ltr'><strong>coniecit</strong></span> <span class='ocrx_word' id='word_1_865' title='bbox 1587 5673 1781 5757; x_wconf 83' lang='lat' dir='ltr'><strong>librum</strong></span> <span class='ocrx_word' id='word_1_866' title='bbox 1830 5701 1895 5756; x_wconf 89' lang='lat' dir='ltr'><strong>de</strong></span> <span class='ocrx_word' id='word_1_867' title='bbox 1993 5673 2165 5755; x_wconf 78' lang='lat' dir='ltr'><strong>altero</strong></span> <span class='ocrx_word' id='word_1_868' title='bbox 2192 5711 2222 5750; x_wconf 91' lang='lat' dir='ltr'><strong>a</strong></span> <span class='ocrx_word' id='word_1_869' title='bbox 2254 5690 2571 5748; x_wconf 88' lang='lat' dir='ltr'><strong>Tertulliano</strong></span> <span class='ocrx_word' id='word_1_870' title='bbox 2598 5685 2790 5742; x_wconf 87' lang='lat' dir='ltr'><strong>eodem</strong></span> <span class='ocrx_word' id='word_1_871' title='bbox 2833 5673 3592 5774; x_wconf 44' lang='lat' dir='ltr'><strong>temporeeditum-Videlicet</strong></span> 
     </span>
    </p>
   </div>
   <div class='ocr_carea' id='block_1_112' title="bbox 287 5795 1892 5870">
    <p class='ocr_par' dir='ltr' id='par_1_112' title="bbox 287 5795 1892 5870">
     <span class='ocr_line' id='line_1_112' title="bbox 287 5795 1892 5870; baseline -0.003 -14"><span class='ocrx_word' id='word_1_872' title='bbox 287 5797 655 5870; x_wconf 81' lang='lat' dir='ltr'><strong>Spectaculis,</strong></span> <span class='ocrx_word' id='word_1_873' title='bbox 677 5797 786 5868; x_wconf 86' lang='lat' dir='ltr'><strong>jam</strong></span> <span class='ocrx_word' id='word_1_874' title='bbox 818 5797 884 5852; x_wconf 92' lang='lat' dir='ltr'><strong>ad</strong></span> <span class='ocrx_word' id='word_1_875' title='bbox 913 5795 1234 5853; x_wconf 89' lang='lat' dir='ltr'><strong>christianos</strong></span> <span class='ocrx_word' id='word_1_876' title='bbox 1261 5797 1516 5868; x_wconf 90' lang='lat' dir='ltr'><strong>impetum</strong></span> <span class='ocrx_word' id='word_1_877' title='bbox 1550 5811 1706 5852; x_wconf 91' lang='lat' dir='ltr'><strong>suum</strong></span> <span class='ocrx_word' id='word_1_878' title='bbox 1753 5796 1892 5852; x_wconf 82' lang='lat' dir='ltr'><strong>Deo-</strong></span> 
     </span>
    </p>
   </div>
   <div class='ocr_carea' id='block_1_113' title="bbox 286 5886 1890 5963">
    <p class='ocr_par' dir='ltr' id='par_1_113' title="bbox 286 5886 1890 5963">
     <span class='ocr_line' id='line_1_113' title="bbox 286 5886 1890 5963; baseline -0.002 -15"><span class='ocrx_word' id='word_1_879' title='bbox 286 5906 417 5949; x_wconf 87' lang='lat' dir='ltr'><strong>rum</strong></span> <span class='ocrx_word' id='word_1_880' title='bbox 443 5890 684 5951; x_wconf 88' lang='lat' dir='ltr'><strong>cultorcs</strong></span> <span class='ocrx_word' id='word_1_881' title='bbox 727 5890 1140 5950; x_wconf 84' lang='lat' dir='ltr'><strong>convertissem.</strong></span> <span class='ocrx_word' id='word_1_882' title='bbox 1168 5890 1346 5961; x_wconf 87' lang='lat' dir='ltr'><strong>Quare</strong></span> <span class='ocrx_word' id='word_1_883' title='bbox 1373 5905 1439 5951; x_wconf 82' lang='lat' dir='ltr'><strong>ex</strong></span> <span class='ocrx_word' id='word_1_884' title='bbox 1478 5889 1646 5963; x_wconf 87' lang='lat' dir='ltr'><strong>ipsius</strong></span> <span class='ocrx_word' id='word_1_885' title='bbox 1674 5886 1890 5947; x_wconf 87' lang='lat' dir='ltr'><strong>Baronii</strong></span> 
     </span>
    </p>
   </div>
   <div class='ocr_carea' id='block_1_114' title="bbox 1994 5766 3584 5865">
    <p class='ocr_par' dir='ltr' id='par_1_114' title="bbox 1994 5766 3584 5865">
     <span class='ocr_line' id='line_1_114' title="bbox 1994 5766 3584 5865; baseline -0.019 -17"><span class='ocrx_word' id='word_1_886' title='bbox 1994 5790 2086 5865; x_wconf 93' lang='lat' dir='ltr'><strong>qui</strong></span> <span class='ocrx_word' id='word_1_887' title='bbox 2113 5797 2237 5844; x_wconf 90' lang='lat' dir='ltr'><strong>ante</strong></span> <span class='ocrx_word' id='word_1_888' title='bbox 2270 5783 2392 5840; x_wconf 88' lang='lat' dir='ltr'><strong>Nic.</strong></span> <span class='ocrx_word' id='word_1_889' title='bbox 2421 5779 2708 5854; x_wconf 86' lang='lat' dir='ltr'><strong>Rigaltium</strong></span> <span class='ocrx_word' id='word_1_890' title='bbox 2737 5776 2906 5833; x_wconf 90' lang='lat' dir='ltr'><strong>libros</strong></span> <span class='ocrx_word' id='word_1_891' title='bbox 2933 5770 3237 5830; x_wconf 87' lang='lat' dir='ltr'><strong>Tertulliani</strong></span> <span class='ocrx_word' id='word_1_892' title='bbox 3268 5766 3584 5865; x_wconf 77' lang='lat' dir='ltr'><strong>ediderunt,</strong></span> 
     </span>
    </p>
   </div>
   <div class='ocr_carea' id='block_1_115' title="bbox 1997 5860 3592 5947">
    <p class='ocr_par' dir='ltr' id='par_1_115' title="bbox 1997 5860 3592 5947">
     <span class='ocr_line' id='line_1_115' title="bbox 1997 5860 3592 5947; baseline -0.019 -3"><span class='ocrx_word' id='word_1_893' title='bbox 1997 5860 2052 5946; x_wconf 79' lang='grc'><strong>111</strong></span> <span class='ocrx_word' id='word_1_894' title='bbox 2079 5885 2305 5947; x_wconf 87' lang='lat' dir='ltr'><strong>alterum</strong></span> <span class='ocrx_word' id='word_1_895' title='bbox 2345 5875 2410 5934; x_wconf 90' lang='lat' dir='ltr'><strong>de</strong></span> <span class='ocrx_word' id='word_1_896' title='bbox 2440 5873 2636 5942; x_wconf 79' lang='lat' dir='ltr'><strong>Habitu</strong></span> <span class='ocrx_word' id='word_1_897' title='bbox 2665 5870 2898 5927; x_wconf 76' lang='lat' dir='ltr'><strong>muliebri</strong></span> <span class='ocrx_word' id='word_1_898' title='bbox 2939 5865 3220 5934; x_wconf 85' lang='lat' dir='ltr'><strong>dicebant,</strong></span> <span class='ocrx_word' id='word_1_899' title='bbox 3251 5861 3481 5920; x_wconf 86' lang='lat' dir='ltr'><strong>alterum</strong></span> <span class='ocrx_word' id='word_1_900' title='bbox 3526 5860 3592 5914; x_wconf 85' lang='lat' dir='ltr'><strong>de</strong></span> 
     </span>
    </p>
   </div>
  </div>
