4084 6344
527 292 628 354 131

528 517 613 565 set
641 511 1001 569 vetustissimo
1048 513 1136 569 illo
1175 514 1360 571 codice
1387 516 1676 588 Agobardi,
1709 521 1917 590 primus
1959 537 2124 580 ausus

530 611 636 668 est,
667 612 952 672 utrumque
997 605 1060 660 de
1101 604 1254 661 Cultu
1297 608 1606 679 feminarum
1653 610 1968 670 inscribere.
2011 614 2120 670 Ita-

531 711 637 768 que
679 707 736 753 et
781 713 880 753 nos
910 699 1052 756 .nulli
1083 699 1412 781 dubitamus,
1443 704 1542 760 hos
1566 704 1730 762 libros
1767 723 1876 764 non
1919 708 2124 781 disjun-

530 801 645 844 ctos
668 805 899 862 unquam
929 790 1114 859 fuisse,
1148 794 1242 850 sed
1271 796 1486 854 unicum
1517 799 1668 869 quasi
1695 799 1944 858 effecisse
1969 802 2124 857 volu-

529 894 654 935 men
676 923 689 946 ,
719 897 824 937 non
858 883 958 943 ista
987 885 1162 940 solum
1205 886 1407 942 codicis
1438 889 1764 960 Agobardini
1808 894 2126 950 auctoritate

528 973 703 1040 moti,
731 973 825 1030 sed
855 976 1017 1031 etiam
1061 985 1377 1048 propterea,
1410 980 1551 1050 quod
1584 981 1694 1052 ipsa
1739 981 1930 1040 horum
1963 984 2126 1042 libro-

530 1083 650 1124 rum
671 1071 812 1125 ratio
839 1081 1317 1145 argumentumque
1344 1074 1600 1142 suadeat,
1633 1079 1986 1147 posteriorem
2018 1095 2124 1138 non

527 1159 603 1216 ita
651 1163 822 1218 multo
852 1173 974 1234 post
998 1164 1232 1235 priorem
1277 1181 1309 1222 a
1337 1165 1653 1224 Tertulliano
1690 1168 1895 1226 editum
1936 1170 2122 1229 fuisse.

529 1254 682 1323 Quod
725 1258 868 1312 enim
902 1257 1188 1328 anelius,
1225 1261 1314 1332 qui
1345 1261 1750 1334 inscriptionem
1797 1265 1930 1322 alias
1968 1281 2124 1323 rece-

529 1359 676 1420 ptam
707 1352 1051 1420 sequebatur,
1090 1355 1170 1408 vix
1200 1357 1375 1426 potuit
1401 1371 1757 1428 concoquere,
1787 1359 1928 1430 quod
1955 1402 1969 1426 ,
2000 1374 2124 1418 cum

526 1438 879 1499 Tertullianus
905 1447 1105 1501 cultum
1134 1447 1201 1503 ab
1222 1456 1412 1503 ornatu
1431 1449 1482 1503 in
1505 1450 1670 1522 priori
1701 1451 1836 1506 libro
1851 1453 2124 1510 subtiliter

526 1532 881 1604 distiusisset,
917 1547 1094 1593 tamen
1141 1539 1191 1593 in
1245 1542 1561 1610 posteriori,
1594 1541 1662 1597 de
1706 1544 1852 1599 cultu
1898 1545 2122 1601 femina-

525 1641 646 1682 rum
695 1629 997 1698 appellato,
1051 1638 1297 1686 ornatum
1352 1633 1590 1688 mulieris
1638 1638 2010 1704 pertrahtarit;
2058 1651 2120 1694 ea

526 1720 744 1792 quidem
771 1710 1096 1791 difﬁcultas,
1131 1724 1335 1779 sublata
1368 1723 1714 1796 inscriptione
1742 1729 2020 1800 utriusque
2051 1731 2117 1785 li-

1573 289 2044 369 "DISSER'I'A'I'IO
2083 308 2174 372 DE
2213 298 2400 376 γεω
2438 314 2693 378 mare

525 412 681 472 Cultu
707 415 1032 488 feminarum.
1057 417 1163 477 Sed
1195 418 1296 478 iste
1335 419 1615 494 Rigaltius,
1646 439 1769 482 cum
1811 428 2011 498 potitus
2031 443 2120 486 es-
2148 432 2203 492 Δ

3723 332 3830 395 132

2462 435 2491 508 ς
2522 436 2576 494 6.
2602 467 2676 481 --
2709 420 3081 515 Anno'quidem
3114 442 3251 503 CCI.
3273 456 3363 504 aut
3385 447 3556 506 ceu.
3709 420 3714 425 ’

2299 569 2562 641 Quorsum
2592 575 2708 635 bare
2739 579 2953 638 omnia?
2992 581 3260 644 Nimirum
3292 597 3350 644 ut
3378 589 3739 664 intelligatur.
3775 592 3821 651 si

2231 675 2442 739 tempus
2491 671 2676 743 scripti
2724 674 3036 734 alterutrius
3084 680 3205 737 libri
3252 693 3496 753 constat,
3547 686 3827 760 utriusque

2228 768 2445 818 aetatem
2467 765 2714 836 reperiri.
2735 768 2908 836 Quam
2936 773 3005 828 ob
3026 789 3140 830 rem
3164 784 3224 831 ut
3250 779 3610 835 certissimam
3633 796 3828 853 sequa-

2229 869 2352 910 mur
2394 857 2514 929 ejus
2557 862 2817 932 temporis
2861 865 3306 937 significationem
3354 872 3408 927 in
3455 872 3609 929 libris
3655 874 3823 944 ipsis;

2229 958 2442 1005 utemur
2485 951 2916 1025 calamitatibus,
2963 961 3154 1032 quibus
3199 973 3310 1020 tum
3346 966 3620 1038 expositos
3659 967 3828 1026 fuisse

2228 1040 2552 1099 christianos
2575 1042 2928 1106 Tertullianus
2953 1053 3047 1120 ait,
3075 1070 3318 1128 quasque
3341 1068 3583 1131 tempore
3604 1076 3690 1129 eo,
3718 1077 3826 1133 quo

2230 1134 2456 1192 alterum
2483 1138 2547 1194 de
2567 1141 2870 1209 feminarum
2895 1148 3038 1202 cultu
3055 1148 3289 1206 libellum
3311 1165 3678 1224 componeret,
3710 1155 3827 1214 fere

2229 1224 2438 1323 initium
2487 1235 2785 1305 sumpsisse
2841 1240 3001 1296 verba
3053 1242 3243 1301 docent
3275 1245 3374 1316 (L.
3419 1246 3486 1304 ll.
3536 1264 3584 1306 c.
3633 1251 3721 1306 t3.
3755 1251 3823 1323 ):

2229 1317 2486 1393 Tempora
2554 1328 2845 1386 cftristianis
2897 1350 3127 1406 semper,
3173 1348 3220 1393 et
3277 1356 3411 1395 nunc
3459 1342 3537 1397 vel
3581 1345 3823 1413 maxime,

2228 1432 2332 1471 non
2364 1433 2494 1473 auro
2515 1459 2534 1486 ,
2567 1420 2657 1475 sed
2680 1423 2818 1493 ferro
2853 1427 3226 1500 transiguntur.
3259 1430 3426 1489 Stola:
3463 1438 3828 1507 martyriorum

2229 1521 2606 1578 praeparantur.
2630 1517 2766 1582 Quae
2785 1518 3002 1588 quidem
3033 1523 3256 1598 intelligi
3278 1524 3345 1583 de
3373 1529 3651 1598 superiore
3675 1531 3824 1587 chri-

2227 1603 2520 1661 Stianorum
2548 1611 2831 1667 vexatione
2859 1626 2889 1667 a
2917 1614 3072 1685 plebe
3095 1616 3234 1676 facta
3261 1631 3554 1692 mqueunt,
3575 1637 3826 1696 promer-

2226 1709 2287 1750 ea
2309 1738 2323 1764 ,
2357 1697 2500 1766 quod
2557 1699 2608 1755 in
2639 1703 2816 1772 priore
2847 1703 3006 1777 hujus
3033 1714 3333 1780 argumenti
3365 1713 3504 1771 libro
3529 1715 3600 1772 ad
3626 1716 3826 1776 librum

526 1789 606 1869 hri
635 1815 840 1871 diversa
865 1859 878 1882 ,
899 1829 960 1870 ac
990 1789 1308 1888 argumento
1342 1817 1457 1888 ejus
1481 1789 1718 1876 studiose
1747 1789 1994 1892 cognito,
2024 1823 2124 1878 mi-
2151 1811 2198 1872 Β
2226 1789 2288 1843 de
2326 1789 2645 1892 S""‘f’“‘“’i‘
2699 1811 2954 1869 Ρτθνοοίη
3003 1805 3215 1878 (ει-7-)-
3257 1807 3502 1880 Namque
3545 1826 3650 1884 ego
3691 1813 3827 1871 mihi

526 1921 644 1961 rum
677 1910 729 1963 in
760 1908 976 1964 modum
1016 1911 1308 1965 evanesL‘it.
1344 1910 1408 1966 Ut
1439 1913 1580 1966 enim
1622 1909 1977 1968 Tertullianus
2025 1917 2120 1971 Ita-

526 1999 693 2055 bitum
719 2001 928 2056 femina:
950 2002 1094 2058 cultu
1117 2013 1172 2059 et
1194 2013 1386 2059 ornatu
1407 2001 1550 2060 efﬁci
1576 2005 1805 2075 dixerat,
1830 2008 2121 2079 superioris

525 2093 679 2149 istius
718 2094 936 2164 generis
980 2096 1225 2167 exempla
1276 2107 1425 2167 putat
1465 2098 1722 2154 mundum
1772 2100 2117 2168 muliebrem,

523 2200 710 2241 aurum
733 2229 748 2256 ,
781 2198 1095 2259 argentum,
1127 2204 1389 2261 gemmas,
1418 2200 1616 2259 vestes,
1642 2201 1696 2249 ct
1723 2207 1843 2264 quae
1868 2203 1992 2250 sunt
2019 2210 2116 2266 ge-

524 2279 670 2335 neris
697 2281 976 2350 ejusdcm;
1010 2283 1320 2353 posterioris
1359 2299 1487 2340 vero
1521 2300 1705 2340 curam
1733 2287 1909 2356 capilli
1940 2297 1993 2343 et
2018 2302 2118 2342 cu-

524 2373 592 2432 tis
638 2384 691 2440 et
721 2390 905 2430 earum
952 2379 1181 2448 partium
1223 2379 1488 2451 corporis,
1519 2395 1661 2450 quae,
1695 2389 1752 2435 ut
1796 2382 1904 2448 ait,
1933 2381 2119 2436 oculos

525 2460 760 2517 trahunt.
824 2464 983 2534 Atqui
1036 2465 1089 2518 in
1143 2465 1307 2535 priori
1357 2465 1494 2522 libro
1544 2482 1776 2536 aurum,
1834 2479 2116 2540 argentum

525 2551 668 2625 (cap.
702 2554 804 2626 4.),
835 2570 1078 2626 gemmas
1117 2559 1192 2626 (c.
1225 2555 1329 2631 5.),
1360 2567 1538 2614 vestes
1568 2569 1858 2630 pertractat
1892 2565 1964 2634 (c.
1995 2562 2074 2635 7.)
2101 2579 2114 2630 ;

523 2646 578 2701 in
621 2647 904 2717 posteriori
933 2647 998 2704 de
1023 2649 1356 2704 observanda
1385 2650 1636 2720 pudicitia
1667 2652 1718 2707 in
1747 2653 1921 2708 cultus
1945 2664 1998 2709 et
2025 2671 2115 2711 or-

489 2745 494 2748 '
524 2747 682 2794 natus
711 2739 1047 2797 institutione
1077 2742 1188 2812 agit
1218 2741 1465 2799 universe
1493 2743 1634 2817 (cap.
1667 2747 1816 2817 t-5.),
1861 2746 2116 2820 deinceps

525 2829 593 2885 de
633 2832 813 2888 colore
858 2842 1282 2904 ornamentoque
1319 2835 1633 2906 capillorum
1657 2878 1670 2901 ,
1704 2852 2025 2910 omnemque
2056 2841 2120 2896 Ii-

527 2923 682 2978 hrum
734 2925 852 2980 ﬁnit
893 2928 1107 2982 monitis
1150 2928 1468 2999 quibusdam
1514 2930 1582 2985 de
1619 2939 1810 2987 ornatu
1852 2935 2119 3004 pudicitim

523 3016 773 3074 adverso.
801 3017 977 3087 Quare
1004 3023 1124 3076 eum
1170 3021 1222 3076 in
1265 3021 1356 3076 illo
1385 3022 1452 3079 de
1497 3023 1642 3080 cultu
1663 3067 1678 3094 ,
1710 3025 1762 3081 in
1795 3025 1898 3083 hoc
1926 3026 1995 3085 de
2026 3045 2117 3085 or-

523 3119 650 3165 natu
681 3109 998 3167 feminarum
1032 3115 1239 3184 egisse,
1268 3129 1331 3171 ac
1361 3127 1617 3188 tanquam
1649 3131 1830 3190 partes
1858 3131 2116 3194 utrosque

2228 1886 2552 1955 persuadere
2615 1891 2756 1948 haud
2809 1910 3063 1965 possunt,
3124 1898 3494 1959 Tertullianum
3565 1908 3820 1978 voluisse,

2227 1975 2370 2035 [nunc
2414 1984 2716 2056 excitando,
2768 2003 3006 2059 grmcum
3035 1992 3229 2050 similis
3275 1999 3576 2068 argumenti
3626 2001 3825 2059 librum

2224 2071 2561 2145 signiﬁcare,
2593 2081 2846 2150 quoniam
2881 2093 2934 2139 et
2973 2085 3197 2142 latinum
3243 2104 3419 2160 graeco
3458 2094 3818 2164 antiquiorem

2225 2180 2345 2221 esse
2371 2169 2702 2228 ostendimus
2735 2172 2796 2245 (ἓ
2828 2175 2964 2249 14.),
3014 2189 3068 2235 et
3113 2179 3213 2236 ista
3241 2180 3548 2240 Tertulliani
3573 2186 3821 2245 admoni-

2227 2260 2298 2316 tio
2319 2304 2332 2328 ,
2362 2279 2463 2334 qua
2492 2265 2618 2334 quid
2659 2283 2690 2322 a
2721 2269 2829 2324 Deo
2864 2287 2986 2328 csse
3020 2275 3188 2343 possit
3220 2281 3567 2348 pronuntiat,
3610 2283 3822 2340 tametsi

2224 2353 2342 2422 ejus
2368 2356 2442 2410 rei
2469 2356 2670 2415 abusus
2696 2361 2866 2417 Deum
2890 2379 2997 2420 non
3029 2365 3226 2423 habeat
3251 2380 3548 2440 auctorem,
3571 2373 3622 2428 in
3655 2373 3822 2431 latino

2225 2447 2287 2502 de
2318 2448 2635 2520 Spectaculis
2663 2455 2800 2511 libro
2827 2459 3047 2516 omnino
3069 2463 3302 2519 occurrit
3326 2465 3469 2538 (cap.
3499 2467 3600 2536 2.).
3630 2467 3823 2524 Enim-

2222 2553 2352 2596 vero
2375 2556 2494 2596 cunt
2527 2543 2590 2598 de
2612 2544 2931 2616 Spectaculis
2952 2552 3232 2621 scriberet,
3251 2555 3566 2624 jamdudum
3591 2561 3821 2616 summis

2221 2634 2378 2689 malis
2416 2635 2788 2710 alﬁigehantur
2835 2643 3153 2714 christiani,
3194 2647 3262 2715 de
3296 2648 3495 2721 quibus
3535 2667 3603 2709 ne
3646 2652 3820 2711 verbo

2220 2729 2437 2800 quidem
2468 2732 2520 2788 in
2551 2735 2651 2790 isto
2680 2737 2846 2806 priori
2875 2739 2936 2793 dc
2961 2737 3116 2796 Cultu
3141 2743 3456 2811 feminarum
3485 2746 3622 2803 libro
3644 2747 3821 2821 loqui-

2225 2831 2332 2889 tur,
2363 2835 2416 2878 et
2443 2832 2681 2897 tempore
2707 2831 3021 2898 posterioris
3046 2833 3208 2890 libelli
3235 2834 3414 2893 de'nuo
3437 2837 3818 2910 imminebant,

2223 2928 2387 2985 quare
2418 2932 2515 2972 nec
2543 2917 2608 2973 ad
2644 2920 2877 2990 priorem
2906 2923 3006 2980 sub
3031 2924 3219 2982 Severo
3250 2931 3598 2987 vexationem
3628 2932 3822 2991 referri

2221 3004 2274 3062 bi
2313 3009 2432 3066 libri
2467 3011 2572 3066 ullo
2625 3015 2784 3070 modo
2827 3028 3079 3088 possunt,
3119 3022 3214 3078 sed
3271 3023 3338 3080 ad
3386 3040 3585 3083 annum
3641 3029 3821 3098 potius

2219 3099 2421 3158 P.C.N.
2441 3103 2566 3161 CCI.
2589 3117 2681 3162 aut
2709 3107 2798 3176 11.;
2823 3112 2998 3182 prouti
3023 3114 3141 3184 quis
3163 3115 3295 3172 velit
3323 3118 3460 3174 mala
3486 3119 3822 3178 christiano-

524 3217 690 3258 unum
723 3203 916 3260 librum
945 3207 1290 3264 constituisse
1314 3209 1518 3265 clarum
1546 3220 1650 3267 est.
1683 3209 1814 3267 Nam
1837 3213 1979 3284 quod
2010 3213 2117 3270 Til-

2224 3211 2342 3252 rum
2375 3207 2482 3253 tum
2517 3212 2632 3257 orta
2651 3245 2666 3270 ,
2696 3205 2778 3259 vel
2808 3207 3168 3278 impendentia
3197 3213 3440 3269 credere.
3471 3212 3656 3286 Neque
3684 3230 3823 3273 vero

528 3295 798 3352 fcmontius
830 3299 903 3353 ait
933 3299 1229 3370 (Mc'moires
1260 3318 1390 3370 pour
1430 3305 1589 3357 servir
1632 3305 1665 3358 ὰ
1702 3303 1882 3362 [’Hist.
1913 3309 2116 3378 ecclés.,

481 3446 498 3465 ,
527 3398 656 3448 tam.
689 3390 775 3448 lII.
807 3409 858 3463 p.
891 3392 1016 3448 (362.
1047 3405 1160 3452 not.
1188 3393 1305 3468 12.)
1334 3396 1676 3453 manifestum
1699 3413 1841 3467 esse,
1863 3401 2003 3471 quod
2031 3403 2116 3458 isti

519 3482 627 3540 duo
659 3484 778 3540 libri
808 3486 1040 3556 separati
1083 3486 1318 3554 fuerint,
1349 3503 1448 3545 nec
1479 3488 1667 3546 referri
1700 3507 1835 3548 unus
1873 3493 1940 3548 ad
1979 3494 2119 3551 alte-

523 3591 640 3632 rum
669 3576 778 3632 ullo
807 3577 968 3634 modo
1004 3580 1212 3650 possit,
1242 3581 1292 3637 id
1324 3597 1456 3638 vero
1496 3583 1700 3640 facilius
1738 3586 1933 3643 dicitur
1960 3605 2118 3659 quam

524 3671 800 3742 probatur,
833 3680 981 3728 etne
1006 3671 1174 3729 refelli
1203 3675 1417 3745 quidem
1448 3676 1641 3746 debet;
1669 3687 1755 3735 est
1793 3680 1938 3737 enim
1971 3683 2122 3755 igno-

523 3765 714 3821 rantis.
747 3767 919 3837 Atque
947 3769 1108 3822 etiam
1142 3768 1240 3822 alia
1288 3781 1370 3824 est
1400 3769 1555 3826 istius
1600 3774 1882 3829 scntentim
1907 3785 2119 3833 nostra:

523 3860 798 3931 probatio;
826 3876 948 3915 nam
976 3861 1028 3916 in
1060 3865 1338 3933 posteriori
1374 3865 1961 3936 Iibro‘impendentium
1985 3871 2121 3928 chri-

531 3951 720 4006 stianis
773 3953 1032 4008 malorum
1083 3954 1222 4010 haud
1267 3955 1484 4012 dubiam
1535 3960 1859 4016 mentionem
1907 3962 2115 4034 injicit,

525 4059 751 4116 quorum
782 4047 832 4101 in
865 4047 1028 4118 priori
1056 4049 1198 4103 nulla
1229 4058 1312 4106 est
1339 4051 1676 4122 significatio.
1707 4052 1826 4109 Jam
1847 4055 1894 4111 si
1915 4073 2118 4114 rerum-

525 4153 592 4192 na
644 4149 754 4194 tum
804 4139 1028 4196 fuissent
1057 4140 1259 4209 affecti,
1305 4143 1584 4215 quomodo'
1627 4144 1970 4204 Tcrtullianus
1991 4154 2114 4207 abs~

525 4234 771 4290 tinuissct
799 4250 828 4289 a
855 4238 1323 4295 commemoranda
1356 4255 1417 4296 ea
1438 4284 1453 4309 ,
1506 4251 1565 4297 ut
1610 4242 1834 4300 feminis'
1865 4245 2119 4303 christia-

526 4328 612 4384 nis
643 4329 818 4384 luxum
847 4331 1212 4401 dissuaderet,
1245 4352 1365 4392 cum
1394 4353 1460 4393 eo
1487 4351 1802 4411 argumento
1826 4341 1959 4399 alias
2006 4342 2116 4401 fre-

527 4431 753 4495 quenter
783 4427 996 4481 utatur?
1022 4428 1127 4484 Sed
1155 4444 1272 4485 cum
1302 4431 1448 4502 prior
1489 4433 1593 4488 iSte
1620 4433 1829 4492 libellus
1851 4443 2119 4508 posterior

525 4517 598 4572 sit
627 4531 692 4572 eo
720 4520 783 4573 de
805 4519 1145 4588 Spectaculis,
1177 4525 1316 4595 quod
1343 4526 1594 4598 deinceps
1632 4532 1942 4602 apparebit;
1974 4533 2116 4590 dicat

529 4609 661 4664 mihi
710 4613 850 4681 quis,
881 4623 1059 4668 utrum
1114 4615 1167 4669 in
1218 4616 1310 4673 illo
1357 4634 1622 4691 quoquam
1669 4638 1846 4691 anno,
1895 4625 1985 4696 qui
2033 4626 2116 4682 ef-

529 4702 686 4758 ﬂuxit
715 4705 782 4759 ab
826 4719 912 4771 eo,
945 4721 1050 4776 quo
1093 4709 1347 4779 scriptum
1377 4711 1440 4767 de
1466 4714 1784 4784 Spectaculis
1815 4718 2006 4774 librum
2034 4719 2117 4774 di-

527 4797 706 4852 ximus
750 4794 817 4852 ad
865 4811 1063 4854 annum
1101 4799 1277 4869 CCII.,
1321 4818 1427 4872 quo
1464 4815 1654 4879 erepta:
1693 4817 1819 4865 sunt
1854 4811 2116 4870 adversus

527 4890 851 4950 christianos
900 4895 1224 4963 inimicitia,
1270 4912 1401 4969 pace
1441 4901 1715 4958 christiani
1752 4905 1834 4960 usi
1883 4905 2114 4978 fuerint,

526 4986 626 5039 nisi
661 4985 797 5042 forte
827 4989 891 5045 Α.
919 4987 1048 5048 CCI.
1089 4999 1181 5046 aut
1208 4989 1359 5048 CCII.
1393 4991 1632 5066 Namque
1663 5010 1694 5051 a
1735 4997 1907 5055 reditu
1940 4998 2115 5056 Severi

527 5095 594 5133 ex
623 5079 794 5137 Gallia
822 5083 888 5138 ad
919 5100 1116 5141 annum
1157 5085 1285 5143 CCI.
1317 5086 1484 5146 fuisse
1519 5090 1840 5148 christianos
1886 5096 2118 5154 maxime

528 5185 778 5243 vexatos,
809 5187 860 5234 et
891 5180 1022 5234 ordo
1054 5181 1310 5238 librorum
1335 5183 1493 5241 docet
1521 5200 1551 5241 a
1583 5187 1738 5243 nobis
1768 5187 1820 5243 in
1847 5192 2114 5261 superiori

529 5265 690 5338 hujus
717 5269 1088 5339 disputationis
1115 5284 1263 5343 parte
1284 5278 1626 5346 constitutus,
1649 5288 1704 5336 et
1734 5281 1952 5339 historia
1975 5301 2119 5342 mar-

531 5372 706 5434 tyrum
755 5362 1160 5446 _Scillitanorum
1203 5367 1314 5438 (V.
1363 5386 1483 5442 sup.
1527 5370 1698 5445 §6.).
1758 5374 1940 5446 Itaque
1987 5393 2108 5434 cum

527 5454 642 5509 fere
673 5443 795 5524 post
823 5465 1029 5526 partem
1075 5460 1201 5514 anni
1229 5459 1380 5516 CCII.
1431 5443 1665 5534 priorem
1711 5443 1913 5524 editum
1957 5469 2115 5528 fuerit

529 5547 704 5604 Severi
731 5548 998 5617 edictum,
1030 5561 1090 5608 ut
1130 5567 1228 5610 suo
1267 5555 1389 5612 loco
1429 5556 1763 5629 docebimus,
1813 5563 1900 5618 vix
1939 5575 2116 5636 potest

527 5644 678 5714 prior
703 5644 767 5700 de
793 5644 943 5701 Cultu
972 5649 1273 5717 feminarum
1300 5651 1509 5709 libellus
1531 5654 1706 5711 editus
1735 5656 1841 5713 alio
1873 5667 2113 5731 tempore

527 5737 654 5803 dici,
682 5739 782 5794 nisi
811 5755 877 5796 eo
905 5742 1035 5807 fere,
1065 5755 1172 5812 quo
1201 5744 1255 5801 in
1296 5744 1472 5805 lucem
1503 5749 1769 5819 posterior
1791 5749 1910 5823 ejus
1949 5766 2109 5828 arguo

529 5830 696 5888 menti
721 5830 857 5891 liber
879 5832 1112 5908 fprodiit.

2223 3299 2339 3357 est,
2368 3293 2509 3362 quod
2550 3293 2929 3354 Tillcmontium
2959 3301 3240 3360 audiamus
3279 3305 3589 3379 opinantem
3631 3307 3730 3378 (L.
3763 3323 3822 3366 c.

2223 3395 2277 3452 p.
2306 3382 2432 3440 210.
2467 3391 2582 3441 Art.
2608 3385 2744 3460 VL),
2777 3389 2995 3448 demum
3027 3405 3150 3465 post
3176 3411 3373 3455 annum
3405 3398 3578 3456 CCIII.
3609 3401 3817 3459 editum

2225 3491 2347 3533 esse
2392 3479 2582 3535 librum
2621 3483 2893 3554 priorem,
2928 3492 3283 3557 posteriorem
3315 3508 3445 3549 vero
3471 3495 3641 3551 multo
3668 3507 3818 3566 ante,

2224 3581 2276 3627 et
2302 3586 2444 3627 anno
2468 3573 2681 3644 quidem
2711 3575 2958 3634 CXCVII.
2985 3581 3117 3637 Nam
3141 3583 3196 3640 in
3229 3602 3294 3641 eo
3317 3585 3460 3656 loco,
3488 3605 3645 3660 quem
3669 3591 3828 3646 exci-

2227 3667 2356 3721 tavit
2383 3666 2464 3739 (l)
2490 3711 2504 3734 ,
2532 3685 2683 3739 asque
2707 3679 2884 3741 potest
2917 3671 3264 3747 Tertulliauus
3293 3682 3525 3751 priorem
3549 3683 3722 3738 Severi
3748 3700 3826 3742 ex

2223 3756 2438 3816 Parthia
2462 3762 2690 3820 reditum
2713 3775 2803 3820 aut
2831 3766 3150 3840 legationem
3173 3775 3461 3846 quamdam
3489 3777 3824 3836 Parthorum

2225 3850 2479 3910 habuisse
2507 3857 2560 3910 in
2585 3863 2764 3913 animo
2785 3903 2800 3928 ,
2824 3877 2982 3932 quam
3017 3863 3159 3919 illam
3192 3866 3259 3922 de
3289 3866 3501 3923 Parthis
3530 3869 3822 3927 victoriam

2225 3950 2596 4018 posteriorem.
2629 3954 2780 4021 Quod
2821 3972 2950 4012 vero
2990 3974 3233 4016 caussam
3275 3963 3505 4034 aliquam
3538 3981 3660 4022 esse
3689 3965 3832 4023 dicit

2225 4041 2504 4112 credendi,
2538 4046 2695 4102 istum
2725 4047 2950 4117 librum,
2981 4069 3138 4124 quem
3170 4071 3268 4112 nos
3295 4059 3647 4127 posteriorem
3677 4059 3823 4116 dici-

2223 4153 2374 4207 mus,
2409 4140 2579 4196 multo
2603 4154 2724 4199 ante
2752 4159 2872 4199 esse
2914 4147 3170 4218 scriptum
3193 4191 3208 4217 ,
3235 4167 3396 4222 quam
3435 4153 3664 4208 alterum
3693 4153 3820 4209 edi-

2221 4231 2395 4298 derit;
2437 4233 2505 4290 de
2533 4251 2629 4303 eo,
2671 4240 2920 4308 quoniam
2949 4239 3278 4301 Tillemontio
3318 4263 3422 4303 non
3460 4248 3660 4320 placuit
3692 4248 3824 4321 ejus

2221 4327 2489 4398 opinionis
2533 4330 2796 4388 rationem
2846 4336 3100 4405 reddere,
3149 4339 3306 4396 nobis
3346 4343 3582 4398 vicissim
3638 4343 3824 4414 placet

2223 4419 2424 4475 tamdiu
2462 4420 2708 4480 dubitare
2727 4465 2743 4492 ,
2776 4427 2953 4497 quoad
2982 4429 3097 4502 ejus
3125 4431 3336 4502 generis
3364 4432 3567 4506 aliquid
3607 4433 3812 4506 produ-

2225 4523 2370 4569 ctum
2400 4514 2468 4571 ah
2493 4517 2598 4572 alio
2625 4519 2856 4590 quodam
2884 4521 3198 4597 viderimus.
3231 4517 3233 4520 ⁴

2225 4628 2252 4701 §
2316 4630 2370 4686 7.
2410 4659 2481 4674 ——
2530 4631 2682 4690 Liber
2719 4635 2783 4692 de
2851 4635 3003 4712 Fuga
3048 4642 3101 4697 in
3145 4647 3489 4714 persecutione
3529 4648 3824 4705 vindicatur

2888 4733 2952 4788 Α.
2983 4733 3153 4791 CCII.

2296 4836 2485 4896 Eidem
2516 4845 2746 4914 tempori
2776 4861 2926 4903 suam
2953 4865 3168 4923 quoque
3195 4855 3456 4927 originem
3483 4858 3643 4916 debet
3672 4860 3818 4918 liber

2223 4927 2290 4986 de
2321 4931 2465 5004 Fuga
2504 4935 2555 4990 in
2590 4942 2982 5007 persecutione.
3024 4943 3178 5013 Quod
3206 4962 3576 5020 argumentum
3609 4955 3719 5024 jam
3753 4956 3817 5012 in

2223 5022 2313 5080 illo
2335 5027 2398 5081 de
2414 5027 2612 5085 Corona
2629 5033 2761 5089 alias
2783 5033 3160 5107 disputandum
3189 5045 3508 5112 promiserat
3528 5022 3666 5120 (cap.
3701 5048 3780 5122 I.)
3803 5068 3823 5107 :

2222 5118 2376 5190 cujus
2408 5122 2510 5178 loci
2553 5127 2714 5182 verba
2754 5132 2964 5186 tametsi
3015 5133 3083 5188 ad
3133 5134 3446 5209 Srorpiacen
3477 5118 3651 5212 potius
3676 5118 3828 5200 non-

2227 5215 2358 5270 nulli
2405 5217 2683 5275 referenda
2730 5227 3063 5293 putaverint,
3096 5240 3178 5287 est
3213 5241 3390 5291 tamen
3441 5236 3673 5307 jamaliis
3714 5239 3824 5295 oh-

2225 5319 2526 5377 scrvatum,
2579 5314 2721 5382 quod
2776 5316 2996 5391 intelligi
3061 5320 3176 5380 haec
3224 5327 3436 5396 quidem
3489 5347 3594 5387 non
3645 5333 3821 5402 possit

2226 5411 2530 5472 propterea,
2585 5407 2727 5476 quod
2775 5425 2892 5466 eam
2922 5412 3208 5483 haereticis,
3258 5420 3354 5476 sed
3401 5422 3543 5478 illam
3576 5424 3641 5480 de
3660 5423 3818 5498 Fuga

2223 5498 2726 5558 commentationem
2755 5504 3026 5564 timiditati
3048 5525 3235 5568 eorum
3253 5517 3520 5587 opposuit,
3540 5519 3627 5590 qui
3649 5528 3806 5576 erant

2563 5681 2601 5732 Ι.
2665 5687 3198 5758 ὀηϐτωϐρίηῐηᾳωηι
3259 5707 3458 5758 quoque
3501 5699 3817 5754 nobilitatem

2443 5746 2612 5823 horna;
2623 5811 2634 5823 Δ
2645 5747 2712 5823 de
2735 5747 2924 5801 fastidio
2949 5741 3240 5806 Parthorum
3265 5741 3325 5807 ἓξ
3333 5741 3816 5823 'ii'éaoﬁiai;

2219 5815 2489 5919 minque
2519 5807 2778 5874 gentilium
2806 5824 3008 5870 suorum
3041 5829 3206 5874 coram
3240 5807 3820 5888 maestissima;-
