4084 6344
285 337 398 400 I38

1219 344 1308 402 AC
1348 337 1689 402 DOCTRINA
1728 335 2164 401 SCRIPTORUM
2204 339 2701 403 TERTULLIANI.

3487 345 3593 409 154

285 461 422 516 socii
449 459 762 518 orthodoxae
783 459 1066 519 Ecclesize.
1092 459 1267 533 Igitur
1291 471 1533 532 apparet,
1561 459 1800 517 libellum
1823 457 1891 514 de
1919 458 1972 519 Λ
1999 458 2210 514 veritati
2237 469 2658 517 consentaneum
2683 459 2856 519 videri
2884 457 3012 522 illud
3035 505 3050 534 ,
3091 465 3236 539 quod
3277 467 3593 543 Scorpiacen

286 550 440 624 Fuga
473 554 689 610 demum
720 564 843 626 post
869 555 908 610 Α
935 551 1111 613 CCLa
1136 554 1454 612 Tertulliaao
1481 555 1682 612 editum
1706 555 1892 611 fuisse.

281 646 475 717 Atque
513 662 616 718 ego
648 647 828 703 nullus
864 647 1051 704 dubito
1087 664 1211 704 eum
1244 648 1439 705 librum
1480 665 1621 704 anno
1650 648 1894 719 sequenti

287 740 601 798 vindicare.
637 741 896 814 Equidem
927 743 1026 798 ista
1057 743 1276 799 lenitate
1311 758 1373 800 ac
1403 743 1662 798 modestia
1690 741 1896 797 Tertul-

286 833 420 888 liani
456 850 562 890 non
595 845 714 890 utar
735 879 749 901 ,
773 853 893 908 qua:
934 836 1110 892 notari
1151 844 1390 892 meretur
1418 837 1470 892 in
1501 836 1670 903 libro,
1703 837 1754 890 in
1787 850 1895 907 quo

278 930 652 999 qumstiuncm
681 933 864 1002 ponit,
894 947 1015 1003 qua:
1043 931 1396 987 Moulanistas
1424 932 1708 1002 separabat
1735 947 1764 986 a
1791 947 1894 1003 pu-

273 1021 424 1076 riori
457 1022 719 1085 Ecclesia,
739 1023 936 1094 quibus
955 1033 1134 1079 tamen
1160 1039 1280 1078 eum
1305 1020 1414 1079 ttim
1443 1023 1607 1079 fuisse
1623 1023 1893 1078 addictum

283 1128 459 1170 nemo
487 1116 753 1171 dubitabit
779 1115 858 1190 (l)
883 1133 897 1181 ;
929 1117 1111 1173 dicere
1137 1120 1282 1172 enim
1307 1118 1426 1188 quis
1453 1125 1663 1188 posset,
1696 1117 1898 1171 Tertulc

281 1206 490 1261 (ianum
513 1250 529 1273 ,
560 1222 681 1264 cum
723 1208 788 1264 ad
825 1223 949 1265 eum
979 1211 1077 1265 ista
1115 1208 1502 1280 perscriberet,
1541 1209 1631 1280 qui
1662 1209 1835 1265 Stabat
1865 1223 1895 1265 a

281 1298 543 1369 partibus
567 1299 1013 1369 ortltodoxorum,
1037 1316 1096 1357 se
1123 1302 1337 1373 quidem
1363 1311 1691 1372 temperasse
1719 1317 1748 1356 a
1778 1317 1896 1356 vcr-

283 1389 375 1446 bis
419 1391 781 1448 durioribus?
808 1392 949 1449 Sane
996 1394 1211 1465 gravius
1255 1393 1471 1465 aliquod
1522 1402 1893 1464 argumentum

283 1485 535 1556 positum
556 1495 638 1541 est
663 1486 714 1541 in
740 1502 804 1543 eo
826 1486 994 1558 quod,
1014 1502 1134 1543 cum
1164 1495 1404 1544 nostrum
1429 1487 1665 1544 libellum
1688 1487 1892 1555 ederet,

276 1578 398 1650 jam
453 1581 688 1650 coepisse
729 1581 982 1652 quaedam
1037 1581 1294 1638 adversus
1336 1581 1660 1637 christianos
1699 1581 1894 1652 ﬂagitia

283 1670 516 1727 dixerit.
566 1672 638 1727 Ita
681 1674 823 1729 enim
872 1673 1124 1729 orditur:
1170 1674 1407 1742 Quaesisti
1453 1674 1715 1743 proxime,
1765 1671 1898 1726 Fabi

286 1766 492 1837 frater,
558 1765 856 1837 fugiendum
889 1831 893 1834 η
923 1781 1080 1821 necne
1131 1767 1194 1821 sit
1249 1767 1302 1820 in
1338 1767 1714 1838 persecutione,
1760 1765 1896 1836 quod

280 1835 465 1914 stest-io
504 1835 630 1930 quid
661 1861 1065 1915 amttttttiaretur.
1096 1860 1164 1915 Et
1203 1835 1362 1931 paulo
1389 1871 1510 1931 post
1539 1877 1550 1913 :
1583 1860 1714 1915 hanc
1739 1835 1898 1914 mate-
1923 1835 1975 1898 Β

281 1953 424 2006 riam
456 1963 504 2007 et
537 1962 623 2007 tua
653 1955 955 2009 consultatio
985 1955 1353 2009 commendauit
1378 1962 1424 2008 ct
1451 1954 1678 2008 conditio
1705 1963 1898 2025 tempo-

283 2063 412 2100 rum
433 2063 530 2100 suo
550 2048 662 2118 jam
690 2049 892 2102 nomine
917 2049 1164 2119 injunan't.
1193 2047 1399 2115 Quanto
1425 2047 1557 2101 enim
1587 2047 1900 2118 frequentio-

197 2201 206 2209 ν
283 2155 372 2194 res
391 2141 656 2194 imminent
679 2142 1067 2213 persecutiones,
1084 2150 1224 2196 tanto
1244 2140 1552 2197 examinatio
1573 2143 1896 2213 procuranda

286 2243 366 2290 est
392 2276 407 2297 ,
452 2235 705 2303 quomodo
778 2252 862 2291 eas
909 2237 1138 2306 accipere
1184 2236 1312 2306 fides
1359 2231 1554 2291 debeat.
1620 2234 1892 2308 Denique:

292 2327 428 2382 Hec
455 2329 604 2398 palea
631 2330 742 2398 illa,
775 2345 888 2402 qna:
937 2339 984 2384 et
1032 2345 1165 2385 nunc
1213 2329 1522 2384 dominicam
1550 2345 1722 2384 aream
1773 2346 1898 2400 pur-

287 2433 400 2494 gat,
418 2422 704 2479 Ecclesium
725 2426 936 2490 scilicet,
955 2428 1222 2496 confusum
1243 2439 1475 2480 acervum
1497 2425 1727 2495 ﬁdelium
1746 2441 1897 2481 even-

288 2517 476 2581 tilans,
502 2517 807 2584 {natantum
833 2531 1138 2590 martyrum,
1167 2528 1216 2575 et
1243 2518 1415 2588 paleas
1441 2528 1761 2590 negaturum.
1789 2518 1898 2576 Sed

291 2625 551 2682 quanam
576 2610 661 2666 hic
686 2610 1032 2682 intelligenda
1061 2611 1131 2666 sit
1157 2609 1466 2666 christiana:
1490 2609 1709 2666 familia:
1737 2626 1900 2667 vexa-

301 2705 408 2771 tio,
441 2706 703 2762 neminem
734 2705 920 2777 fugere
948 2713 1158 2776 potest,
1187 2707 1277 2775 qui
1299 2707 1635 2776 superiorem
1660 2706 1802 2761 illam
1831 2707 1894 2760 Α.

287 2796 553 2854 CXCVII.
582 2841 597 2865 ,
630 2800 990 2869 posteriorem
1021 2802 1086 2854 Α.
1113 2797 1268 2854 CCII.
1296 2800 1584 2870 contigisse
1605 2840 1620 2866 ,
1653 2809 1896 2855 nostrum

288 2904 425 2944 vero
450 2889 696 2946 libellum
725 2905 845 2964 post
867 2892 1152 2962 opiniones
1173 2891 1613 2964 Mqutauistarum
1640 2906 1669 2947 a
1691 2890 1899 2946 Tertul-

283 2983 444 3038 liano
477 2995 753 3055 susceptas
793 2985 1054 3054 scriptum
1085 2999 1205 3040 esse
1233 2984 1695 3040 animadverterit.
1738 2985 1902 3056 Igitur

286 3077 359 3132 ad
390 3079 560 3134 tinem
593 3077 702 3135 fere
727 3079 792 3134 A.
819 3077 970 3134 CCII.
1001 3078 1198 3134 editam
1220 3093 1341 3134 esse
1372 3080 1507 3134 banc
1533 3078 1600 3134 de
1627 3077 1770 3149 Fuga
1792 3079 1900 3133 dis-

1999 563 2142 605 anno
2180 549 2395 607 demum
2422 551 2647 610 CCVIII.
2684 563 2776 611 aut
2811 564 2997 626 postea
3029 557 3286 618 ediderit.
3329 549 3435 620 Sed
3468 579 3593 622 cum

1999 654 2214 712 semper
2253 645 2520 714 requiram
2545 687 2560 713 ,
2616 646 2744 718 quid
2791 648 2864 706 sit
2917 649 2968 704 in
3007 665 3222 725 quaque
3259 670 3319 712 re
3359 657 3592 716 maxime

1998 733 2307 805 probabile,
2340 735 2442 792 hoc
2466 737 2517 792 in
2549 748 2866 809 argumento
2895 751 3092 814 quanta
3119 745 3199 801 vis
3228 746 3383 811 insit,
3419 750 3595 820 placet

1997 827 2231 896 quodam
2259 828 2418 884 modo
2443 831 2770 902 expendere.
2802 831 2933 889 Cum
2965 833 3310 894 Tertullianus
3333 841 3593 900 adversus

2003 921 2318 978 Marciorum
2347 923 2541 980 librum
2567 926 2796 995 primum
2818 969 2832 995 ,
2864 943 3025 1000 quem
3054 935 3399 1003 superstitem
3429 934 3594 994 babe-

1999 1029 2153 1082 mus,
2185 1027 2564 1088 componeret,
2606 1017 2713 1090 jam
2743 1020 2960 1091 quidem
2988 1022 3087 1092 ipsi
3115 1039 3172 1080 se
3198 1027 3481 1082 scribendo
3513 1029 3593 1085 bis

1998 1121 2345 1179 opposuerat,
2375 1111 2469 1166 sed
2500 1127 2658 1168 unam
2687 1112 2874 1169 harum
2899 1121 3441 1188 conuuentationum,
3470 1137 3590 1178 cum

2001 1210 2189 1272 postea
2220 1197 2513 1273 pleniorem
2534 1203 2602 1262 de
2629 1221 2691 1261 ea
2715 1222 2774 1262 re
2805 1206 3222 1278 disputationem
3253 1211 3590 1277 instituisset,

2002 1294 2220 1350 rescidit
2243 1338 2258 1363 ,
2289 1297 2511 1352 alterum
2553 1299 2732 1354 amisit
2773 1299 2960 1355 fraude
2989 1303 3268 1371 cujusdam
3292 1348 3304 1370 ,
3351 1308 3440 1375 qui
3473 1322 3592 1362 eam

2000 1389 2327 1460 descriptam
2355 1406 2476 1447 eum
2504 1393 2638 1449 aliis
2679 1394 3185 1452 communicaverat.
3218 1397 3387 1469 llujus
3411 1400 3593 1455 damni

1999 1483 2324 1539 resarcicndi
2343 1499 2504 1540 causa
2521 1500 2616 1540 eos
2642 1503 2781 1542 nunc
2801 1487 3059 1545 adversus
3093 1489 3405 1548 Marcionetn
3428 1495 3593 1550 libros

1999 1577 2317 1645 superstites
2339 1578 2653 1642 elaboravit,
2676 1590 2727 1636 et
2756 1583 2986 1652 primum
3008 1585 3222 1654 quidem
3247 1603 3388 1642 anno
3412 1589 3589 1644 Severi

1999 1664 2145 1737 Imp.
2177 1667 2293 1723 XV.
2316 1711 2330 1736 ,
2362 1678 2420 1724 ut
2447 1669 2564 1741 ipse
2594 1671 2788 1729 fatetur
2815 1674 2866 1730 in
2897 1691 2965 1730 eo
2991 1676 3128 1732 libro
3157 1676 3230 1751 (c.
3259 1677 3374 1752 I5.)
3406 1681 3458 1737 iu
3485 1699 3592 1752 quo

2002 1760 2070 1816 de
2098 1762 2184 1830 iis,
2205 1777 2326 1834 qua:
2351 1763 2511 1820 modo
2530 1764 2786 1835 diximus,
2810 1771 3057 1840 exposuit
3083 1773 3158 1842 (c.
3185 1771 3284 1846 1.).
3316 1775 3446 1842 Qua:
3472 1791 3594 1832 cum

2002 1856 2184 1913 animo
2203 1859 2456 1929 cogitem,
2483 1860 2705 1917 dubium
2739 1863 2980 1934 profecto
3008 1865 3238 1936 videtur,
3264 1880 3440 1926 utrum
3465 1869 3597 1925 Ter-

2004 1949 2250 2005 tullianus
2289 1951 2340 2005 in
2372 1950 2510 2007 libro
2533 1994 2548 2019 ,
2579 1969 2737 2023 quem
2775 1954 3085 2027 Scorpiacen
3127 1960 3452 2030 appellavit,
3499 1976 3594 2018 eos

2001 2043 2301 2112 respexerit
2340 2043 2601 2102 adversus
2631 2061 2752 2102 eum
2793 2047 2990 2118 libros,
3015 2051 3107 2120 qui
3147 2051 3213 2106 ad
3253 2063 3464 2110 (etatem
3497 2069 3596 2110 no-

2000 2145 2166 2190 stram
2189 2149 2297 2190 non
2324 2148 2705 2207 pervenerunt,
2730 2154 2796 2196 an
2825 2155 2920 2196 eos
2945 2144 3146 2212 potius,
3170 2159 3305 2216 quos
3328 2147 3594 2217 supersti-

2003 2235 2085 2282 tes
2104 2243 2226 2284 esse
2241 2230 2520 2298 novimus;
2552 2241 2710 2288 erant
2734 2234 2879 2290 enim
2909 2235 2988 2291 illi
3007 2235 3250 2307 ejusdem
3269 2241 3590 2310 argumenti.

2002 2319 2118 2375 lam
2157 2335 2258 2392 ego
2298 2336 2402 2377 non
2441 2322 2686 2393 disputo,
2727 2326 2854 2397 quid
2900 2328 2971 2382 sit
3015 2343 3080 2384 ex
3126 2329 3206 2384 bis
3252 2331 3589 2402 eligendum;

2001 2413 2143 2485 quod
2170 2415 2448 2486 apparebit
2473 2430 2571 2472 suo
2604 2417 2766 2483 loco;
2807 2419 2902 2476 sed
2932 2420 2983 2474 id
3011 2421 3224 2492 quidem
3257 2423 3597 2480 manifestum

2004 2521 2124 2562 esse
2151 2522 2340 2563 omnes
2366 2507 2581 2576 vident,
2610 2510 2752 2581 quod
2779 2510 2940 2567 dubia
2969 2514 3039 2568 sit
3065 2515 3163 2568 ista
3187 2517 3594 2586 argumentandi

2005 2601 2144 2656 ratio
2169 2617 2356 2658 corttm
2385 2645 2398 2669 ,
2426 2605 2516 2674 qui
2547 2619 2706 2659 secus
2739 2605 3016 2675 sentiunt,
3059 2617 3114 2662 et
3146 2622 3331 2679 parum
3365 2610 3597 2680 prmsidii

2004 2693 2245 2750 inveniat
2283 2699 2336 2750 in
2367 2707 2683 2766 argumento
2709 2711 2808 2764 eo,
2846 2699 2988 2770 quod
3027 2715 3091 2756 ex
3136 2700 3270 2758 facta
3311 2702 3409 2757 ista
3441 2718 3594 2758 eum.

2005 2791 2394 2849 memoratione
2444 2803 2626 2864 posset
2676 2793 2743 2849 ad
2795 2793 2990 2850 librum
3039 2809 3182 2852 anno
3237 2795 3462 2852 CCVIII.
3506 2807 3598 2853 aut

2005 2883 2354 2952 sequentibus
2396 2884 2774 2941 vindicandum
2815 2885 2956 2941 duci.
2999 2885 3181 2958 Neque
3221 2887 3431 2954 obstat,
3464 2904 3598 2960 quo-

2005 2975 2183 3030 minus
2214 2976 2314 3032 ista
2353 2976 2422 3033 de
2463 2992 2522 3034 re
2557 2977 2903 3047 dubitemus,
2942 2978 3248 3047 Ilo/futattni
3294 2984 3596 3052 reSpttnsio,

2004 3088 2107 3144 qua
2143 3073 2520 3130 Tillemontiutn
2548 3074 2633 3132 hic
2674 3076 2972 3148 prudenter
3002 3077 3335 3134 haesitantem
3363 3080 3596 3149 excepit.
3664 3111 3667 3114 -

288 3173 635 3242 putationem
666 3171 898 3228 dicimus
943 3171 1180 3228 maxime
1225 3183 1507 3244 propterea
1531 3215 1546 3241 ,
1577 3173 1720 3244 quod
1758 3185 1900 3227 anno
1925 3210 1970 3275 Ο
2011 3183 2030 3217 ι
2055 3165 2315 3275 Primum,
2345 3167 2533 3239 inquit,
2555 3167 2807 3272 (ἥδε-ἐὴ.
2827 3167 2866 3275 I§
2889 3167 2974 3223 H-
3005 3183 3058 3271 ΡΣ
3106 3168 3198 3224 Ην
3228 3171 3548 3275 ορυεοξιὶιυῖη
3579 3214 3592 3238 ν

289 3266 598 3338 incipiente
637 3265 855 3322 Severus
895 3266 1072 3323 adhuc
1117 3269 1274 3323 fuerit
1326 3268 1378 3322 in
1421 3267 1573 3339 Syria
1616 3275 1893 3333 versatus;

287 3361 442 3417 unde
471 3361 560 3416 vix
583 3361 685 3417 dici
711 3369 886 3432 potest
904 3371 1027 3418 ante
1053 3363 1348 3418 confectam
1379 3361 1609 3416 mediam
1631 3361 1748 3431 ejus
1770 3359 1897 3416 anni

287 3463 508 3526 partem
533 3466 686 3509 suam
718 3453 975 3510 adversus
999 3453 1320 3510 christianos
1345 3453 1518 3525 legem
1547 3452 1756 3509 tulisse.

295 3590 331 3664 ᾗ
358 3590 418 3646 8.
460 3621 528 3632 --
574 3589 916 3648 Examinatur
966 3595 1230 3666 popularis
1257 3586 1502 3650 sententia
1518 3595 1581 3650 de
1600 3594 1729 3650 libro
1749 3593 1901 3652 Scor-

374 3684 531 3755 piace
571 3685 714 3741 libris
755 3685 1061 3742 Tertulliani
1109 3689 1178 3742 ad
1223 3687 1540 3743 Marcionem
1590 3693 1898 3759 posteriore,

375 3776 537 3848 deque
561 3777 671 3847 ejus
691 3777 934 3835 adversus
958 3780 1091 3835 hunc
1117 3779 1259 3834 libris
1285 3780 1562 3850 depcrditis
1583 3780 1896 3852 disputatur.

374 3913 532 3970 Nunc
568 3915 876 3972 accedimus
919 3917 986 3972 ad
1017 3915 1322 3972 Tertulliani
1353 3916 1665 3989 Scorpiacen
1686 3960 1699 3982 ,
1743 3934 1901 3990 quam

293 4009 524 4081 quidem
549 4025 690 4067 anno
711 4010 890 4067 CCIV.
921 4027 1163 4069 asserere
1189 4013 1412 4084 ejusque
1434 4013 1713 4068 sententia:
1743 4015 1906 4068 ratio-

292 4121 428 4161 nem
467 4104 698 4163 reddere
735 4105 1091 4162 decrevimus.
1132 4107 1286 4176 Quod
1317 4121 1452 4178 opus
1477 4122 1599 4163 eum
1627 4108 1905 4178 aggredia-

292 4213 462 4267 mur,
497 4212 605 4254 non
629 4199 932 4256 dubitamus
962 4199 1075 4256 lore
1107 4200 1422 4272 plerosque,
1467 4202 1556 4272 qui
1587 4201 1743 4256 istam
1773 4216 1902 4257 sen—

297 4293 536 4348 tentiam
586 4302 824 4350 nostram
874 4295 1093 4351 minime
1147 4293 1471 4351 audiendam
1527 4310 1650 4352 esse
1703 4295 1901 4351 dicant.

300 4387 519 4443 Etenim
554 4397 660 4444 stat
705 4388 815 4445 fere
842 4390 1125 4455 omnibus,
1162 4405 1297 4461 quos
1325 4390 1424 4445 ista
1467 4388 1535 4446 de
1562 4406 1622 4446 re
1659 4391 1907 4445 novimus

301 4480 647 4552 disputantes
667 4523 681 4548 ,
715 4481 1030 4554 Scorpiacen
1062 4480 1369 4538 Tertulliani
1404 4497 1526 4538 esse
1557 4483 1904 4555 perscriptam

2007 3267 2063 3312 ut
2091 3258 2252 3322 exife,
2283 3259 2398 3330 ipse
2429 3261 2760 3331 suppressit,
2791 3261 3018 3316 alterum
3044 3260 3214 3317 invito
3247 3260 3594 3328 Tertulliano,

2001 3363 2125 3405 eum
2153 3349 2331 3406 adhuc
2361 3350 2492 3407 rude
2538 3366 2638 3408 nec
2673 3352 2804 3408 satis
2841 3353 3169 3408 exasciatum
3196 3363 3376 3422 esset,
3412 3353 3598 3411 fraude

2002 3441 2226 3498 alterius
2255 3443 2526 3514 vulgatum
2547 3486 2562 3506 .
2594 3459 2695 3499 nec
2734 3459 2763 3498 a
2795 3443 3048 3516 Septimio
3077 3445 3312 3516 agnitum
3345 3456 3454 3510 cst;
3492 3455 3600 3502 ter-

2005 3536 2137 3592 tium
2179 3552 2285 3592 non
2318 3547 2485 3592 extat.
2515 3537 2632 3594 Jam
2666 3554 2786 3594 cum
2816 3540 2902 3594 vix
2942 3541 3235 3598 verisimile
3265 3543 3368 3608 sit,
3404 3559 3600 3614 provo-

2002 3643 2157 3685 casse
2182 3628 2558 3685 Tertullianum
2581 3631 2646 3687 ad
2670 3647 2785 3687 cam
2809 3635 3192 3690 controversia:
3214 3636 3599 3692 marciouiticre

2007 3723 2422 3792 tractationem,
2464 3740 2624 3796 quam
2668 3726 2780 3795 ipse
2835 3727 3136 3797 suppressit
3183 3729 3267 3784 vel
3326 3745 3598 3800 nunquam

2007 3816 2243 3887 agnovit,
2275 3826 2523 3887 superest
2545 3809 2568 3883 ,’
2592 3829 2649 3871 ιιι
2676 3818 3042 3889 intelligantur
3073 3819 3213 3888 libri,
3247 3821 3337 3892 qui
3366 3837 3507 3877 nunc
3547 3823 3598 3878 in

2007 3909 2257 3967 manibus
2287 3911 2489 3966 nostris
2517 3920 2658 3966 sunt.
2686 3931 2705 3964 ›
2750 3913 2926 3981 Atque
2955 3910 3042 3968 hic
3071 3914 3286 3983 quidem
3317 3932 3422 3970 non
3457 3915 3604 3972 lubet

2008 4001 2194 4058 multis
2239 4013 2430 4058 notare
2472 4018 2571 4071 ea,
2619 4020 2736 4075 qua:
2777 4003 2846 4060 de
2886 4009 3056 4060 altera
3100 4006 3254 4062 istius
3302 4011 3602 4079 argumenti

2009 4096 2464 4152 commentatione
2490 4094 2836 4164 Ilo/fmannus
2864 4114 2970 4152 non
2997 4101 3130 4156 satis
3151 4111 3399 4157 accurate
3425 4103 3607 4173 diSpu-

2012 4200 2107 4258 tat,
2133 4191 2285 4262 quasi
2309 4206 2392 4257 ea,
2417 4208 2538 4248 cum
2562 4193 2832 4261 ederetur,
2855 4209 2953 4250 nec
2977 4195 3107 4250 satis
3127 4196 3398 4252 elaborata
3423 4199 3604 4264 fuerit,

2009 4299 2111 4340 nec
2137 4300 2165 4340 a
2191 4283 2445 4356 Septimio
2475 4286 2674 4356 agnita.
2700 4286 2812 4342 Hoc
2836 4297 2983 4343 certe
3010 4305 3114 4343 non
3137 4291 3307 4360 capio,
3336 4291 3608 4362 quomodo

2012 4378 2186 4448 possit
2207 4376 2258 4432 id
2281 4393 2312 4432 e
2334 4377 2636 4433 Tertulliani
2658 4379 2837 4434 verbis
2855 4379 3100 4451 intelligi,
3121 4383 3210 4452 qui
3238 4383 3370 4438 hanc
3388 4399 3606 4455 quoque,

2013 4469 2219 4540 inquit,
2253 4469 2480 4524 nondum
2506 4471 2832 4540 exemplariis
2859 4471 3125 4539 suffectum
3147 4473 3226 4542 (lt.
3259 4489 3336 4541 e.,
3370 4475 3606 4532 nondum

309 4583 438 4646 post
477 4571 652 4630 editos
679 4573 895 4631 demum
929 4574 1094 4630 libros
1115 4616 1131 4639 ,
1173 4575 1262 4646 qui
1308 4573 1564 4639 adversus
1596 4573 1902 4630 Marcionem

2015 4560 2257 4630 pluribus
2284 4561 2559 4617 codicibus
2581 4561 3058 4635 descriptam),sed
3086 4581 3185 4620 uno
3215 4576 3409 4620 (mttunt
3441 4566 3607 4639 (quod

312 4674 512 4722 nostro
543 4665 715 4722 adhuc
747 4676 986 4738 tempore
1016 4665 1302 4722 habentur.
1343 4665 1508 4738 quue
1533 4666 1780 4723 videntur
1807 4666 1910 4724 sibi

319 4767 386 4815 ut
428 4759 798 4830 praescriptum
835 4770 890 4815 et
931 4759 1082 4830 quasi
1125 4759 1442 4830 imperatum
1474 4758 1765 4816 defendere
1795 4775 1912 4816 eam

318 4853 396 4908 ob
423 4866 694 4919 caussam,
725 4852 864 4924 quod
895 4853 947 4908 in
973 4854 1155 4925 quinta
1180 4851 1480 4924 Scorpiaces
1508 4852 1748 4910 sectione
1778 4852 1917 4909 Mar-

300 4927 556 5003 .cionitas
581 4948 656 5002 ait
683 4947 937 5004 didicisse
965 4963 994 5002 a
1021 4963 1118 5016 se,
1148 4947 1316 5003 Deum
1348 4963 1500 5003 suum
1529 4961 1649 5005 esse
1690 4947 1911 5016 bonum,

302 5056 478 5114 quam
505 5056 614 5097 rem
636 5051 783 5097 certe
812 5041 864 5096 in
891 5041 1065 5112 primo
1089 5040 1366 5112 alteroque
1388 5049 1574 5096 contra
1599 5037 1654 5094 Μ
1660 5042 1914 5095 arcionem

306 5134 467 5190 libro
494 5149 558 5188 ex
590 5133 834 5189 instituto
861 5133 1174 5205 diSputavit.
1221 5135 1393 5205 Atque
1427 5149 1526 5204 ego
1554 5149 1659 5190 non
1689 5134 1909 5204 ignoro,

309 5225 491 5282 libros
511 5226 770 5283 adversus
788 5226 1126 5290 Marcionem,
1144 5225 1374 5297 primum
1397 5227 1607 5294 saltem,
1630 5227 1695 5284 A.
1711 5225 1933 5283 CCVII.-

308 5327 412 5377 aut
440 5318 669 5376 CCVIII.
700 5320 907 5377 editum
935 5333 966 5375 a
1001 5317 1320 5376 Tertulliano
1353 5319 1554 5390 fuisse,
1603 5319 1831 5391 ideoque
1861 5327 1917 5376 et

376 5497 450 5566 (Ι)
485 5497 791 5563 Argumenta
848 5511 968 5566 esse
1006 5502 1180 5566 potest
1213 5497 1459 5566 Paracleti
1511 5497 1916 5566 liontanistarum

303 5562 726 5629 commemoratio,
749 5562 1034 5629 quemdic'tt
1063 5576 1159 5612 non
1184 5564 1333 5629 recipi
1351 5564 1413 5629 ab
1431 5563 1506 5629 iis,
1525 5565 1587 5629 ad
1612 5577 1736 5629 quos
1761 5571 1915 5615 trater

303 5625 399 5693 ille
457 5627 738 5690 pertinebat
754 5624 823 5693 ,ζ
837 5627 915 5676 cui
983 5624 1163 5693 librum
1191 5689 1200 5693 Α
1227 5624 1470 5693 inscripsit
1492 5627 1530 5693 Δ(
1559 5643 1602 5677 c.
1630 5624 1697 5693 :I.
1725 5628 1771 5693 );
1816 5629 1916 5693 sply

304 5688 715 5756 ritns'pra-terea
750 5688 1050 5756 ell'atum__ad
1089 5688 1421 5739 testimouium
1459 5688 1585 5756 citat
1621 5688 1796 5756 (cap._
1821 5688 1916 5756 εξ.)

301 5752 442 5816 quod
473 5750 598 5816 cum
624 5752 672 5801 in
711 5750 1092 5816 sacro_codice‘
1125 5762 1220 5800 non
1259 5759 1514 5816 occurrat,
1572 5752 1702 5816 haud
1727 5750 1738 5753 ⁷
1767 5750 1919 5804 dubie

299 5811 528 5925 fggtlu:
553 5812 882 5870 Montanistici
914 5821 1023 5880 est;
1063 5811 1128 5868 de
1165 5826 1265 5878 quo
1303 5815 1470 5880 etiam,
1495 5811 1544 5868 c.
1571 5814 1616 5867 1.
1668 5819 1723 5868 et
1766 5826 1812 5868 c.
1840 5816 1916 5869 II.

429 5893 442 5925 I
533 5911 544 5925 .

323 5885 544 5942 oquttur.

2017 4653 2064 4710 is
2088 4653 2343 4726 abstulit)
2367 4656 2553 4728 fraude
2578 4665 2699 4710 tunc
2725 4657 2904 4728 fratris
2924 4698 2938 4717 .
2967 4657 3149 4712 dehinc
3173 4670 3421 4730 apostata:
3439 4661 3606 4724 amisi,

2016 4749 2107 4822 qui
2135 4751 2263 4822 forte
2287 4748 2622 4820 descripserat
2649 4749 2883 4817 quadam
2907 4751 3289 4806 mendosissime
3308 4762 3357 4807 et
3383 4752 3613 4807 exhibuit

2017 4843 2335 4914 frequentia.
2377 4840 2566 4899 Omnia
2596 4857 2738 4898 nunc
2767 4842 2836 4898 ab
2865 4841 3182 4910 llo/[manna
3227 4844 3437 4899 tametsi
3465 4852 3613 4900 recte

2019 4935 2158 4991 dicta
2182 4934 2455 5000 dederint;
2489 4935 2749 5003 tamen,si
2773 4937 2825 4990 in
2847 4935 2965 5006 ejus
2978 4943 3293 5006 argumento
3311 4952 3373 4992 ea
3401 4946 3611 5008 sumpta

2018 5024 2176 5093 Sunt,
2220 5043 2340 5098 qua:
2383 5027 2598 5083 demum
2640 5027 2890 5084 concludi
2931 5027 3230 5092 debebant,
3275 5043 3434 5084 omne
3483 5029 3614 5086 illud

2019 5132 2396 5195 argumentum
2445 5123 2576 5178 nihil
2618 5122 2837 5180 efficere
2875 5136 3036 5178 nemo
3077 5122 3312 5194 negabit.
3365 5123 3528 5194 Igitur
3567 5123 3614 5180 si

2018 5217 2121 5284 ista
2152 5216 2406 5287 Opinione
2437 5216 2502 5272 de
2529 5216 2703 5282 libris,
2733 5216 2823 5286 qui
2846 5225 3154 5286 supersunt,
3183 5215 3441 5273 adversus
3471 5215 3616 5270 Mar-

2021 5310 2242 5376 cioncm,
2261 5308 2537 5381 Scorpiace
2552 5308 2936 5378 superioribus,
2955 5317 3080 5362 ante
3105 5306 3353 5363 volumus
3375 5307 3616 5363 adstricti

2023 5402 2216 5472 teneri,
2239 5417 2400 5474 quam
2425 5401 2553 5474 quid
2579 5403 2678 5456 bac
2705 5402 2754 5456 in
2783 5415 2844 5458 re
2869 5401 3229 5457 rectissimum
3257 5403 3329 5456 sit
3351 5401 3614 5474 judicavi-

2020 5513 2162 5564 mus,
2191 5497 2328 5555 baud
2351 5495 2642 5553 verisimile
2665 5494 2714 5550 id
2737 5509 2858 5552 esse
2879 5494 3069 5560 fateor,
3095 5494 3240 5567 quod
3270 5495 3614 5550 Tcrtnllianus

2020 5592 2252 5660 aliquem
2284 5589 2477 5646 librum
2506 5601 2852 5658 suppressum
2897 5589 2981 5644 vel
3025 5589 3263 5661 agnitum
3315 5605 3608 5661 nunquam,

2022 5686 2076 5742 in
2109 5686 2385 5757 Scorpiace
2425 5681 2740 5738 laudaverit.
2789 5683 2898 5739 Sed
2926 5683 3064 5739 istud
3102 5685 3185 5738 fac
3215 5683 3453 5740 nondum
3491 5697 3616 5740 esse

2022 5778 2354 5851 exploratum
2379 5817 2395 5844 ,
2435 5783 2494 5833 ut
2533 5783 2618 5832 est
2644 5790 2776 5833 vere
2802 5817 2817 5845 ,
2857 5776 3103 5848 adeoque
3144 5775 3282 5832 lorte
3321 5786 3447 5832 ante
3492 5775 3616 5833 illos

2021 5873 2274 5945 scriptam
2303 5869 2614 5943 Scorpiacen
2640 5883 2798 5941 esse;
2828 5870 2994 5932 citare
3019 5868 3252 5966 primum
3282 5868 3622 5946 alterumque
