4084 6344
525 299 647 386 tas

1647 311 2094 398 DISSEItTA'fIO
2137 313 2225 375 DE
2265 314 2448 374 VERA
2491 313 2743 376 ᾸΞΤΑΤΕ

3729 321 3832 381 136

540 448 792 504 volumen
827 452 1011 500 contra
1057 438 1372 495 Marcionem
1394 478 1408 502 ,
1439 450 1581 492 nunc
1607 434 1864 491 amissum
1896 431 2134 505 quidem.
2168 437 2221 496 Λ
2251 431 2370 488 loco
2393 432 2521 490 libet
2548 433 2799 489 admirari
2831 440 2909 489 tot
2929 429 3360 490 doctissimorum
3396 433 3622 492 virorum
3649 436 3824 496 levita.

542 540 674 598 satis
699 541 980 593 commode
1010 533 1216 605 potuit;
1259 530 1488 602 primum
1518 529 1662 584 enim
1690 527 2010 599 opusculum
2030 569 2046 593 ,
2080 536 2137 582 ut

542 634 618 690 ait
643 635 756 707 ipse
781 628 1149 688 Tertullianus.
1177 625 1393 681 demum
1425 623 1653 695 pleniore
1682 632 1853 690 postea
1885 619 2137 690 composi-

541 727 678 783 tione
699 722 920 787 rescidit,
940 731 996 777 et
1021 721 1175 776 citari
1201 718 1252 774 id
1273 717 1489 790 quidem
1521 724 1752 787 poterat,
1775 729 1895 768 cum
1919 727 2140 768 accura-

545 818 669 874 tiori
695 815 941 873 oratione
969 812 1204 868 nondum
1237 811 1351 866 huic
1385 817 1693 880 persecutus
1719 806 1930 862 fuisset.
1963 805 2134 873 Quam

541 909 612 965 ob
641 924 753 965 rem
784 907 837 963 in
867 910 972 964 isto
1013 903 1318 972 IIo/fmanni
1344 909 1661 973 argumento
1693 900 1776 957 vel
1800 915 1862 956 ea
1882 899 1990 971 jam
2021 908 2137 953 tan-

541 1020 700 1076 quam
727 1018 851 1059 vcra
872 1012 1178 1066 sumuntur,
1201 1014 1320 1072 qua:
1347 998 1504 1069 plane
1527 996 1723 1051 suntin
1745 994 2132 1062 Controversia,

537 1097 625 1153 vel
656 1097 996 1168 relinquntur
1038 1095 1090 1149 in
1135 1092 1311 1149 medio
1353 1092 1550 1162 potius.
1583 1088 1738 1157 Quod
1781 1088 1827 1144 si
1856 1086 1984 1142 illud
2018 1094 2132 1152 est,

540 1204 672 1247 sane
695 1189 814 1259 ejus
840 1195 1214 1259 argumentum
1246 1183 1384 1240 redit
1415 1184 1467 1238 in
1499 1182 1717 1244 orbem;
1753 1180 1837 1234 sin
1871 1179 2002 1245 hoc,
2034 1194 2134 1235 no-

539 1292 654 1339 stra
683 1280 902 1354 quidem
929 1278 1192 1336 sententia
1225 1294 1330 1333 non
1354 1286 1435 1332 est
1458 1276 1680 1332 inferior
1703 1273 2129 1342 IIo/fmanniana.

539 1375 651 1435 Sed
673 1419 688 1444 ,
723 1384 927 1432 remota
969 1373 1068 1428 hac
1097 1371 1411 1428 diificultate
1431 1410 1447 1437 ,
1479 1384 1600 1441 qua:
1637 1367 1811 1424 fraudi
1838 1367 1991 1423 nobis
2014 1381 2134 1423 esse

539 1476 790 1544 poterat,
820 1469 1033 1540 scripta.-
1059 1465 1374 1538 Scorpiaces
1421 1472 1635 1520 nitatem
1673 1478 1815 1519 nunc
1862 1477 1959 1534 age
1999 1460 2135 1518 defi-

539 1565 774 1620 niamus.

540 1657 568 1732 §
589 1659 642 1716 9.
691 1689 764 1699 —
799 1656 1112 1728 Scorpiacen
1138 1655 1201 1710 Α.
1226 1653 1334 1710 CCI
1356 1651 1415 1708 V.
1447 1653 1689 1724 scriptam
1712 1668 1820 1708 esse
1845 1651 2131 1722 con/icitur.

612 1752 745 1809 Cutn
773 1749 1151 1816 Tertullianus,
1181 1765 1302 1820 qua:
1340 1747 1409 1804 de
1449 1747 1691 1818 martyrii
1733 1745 1992 1817 dignitate
2017 1745 2132 1801 diss

538 1858 729 1919 putare
771 1847 824 1900 in
868 1846 964 1900 ista
997 1843 1274 1913 Scorpiace
1302 1840 1534 1905 volebat,
1559 1841 1612 1894 in
1642 1839 1846 1894 litteras
1875 1839 2132 1906 referret;

539 1951 689 1997 erant
718 1938 942 1995 deorum
965 1942 1202 1993 cultores
1223 1935 1276 1990 in
1297 1934 1608 1990 christianis
1635 1931 1872 1986 funditus
1892 1931 2137 1987 delendis

537 2035 823 2105 occupati;
859 2031 1004 2104 quod
1037 2030 1345 2086 universum
1377 2027 1536 2083 docet
1569 2036 1944 2098 argumentum
1979 2025 2137 2096 hujus

537 2127 704 2184 libelli
735 2127 799 2183 iis
822 2123 1090 2181 haereticis
1115 2122 1346 2194 oppositi
1369 2164 1384 2188 ,
1417 2119 1543 2192 qui,
1576 2136 1693 2175 cum
1715 2119 1844 2189 ﬁdes
1873 2127 2135 2183 testuaret,

536 2231 584 2277 et
617 2219 846 2275 Ecclesia
871 2218 933 2272 de
961 2217 1130 2289 ﬁgura
1172 2214 1284 2270 rubi
1313 2222 1608 2270 exureretur
1628 2251 1643 2278 ,
1689 2213 1967 2284 suscipere
2012 2226 2135 2282 pro-

539 2321 659 2384 pter
733 2303 1045 2381 religionem
1109 2307 1248 2362 mala
1311 2318 1465 2375 turpe
1543 2303 1801 2375 putabant
1861 2305 1954 2373 (c.
2010 2299 2130 2372 l.).

538 2403 856 2475 I‘Iujustttodi
889 2401 1027 2459 mala
1066 2400 1178 2472 jam
1209 2406 1422 2470 oportet
1464 2397 1799 2452 atrocissima
1839 2395 2004 2452 fuisse
2026 2437 2040 2461 .
2077 2405 2136 2452 ut

536 2496 699 2552 verba
748 2493 1050 2550 Tertulliani
1093 2491 1412 2556 ostendunt,
1471 2504 1591 2561 quae
1657 2491 1709 2545 in
1763 2488 1954 2546 eadem
2010 2503 2132 2544 sec-

541 2587 689 2644 tione
737 2588 952 2656 subjicit
1001 2605 1016 2644 :
1065 2585 1126 2640 Et
1180 2601 1312 2640 nunc
1378 2583 1648 2655 praesentia
1698 2599 1867 2637 rerum
1920 2591 1992 2637 est
2057 2597 2138 2636 nte

492 2682 656 2738 'dius
705 2680 898 2749 ardor,
962 2681 1076 2751 ipsa
1139 2678 1376 2736 canicula
1423 2679 1818 2749 persecutionis,
1890 2678 1953 2732 ab
2025 2679 2137 2749 ipso

538 2776 730 2831 scilicet
774 2772 1140 2846 cynocephalo.
1181 2771 1323 2828 Alios
1366 2772 1532 2845 ignis,
1571 2771 1703 2828 alios
1732 2772 1964 2844 gladius.
2007 2772 2137 2828 alios

539 2867 710 2924 bestia:
735 2868 1038 2923 christianos
1069 2866 1404 2938 probaverunt
1427 2907 1442 2929 ,
1471 2875 1566 2921 etc.
1597 2867 1772 2938 Atque
1815 2865 1903 2921 hic
1933 2866 2136 2921 nullum

539 2970 623 3019 est
644 2961 905 3028 dubium,
937 2961 1065 3030 quin
1110 2956 1452 3029 intelligenda
1499 2958 1570 3012 sit
1621 2959 1833 3013 vexatio
1877 2972 1973 3025 ea,
2019 2972 2139 3028 qua:

541 3064 664 3126 post
710 3051 884 3108 Severi
933 3050 1166 3107 edictum
1205 3049 1624 3116 exardeseebat;
1674 3049 1938 3120 siquidem
1999 3051 2142 3105 hunc

542 3145 740 3202 librum
781 3157 901 3218 post
923 3145 1070 3200 illum
1098 3144 1162 3200 de
1186 3143 1337 3216 Fuga
1363 3145 1414 3198 in
1443 3143 1786 3215 persecutione
1813 3145 2136 3214 composuit.

540 3237 783 3310 Namque
816 3237 1181 3293 Tertulliununt
1227 3237 1470 3307 nnSpiam
1524 3236 1751 3308 legimus
1799 3237 2140 3309 probantem,

541 3333 684 3404 quod
727 3331 861 3388 tales
891 3343 1110 3404 propter
1135 3331 1444 3403 religionem
1473 3331 1806 3388 calamitates
1831 3331 1997 3388 Deum
2017 3348 2142 3389 auc-

544 3435 716 3482 torem
737 3438 1052 3499 agnoscant,
1082 3427 1182 3482 nisi
1215 3427 1267 3482 in
1291 3426 1394 3483 isto
1419 3427 1482 3481 de
1509 3425 1660 3500 Fuga
1684 3427 1888 3495 libello,
1917 3428 2140 3500 ejusque

541 3519 810 3592 inprimis
850 3521 1004 3577 tertia
1054 3521 1328 3587 sectione;
1362 3537 1464 3592 qua
1511 3531 1684 3577 tamen
1731 3521 1800 3578 de
1842 3537 1902 3578 re
1944 3536 2004 3577 se
2027 3523 2139 3592 jam

538 3615 705 3672 fuisse
747 3616 876 3673 olim
919 3606 1342 3673 commentatum
1395 3617 1470 3672 ait
1511 3615 1564 3672 in
1595 3625 1779 3688 quarta
1839 3615 2141 3688 Scorpiaces

539 3709 797 3766 sei-tione.
849 3707 956 3766 Sed
987 3752 1003 3777 ,
1059 3718 1117 3764 ut
1165 3709 1234 3765 de
1283 3719 1440 3765 aetate
1517 3708 1675 3780 hujus
1727 3709 1847 3766 libri
1905 3711 2140 3782 pressius

537 3800 754 3868 dicam,
803 3816 1026 3872 prorsus
1091 3816 1216 3858 eum
1274 3801 1521 3857 existimo
1570 3801 1836 3871 prodiisse
1864 3804 1927 3856 Α.
1961 3800 2135 3857 CCIV.

543 3891 642 3949 Ubi
701 3894 927 3962 primum
977 3891 1107 3948 mihi
1150 3892 1251 3948 huc
1293 3901 1609 3964 argumento
1650 3903 1752 3958 est,
1797 3893 1962 3964 quod,
2015 3909 2138 3949 cuin

540 3983 789 4040 Eusebius
847 3984 912 4040 II.
963 3984 1025 4040 E.
1082 3983 1166 4041 VI.
1199 3999 1249 4040 c.
1313 3984 1368 4039 2.
1402 3985 1497 4040 lid.
1531 3984 1838 4056 Cantabrig.
1895 4000 1948 4057 p.
2007 3984 2135 4044 25.7.

539 4078 874 4134 calamitates
897 4093 929 4133 a
959 4077 1147 4134 Severo
1184 4093 1391 4133 summa
1417 4081 1467 4133 vi
1493 4078 1800 4134 christianis
1827 4078 1999 4134 illatas
2019 4093 2140 4136 esse

539 4170 764 4226 dixisset
783 4210 798 4236 ,
827 4179 882 4226 et
908 4171 978 4226 ita
1019 4171 1264 4243 quidem,
1296 4186 1354 4226 ut
1383 4172 1534 4227 multi
1553 4172 1665 4242 jam
1695 4172 2007 4228 Antichristi
2037 4173 2131 4228 ad-

541 4275 758 4319 ventum
798 4265 1317 4336 appropinquantem
1376 4275 1661 4336 putarent;
1706 4280 1877 4336 neque
1915 4265 1960 4321 is
1999 4264 2134 4335 ipse,

540 4371 716 4426 neque
736 4357 855 4427 quis
879 4357 1019 4413 alius
1040 4361 1360 4428 scriptorum
1389 4371 1628 4416 veterqu
1655 4361 1755 4415 alia
1783 4359 1920 4415 mala
1946 4361 2137 4417 litteris

537 4451 938 4521 consignaverit
961 4493 976 4518 ,
1010 4461 1206 4521 praeter
1234 4467 1296 4506 ea
1318 4493 1334 4516 ,
1379 4469 1496 4523 quu-
1523 4469 1667 4509 anno
1694 4453 1865 4508 Severi
1904 4454 2130 4520 decimo,

539 4543 640 4599 sub
665 4541 828 4610 Larte,
860 4542 1050 4599 Africa:
1081 4543 1329 4614 praeside,

537 4651 682 4692 anno
711 4637 952 4707 sequenti
982 4646 1201 4693 auctore
1228 4635 1435 4708 Aquila,
1472 4639 1704 4695 Praesidc
1731 4639 1972 4711 ejusdem
2006 4656 2134 4711 pro-

537 4731 728 4788 vincia:
757 4729 993 4804 (Euseb.
1035 4730 1072 4787 ι.
1106 4747 1156 4786 c.
1188 4746 1238 4787 c.
1271 4731 1322 4787 3.
1356 4747 1409 4803 p.
1439 4731 1618 4803 261.).
1657 4731 1786 4789 Nam
1831 4733 1974 4805 quod
2021 4735 2136 4790 haec

539 4839 608 4880 eo
632 4841 772 4880 anno
799 4824 1077 4880 extiterint
1101 4865 1115 4889 ,
1147 4825 1262 4895 ipse
1292 4823 1543 4881 Eusebius
1571 4827 1762 4894 docet,
1821 4828 1912 4897 qui
1959 4827 2139 4900 Orige-

540 4935 654 4972 nem
684 4928 793 4974 tum
831 4916 1243 4974 Catecltumenis
1269 4920 1610 4975 instituendis
1642 4923 1948 4991 praefectum
1974 4923 2137 4979 fuisse

541 5012 818 5068 confirmat
847 5053 862 5080 ,
889 5013 1016 5069 dum
1048 5013 1232 5084 Aquila
1259 5027 1319 5068 se
1357 5012 1691 5070 incremento
1717 5016 2022 5073 christiumc
2049 5034 2136 5074 re-

542 5104 753 5173 ligionis
794 5107 910 5175 ejus
955 5107 1188 5163 asseclas
1237 5105 1484 5162 laedendo
1529 5109 1878 5178 opponebat,
1907 5126 2138 5184 eumque

547 5193 729 5251 XVIII.
755 5212 1014 5254 annorum
1039 5200 1198 5255 fuisse
1222 5242 1237 5264 .
1266 5216 1388 5255 cum
1413 5217 1534 5256 eum
1558 5201 1718 5256 XVII.
1743 5205 1913 5260 aetatis
1937 5221 2134 5264 annum

544 5289 720 5359 egisse
759 5289 983 5344 dixisset
1022 5305 1088 5345 eo
1122 5301 1394 5365 tempore,
1427 5308 1534 5362 quo
1568 5305 1718 5364 pater
1743 5295 1860 5366 ejus
1888 5295 2136 5356 Leonides

547 5381 705 5435 morti
751 5381 1050 5437 traderetur
1096 5382 1185 5455 (c.
1212 5387 1269 5438 2.
1301 5399 1354 5455 p.
1382 5384 1507 5441 258.
1535 5389 1588 5456 ),
1632 5389 1774 5459 quod
1807 5390 2001 5446 laetum
2055 5403 2138 5449 est

543 5487 687 5529 sntio
706 5472 915 5529 decimo
937 5473 1130 5530 Severi.
1150 5474 1269 5532 Jam
1288 5478 1434 5549 siqui
1460 5487 1636 5536 tamen
1663 5493 1888 5552 pergunt
1906 5485 2134 5554 opinari,

546 5576 788 5621 nostrum
841 5566 1078 5623 libellum
1119 5569 1378 5640 scriptum
1424 5587 1545 5628 esse
1579 5573 1646 5628 A.
1675 5573 2138 5642 CC\’III.;dicant

547 5657 680 5712 mihi
713 5668 909 5723 tamen,
940 5673 1174 5730 quonam
1199 5660 1322 5732 jure
1363 5663 1413 5719 ei
1442 5680 1583 5720 anno
1609 5666 1944 5725 calamitates
1975 5671 2144 5726 maxi-

547 5763 663 5804 mas
697 5748 1113 5807 cbristianortnn
1164 5755 1368 5824 possint
1411 5739 1654 5813 asserere
1677 5799 1694 5826 ,
1723 5775 1950 5830 quarum
1999 5763 2143 5819 nulla

550 5848 726 5899 tamen
762 5843 902 5914 apud
933 5853 1141 5906 veteres
1178 5847 1468 5920 scriptores
1495 5860 1668 5910 exstat
1707 5841 2002 5916 memoria?
2029 5858 2146 5931 Quo

2166 1791 2213 1850 B

2246 535 2376 595 tem,
2409 528 2521 599 qui.
2551 543 2672 583 cum
2704 526 2875 584 semel
2903 527 3239 584 itnbibissent
3261 529 3565 599 opinionem
3591 531 3652 586 de
3678 531 3822 588 Scor-

2243 620 2388 692 piace
2436 621 2590 676 libris
2653 623 2852 678 nostris
2908 631 3092 678 contra
3160 621 3471 678 Marcionem
3522 626 3822 696 posteriore,

2241 714 2392 770 obliti
2439 724 2564 770 sunt
2589 715 2704 786 ejus
2737 759 2751 781 ,
2785 714 2928 787 quod
2978 715 3108 770 nihil
3137 717 3205 771 sit
3252 717 3302 771 in
3350 715 3567 773 historia
3611 719 3824 790 turpius,

2241 821 2400 878 quam
2435 817 2635 863 temere
2664 807 2905 865 credere.
2961 807 3092 862 Nunt
3135 809 3181 864 si
3224 825 3324 880 ego
3365 808 3500 866 duas
3546 811 3826 868 sententias

2243 901 2372 956 ferri
2403 901 2638 968 videam,
2681 901 2904 958 alteram
2930 903 3278 975 opinabilem,
3311 903 3404 960 sed
3431 905 3578 960 nullo
3601 913 3827 963 veterum

2244 996 2566 1066 scriptorum
2601 997 2907 1052 testimonio
2936 996 3276 1054 efficiendam
3303 1042 3316 1065 ,
3346 1000 3568 1055 alteram
3600 1000 3667 1056 ita
3691 1016 3828 1057 com-

2240 1100 2503 1164 paratam,
2539 1102 2595 1146 ut
2641 1107 2750 1161 pra:
2800 1107 2859 1148 se
2882 1090 3017 1152 ferat
3063 1092 3165 1149 hoc
3206 1093 3444 1149 veritatis
3489 1094 3823 1164 praesidium;

2239 1184 2461 1255 quidni,
2519 1184 2700 1240 relicta
2758 1185 2889 1251 illa,
2944 1185 3084 1242 hanc
3153 1187 3446 1257 sequerer?
3518 1187 3679 1257 Atqui
3735 1186 3829 1244 hoc

2241 1284 2440 1346 praesto
2487 1287 2567 1331 est
2608 1285 3022 1352 argumentum,
3073 1277 3233 1348 idque
3284 1277 3635 1348 premendum
3678 1280 3828 1334 etiam

2239 1375 2399 1438 atque
2429 1367 2589 1422 etiam
2614 1410 2628 1434 ,
2658 1367 2922 1439 siquidem
2953 1377 3139 1441 postea
3185 1369 3584 1426 ostenderimus
3607 1411 3622 1433 ,
3644 1370 3825 1426 librum

2239 1459 2551 1514 Tertulliani
2573 1459 2638 1516 de
2669 1457 2842 1516 Pallio
2869 1476 2990 1517 esse
3017 1463 3068 1517 in
3091 1478 3289 1517 anmnn
3312 1459 3533 1518 CCVIII.
3555 1462 3827 1534 conjicien-

2240 1551 2390 1608 dum.
2438 1551 2680 1624 Namque
2718 1553 2769 1608 in
2815 1570 2880 1609 eo
2911 1552 2984 1625 (c.
3016 1552 3084 1625 l.)
3112 1555 3314 1625 gaudeo
3341 1570 3428 1610 vos
3450 1595 3464 1621 ,
3496 1555 3683 1626 inquit,
3712 1554 3827 1611 Car-

2242 1645 2610 1715 thaginienses,
2647 1657 2750 1701 tum
2781 1664 3048 1720 prosperos
3092 1659 3413 1721 temporum,
3443 1667 3556 1704 cum
3580 1650 3651 1703 ita
3676 1659 3825 1718 vacat,

2241 1756 2301 1795 ac
2312 1741 2486 1811 juvat.
2513 1740 2712 1797 habitus
2738 1741 2995 1797 denotare.
3026 1740 3179 1798 Pacis
3200 1745 3308 1798 lucc
3329 1753 3376 1798 et
3396 1760 3614 1799 annona:
3635 1744 3750 1810 otia,
3770 1743 3827 1798 ab

2240 1832 2452 1904 imperio
2477 1843 2523 1888 et
2546 1850 2578 1888 a
2603 1834 2728 1889 caelo
2756 1835 2878 1890 bene
2904 1845 2995 1890 est.
3033 1834 3129 1892 Ubi
3161 1851 3266 1907 quo
3303 1835 3468 1892 modo
3501 1835 3826 1892 Tertulliamts

2241 1926 2502 1997 potuisset
2529 1929 2788 1998 temporis
2819 1927 3228 1999 prOSpet-itatem
3260 1944 3682 1987 commemorare
3701 1971 3716 1996 ,
3742 1938 3825 1985 aut

2237 2017 2305 2072 ad
2336 2031 2424 2074 res
2455 2018 2652 2074 nullius
2682 2017 2838 2089 plane
2883 2021 3140 2075 momenti
3167 2061 3182 2086 ,
3212 2020 3404 2092 quales
3447 2031 3572 2076 sunt
3614 2021 3725 2076 istae
3761 2019 3823 2077 de

2239 2110 2400 2182 pallio
2427 2127 2606 2183 nugae,
2634 2111 2965 2169 descendere
2999 2113 3068 2169 ob
3099 2114 3243 2184 pacis
3269 2115 3380 2169 Otia
3404 2155 3420 2182 ,
3451 2114 3494 2168 si
3518 2113 3824 2185 gravissima:

2239 2209 2351 2256 tum
2385 2201 2613 2258 fuissent
2641 2201 3057 2261 cbristiauorum
3080 2191 3434 2273 calamitates,
3467 2205 3648 2278 quales
3673 2204 3822 2261 easin

2204 2302 2216 2310 ’
2239 2299 2517 2369 Scorpiace
2539 2302 2822 2375 depingit?
2862 2303 3045 2376 Itaque
3075 2323 3233 2376 quam
3275 2307 3370 2362 alii
3403 2307 3516 2364 fere
3542 2308 3819 2379 quinquen-

2238 2393 2328 2450 nio
2360 2395 2562 2451 tardius
2602 2406 2855 2468 putarunt
2883 2401 3138 2471 scriptam
3169 2400 3488 2473 Scorpiacen
3517 2443 3532 2470 ,
3564 2404 3702 2476 prius
3728 2404 3822 2476 uti-

2241 2504 2345 2560 que
2400 2489 2660 2560 prodiisse
2700 2491 2932 2549 arbitror
2955 2535 2970 2561 ,
3000 2509 3158 2565 quam
3205 2495 3322 2550 ista:
3345 2537 3364 2564 ,
3398 2512 3516 2568 qua:
3539 2505 3816 2568 supersunt,

2239 2581 2500 2638 adversus
2543 2582 2859 2639 Marcionem
2902 2584 3326 2656 disputationes,
3361 2599 3414 2643 et
3452 2602 3587 2643 anno
3623 2585 3820 2659 quidem

2241 2674 2416 2732 CCIII.
2471 2687 2564 2732 aut
2615 2677 2837 2745 CCIV.;
2870 2680 3038 2750 cujus
3075 2679 3362 2735 Eusebium
3397 2691 3580 2736 testem
3609 2679 3821 2736 rectissi-

2239 2785 2386 2826 mum
2421 2770 2701 2837 habemus,
2726 2772 2817 2842 qui
2849 2788 3106 2844 nusquam
3136 2773 3188 2829 id
3209 2774 3434 2845 quidem
3461 2774 3583 2830 dicit
3602 2774 3817 2841 omnino.

2240 2863 2335 2920 sed
2365 2905 2380 2930 ,
2415 2864 2490 2918 uti
2523 2864 2752 2921 vidimus
2781 2909 2796 2933 ,
2831 2883 2949 2935 qua:
2991 2867 3152 2934 dicit,
3187 2868 3328 2924 idem
3389 2871 3497 2926 fere
3533 2867 3816 2925 ostendunt.

2245 2955 2345 3014 Ubi
2376 2956 2748 3029 mihiquidem
2786 2960 2954 3031 magis
2998 2961 3166 3030 placet
3198 2962 3300 3018 iste
3351 2963 3615 3034 posterior
3647 2974 3816 3028 annus,

2244 3059 2464 3120 propter
2489 3041 2665 3116 ludos,
2693 3067 2828 3122 quos
2852 3068 3025 3123 nuper
3051 3055 3346 3111 admodum
3383 3057 3551 3112 editos
3577 3053 3822 3111 Tertullia-

2244 3156 2339 3194 nns
2364 3140 2492 3196 dicit
2522 3141 2620 3214 (l).
2655 3142 2808 3211 Quod
2834 3145 2877 3198 si
2910 3146 3030 3215 quis
3073 3146 3290 3202 mavelit
3315 3149 3500 3205 editos
3532 3147 3736 3204 credere
3772 3145 3817 3200 in

2243 3230 2624 3290 decennalibus
2651 3233 2827 3289 Severi
2846 3247 2893 3291 et
2923 3237 3178 3292 (ἐστ-αραιιί
3201 3240 3705 3313 (ptinqnennalibus,
3726 3254 3817 3293 non

2243 3325 2552 3396 repugnabo
2580 3328 2866 3383 admodum
2889 3346 2903 3395 ;
2935 3331 3184 3402 quoniam
3215 3331 3264 3386 id
3287 3334 3431 3389 satis
3453 3343 3532 3390 est
3556 3349 3584 3388 a
3611 3331 3818 3403 Spanlte-

2241 3417 2367 3482 ntio,
2399 3418 2514 3474 viro
2545 3419 2596 3473 in
2642 3418 2723 3474 his
2756 3421 2944 3476 litteris
2976 3424 3197 3493 probato
3230 3441 3378 3494 sane
3413 3435 3466 3482 et
3495 3427 3707 3482 maxime
3731 3438 3814 3479 no-

2241 3510 2358 3576 bili,
2388 3512 2618 3567 evictnm
2652 3512 2751 3584 (2).
2785 3513 2968 3586 Pythia
2990 3516 3114 3570 alibi
3148 3533 3376 3588 quoque
3415 3535 3569 3592 quant
3606 3516 3812 3588 Delphis,

2201 3627 2204 3634 -
2243 3616 2345 3658 nec
2377 3602 2430 3657 in
2461 3605 2615 3659 unius
2654 3604 2917 3675 Apollinis
2959 3605 3134 3679 Pythii
3163 3607 3336 3664 honor
3354 3627 3464 3676 em,
3496 3608 3585 3666 sed
3615 3608 3818 3678 [uipera-

2242 3705 2416 3752 torum
2441 3699 2602 3753 etiam
2634 3708 2748 3754 acta
2781 3697 2967 3755 fuisse.
3009 3700 3211 3756 Tamen
3239 3717 3350 3772 ego
3387 3705 3606 3759 alterttm
3636 3709 3811 3773 praetu-

2243 3790 2396 3847 lcrim
2427 3803 2728 3864 propterea,
2760 3793 2900 3866 quod
2927 3795 3036 3850 ludi
3061 3794 3234 3866 Pythii
3257 3797 3368 3854 sint
3397 3800 3448 3854 in
3478 3797 3670 3855 Graecia
3697 3808 3812 3866 quo-

2243 3883 2324 3939 vis
2376 3887 2535 3941 tertio
2578 3903 2721 3943 anno
2765 3888 3112 3960 Ulympiados
3165 3889 3293 3946 editi
3323 3935 3338 3957 ,
3388 3893 3601 3963 ipseque
3648 3887 3810 3945 tertius

2243 3975 2590 4048 Olympiadas
2609 3978 2852 4036 CCXLV.
2879 3995 3052 4036 annus
3079 3981 3276 4037 incidat
3303 3984 3356 4039 in
3379 4000 3573 4040 annum
3598 3982 3652 4038 P.
3677 3981 3732 4037 C.
3753 3977 3807 4035 Ν.

2241 4068 2421 4126 CCIV.
2465 4073 2638 4142 Atque
2665 4073 2743 4129 sic
2769 4074 2911 4129 ttulla
2943 4075 3024 4131 vis
3053 4074 3278 4133 infertur
3311 4079 3487 4135 verbis
3519 4072 3808 4140 Tertulliani,

2242 4179 2361 4234 qutc
2381 4164 2616 4236 quidem.
2647 4151 2692 4222 si
2724 4167 2758 4222 ii
2793 4167 2901 4223 ludi
2931 4169 3058 4224 editi
3087 4169 3708 4243 Curtbagine‘dicuntur,
3733 4163 3810 4222 ubi

2241 4256 2507 4328 Carthago
2535 4259 2644 4329 ipsa
2673 4260 2899 4332 praemio
2930 4278 3035 4318 non
3071 4272 3284 4334 poterat
3325 4265 3548 4334 donari,
3570 4278 3672 4320 non
3699 4257 3811 4316 satis

2237 4347 2376 4406 bene
2400 4351 2649 4406 videntur
2677 4351 2977 4410 colt-.ercrc.

2243 4483 2271 4557 §
2315 4485 2400 4542 I0.
2423 4516 2496 4528 —
2531 4485 2673 4542 Libri
2720 4487 2782 4543 V.
2815 4491 2902 4561 qui
2927 4502 3199 4562 supersunt
3225 4494 3469 4550 adversus
3502 4491 3807 4550 Marciorum,

1359 4544 1666 4654 (ξίηίξιίθηξξ
1695 4548 2052 4654 ⁰⁰ξ¹¹ίεξ²τ¹¹¹¹¹’
2082 4557 2136 4604 et
2162 4561 2216 4622 D
2243 4544 2271 4557 ν
2315 4598 2529 4650 quorum
2573 4583 2765 4653 primus
2792 4544 3009 4654 referta;r
3213 4544 3806 4644 Vl”

2315 4685 2525 4731 ca’teros
2551 4675 2720 4731 dubie
2746 4677 2910 4732 anatis
2933 4694 3038 4734 esse
3067 4679 3294 4735 docetur.

2313 4787 2517 4844 Prmter
2548 4788 2688 4845 hunc
2737 4788 3036 4847 Tertulliani
3082 4794 3273 4849 librum
3314 4803 3597 4866 supersunt
3636 4807 3695 4848 es
3734 4790 3807 4854 iis,

2243 4883 2332 4953 qui
2361 4882 2546 4952 scripti
2573 4892 2718 4950 sunt,
2749 4899 2869 4940 cum
2887 4885 2997 4956 jam
3021 4885 3419 4944 aborlltndoxis
3439 4887 3806 4958 degenerasset,

2241 4977 2492 5054 adversus
2518 4977 2833 5033 Marcionent
2865 4980 2983 5036 libri
3009 4981 3075 5038 V.
3107 4997 3242 5053 quos
3260 4981 3479 5037 dubitttn
3505 4997 3606 5038 non
3634 4987 3711 5034 est
3733 4990 3809 5030 ar-

2241 5072 2331 5142 gui
2363 5071 2854 5128 Muntanislicorutn
2877 5089 3120 5129 errorum
3149 5089 3325 5146 posse.
3359 5075 3564 5130 Etenim
3585 5113 3598 5136 .
3639 5070 3678 5124 si
3705 5081 3806 5123 ma-

2241 5162 2385 5220 xime
2447 5165 2606 5220 dubia
2668 5165 2949 5222 videretur
2992 5169 3158 5238 ipsius
3215 5167 3518 5223 Tertulliani
3571 5157 3806 5237 professio

2244 5240 2380 5327 (lib.
2439 5255 2528 5312 IV.
2577 5273 2627 5314 c.
2683 5257 2860 5332 22..),
2941 5276 3045 5332 qua
3103 5276 3230 5318 suos
3293 5262 3424 5318 dicit
3491 5270 3544 5316 et
3606 5251 3804 5327 Psyclti-

2312 5435 2380 5499 ίί)
2414 5434 2528 5508 (ῙέΡο
2573 5436 2622 5487 θ·
2687 5437 2885 5508 Ᾱεορτιε
2921 5442 3091 5508 jstos.
3152 5443 3453 5508 contentiosa
3497 5435 3719 5508 solemnia
3749 5432 3805 5508 et

2241 5511 2314 5566 su,
2337 5502 2586 5550 erstitiosa
2605 5503 2872 5551 certamina
2913 5502 3198 5566 Grtecorum
3235 5513 3286 5554 et
3312 5503 3598 5565 religionum
3643 5502 3707 5566 ᾳ,
3730 5505 3801 5566 γοτ

2244 5561 2509 5628 luptaltnn.
2529 5573 2707 5628 quanta
2732 5566 2910 5628 gratia
2943 5565 3174 5616 saeculum
3201 5559 3444 5622 celebrei,
3471 5566 3612 5628 etiam
3647 5559 3803 5628 ιῌτὶρε

2244 5620 2392 5691 licuit.
2421 5620 2592 5691 Adhuc
2617 5620 2959 5691 Carthaginem
2983 5629 3192 5691 singulae
3212 5620 3441 5680 civitates
3452 5620 3720 5691 gratulando
3740 5620 3805 5666 in-

2244 5687 2487 5755 quietant,
2499 5689 2738 5755 donatum
2763 5687 3144 5755 I’ythicoiagdne
3172 5700 3279 5753 post
3297 5692 3438 5742 stadii
3456 5687 3762 5755 senectute}!!-

2311 5745 2384 5818 (2)
2418 5747 2475 5797 In
2499 5747 2720 5819 Epist._l.
2772 5745 2836 5819 ad
2874 5745 3039 5819 Andr:
3068 5745 3360 5819 Mor-ellum.
3390 5766 3497 5819 qua;
3540 5754 3613 5800 est

2247 5800 2393 5880 μμὶυὲ
2409 5800 2663 5880 Sltecilltini
2676 5810 2688 5823 ⁸
2703 5800 2947 5868 universe
2958 5800 3046 5868 rei
3069 5800 3372 5870 “ﬁdissimus
3392 5800 3599 5877 datique
3613 5847 3629 5874 ,
3653 5800 3708 5859 iri
3726 5800 3807 5856 Ed.

2246 5868 2404 5939 Lips,
2430 5868 2542 5939 pag.
2569 5874 2644 5928 12.
2668 5888 2776 5941 seq.
