4084 6344
307 327 418 384 157

1217 333 1303 389 AC
1348 326 1688 389 DUC’I‘RINA
1737 327 2180 388 scutrronun
2221 312 2700 389 muretus-st.

3510 338 3614 396 138

305 460 408 502 eos
435 447 489 502 in
519 446 639 504 loco
662 448 728 505 de
754 447 960 505 Ecstasi
981 443 1300 517 dissentire;
1333 465 1506 522 neque
1529 451 1647 522 quis
1677 452 1910 507 visorum
1941 452 1994 511 Α
2027 459 2158 504 ιοηι.
2190 448 2272 504 III.
2305 467 2356 522 p.
2393 450 2514 507 666.
2549 461 2662 507 not.
2691 449 2828 526 l9.),
2857 451 2944 525 qui
2986 453 3140 509 istam
3183 469 3294 511 rem
3326 462 3613 528 pugnacis-

309 541 588 599 rationem
619 542 816 599 habere
846 542 1011 610 velit,
1037 543 1230 614 quibus
1260 544 1357 598 ista
1385 544 1621 610 decreta,
1651 545 1746 614 ait,
1787 560 1918 600 con-

307 633 532 690 ﬁrmata
555 635 719 691 fuisse
747 635 811 706 (Ι.
843 634 926 691 ιιι.
953 651 1004 691 c.
1033 635 1123 693 2i.
1151 636 1216 694 ν.
1244 651 1292 691 c.
1318 636 1430 710 8.);
1453 638 1702 708 quoniam
1729 651 1918 694 omnes

306 727 400 784 isti
444 742 635 784 contra
668 729 984 786 Marcionem
1033 730 1153 787 libri
1197 746 1303 786 non
1355 740 1481 786 sunt
1527 746 1633 788 uno
1679 741 1918 802 tempore

307 819 450 875 editi
483 836 498 875 :
533 831 711 878 tamen
740 825 792 878 in
818 823 958 878 libro
983 823 1100 892 ejus
1143 823 1441 893 argumenti
1474 824 1650 894 primo
1682 822 1919 879 Montani

306 911 661 986 disciplinam
683 924 736 970 et
758 931 909 970 suam
937 915 1085 982 dicit,
1109 926 1162 972 et
1182 931 1240 972 se
1259 915 1474 972 decreta
1503 931 1596 970 sua
1619 915 1686 970 de
1709 915 1917 987 fugien-

308 1005 405 1062 dis
452 1007 694 1074 repetitis
733 1008 930 1077 nuptiis
967 1018 1189 1066 auctore
1233 1007 1503 1064 Paracleto
1543 1009 1918 1066 defendentem

313 1098 412 1169 (c.
454 1099 550 1158 29.
575 1100 628 1170 );
657 1115 721 1156 ac
764 1101 878 1171 ipsa
920 1101 1178 1172 temporis
1220 1102 1359 1158 ratio
1389 1101 1547 1158 docet
1572 1119 1694 1158 eum
1729 1103 1918 1158 Iibrmn

308 1192 583 1262 scriptum
618 1207 739 1248 esse
761 1235 776 1258 ,
809 1203 1088 1264 postquam
1126 1210 1155 1248 a
1198 1194 1438 1264 partibus
1479 1194 1920 1250 lllontanistarum

305 1283 429 1353 jam
458 1298 583 1340 esse
622 1296 880 1355 coeperat.
926 1285 1000 1341 De
1029 1301 1134 1356 quo
1172 1286 1342 1341 altero
1373 1287 1512 1353 loco,
1541 1274 1700 1358 quem
1729 1287 1917 1356 dispu-

315 1377 547 1432 tandum
575 1380 918 1450 sumpsimus,
953 1395 1074 1436 cunt
1101 1379 1346 1436 dubitare
1375 1396 1443 1436 ne
1471 1382 1522 1435 in
1546 1393 1777 1437 mentem
1805 1368 1922 1452 qui-

301 1469 447 1526 dem
475 1472 686 1528 venerit
707 1472 890 1530 multis
910 1487 1120 1540 eorum,
1143 1475 1231 1544 qui
1257 1475 1307 1529 in
1334 1474 1636 1529 deﬁnienda
1667 1475 1920 1529 librorttm

317 1563 638 1620 Tertulliani
663 1576 824 1623 astate
854 1567 1187 1635 laborarunt,
1217 1578 1272 1623 et
1300 1568 1369 1624 ab
1396 1569 1514 1624 aliis
1535 1568 1699 1624 multa
1731 1563 1922 1638 perpe-

318 1676 442 1716 ram
485 1659 627 1716 dicta
655 1660 798 1728 sint,
828 1661 1074 1718 subtilius
1119 1661 1362 1718 videmur
1398 1662 1554 1717 nobis
1580 1702 1594 1726 ,
1637 1677 1696 1716 re
1726 1661 1924 1732 saepius

315 1753 582 1826 cogitata,
611 1754 884 1826 disputare
911 1754 1131 1812 debere.
1159 1758 1332 1828 Atque
1360 1764 1419 1810 ut
1469 1755 1537 1811 de
1567 1754 1702 1810 libro
1750 1754 1926 1825 primo

2018 544 2154 610 sime
2178 542 2440 598 defendit.
2479 544 2698 616 Oportet
2734 546 2891 617 igitur
2919 557 2976 603 et
3002 563 3064 603 ea
3089 588 3103 612 ,
3139 565 3260 621 quae
3289 567 3385 621 pro
3414 555 3615 611 nostris

2021 636 2331 706 responderi
2381 649 2600 707 possunt
2629 680 2643 703 ,
2675 637 2726 694 in
2777 639 3012 696 medium
3044 642 3268 712 proferri
3294 686 3309 711 ,
3339 654 3394 700 et
3419 646 3616 704 discuti

2020 743 2081 784 ea
2139 746 2254 801 qua‘
2285 730 2337 785 in
2365 730 2510 785 illam
2542 744 2744 800 partem
2771 731 3128 789 Tillemontius
3165 735 3483 807 disputavit;
3519 740 3614 797 sed

2021 831 2246 894 utraque
2277 824 2616 892 brevissime,
2649 835 2701 880 et
2726 825 2796 880 ita
2824 826 3062 896 quidem,
3093 837 3148 882 ut
3176 845 3294 899 qua:
3313 841 3502 901 aperto
3525 835 3617 889 fir-

2023 915 2286 971 stravimus
2309 917 2476 986 ipsius
2503 915 2816 972 Tertulliani
2838 918 3163 986 testimonio,
3196 937 3255 975 ca
3289 939 3430 980 nunc
3461 925 3618 996 plane

2024 1007 2317 1064 mittamus.
2342 1010 2524 1080 Itaque
2566 1010 2667 1066 hoc
2697 1027 2859 1065 unum
2891 1012 3150 1082 disputari
3186 1026 3363 1084 potest
3394 1035 3406 1071 :
3439 1031 3618 1077 utrum

2025 1099 2373 1157 Tertullianus
2414 1103 2465 1156 in
2499 1087 2633 1158 libro
2663 1103 2728 1158 de
2756 1103 2920 1159 Carne
2946 1103 3132 1160 Christi
3157 1102 3404 1178 quar’tum
3434 1121 3621 1169 contra

2025 1195 2350 1251 Marcioncm
2368 1198 2560 1252 librum
2589 1199 2852 1266 citaverit,
2887 1216 3044 1268 quem
3073 1200 3250 1256 adhuc
3277 1207 3620 1274 superstitem

2029 1288 2328 1345 habemus?
2363 1290 2504 1362 quod
2540 1307 2756 1360 prorsus
2779 1293 3027 1348 existimo
3051 1335 3066 1360 ,
3097 1294 3346 1364 primum,
3371 1299 3624 1366 quoniam

2029 1381 2081 1435 iu
2113 1382 2204 1436 illo
2230 1382 2367 1437 libro
2393 1382 2671 1438 Marcionis
2699 1385 2938 1439 codicem
2961 1400 3170 1440 sacrum
3193 1389 3542 1454 examinavit,
3573 1400 3631 1446 et

2031 1471 2098 1526 ibi
2130 1473 2246 1542 (lib.
2283 1474 2369 1529 IV.
2409 1490 2458 1528 c.
2482 1463 2604 1545 I9.)
2649 1477 2912 1547 reperitur
2934 1479 3154 1532 omnino
3183 1479 3234 1534 id
3262 1521 3274 1542 ,
3307 1481 3448 1550 quod
3478 1483 3529 1536 in
3561 1497 3628 1538 eo

2031 1565 2094 1618 de
2122 1565 2288 1619 Carne
2317 1565 2506 1621 Christi
2551 1569 2764 1638 tetigit;
2809 1568 3004 1642 deinde
3044 1570 3184 1640 quod
3219 1613 3234 1634 ,
3261 1587 3382 1626 cmn
3433 1573 3628 1630 librum

2032 1657 2260 1727 primtnn
2283 1659 2456 1716 adhuc
2473 1663 2816 1731 superstitem
2837 1661 2891 1716 Μ
2897 1663 3090 1718 arcioni
3105 1677 3418 1735 apponeret,
3434 1667 3629 1724 librum

2032 1751 2095 1803 de
2143 1748 2538 1822 Prwscriptione
2587 1754 2938 1809 Itwreticorum
2967 1757 3204 1812 nondum
3235 1759 3494 1816 ediderat.
3532 1761 3632 1816 llic

318 1821 563 1918 primum
593 1821 834 1906 dicamus
857 1889 872 1918 ,
896 1864 1056 1904 nemo
1079 1859 1161 1905 cSt
1190 1821 1279 1920 qui
1325 1848 1440 1920 ejus
1459 1856 1672 1904 aetatem
1701 1821 1923 1903 contro-
1955 1821 2003 1881 Β
2034 1854 2209 1901 tamen
2241 1848 2313 1901 uti
2337 1821 2447 1916 jam
2481 1848 2754 1919 prodierat
2795 1848 2845 1902 iu
2876 1849 3144 1920 publicum
3170 1892 3186 1914 ,
3209 1867 3330 1920 eum
3358 1853 3634 1912 Tertullia-

321 1959 542 1999 versam
570 1959 691 2000 esse
719 1944 881 2000 dicat.
927 1943 1091 2000 Recte
1119 1943 1333 2016 quidem
1370 1953 1423 2000 et
1473 1945 1602 1998 satis
1638 1943 1813 2006 bene;
1843 1951 1927 1998 est

319 2037 475 2092 enim
506 2048 688 2106 aperta
715 2036 831 2107 ejus
861 2036 939 2092 rei
969 2047 1024 2092 et
1061 2037 1305 2107 capitalis
1333 2036 1634 2120 Tertulliani
1663 2034 1927 2107 professio

322 2126 460 2195 (1.1.
495 2144 544 2184 c.
571 2129 683 2200 15.)
709 2130 798 2200 qui
821 2145 964 2185 anno
1001 2130 1212 2186 decimo
1237 2131 1424 2200 quinto
1452 2129 1626 2184 Severi
1673 2127 1812 2182 lnmc
1859 2128 1925 2182 li-

323 2223 488 2278 brum
510 2239 540 2278 a
561 2225 987 2294 secompositum
1011 2223 1226 2280 fatetur.
1244 2221 1349 2280 Sed
1376 2239 1496 2280 cum
1517 2221 1586 2278 de
1606 2233 1926 2277 casterorum
1953 2277 1962 2283 _

323 2325 492 2370 atate
514 2314 640 2369 nihil
665 2315 867 2381 dicant,
888 2316 1003 2386 ipso
1032 2316 1249 2371 sdentiu
1275 2330 1371 2371 eos
1394 2313 1668 2370 declarant
1687 2312 1928 2383 eju-dem

326 2409 512 2465 artatis
538 2423 675 2464 esse.
697 2408 849 2477 Quod
879 2409 1033 2480 longe
1053 2424 1210 2465 secus
1241 2420 1346 2465 est.
1377 2407 1508 2463 Nam
1535 2425 1600 2464 ex
1637 2406 1814 2463 verbis
1843 2407 1927 2472 iis,

328 2501 529 2573 quibus
564 2502 721 2556 linem
750 2501 889 2556 libro
919 2503 1092 2573 primo
1135 2501 1477 2557 Tertullianus
1532 2500 1781 2572 imposuit
1809 2496 1888 2572 (ι)
1910 2539 1926 2567 ,

331 2592 479 2646 haud
504 2593 728 2648 obscure
753 2593 1028 2665 colligitur
1047 2637 1062 2662 ,
1091 2609 1212 2649 eum
1241 2609 1361 2650 esse
1390 2592 1676 2664 separatim
1702 2593 1927 2660 editum,

337 2695 562 2744 ceteros
580 2686 793 2743 diverso
817 2699 1058 2760 tempore
1078 2700 1345 2743 exaratos.
1362 2686 1669 2743 Etsisutem
1696 2702 1804 2742 non
1828 2701 1928 2741 au-

330 2777 527 2836 demus
553 2779 730 2837 dicere
755 2821 771 2848 ,
802 2797 870 2836 an
902 2781 1151 2849 alterum,
1182 2782 1395 2838 tertium
1426 2791 1480 2836 ct
1506 2791 1753 2853 quartum
1784 2795 1932 2836 seor-

327 2890 454 2930 sum
481 2885 572 2930 aut
598 2875 922 2946 conjunctim
941 2919 955 2942 ,
983 2891 1046 2931 ac
1069 2893 1301 2947 quonam
1334 2885 1578 2947 tempore
1616 2876 1929 2945 scripserit,

330 2967 388 3022 id
413 2978 596 3023 tamen
622 2967 785 3023 dubio
832 2983 1018 3024 carere
1062 2973 1443 3023 confirmamus
1466 3009 1483 3035 ,
1515 2968 1654 3038 quod
1686 2968 1930 3039 quintum

329 3059 534 3115 librum
557 3058 904 3128 Tertullianus
932 3076 1035 3115 non
1057 3060 1247 3116 eodem
1277 3076 1398 3114 cum
1435 3060 1654 3130 reliquis
1694 3069 1932 3129 tempore

328 3152 585 3209 ediderit.
619 3152 713 3210 Est
730 3155 873 3210 enim
899 3155 1032 3211 liber
1057 3156 1121 3210 de
1144 3155 1529 3210 Resurrectione
1556 3154 1822 3210 recentior
1843 3169 1929 3222 eo,
1959 3184 2004 3246 ρ

328 3261 496 3318 quem
524 3246 587 3300 de
613 3246 774 3302 Carne
789 3246 977 3303 Christi
1001 3242 1303 3321 composuit
1325 3247 1412 3320 (de
1443 3249 1753 3313 Re‘surrectn
1776 3263 1824 3302 c.
1847 3247 1925 3318 2),

329 3339 390 3394 in
416 3354 529 3408 quo
549 3338 636 3411 (de
649 3337 824 3395 Carne
850 3340 1075 3409 Christi,
1103 3357 1222 3414 cap.
1252 3341 1334 3412 7),
1352 3341 1528 3396 locum
1554 3341 1760 3397 excitat,
1779 3356 1844 3396 ex
1869 3341 1931 3396 Ii-

330 3431 435 3487 bro
464 3431 720 3489 adversus
744 3433 1058 3490 Marcionem
1089 3448 1301 3508 quarto,
1321 3435 1388 3491 de
1416 3451 1523 3506 quo
1564 3445 1748 3504 postea
1787 3435 1930 3490 diee-

332 3539 481 3580 mus.
502 3525 789 3583 Enimvero
807 3528 857 3582 iu
883 3529 1070 3599 quinto
1087 3529 1498 3584 AutimarciOuis
1511 3527 1668 3595 libro,
1688 3543 1737 3584 c.
1762 3527 1846 3582 10.
1865 3526 1931 3581 ad

335 3633 468 3672 cum
494 3620 728 3684 remittit,
755 3636 914 3689 quem
941 3622 1004 3676 de
1031 3620 1414 3677 Resurrectione
1436 3623 1725 3692 scripserat
1749 3639 1762 3687 ;
1789 3622 1932 3678 unde

340 3707 391 3763 Τ
391 3708 711 3764 ertulliaaum
756 3719 901 3781 patet
943 3709 1338 3782 alio..tetnpure,
1363 3725 1521 3781 quam
1545 3726 1651 3780 quo
1681 3719 1929 3778 quartum

332 3801 529 3863 edidit.
555 3804 797 3873 quintum
826 3802 877 3858 in
909 3802 1081 3858 lucent
1107 3802 1409 3872 protulisse.
1435 3803 1641 3858 Pariter
1668 3804 1720 3857 in
1753 3804 1927 3872 primo

330 3885 830 3963 Antimarcionis,e.
857 3910 917 3962 t.,
933 3909 1068 3966 opus
1088 3896 1150 3952 de
1170 3894 1562 3965 Praescriptione
1580 3894 1931 3949 hwreticorum

329 4002 398 4042 se
424 3985 791 4042 confecturum
820 3987 1109 4058 aliquando
1140 3986 1457 4056 pollicetur;
1495 3986 1593 4064 sed
1623 3986 1674 4040 in
1702 3986 1839 4041 libro
1867 3987 1931 4040 de

333 4082 510 4138 Carne
531 4080 713 4137 Christi
739 4081 845 4137 tale
865 4081 974 4152 jam
1005 4081 1134 4137 dicit
1152 4096 1180 4134 a
1203 4096 1263 4136 se
1285 4079 1540 4150 scriptum
1565 4079 1749 4144 fuisse,
1774 4093 1823 4134 c.
1849 4081 1928 4146 2.;

257 4230 264 4232 _
329 4175 505 4247 igitur
527 4183 582 4230 et
617 4175 719 4232 hoc
743 4175 997 4238 ostendit,
1025 4174 1254 4245 primum
1287 4191 1391 4228 non
1413 4189 1533 4230 esse
1557 4174 1746 4230 eodem
1775 4183 1930 4245 partu

327 4283 462 4323 cum
492 4269 696 4323 caeteris
715 4266 964 4322 omnibus
988 4267 1208 4322 editum.
1232 4267 1363 4335 Quae
1387 4267 1509 4321 cum
1549 4267 1618 4322 ita
1645 4267 1770 4332 sint,
1785 4279 1932 4323 certe

289 4391 294 4394 -
329 4361 555 4432 quidem
581 4353 1003 4427 confirmamus,
1046 4361 1275 4430 primum
1319 4361 1576 4416 adversus
1619 4361 1931 4416 Marcionem
1966 4427 1972 4432 ι

330 4453 534 4509 librum
559 4454 623 4508 Δ.
653 4451 716 4508 Ρ.
739 4451 801 4508 C.
827 4452 890 4507 N.
922 4451 1118 4508 CCVII.
1141 4462 1253 4521 aut,
1277 4452 1320 4514 si
1344 4453 1532 4520 mavis,
1563 4451 1780 4509 CCVIII.
1811 4468 1933 4522 pro-

2031 1954 2127 1991 nus
2152 1939 2217 1992 de
2242 1937 2406 2006 Carne
2430 1937 2618 1994 Christi
2646 1950 3120 2008 commentaretur,
3152 1946 3294 2015 quod
3317 1948 3478 2003 modo
3503 1965 3629 2018 pro-

2033 2027 2275 2083 bavimus
2300 2071 2314 2094 ,
2351 2031 2422 2085 ita
2447 2047 2669 2087 necesse
2692 2043 2774 2087 est
2803 2049 2952 2113 sane,
2978 2044 3032 2089 ut
3059 2043 3170 2090 tum
3197 2053 3411 2108 quoque
3433 2040 3638 2109 primus

2033 2121 2174 2178 inter
2204 2125 2520 2192 superstites
2545 2135 2731 2179 contra
2756 2125 3070 2181 Marcionem
3093 2127 3304 2184 libellus
3319 2129 3430 2200 jam
3451 2130 3634 2188 editus

2033 2215 2212 2271 fuerit.
2244 2215 2535 2272 Enimvero
2560 2233 2682 2272 cum
2713 2217 2855 2273 hunc
2882 2220 3170 2287 scriberet,
3203 2209 3309 2276 duo
3350 2223 3436 2278 illa
3462 2239 3631 2294 Opus-

2035 2311 2176 2377 cula,
2209 2312 2402 2381 quibus
2425 2311 2554 2366 olim
2584 2311 2901 2368 Marcionem
2944 2316 3306 2386 impugnavit,
3336 2319 3632 2376 resciderat

2034 2405 2394 2476 amiseratque
2433 2403 2815 2472 Tertullianus;
2846 2409 3096 2478 quocirca
3136 2421 3392 2480 apparet,
3421 2428 3541 2466 eum
3577 2415 3633 2468 in

2035 2496 2265 2562 libro,tte
2295 2498 2458 2553 Carne
2484 2496 2670 2553 Christi
2699 2501 2976 2555 remittere
2996 2501 3226 2557 lectores
3247 2519 3352 2558 non
3376 2505 3637 2574 potuisse.
3707 2553 3716 2560 .

2035 2590 2140 2646 Sed
2174 2589 2556 2646 Tillemontium
2601 2577 2776 2647 tamen
2815 2603 3002 2648 contra
3041 2593 3400 2663 disputantem
3445 2597 3633 2652 audia-

2035 2699 2176 2738 mus.
2209 2683 2258 2738 ις
2291 2685 2463 2755 primo
2485 2684 2584 2740 hos
2611 2683 2918 2740 Tertulliani
2948 2703 2966 2741 :
2999 2687 3309 2756 Scorpiacen
3331 2730 3345 2754 ,
3375 2689 3438 2742 de
3466 2689 3634 2744 Carne

2035 2773 2248 2838 Christi,
2276 2775 2339 2829 tle
2369 2777 2552 2829 Anima
2583 2785 2630 2830 et
2669 2777 2732 2828 de
2768 2775 3154 2831 Resurrectione
3182 2778 3345 2833 libros
3374 2780 3448 2834 ait
3474 2795 3636 2850 supe-

2036 2868 2207 2922 riores
2236 2868 2338 2923 dici
2363 2883 2522 2939 posse
2548 2868 2698 2923 libris
2737 2870 2826 2939 qui
2858 2882 3146 2940 supersunt
3197 2872 3455 2928 adversus
3488 2874 3634 2928 Mur.-

2035 2959 2230 3013 cionem
2250 2999 2265 3026 ,
2297 2957 2564 3029 hujuSque
2592 2960 2828 3014 nominis
2862 2961 2913 3015 in
2951 2961 3014 3015 iis
3041 2963 3233 3017 citatos
3263 2979 3383 3019 esse
3407 2981 3518 3022 eos
3541 2967 3634 3036 qtti

2037 3049 2235 3107 dudum
2280 3053 2506 3121 periere.
2559 3053 2636 3106 Ac
2676 3053 2740 3105 de
2769 3051 3051 3122 Scorpiace
3092 3069 3192 3125 ego
3219 3073 3323 3110 non
3359 3074 3634 3129 repugno;

2036 3155 2120 3200 est
2147 3135 2288 3199 enim
2322 3143 2411 3198 illa
2457 3145 2681 3214 qumstio
2722 3145 2851 3199 satis
2895 3155 3114 3201 tractata
3157 3149 3292 3204 :sed
3334 3150 3401 3205 de
3427 3152 3636 3208 caneris

2039 3231 2146 3291 non
2169 3237 2456 3292 assentior.
2486 3235 2620 3291 Nam
2651 3236 2719 3292 de
2749 3237 2884 3291 libro
2939 3239 3027 3308 qui
3058 3239 3120 3294 de
3143 3239 3306 3295 Carne
3334 3240 3522 3298 Christi
3551 3247 3635 3302 in-

2036 3329 2288 3384 scribitur
2308 3369 2324 3394 ,
2351 3327 2512 3383 modo
2535 3328 2771 3383 diximus
2792 3371 2808 3395 ,
2830 3329 2956 3400 quid
2989 3330 3056 3384 sit
3085 3333 3450 3404 sentiendum,
3476 3337 3563 3390 cui
3589 3337 3636 3391 si

2035 3422 2154 3492 quis
2183 3422 2434 3477 resistere
2459 3422 2587 3476 Velit
2617 3464 2632 3487 ,
2657 3437 2779 3476 eum
2818 3421 3119 3478 audiemus.
3162 3426 3335 3495 Atque
3375 3444 3498 3482 cum
3528 3429 3631 3485 hoc

2037 3513 2390 3580 ostendimus,
2420 3515 2576 3569 simul
2599 3514 2727 3567 illttd
2749 3515 3113 3584 aperiebatur,
3137 3534 3164 3568 a
3195 3517 3330 3572 libro
3355 3521 3417 3574 de
3441 3519 3633 3575 Resur-

2038 3595 2256 3662 rectiOite
2287 3606 2395 3677 (qui
2427 3621 2492 3660 eo
2517 3617 2601 3660 est
2622 3605 2758 3660 haud
2782 3605 2942 3662 dubie
2964 3608 3274 3680 recentior),
3307 3612 3446 3681 quod
3479 3611 3634 3670 Tille-

2039 3702 2261 3756 montius
2287 3710 2472 3756 contra
2503 3700 2752 3766 volebat,
2781 3701 3200 3756 remotissimum
3226 3717 3363 3759 esse.
3397 3704 3635 3777 Denique

2040 3792 2183 3864 quod
2213 3794 2425 3846 animus
2458 3790 2689 3846 hominis
2720 3808 2826 3866 non
2865 3787 3081 3848 aliunde
3107 3795 3364 3865 agitetur,
3408 3799 3458 3852 in
3495 3798 3632 3856 libro

2034 3886 2098 3940 de
2146 3885 2352 3950 Anima,
2380 3899 2430 3940 c.
2483 3883 2594 3951 21,
2636 3887 2710 3940 ait
2757 3899 2816 3940 se
2866 3883 3177 3940 Marcionem
3226 3888 3492 3946 docuiSse.
3526 3893 3626 3947 At-

2035 3994 2138 4050 que
2161 3978 2258 4032 ista
2286 3977 2355 4032 de
2385 3991 2442 4031 re
2468 3992 2588 4030 cum
2616 3976 2781 4030 tnulta
2808 3975 3004 4032 dixerit
3029 3978 3080 4031 in
3098 3978 3292 4047 altero,
3319 3981 3408 4051 qui
3432 3998 3624 4053 super-

2033 4080 2138 4136 est,
2161 4070 2421 4126 adversus
2472 4085 2594 4126 eum
2621 4069 2777 4136 libro,
2801 4084 2852 4126 c.
2895 4069 2948 4124 6.
2975 4085 3154 4141 seqq.,
3183 4088 3288 4127 non
3333 4075 3626 4132 absurdum

2037 4173 2120 4219 est
2147 4161 2359 4226 dicere,
2384 4160 2527 4233 quod
2565 4160 2706 4216 ltuuc
2741 4161 2794 4215 in
2834 4160 2927 4216 illo
2955 4165 3289 4233 respexerit;
3319 4181 3418 4222 nec
3448 4178 3626 4226 tamen

2037 4254 2308 4310 mordicus
2353 4254 2402 4308 id
2455 4253 2670 4322 quidem
2704 4253 3036 4320 tenebimus,
3061 4257 3149 4324 qui
3187 4257 3266 4310 usi
3307 4273 3414 4312 non
3444 4273 3630 4315 smnus

2037 4348 2192 4404 istius
2216 4347 2336 4402 libri
2368 4346 2696 4402 testimonio.
2729 4345 2913 4401 Altera
2939 4346 3202 4402 dubitatio
3227 4349 3385 4403 etiam
3413 4353 3632 4420 puerilis

2036 4453 2138 4503 εει.
2169 4443 2228 4497 1η
2253 4443 2370 4497 loco
2391 4457 2478 4504 eo,
2503 4456 2660 4510 quem
2685 4455 2716 4495 e
2739 4440 2874 4495 libro
2899 4441 2962 4494 de
2989 4439 3156 4495 Carne
3179 4441 3370 4497 Christi
3390 4445 3454 4500 ad
3482 4448 3633 4502 tcSti-

329 4546 539 4610 diisse,
572 4540 693 4601 eum
720 4544 838 4600 XV.
868 4543 1042 4601 Severi
1067 4560 1240 4600 annus
1289 4546 1342 4601 in
1391 4556 1674 4617 utrumque.
1713 4544 1928 4612 incidat,
1956 4549 2011 4610 Ι)
2039 4533 2276 4591 monium
2301 4534 2604 4598 citavimus,
2631 4530 2979 4588 Tertullianus
3006 4531 3156 4586 illum
3201 4533 3393 4607 librum
3440 4549 3629 4594 contra

330 4639 431 4695 sed
462 4637 532 4692 de
555 4638 766 4694 caneris
785 4679 800 4705 ,
832 4637 1046 4709 quando
1075 4636 1182 4692 sint
1212 4637 1417 4708 scripti,
1448 4637 1554 4693 dici
1584 4637 1717 4691 nihil
1746 4652 1926 4708 posse,

329 4731 439 4787 nisi
472 4729 594 4806 hoc,
625 4729 768 4801 quod
796 4729 1041 4801 quintum
1073 4728 1291 4800 reliquis
1317 4728 1522 4799 :equale
1561 4743 1667 4784 non
1697 4731 1784 4783 sit.

446 4888 475 4962 ς
513 4889 670 4945 lI.—
698 4887 1008 4944 Tillemontii
1037 4888 1291 4943 contraria
1312 4887 1485 4957 opinio
1511 4886 1820 4958 castigatur.

410 5051 481 5106 At
508 5051 648 5120 quod
677 5050 996 5106 verebamur
1025 5048 1160 5116 fore,
1193 5057 1252 5104 ut
1271 5049 1427 5120 quale
1459 5049 1509 5103 in
1540 5049 1656 5103 loco
1687 5048 1748 5102 de
1777 5047 1935 5102 Scor-

331 5141 485 5211 piace
513 5140 768 5207 diximus,
793 5141 958 5196 libros
976 5151 1161 5196 contra
1183 5139 1495 5194 Marcionem
1518 5139 1586 5194 ibi
1613 5139 1804 5195 citatos
1829 5153 1933 5193 non

330 5247 434 5289 eos
460 5247 580 5287 esse
601 5274 616 5297 ,
643 5248 779 5304 quos
822 5233 1094 5287 habemus
1121 5233 1458 5302 superstites,
1490 5231 1582 5286 sed
1610 5231 1741 5285 alios
1772 5230 1934 5284 abro-

331 5334 490 5397 gatos
535 5325 682 5395 quasi
701 5366 714 5388 ,
742 5334 793 5379 et
818 5309 1016 5379 dudum
1044 5325 1304 5389 amissos,
1351 5326 1452 5377 tale
1475 5323 1634 5378 etiam
1667 5321 1752 5376 his
1772 5337 1934 5391 argu-

331 5419 535 5490 mentis
563 5417 762 5472 nostris
788 5416 1025 5472 nonnulli
1047 5414 1326 5486 objieiant,
1352 5414 1404 5470 id
1436 5415 1546 5470 fere
1569 5414 1764 5493 factum
1793 5415 1938 5469 vide-

329 5524 460 5568 mus
482 5523 514 5564 a
533 5507 856 5565 Tillemontio
881 5507 1178 5580 (llénioires
1201 5525 1332 5580 pour
1351 5509 1511 5578 servit
1530 5509 1561 5562 ὰ
1586 5506 1739 5562 l‘hist.
1769 5506 1935 5582 Eccl.,

403 5732 470 5797 (Ι)
513 5730 566 5781 Si
585 5733 662 5781 cui
685 5731 847 5781 minus
867 5729 984 5795 quid
1015 5729 1240 5797 videmur
1265 5730 1431 5797 egisse
1456 5764 1470 5787 ,
1495 5733 1665 5791 Speret
1705 5739 1937 5797 reserva-

329 5793 439 5846 tum
457 5793 553 5845 suo
575 5793 956 5858 tempori._siéut
978 5802 1031 5843 et
1048 5795 1262 5855 ipsarum
1286 5793 1650 5855 Scripturarum
1683 5795 1939 5842 examina-

331 5861 547 5920 tionem,
569 5856 751 5923 quibus
773 5856 983 5907 Marcion
1001 5857 1172 5905 utitur.

620 5940 1059 6008 Tenrutunt
1107 5939 1154 6000 I.

2039 4628 2398 4695 Marcionem,
2439 4642 2598 4697 quem
2648 4625 2970 4695 appellavit,
3003 4626 3229 4698 libellum
3257 4628 3423 4695 dixit;
3455 4629 3635 4700 itaque

2036 4732 2272 4794 quartum
2306 4721 2446 4774 inter
2473 4719 2788 4788 superstites
2813 4734 2918 4773 non
2947 4717 3117 4772 voluit
3139 4719 3373 4786 laudare,
3407 4723 3496 4791 qui
3521 4738 3627 4777 non

2039 4815 2251 4871 libellus
2278 4813 2365 4880 sit,
2397 4813 2491 4869 sed
2524 4823 2773 4883 maguum
2805 4812 3078 4868 volumen.
3114 4813 3294 4884 Inepta
3323 4817 3630 4873 conclusio!

2038 4908 2190 4979 quasi
2223 4923 2350 4962 vero
2375 4904 2727 4960 Tertullianus
2755 4921 2914 4960 omne
2936 4921 3072 4976 opus
3101 4917 3284 4960 contra
3317 4907 3630 4966 Marcionem

2039 5016 2146 5055 non
2172 4996 2473 5070 opusculum
2496 4997 2736 5061 dixisset,
2759 4997 2849 5052 lib.
2882 4995 2923 5050 I.
2944 5012 2992 5050 c.
3021 5012 3058 5050 ι.
3077 5013 3124 5050 c.
3148 4998 3240 5061 3|.
3268 4997 3326 5052 lI.
3357 5015 3414 5073 c.
3434 5017 3472 5056 I.
3496 5015 3628 5069 etc.,

2039 5105 2129 5150 aut
2159 5092 2313 5164 quasi
2343 5092 2386 5147 is
2423 5091 2528 5146 dici
2555 5089 2771 5145 libellus
2799 5104 2902 5143 uuu
2933 5100 3134 5159 posset,
3163 5091 3248 5160 qtti
3275 5101 3479 5161 partem
3513 5112 3630 5150 tua-

2035 5185 2171 5257 joris
2213 5184 2392 5256 operis
2436 5183 2734 5238 constituit.
2783 5182 2852 5236 At
2889 5197 2954 5236 eo
3001 5180 3161 5235 modo
3199 5181 3488 5240 dicendum
3528 5199 3632 5252 est,

2040 5279 2416 5337 Tertullianum
2429 5292 2564 5347 Opus
2581 5276 2816 5330 nondum
2840 5275 3128 5344 perfectum
3153 5277 3378 5332 citasse!
3406 5279 3662 5364 Hocciue.

2042 5390 2174 5430 vero
2220 5385 2274 5430 et
2322 5373 2493 5444 potuit
2537 5382 2684 5447 tanto
2727 5371 2843 5424 viro
2889 5369 3197 5436 scrupulum
3247 5371 3504 5442 injicere,
3549 5379 3639 5447 qui

2043 5469 2237 5525 millies
2267 5469 2318 5522 in
2348 5443 2747 5521 commentariis
2785 5463 2896 5516 suis
2941 5462 3086 5531 ipsos
3126 5463 3291 5519 libros
3327 5482 3456 5522 suos
3501 5485 3640 5524 nun-

2042 5578 2198 5633 quam
2227 5559 2499 5615 absolutos
2533 5565 2830 5611 autestatus
2855 5555 2970 5610 est?
2999 5555 3308 5628 Eodemque
3336 5561 3494 5615 modo
3515 5559 3638 5616 Ter-

2043 5655 2314 5708 tullianum
2339 5649 2514 5721 egisse
2542 5650 2662 5718 quis
2694 5648 2927 5718 negabit,
2952 5648 2995 5701 si
3025 5649 3241 5718 quidem
3271 5662 3480 5706 nostras
3513 5669 3638 5710 nos-

2044 5748 2109 5802 tri
2157 5743 2457 5814 argumenti
2500 5726 2761 5795 vindicias
2805 5740 3032 5812 legerit?
3065 5743 3318 5812 Denique.
3351 5745 3478 5801 dicit
3512 5747 3642 5804 Τίον.

2045 5839 2315 5894 tulliauum
2359 5833 2426 5891 de
2471 5833 2611 5902 loco,
2667 5849 2775 5906 quo
2824 5834 2991 5891 sancti
3045 5835 3141 5890 viri
3191 5838 3568 5898 contineantur
3611 5861 3643 5901 a

2063 5978 2097 6007 ο
3136 5929 3365 6012 {Cinq.)
