4082 6346
484 292 588 348 139

1512 301 1963 363 DlSSERTATlO
2002 301 2089 362 DE
2129 304 2317 366 VERA
2355 308 2611 375 ETATE

3670 338 3774 398 ΗΘ

486 418 659 467 morte
684 406 764 467 'ad
794 412 966 470 ultimi
986 412 1338 486 judicii'diem
1357 457 1373 485 ,
1402 417 1506 476 alia
1534 420 1587 476 in
1615 420 1754 479 libro
1779 424 1844 478 de
1867 423 2075 491 Anima,
2104 424 2158 485 Α
2183 423 2322 483 Getae
2349 445 2621 504 nunquam
2639 478 2656 506 ,
2689 436 2791 497 hoc
2812 454 2942 498 vero
2964 443 3034 501 ad
3056 459 3167 503 rem
3195 445 3328 504 nihil
3355 449 3482 508 facit
3508 455 3733 511 cumino
3752 470 3779 524 ;‘

480 518 533 560 c.
561 503 652 569 55,
676 505 843 578 deque
864 505 1268 578 Resurrectione,
1289 523 1340 566 c.
1359 510 1595 579 42".,th
1623 514 1677 570 in
1704 513 2082 573 Antimarcione
2182 520 2251 577 ab
2276 536 2343 578 eo
2385 503 2531 582 enim
2562 503 2839 602 tempore,
2878 548 2986 606 quo
3030 536 3158 593 Geta
3194 503 3507 612 dignitatem

484 592 574 653 IV.
609 612 660 653 c.
682 597 796 665 34.,
828 597 1057 656 tradere.
1087 600 1285 657 Audio.
1305 602 1410 659 Sed
1432 606 1694 678 numquid
1719 607 1804 662 isti
1833 607 1955 664 libri
1982 623 2078 679 pu-

482 697 647 758 gnant
674 689 728 745 in
751 689 816 745 iis
834 690 987 757 locis,
1011 708 1147 764 quos
1175 708 1235 751 se
1252 695 1327 751 ait
1356 698 1408 752 in
1431 697 1791 771 disputatione
1816 701 2078 760 adversus

394 815 398 818 ~
486 776 797 837 Marcionem
837 788 1234 853 pertractassc?
1280 788 1391 846 Hoc
1430 806 1560 847 vero
1591 808 1692 850 nec
1715 792 2075 851 Tillemoutius

481 888 710 943 unquam
740 875 1012 946 probavit,
1038 894 1139 936 nec
1168 880 1452 953 quisquam
1472 924 1489 952 ,
1514 885 1559 939 si
1593 886 1645 941 in
1674 886 1795 942 aliis
1821 886 1887 942 ad
1914 902 2073 943 caus-

479 980 593 1020 sam
622 968 891 1037 propriam
923 985 1026 1025 non
1058 972 1449 1040 pertinentibus
1477 991 1507 1030 a
1532 990 1593 1033 se
1620 976 1965 1035 Tertullianus
1989 978 2078 1035 dc-

479 1055 686 1127 fecerit,
713 1056 855 1116 dieet
876 1060 1085 1119 admitti
1110 1063 1267 1121 talem
1296 1069 1697 1127 conclusionem
1723 1085 1901 1143 posse.

475 1218 503 1289 ᾗ
572 1217 661 1275 12.
711 1246 782 1261 --
832 1217 985 1277 Liber
1045 1226 1109 1279 de
1164 1223 1356 1284 Pallio.
1411 1227 1715 1302 Disputatur
1776 1231 1839 1287 de
1890 1231 2079 1303 triplici

549 1317 811 1385 praesulis
837 1314 1048 1388 Imperii
1081 1318 1289 1388 uirtute,
1342 1332 1393 1377 et
1455 1324 1728 1396 inquiritur
1770 1326 1824 1381 in
1889 1343 2077 1381 annum

546 1423 644 1477 quo
673 1406 799 1464 Geta
827 1408 1121 1483 dignitatem
1147 1413 1364 1486 Augusti
1386 1419 1622 1489 suscepit.

543 1585 661 1641 Jsm
705 1586 858 1643 nobis
912 1586 1150 1643 libellum
1194 1591 1257 1644 de
1302 1590 1473 1647 Pallio
1519 1592 1855 1649 tractandum
1898 1606 2078 1651 suma-

424 1694 425 1701 η
473 1694 595 1736 mus
614 1723 627 1747 ,
652 1680 939 1736 obscurum
970 1681 1121 1738 illum
1150 1685 1363 1755 quidem
1392 1694 1449 1741 et
1473 1688 1604 1743 satis
1634 1687 1913 1745 confusum
1932 1731 1949 1754 ,
1981 1687 2075 1745 sed

471 1784 661 1843 magna
706 1779 884 1828 tamen
931 1776 1106 1831 omnis
1150 1777 1483 1848 antiquitatis
1522 1780 1745 1836 scientia
1789 1781 2071 1838 refertum.

472 1866 546 1919 De
601 1863 755 1934 cujus
792 1874 951 1921 mtate
1000 1879 1120 1921 eum
1163 1869 1389 1924 siut'tot
1430 1869 1800 1943 discrepantes
1836 1876 2073 1929 virorum

467 1958 898 2015 doctissimorum
926 1962 1207 2017 sententia:
1230 2005 1245 2030 ,
1278 1961 1329 2018 id
1356 1977 1574 2036 agamus
1614 1981 1837 2023 necesse
1864 1976 1982 2036 est,
2017 1976 2074 2024 ut

467 2050 551 2106 vel
597 2065 692 2107 eas
730 2051 959 2108 candide
982 2055 1351 2111 examinemus
1374 2099 1388 2123 ,
1416 2056 1499 2113 vel
1532 2067 1771 2115 nostram
1790 2074 2071 2133 propona-

467 2158 611 2199 mus.
635 2143 831 2213 Eximit
866 2153 1048 2202 autem
1094 2145 1180 2203 hic
1207 2148 1379 2218 primo
1408 2149 1528 2207 loco
1568 2152 1812 2223 qumdam
1847 2154 2073 2225 quaestio

467 2236 628 2292 facile
656 2237 997 2317 expedienda
1019 2280 1033 2303 ,
1065 2254 1312 2309 qutunam
1348 2244 1833 2315 sit'ista-prtesentis
1871 2244 2073 2317 imperii

466 2328 652 2399 triplex
670 2315 867 2395 uirtus,
902 2326 1012 2385 Deo
1043 2338 1115 2385 tot
1139 2333 1380 2404 Augustis
1414 2336 1470 2389 in
1512 2342 1673 2391 unum
1713 2315 1953 2408 fauente,
1986 2337 2069 2395 cui

407 2462 410 2466 .
469 2418 814 2476 Tertulliamts
852 2422 1038 2478 tribuit
1062 2438 1249 2480 eorum
1281 2434 1583 2503 temporum
1614 2426 1922 2487 felicitatem
1964 2431 2067 2503 (l).

466 2512 707 2584 Namque
741 2512 829 2568 alii
872 2513 1026 2584 (Jac.
1067 2502 1389 2584 Gutlterius,
1418 2520 1481 2574 de
1525 2518 1716 2593 Oﬁciis
1744 2523 1929 2580 domus
1966 2502 2073 2579 Ru-

463 2616 645 2676 gustw,
687 2607 816 2663 edit.
851 2607 997 2679 Lips.
1024 2606 1101 2681 'p.
1131 2608 1286 2684 277.)
1319 2611 1406 2668 his
1429 2627 1591 2671 unum
1644 2614 1889 2672 Seuerum
1929 2618 2070 2673 indi-

464 2708 642 2754 catum
668 2699 854 2756 volunt
878 2711 1183 2781 propterea,
1218 2704 1361 2775 quod
1380 2715 1494 2763 tres
1521 2703 1641 2764 ilius
1667 2709 1875 2781 imperii
1899 2724 2068 2766 armu-

465 2792 549 2847 los
585 2786 891 2861 lulianum,
924 2794 1153 2866 Nigrum
1195 2802 1241 2850 et
1271 2797 1509 2854 Albinum
1555 2812 1935 2872 superaverat;
1979 2804 2069 2858 alii

462 2901 584 2941 cum
615 2887 781 2959 Nigro
802 2896 869 2944 ‘et
907 2886 1092 2943 Albino
1121 2888 1364 2945 Severum
1412 2891 1824 2961 (Centuriatores
1856 2893 2070 2967 Magde-

453 2981 676 3052 .burgici,
706 2991 847 3038 cent.
896 2982 981 3038 Ill.
1015 2999 1068 3055 p.
1095 2984 1402 3054 241.);alii
1430 2987 1668 3044 Albinum
1688 3033 1702 3056 ,
1733 2987 1976 3046 Severum
2024 2998 2071 3044 et

464 3073 776 3129 Antoninum
796 3074 1110 3145 (Pamelius,
1127 3079 1181 3133 in
1198 3078 1299 3133 vita
1317 3075 1629 3152 Tertull.,p.
1656 3079 1744 3136 lO.
1769 3081 1827 3135 D.
1850 3080 1936 3137 Li.
1957 3080 2065 3153 F1);

463 3165 697 3237 denique
752 3167 843 3223 alii
894 3167 1139 3224 Severum
1192 3185 1314 3226 cum
1364 3171 1575 3227 duobus
1632 3168 1756 3229 filiis
1819 3170 2141 3267 Bassianoc

467 3259 690 3331 (ictaque
728 3260 1049 3333 intelligunt.
1079 3262 1404 3320 Sed'tt'ium
1466 3266 1705 3336 priorum
1752 3268 2067 3340 opinionum

462 3351 663 3406 nullam
698 3353 886 3423 probo.
911 3353 1041 3408 Nam
1084 3371 1145 3411 ea
1190 3352 1424 3411 Gntherii
1449 3358 1688 3430 opinatio
1713 3367 1959 3416 contorta
1988 3368 2071 3416 est

464 3452 519 3499 et
559 3444 838 3516 perinepta
860 3486 875 3510 ,
905 3455 964 3502 ut
992 3461 1128 3518 pene
1158 3450 1393 3504 nesciam
1419 3492 1433 3516 ,
1461 3465 1525 3504 an
1554 3450 1674 3521 quis
1695 3466 1930 3524 unquam
1958 3460 2066 3507 tam

412 3572 420 3578 ι
466 3547 649 3607 aperte
670 3548 723 3594 et
750 3554 1002 3611 perversa
1025 3549 1081 3597 et
1107 3540 1238 3598 falsa
1264 3556 1481 3599 secutus
1506 3544 1595 3599 sit.
1626 3545 1741 3601 Non
1774 3556 1985 3618 tangam
2016 3545 2068 3603 id

464 3631 705 3701 quidem,
731 3632 932 3689 bonum
953 3634 1129 3690 virum
1153 3648 1259 3689 non
1279 3634 1478 3692 vidisse
1508 3636 1769 3709 triplicem
1792 3638 1934 3694 illam
1963 3639 2070 3694 vir-

465 3731 635 3780 tutem
674 3727 938 3796 pretends
977 3725 1225 3798 imperii,
1278 3728 1551 3801 Deumque
1576 3729 1679 3786 dici
1719 3740 1789 3786 tot
1828 3731 2069 3803 Augustis

468 3816 652 3887 {ivvisse
676 3816 730 3872 in
754 3833 917 3872 unum
939 3858 955 3885 ,
984 3816 1082 3873 hos
1109 3818 1272 3874 etiam
1303 3820 1499 3875 multas
1523 3821 1685 3879 urch
1715 3823 2030 3893 produxisse
2050 3867 2064 3889 .

466 3908 714 3976 auxisse,
760 3907 1094 3975 reddidisse;
1147 3910 1289 3980 quad
1333 3912 1475 3967 dicat
1510 3914 1647 3968 mihi
1702 3915 1856 3985 quis,
1903 3933 1968 3971 an
2000 3916 2069 3973 de

465 3996 712 4065 Iuliano,
742 3997 907 4072 Nigro
955 4008 1004 4055 et
1054 4000 1239 4057 Albino
1292 4001 1546 4057 aftirmari
1593 4015 1786 4075 queat,
1837 4008 2068 4063 maxime

460 4100 575 4145 tum
598 4133 613 4157 ,
655 4105 774 4146 cum
802 4092 911 4163 jam
949 4103 1134 4150 essent
1162 4094 1509 4164 interempti?
1532 4095 1641 4151 Nec
1667 4096 1839 4155 dicam
1866 4140 1879 4164 ,
1907 4112 2068 4170 quam

464 4183 605 4240 male
625 4183 858 4240 adhibita
887 4185 993 4241 sint
1025 4184 1314 4241 Herodiani
1342 4187 1525 4254 verba,
1552 4186 1649 4245 lib.
1674 4186 1765 4245 Ill.
1789 4204 1841 4247 c.
1870 4192 1947 4261 7.,
1976 4194 2069 4264 qui

465 4275 709 4330 Severum
754 4278 979 4334 miratur
1014 4284 1105 4332 ἰνα
1158 4282 1309 4350 ἄνδρα
1360 4285 1484 4353 τρεῖς
1534 4290 1814 4338 καθελόντα
1835 4294 2067 4356 βασιλέας

470 4376 561 4435 ἤδη
587 4381 905 4443 κρατοῦνταςς
937 4382 1061 4449 sunt
1106 4374 1250 4429 enim
1296 4372 1413 4430 lucc
1446 4374 1556 4445 jam
1597 4392 1627 4432 a
1674 4375 1900 4433 Baeclero
1936 4379 2068 4437 satis

470 4466 732 4535 disputata
764 4468 782 4539 (
806 4467 871 4521 In
920 4478 1096 4524 annot.
1126 4469 1200 4523 ad
1228 4466 1421 4526 Herod.
1453 4487 1504 4542 p.
1536 4471 1712 4545 420.).
1742 4472 1859 4531 Hoc
1901 4491 2064 4533 unum

464 4557 615 4614 lubet
641 4560 964 4626 examinare,
996 4559 1139 4631 quod
1165 4562 1231 4616 ad
1266 4562 1380 4618 rem
1400 4573 1636 4621 u05tram
1666 4565 1927 4638 imprimis
1947 4586 2066 4641 per-
2091 4596 2145 4662 D

463 4652 633 4717 tinet,
662 4661 840 4708 utrum
869 4651 996 4709 Geta
1016 4696 1031 4721 ,
1063 4655 1189 4710 vivo
1218 4654 1405 4712 Severo
1426 4699 1440 4726 ,
1469 4670 1742 4732 nunquam
1777 4663 1846 4718 sit
1892 4663 2064 4723 factus

468 4744 744 4814 Augustus.
777 4743 929 4813 Quod
959 4760 1080 4802 cum
1109 4747 1236 4803 velit
1266 4744 1575 4819 (iutherius,
1608 4753 1838 4824 primum
1886 4754 2067 4812 Getam

469 4834 646 4891 Severi
668 4834 884 4893 fratrem
912 4834 940 4894 ἐι
973 4837 1101 4895 Geta
1141 4836 1376 4909 thsare,
1410 4841 1582 4900 Severi
1608 4845 1747 4913 lilio,
1794 4864 1902 4904 non
1943 4852 2064 4921 qui-

465 4928 611 4992 dem,
643 4940 701 4985 ut
722 4945 818 5002 par
842 4941 980 4999 erat,
1022 4930 1319 5004 distinguit.
1344 4932 1482 4991 Nam
1507 4952 1630 4994 cum
1659 4937 1990 5011 Spartianus,
2012 4944 2063 5001 in

466 5021 593 5076 Sev.
643 5037 692 5077 e.
728 5022 838 5079 ⁷10.
886 5023 1129 5080 Severum
1178 5026 1309 5082 dicit
1354 5026 1518 5084 lilium
1560 5044 1715 5087 suum
1757 5033 2065 5092 Bassianum

464 5114 733 5170 Caesarem
777 5117 1108 5186 appellasse,
1152 5127 1210 5173 ut
1239 5116 1458 5176 fratrem
1503 5137 1661 5181 suum
1693 5124 1869 5181 Getam
1894 5143 1925 5184 a
1968 5144 2065 5200 spe

465 5208 710 5280 imperii,
737 5218 897 5281 quam
938 5211 1052 5281 ipse
1095 5225 1445 5284 conceperat,
1474 5217 2064 5297 submoveret,_nonne

442 5313 882 5358 consentaneum
908 5314 992 5360 est
1011 5346 1025 5371 ,
1055 5320 1176 5360 eum
1204 5305 1272 5361 de
1302 5307 1449 5376 Geta,
1482 5309 1655 5367 Severi
1683 5312 1866 5384 fratre,
1898 5317 2061 5376 fuisse

463 5395 740 5450 locutum?
770 5395 975 5452 Deinde
1019 5397 1161 5467 quod
1206 5399 1261 5454 in
1303 5392 1487 5457 multis
1524 5401 1724 5461 codicis
1756 5408 1919 5465 titulis
1956 5428 2057 5467 no-

463 5485 809 5543 minaSeveri
835 5497 880 5543 et
909 5489 1154 5550 Antonini
1180 5490 1540 5564 Augustorum
1564 5499 1918 5572 reperiantur,
1964 5505 2059 5562 sed

525 5715 597 5785 (ll
622 5715 743 5785 ,βεψο
767 5715 814 5765 2-
864 5716 1107 5785 Quantum
1130 5716 1326 5785 urbium
1348 5725 1435 5785 aut
1461 5718 1692 5783 prodm'tit
1712 5735 1795 5779 aut
1812 5731 1951 5781 auxit
1973 5741 2057 5785 aut

458 5780 674 5858 reddidit
698 5780 955 5858 pra‘sentis
976 5779 1369 5858 iniliprii_triples
1392 5779 1585 5858 rictus,
1611 5794 1710 5858 peo
1727 5796 1797 5844 tot
1818 5779 2059 5858 Augustis

462 5845 517 5891 tu
541 5854 689 5897 unum
716 5842 943 5904 inventu,
970 5846 1091 5903 quot
1110 5853 1287 5894 census
1311 5842 1590 5909 transcripti
1612 5850 1623 5898 l

2182 617 2446 711 suscepit,
2488 630 2548 676 ut
2573 633 2756 693 postea
2793 626 3095 699 docebitur,
3122 646 3343 705 semper
3382 638 3482 693 fuit
3520 617 3689 711 patris
3720 644 3773 700 in

2183 703 2326 763 bello
2348 724 2563 778 comes,
2608 715 2660 771 in
2690 733 2829 787 quo,
2862 722 3008 792 quod
3034 722 3099 779 de
3124 703 3333 795 legibus
3366 727 3435 784 ad
3603 734 3776 803 publi-

2180 813 2296 854 cam
2323 808 2692 873 spectantibus
2708 814 2951 884 cogitare
2978 831 3085 873 non
3112 821 3365 889 potum-it,
3393 838 3557 880 nemo
3585 826 3791 897 mirari,

2179 892 2363 965 debet.
2380 896 2435 992 ld
2468 916 2596 958 vero
2621 906 2771 961 nullo
2792 909 2953 965 modo
2978 911 3258 971 ferendum
3270 924 3376 981 est.
3402 918 3545 988 quod
3569 918 3767 992 Getam,

2179 997 2332 1057 patre
2373 990 2623 1085 rivente,
2682 998 2979 1071 Augustum
3024 1006 3353 1077 appellatum
3394 1023 3517 1067 esse
3573 990 3768 1085 neget,

2180 1082 2524 1177 numinisque
2581 1098 2762 1145 utatur
2802 1093 2871 1147 ad
2916 1093 3019 1151 hoc
3064 1097 3442 1170 efﬁciendum,
3491 1104 3543 1158 in
3582 1082 3774 1177 quibus

2183 1169 2324 1228 Geta:
2352 1174 2442 1231 Tr.
2480 1177 2541 1233 P.
2574 1179 2637 1235 ιι.
2666 1181 2879 1254 legitur.
2910 1186 3042 1244 Nam
3072 1206 3194 1247 cum
3230 1193 3344 1263 ipse
3385 1169 3633 1267 adjiciat,
3673 1199 3775 1255 Ge-

2183 1272 2308 1332 tam,
2325 1278 2727 1341 mortquatre,
2749 1292 2871 1332 cum
2885 1278 3049 1337 fratre
3064 1298 3172 1339 non
3192 1286 3292 1341 nisi
3314 1286 3381 1341 X.
3399 1302 3633 1358 menses,
3654 1291 3768 1349 XV.

2179 1356 2296 1414 dies
2320 1375 2575 1431 regnasse
2602 1382 2623 1431 ς
2653 1382 2877 1427 necesse
2902 1381 2987 1428 est
3027 1389 3160 1433 sane
3202 1374 3260 1433 in
3284 1377 3410 1435 Geta
3455 1391 3582 1439 ante
3608 1356 3776 1455 patris

2180 1462 2408 1544 mortem
2436 1458 2708 1529 Augustus
2739 1464 2810 1518 sit
2848 1467 3168 1536 appellatus.
3201 1471 3385 1527 Altera
3415 1475 3598 1544 opinio
3638 1477 3789 1535 doc’

2180 1543 2517 1611 tissimorum
2537 1550 2772 1609 virorum
2790 1596 2805 1621 ,
2837 1558 2926 1627 qui
2954 1558 3293 1635 Hagdcburgi
3339 1543 3577 1623 historia:
3606 1583 3774 1627 sacra:

2179 1640 2447 1695 centurias
2491 1644 2946 1720 composuerunt,
3000 1653 3245 1711 Severum
3273 1674 3392 1726 cum
3440 1661 3600 1734 Nigro
3642 1665 3779 1719 Albi-

2182 1745 2345 1803 noque
2366 1734 2551 1790 statuit
2570 1735 2736 1795 fuisse
2760 1740 2903 1797 illam
2932 1744 3196 1816 triplicem
3220 1750 3491 1820 virtutem,
3520 1765 3573 1810 et
3602 1766 3768 1826 recte,

2102 1822 2152 1888 ι
2181 1831 2240 1876 ut
2265 1838 2387 1878 eum
2417 1824 2745 1912 Tillomontio
2793 1832 3045 1906 loquar,‘
3067 1841 3270 1898 erroris
3296 1846 3632 1903 convincitur
3651 1892 3666 1915 ,

2179 1916 2324 1985 quod
2356 1917 2561 1976 fontem
2604 1924 2867 1982 malorum
2895 1928 3105 1999 imperii
3142 1932 3372 1993 Romani
3407 1936 3610 1993 fontem
3636 1955 3775 1995 con-

2177 2010 2385 2077 stituit,
2416 2013 2559 2070 unde
2601 2021 2903 2077 manaverit
2944 2031 3089 2080 tanta
3132 2026 3381 2085 felicitas
3408 2030 3654 2102 imperii,
3704 2035 3777 2090 de

2176 2118 2280 2174 qua
2324 2103 2672 2165 Tertullianus
2728 2113 2985 2186 loquitur.
3026 2119 3106 2175 Ac
3155 2120 3224 2176 de
3274 2121 3507 2180 Pometia
3553 2126 3777 2184 meliora

2176 2197 2425 2263 sentiam,
2457 2215 2488 2254 a
2509 2203 2658 2273 cujus
2678 2195 2865 2261 caussa
2895 2211 3090 2266 veritas
3116 2214 3431 2288 plerumque
3474 2220 3779 2276 remotissi-

2176 2302 2263 2343 ma
2297 2291 2421 2345 est?
2449 2294 2539 2363 qui
2564 2296 2837 2365 Albinum,
2885 2316 3048 2371 quem
3092 2319 3283 2363 omnes
3323 2294 3517 2365 norunt
3557 2322 3795 2383 propter

2175 2383 2487 2455 dignitatem
2532 2391 2758 2461 Augusti
2802 2393 2905 2450 sibi
2944 2407 3191 2468 negatam
3218 2402 3498 2460 adversus.
3527 2404 3776 2461 Severum

2174 2477 2482 2536 inimicitias
2520 2487 2823 2558 suscepisse
2852 2489 2949 2561 (ν.
2982 2491 3139 2549 Dion.
3162 2494 3416 2565 Cassium,
3458 2499 3501 2555 ⁹Ι.
3553 2501 3775 2558 LXXV.

2176 2757 2463 2817 interfecto
2513 2762 2625 2833 jam
2697 2765 2898 2823 dudum
2965 2770 3151 2829 Albino
3178 2816 3194 2842 ,
3256 2775 3493 2835 honores
3550 2781 3781 2852 Augusti

2175 2855 2420 2910 concessi
2462 2859 2620 2912 sunt?
2667 2858 2839 2928 Quem
2889 2863 2933 2918 si
2983 2866 3253 2934 iocantem
3296 2868 3424 2927 shaec
3462 2872 3765 2932 afﬁrmasse

2174 2958 2295 3000 cum
2347 2948 2611 3021 Scaligero
2656 2954 2870 3024 dicam,
2916 2973 3107 3029 parum
3149 2961 3363 3031 dicam;
3398 2975 3477 3022 tot
3525 2946 3780 3028 tenebras

2176 3038 2386 3095 veritati
2428 3041 2829 3117 offudit-Igitur
2859 3048 2963 3107 hoc
2986 3068 3153 3109 unum
3196 3066 3393 3123 restat,
3424 3067 3485 3115 ut
3512 3061 3780 3132 triplicem

2175 3128 2334 3185 istam
2385 3133 2636 3192 virtutem
2670 3137 2914 3196 Seuerum
2961 3159 3084 3199 cum
3114 3146 3274 3216 ﬁliis,
3317 3149 3430 3220 jam
3482 3128 3775 3226 Aug-ustis,

2176 3230 2459 3319 putemus;
2486 3227 2540 3319 in
2568 3231 2762 3299 quibus
2784 3233 2926 3291 Deus
2953 3235 3062 3292 dici
3084 3248 3259 3308 potest
3284 3242 3335 3297 in
3362 3258 3526 3300 unum
3548 3243 3779 3319 favisse,

2175 3324 2233 3369 ut
2274 3316 2438 3372 verbo
2465 3318 2784 3390 Septimium
2814 3335 3048 3396 utamur,
3079 3346 3203 3386 cum
3233 3349 3372 3391 unus
3391 3376 3408 3405 ,
3428 3338 3484 3393 si
3512 3349 3660 3397 recte
3685 3316 3784 3399 ve-

2173 3406 2355 3464 limus‘
2378 3409 2522 3482 loqui
2546 3454 2561 3480 ,
2604 3414 2823 3473 Severus
2848 3425 3187 3493 regnaverit,
3218 3429 3400 3485 cteteri
3423 3429 3530 3488 duo
3554 3436 3782 3492 nomine

2174 3503 2342 3573 magis
2370 3521 2530 3575 quam
2576 3525 2637 3566 re
2660 3511 2888 3594 Augusti
2925 3516 3143 3574 iuerint.
3174 3519 3361 3591 Unde,
3390 3525 3438 3581 si
3494 3536 3779 3588 teneamus

2172 3609 2405 3664 quonam
2446 3614 2593 3657 anno
2632 3602 2759 3659 Geta
2810 3605 2877 3663 ad
2923 3608 3149 3681 Augusti
3191 3613 3510 3687 dignitatem
3550 3635 3776 3681 evectus

2173 3691 2275 3755 sit,
2325 3691 2443 3750 lucc
2483 3710 2592 3753 non
2626 3700 2796 3771 magis
2840 3702 2909 3758 ad
2932 3692 3304 3776 cognitionem
3324 3707 3778 3785 intelligentiam-

2173 3799 2281 3855 que
2324 3788 2503 3845 aetatis
2531 3803 2879 3851 convertant.
2934 3796 3226 3857 Enimvero
3273 3802 3568 3863 Dodwettus
3604 3810 3776 3880 scite,

2176 3878 2359 3934 utalia
2399 3882 2598 3975 multa,
2630 3888 2839 3942 monuit
2880 3888 3153 3962 (Prtetect.
3185 3893 3411 3952 Camden
3431 3898 3576 3956 XIX.
3618 3878 3774 3975 get.

2176 3985 2228 4040 p.
2263 3971 2391 4028 69.1.
2421 3987 2502 4046 sq.
2524 3974 2544 4046 )
2564 4017 2581 4041 ,
2610 3978 2900 4052 multisque
2922 3986 3297 4055 comprobavit
3339 3971 3640 4064 exemplis,
3661 3994 3779 4054 Ro-

2174 4078 2455 4122 manorum
2504 4068 2861 4140 Imperatores
2878 4090 3135 4147 curasse,
3167 4089 3226 4136 ut
3262 4081 3408 4140 Trib.
3458 4084 3581 4143 Pot.
3630 4087 3778 4144 filio-
3866 4114 3869 4115 ν

2173 4172 2292 4213 rum
2318 4175 2543 4218 suorum
2580 4180 2610 4218 ιι
2658 4167 3037 4240 quinquenniis
3081 4182 3174 4228 aut
3227 4175 3508 4235 decenniis
3555 4180 3775 4253 Imperii

2172 4263 2565 4313 numeraretun.
2615 4257 2718 4316 Sed
2775 4262 2841 4317 Α.
2898 4262 3116 4321 ωενηι.
3167 4270 3288 4339 quis
3336 4274 3510 4330 nescit
3545 4275 3779 4346 quinde-

2171 4347 2620 4405 ceunalia'Seuri
2680 4361 2729 4407 st
2780 4354 3037 4412 Catamiti
3090 4360 3411 4439 decennalis
3461 4368 3777 4445 exstitisse?

2171 4437 2435 4505 Quocirca
2475 4442 2561 4497 vix
2600 4445 2881 4516 quisquam
2928 4437 3176 4508 dubitare
3200 4451 3376 4524 potest
3410 4437 3773 4528 qu-in'eodem

2171 4546 2313 4589 anno
2365 4534 2421 4588 in
2473 4532 2652 4593 Getam
2699 4540 2922 4613 Augusti
2961 4543 3195 4615 dignitas
3241 4548 3434 4605 colla-ta
3485 4551 3684 4623 fuerit,
3714 4563 3777 4611 et

2171 4625 2297 4696 quid
2363 4625 2590 4698 impedit
2648 4633 2935 4701 quominus
2987 4651 3089 4706 pro
3161 4653 3311 4695 more
3376 4640 3771 4714 Imperatorem

2168 4733 2309 4774 rom.
2356 4720 2499 4777 idem
2534 4723 2735 4781 eodem
2781 4727 2868 4783 die
2904 4730 3070 4787 etiam
3114 4731 3259 4789 Geta!
3298 4738 3591 4808 contigisse
3613 4782 3628 4808 ,
3661 4755 3774 4811 quo

2169 4815 2296 4870 olim
2325 4814 2514 4872 Severo
2563 4827 2609 4874 et
2658 4821 2923 4878 Caraealto
2947 4867 2963 4892 ,
2995 4825 3279 4886 dicamus?
3308 4834 3387 4887 Ac
3431 4831 3535 4889 ista
3580 4849 3669 4891 res
3720 4836 3773 4893 si

2168 4906 2305 4965 forte
2342 4908 2503 4969 dubia
2557 4912 2732 4969 videri
2792 4926 2974 4985 posset
3026 4930 3340 4993 propterea,
3396 4925 3538 4997 quod
3578 4927 3663 4983 vel
3714 4928 3771 4985 id

2168 5003 2325 5059 citius
2354 5009 2614 5075 potuisset
2636 5010 2886 5068 accidere
2904 5054 2919 5077 ,
2946 5015 3033 5070 vel
3056 5016 3201 5086 quod
3229 5033 3387 5074 unam
3418 5020 3559 5077 hanc
3600 5036 3767 5092 regu-

2170 5094 2272 5152 lam
2313 5094 2669 5168 Imperatores
2692 5116 2803 5159 non
2827 5102 3053 5161 fuissent
3074 5107 3247 5164 ubivis
3284 5112 3490 5179 secuti,
3516 5113 3769 5183 quamvis

2168 5195 2221 5251 id
2269 5197 2486 5268 quidem
2528 5201 2822 5284 verisimile
2872 5202 2927 5257 in
2976 5203 3165 5269 Seuero
3193 5221 3299 5261 non
3342 5207 3441 5275 sit,
3494 5208 3586 5278 qui
3630 5209 3767 5266 artis

2166 5286 2538 5346 Chaldaeorum
2565 5293 2991 5351 studiosissimus
3004 5295 3170 5353 fastos
3187 5297 3303 5354 dies
3315 5297 3600 5372 diligenter
3616 5311 3767 5357 tene-

2163 5382 2293 5452 bat,
2318 5386 2523 5441 nummi
2551 5393 2731 5443 tamen
2762 5388 2866 5446 hoc
2895 5402 3102 5461 ponunt
3142 5401 3293 5448 extra
3338 5408 3557 5450 omnem
3601 5394 3764 5451 dubi-

2168 5478 2445 5536 tationem.
2492 5479 2625 5537 Nam
2667 5483 2714 5538 si
2771 5484 2841 5540 ad
2905 5501 3185 5543 numerum
3235 5486 3380 5546 Trt'b.
3446 5488 3572 5545 Pot.
3621 5472 3763 5547 Geta

2164 5573 2524 5643 attendimus,
2576 5577 2770 5648 quibus
2820 5580 2944 5634 anni
2999 5580 3156 5652 hujus
3195 5581 3479 5654 dignitatis
3534 5594 3763 5656 possunt

2163 5668 2565 5726 accuratissime
2603 5668 2781 5737 effici.
2812 5671 2913 5728 iste
2959 5673 3177 5744 quidem
3224 5676 3364 5733 ultra
3411 5689 3663 5749 quartum
3707 5679 3759 5736 in

2162 5755 2303 5812 Geta:
2351 5762 2585 5815 nummis
2630 5776 2734 5817 non
2784 5764 3144 5835 progreditur.
3193 5764 3296 5824 Sed
3330 5765 3457 5825 Geta
3484 5786 3760 5827 summum

2158 5863 2281 5908 cum
2310 5848 2577 5910 Caracatto
2599 5853 2917 5928 principium
2954 5856 3022 5918 ad
3048 5872 3292 5920 mensem
3334 5858 3446 5920 fere
3476 5860 3760 5925 Februarii
