4084 6344
301 327 407 388 NI

1230 331 1318 390 AC
1355 331 1711 392 DOCTRINA'
1740 333 2179 396 SCRIPTORUSI
2219 339 2699 401 TERTULLIANI.

3509 351 3614 423 ΗΞ

299 441 676 505 AnniCCXII.
700 445 871 503 tenuit
891 446 1009 521 (l);
1046 447 1208 519 igitur
1236 460 1493 507 numerus
1520 460 1739 522 quartus
1766 450 1909 508 Trib.
1939 455 1995 516 Α
2020 453 2216 511 riarum
2247 457 2299 513 in
2328 457 2653 518 christianos
2677 461 2920 519 incendia
2960 463 3325 525 excitaverant
3344 511 3358 538 ,
3388 486 3611 532 necesse

300 536 433 593 Pot.
480 538 622 594 Geta:
647 539 824 595 medio
846 540 916 596 Α.
958 537 1140 597 CCXI.
1186 543 1379 598 merito
1405 542 1566 599 debet
1616 544 1910 616 assignari;

297 644 334 683 a
381 645 495 700 quo
537 631 587 687 si
634 632 1003 704 regrediamur
1050 637 1414 704 numerando,
1461 636 1696 694 efﬁcitur
1738 652 1909 706 sane",

299 722 491 778 Getam
522 736 643 795 post
687 727 988 784 confectam
1032 729 1305 786 dimidiam
1342 740 1547 801 partem
1587 734 1652 788 Α.
1684 731 1908 789 CCVIII.

294 821 621 890 suscepisse
645 820 959 891 dignitatem
983 825 1238 894 Augusti;
1271 825 1413 882 unde
1438 835 1661 896 apparet
1686 835 1743 882 et
1769 826 1870 881 hoc
1890 867 1907 894 ,

294 912 509 969 librum
566 912 865 983 Tertulliani
890 914 953 970 de
999 914 1178 972 Pallio
1218 918 1396 975 medio
1442 918 1560 991 ejus
1609 919 1736 976 anni
1787 933 1911 977 esse

292 1007 691 1064 recentiorem.
1808 1016 1827 1032 -

292 1138 329 1213 ς
366 1140 459 1197 I5.
491 1152 561 1183 -'—
582 1141 751 1197 Dubia
776 1145 1008 1200 redditur
1032 1144 1281 1219 Barnain
1307 1158 1354 1205 et
1374 1146 1615 1204 ’Walcltii
1641 1148 1906 1217 sententia,

369 1234 467 1303 qui
486 1235 548 1288 A.
579 1233 769 1290 CCXI.
802 1238 936 1293 hunc
956 1238 1141 1294 librum
1182 1239 1372 1295 editum
1403 1257 1508 1297 esse
1538 1247 1798 1305 voluerunt
1817 1284 1833 1311 ,
1862 1251 1911 1298 et

368 1327 441 1380 Α.
470 1324 734 1382 CCVIII.
765 1328 965 1385 libellus
985 1332 1249 1388 asseritur.

368 1439 487 1495 Sed
531 1456 652 1497 cum
681 1445 983 1500 accuratior
1026 1447 1152 1501 anni
1206 1445 1359 1518 ejus,
1389 1463 1496 1521 quo
1540 1449 1774 1521 scriptus
1815 1448 1911 1509 hic

288 1530 442 1587 liber
466 1542 573 1613 est,
606 1535 740 1590 ratio
762 1536 1083 1607 postuletur,
1113 1538 1203 1611 qui
1228 1539 1327 1618 ista
1347 1542 1596 1613 subtilius
1612 1543 1909 1618 disserunt,

288 1610 524 1690 abeunt,
551 1638 809 1699 quantum
838 1628 1016 1699 video,
1045 1631 1098 1686 in
1127 1616 1247 1688 cani
1278 1636 1622 1704 sententiam,
1649 1647 1707 1692 ut
1731 1637 1784 1692 in
1816 1652 1913 1694 an-

288 1733 429 1773 num
460 1717 645 1774 CCXI.
676 1736 796 1776 eum
820 1723 1210 1794 conjiciendum
1234 1727 1580 1785 arbitrentur.
1602 1717 1740 1785 Nihil
1765 1731 1909 1787 enim

288 1821 533 1866 cancros
565 1828 857 1882 moramur,
876 1817 963 1887 qui
984 1832 1170 1873 versus
1192 1817 1352 1874 tinem
1379 1820 1587 1890 imperii
1606 1820 1781 1877 Severi
1810 1822 1912 1879 hoc
1939 1828 1989 1891 B

288 1904 435 1972 Opus
468 1914 780 1973 exaratum,
822 1908 988 1979 magis
1016 1910 1263 1966 universe
1289 1914 1656 1982 pronuntiant.
1688 1914 1793 1970 Sed
1819 1916 1912 1987 qui

291 1999 477 2069 magis
504 2014 624 2055 eain
658 2016 769 2055 rem
809 2002 875 2056 ad
921 2002 1269 2062 subtilitatem
1318 2007 1749 2079 chronologicaui
1779 2023 1910 2067 exe-

290 2101 520 2161 gerunt,
552 2090 700 2147 Sam.
729 2091 1018 2172 Basnagius
1072 2097 1091 2169 (
1116 2094 1180 2151 lu
1211 2098 1490 2154 Annalibus
1510 2100 1912 2170 pontico-eccle-

291 2184 547 2249 siasticis,
578 2193 705 2259 tom.
724 2184 788 2240 II.
815 2202 867 2258 p.
896 2185 1049 2262 217.)
1104 2199 1178 2258 et,
1208 2191 1299 2261 qui
1328 2191 1474 2247 illum
1500 2193 1907 2264 sequitur,\'en,

296 2277 751 2352 Cmttiugcusium
817 2281 1083 2338 Walcltius
1133 2283 1241 2355 (In
1310 2283 1709 2358 Antiquitatibus
1759 2288 1910 2358 pallii

297 2374 648 2445 philosopltici
692 2385 911 2431 veterum
934 2378 1332 2433 cltristianorum
1354 2419 1370 2446 ,
1403 2394 1458 2451 ι).
1486 2379 1610 2437 227.
1644 2381 1789 2453 sq.),
1816 2382 1867 2436 hi
1887 2424 1906 2453 ,

297 2466 548 2537 inquam,
570 2483 656 2535 eo,
685 2484 791 2538 quo
817 2467 1074 2538 diximus,
1098 2486 1240 2526 anno
1265 2464 1524 2542 scriptum
1550 2472 1690 2528 hunc
1710 2473 1907 2530 librum

296 2572 428 2613 esse
449 2556 781 2625 decernunt;
812 2570 936 2616 sunt
964 2562 1106 2617 enim
1137 2562 1380 2633 quaedam
1409 2564 1525 2635 ejus
1554 2567 1678 2620 anni
1713 2567 1907 2622 simili-

302 2650 524 2707 tudines
550 2666 670 2708 cum
722 2652 885 2710 rebus
918 2670 1142 2726 quarum
1175 2656 1264 2713 hic
1298 2657 1639 2715 Tertullinnus
1673 2661 1904 2717 mentio-

297 2760 432 2801 nem
482 2744 681 2817 injecit.
707 2747 947 2818 Verum,
998 2750 1098 2806 ista
1136 2766 1196 2808 re
1241 2751 1524 2824 diligenter
1563 2755 1904 2823 examinata,

295 2840 438 2896 mihi
484 2840 696 2896 animus
743 2844 911 2915 magis
955 2844 1230 2900 inclinavit
1281 2847 1333 2902 in
1378 2862 1497 2903 eam
1548 2849 1905 2920 sententiam,

295 2935 449 3007 quod
484 2935 582 2991 iste
607 2936 817 2994 libellus
843 2938 915 2994 sit
952 2939 1065 2998 fere
1107 2939 1177 2998 ad
1215 2955 1416 2998 annum
1465 2941 1691 3001 CC‘llIl.
1751 2960 1905 3001 com-

295 3032 533 3102 positus.
566 3029 733 3107 Quam
758 3033 828 3088 ob
854 3048 1179 3115 rem,_pace
1224 3036 1518 3108 venerandi
1562 3038 1698 3106 viri,
1744 3019 1907 3111 quem

296 3138 466 3194 spero
493 3122 649 3179 facile
677 3112 909 3196 veniam:
932 3112 1181 3184 daturum
1221 3143 1343 3187 esse
1391 3131 1591 3187 homini
1634 3132 1903 3204 ingenuo,

295 3232 603 3290 verumque
626 3219 743 3276 sine
773 3220 880 3277 ulla
914 3222 1258 3295 contentione
1295 3221 1541 3281 invenire
1577 3225 1815 3303 volenti,
1841 3241 1905 3283 ea
1932 3198 1979 3266 θ

295 3310 595 3383 explicabo
641 3311 962 3391 brevissime
985 3330 1105 3384 qua:
1123 3331 1212 3372 me
1235 3329 1475 3388 movent,
1504 3328 1562 3375 ut
1585 3319 1653 3377 de
1680 3321 1908 3378 veritate

295 3403 422 3474 ejus
463 3404 743 3461 sententia:
771 3406 1143 3478 subdubitem,
1175 3423 1404 3484 quicque
1446 3410 1515 3468 ad
1543 3428 1699 3481 mm,
1743 3429 1906 3485 quam

296 3497 447 3555 obiri
493 3500 685 3558 vellem
707 3544 723 3570 ,
772 3505 1252 3587 commendandam
1292 3507 1473 3566 facere
1517 3509 1699 3582 aliquo
1743 3509 1907 3568 modo

299 3593 581 3651 videntur.
612 3595 877 3658 Videlicet
904 3599 1007 3655 ista
1030 3615 1187 3658 secus
1215 3602 1561 3681 sentientium
1584 3604 1767 3674 opinio
1790 3603 1906 3687 uni.

302 3700 474 3743 versa
512 3686 737 3746 efﬁcitur
764 3690 1115 3752 similitudine
1159 3710 1346 3752 eorum
1406 3712 1524 3768 qua
1555 3695 1597 3751 Τ
1598 3686 1903 3756 ertnlliam

300 3778 503 3848 habet,
533 3798 655 3839 cum
706 3782 774 3841 iis
824 3803 948 3858 qua:
974 3789 1174 3847 scimus
1222 3791 1326 3847 isto
1353 3806 1499 3848 anno
1522 3790 1703 3848 CCXI.
1731 3794 1909 3850 contio

299 3871 472 3943 gisse.
520 3872 627 3931 Sed
682 3876 823 3933 istud
867 3878 1084 3949 quidem
1127 3893 1501 3954 argumentum
1531 3889 1739 3946 tametsi
1795 3904 1903 3947 non
1938 3904 1946 3913 ·

298 3965 554 4022 videatur
580 3969 968 4040 repudiandum
1013 3990 1111 4045 per
1132 3991 1224 4045 se,
1270 3994 1381 4035 non
1412 3990 1588 4038 tamen
1639 3983 1904 4052 multum,

299 4062 521 4132 opinor,
562 4065 827 4123 ﬁrmitatis
859 4070 1037 4137 habet,
1061 4073 1108 4128 si
1147 4072 1337 4130 eadem
1366 4076 1662 4132 similitudo
1711 4093 1920 4135 eorum.

300 4175 429 4234 quae
446 4176 480 4214 a
505 4158 823 4219 Tertulliauo
849 4164 988 4221 dicta
1011 4176 1129 4225 sunt
1149 4208 1165 4232 ,
1185 4166 1472 4245 intercedit
1497 4186 1618 4226 cum
1659 4172 1756 4240 iis,
1786 4188 1905 4243 qua

301 4256 603 4313 extiterunt
645 4264 712 4314 Α.
757 4259 1010 4330 CCVIII.,
1039 4271 1096 4318 et
1120 4262 1317 4318 amittit
1355 4265 1463 4320 vim
1506 4265 1767 4336 probandi
1796 4281 1909 4322 om-

240 4384 257 4408 .
302 4367 432 4408 nem
454 4393 471 4418 ,
503 4353 547 4408 si
570 4354 747 4424 possit
772 4357 981 4412 ostendi
1008 4358 1073 4411 A.
1113 4355 1292 4414 CCXI.
1324 4359 1483 4429 plane
1511 4358 1723 4417 diversa
1765 4360 1908 4416 acci-

306 4445 456 4503 disse
476 4448 544 4504 ab
590 4449 654 4504 iis
679 4466 797 4521 qua:
822 4452 868 4505 is
896 4452 948 4506 in
977 4451 1116 4507 libro
1143 4463 1330 4509 nostro
1353 4455 1628 4510 memoria:
1652 4455 1904 4527 prodidit.

2017 558 2100 605 est
2125 564 2277 620 sane,
2302 553 2460 609 istam
2486 555 2677 612 horum
2701 558 3037 617 vexationem
3060 561 3170 632 jam
3197 579 3367 637 usque
3385 566 3453 623 ab
3473 568 3612 641 inte-

2015 657 2110 713 gro
2152 660 2294 703 anno
2340 647 2553 704 ductam
2605 649 2791 731 fuis‘e.
2824 655 2937 725 Age
2974 656 3139 727 igitur
3187 658 3269 715 Iac
3314 661 3379 716 A.
3427 661 3608 719 CCXI.

2014 737 2270 809 scriptum
2295 755 2418 807 esse
2450 732 2516 798 de
2538 742 2711 801 Pallio
2737 747 2972 804 libellum
2995 793 3009 819 ,
3040 766 3216 808 nonne
3259 753 3611 815 Tertullianus

2016 836 2302 903 pugnantia
2340 836 2608 908 loquitur,
2658 840 2747 911 qui
2777 841 2950 898 eidem
2981 837 3206 916 tempori
3250 857 3305 905 et
3340 864 3608 909 summam

2016 929 2423 999 prosperitatem
2486 941 2540 988 et
2595 933 2926 993 calamitates
2973 941 3317 1009 gravissimas
3385 947 3611 1006 tribuit?

2015 1023 2190 1095 Atque
2221 1025 2307 1082 hic
2335 1041 2434 1099 ego
2460 1042 2566 1086 non
2606 1030 2834 1099 inﬁcior,
2866 1034 2973 1091 dici
2999 1034 3218 1094 forsitan
3250 1054 3407 1111 posse
3441 1043 3607 1114 quod,

2015 1114 2099 1171 his
2141 1117 2532 1177 Calamitatibus
2549 1123 2935 1196 aliquantisper
2958 1128 3220 1196 remissis,
3248 1132 3424 1203 quieta
3456 1137 3610 1206 quasi

2014 1222 2079 1263 ac
2122 1204 2407 1281 tranquilla
2456 1214 2733 1285 interjecta
2777 1213 3054 1275 intervalla
3080 1219 3314 1280 'fuerint.
3350 1222 3456 1281 Sed
3474 1204 3608 1284 cum

2014 1305 2212 1359 veteris
2258 1304 2495 1363 historia:
2543 1320 2891 1370 monumenta
2924 1296 3057 1368 nihil
3087 1329 3306 1386 prorsus
3355 1319 3609 1390 prodide-

2014 1396 2152 1464 rint,
2182 1412 2249 1453 ex
2275 1414 2382 1470 quo
2409 1400 2509 1456 ista
2534 1416 2626 1458 res
2677 1405 2845 1474 possit
2873 1405 3102 1489 quodam
3148 1410 3310 1466 modo
3353 1412 3605 1486 intelligi,

2014 1492 2271 1562 numquid
2324 1494 2422 1548 ista
2470 1494 2672 1566 ﬁngere
2713 1497 2936 1565 liceret,
2985 1508 3042 1555 ut
3070 1502 3457 1573 opitularemur
3494 1507 3613 1579 opi-
3707 1491 3729 1504 ’

2013 1584 2161 1639 uioni
2204 1601 2324 1655 qua:
2356 1601 2499 1657 pene
2519 1587 2731 1645 videtur
2773 1591 2839 1646 ad
2866 1592 3068 1649 exitum
3097 1595 3361 1653 adducta?
3389 1598 3612 1657 Fuerint

2014 1677 2229 1739 interim
2252 1679 2367 1734 ista:
2387 1680 2721 1738 calamitates
2734 1683 2807 1738 ad
2833 1691 3042 1755 tempus
3060 1678 3340 1758 diSperste,
3361 1700 3613 1750 tamenne

2018 1783 2254 1824 summas
2270 1770 2528 1827 adversus
2551 1772 2874 1853 christianos
2903 1777 3123 1847 injurias
3152 1780 3313 1835 etiam
3340 1782 3612 1842 intermis-

2017 1874 2105 1915 sas
2133 1860 2410 1917 dicamus?
2436 1864 2609 1947 Etiam
2649 1865 2829 1931 dices;
2881 1882 3135 1941 prospera
3177 1872 3318 1927 enim
3367 1882 3610 1947 tempora

2014 1954 2105 2024 qut
2126 1955 2424 2025 potuissent
2449 1942 2741 2024 exstitisse,
2762 1959 2863 2014 nisi
2887 1970 2942 2015 et
2969 1959 3053 2025 Im
3073 1962 3405 2033 aliquantum
3421 1942 3607 2025 desiis-

2014 2055 2132 2100 sent
2154 2045 2177 2099 ?
2199 2046 2267 2100 At
2291 2061 2391 2118 ego
2418 2049 2505 2118 qui
2532 2046 2903 2105 Tertullianum
2932 2052 3091 2108 didici
3133 2053 3315 2112 hostes
3338 2058 3389 2113 in
3420 2074 3611 2119 omnes

2014 2137 2166 2217 quasi
2209 2136 2441 2195 latebras
2494 2150 2867 2210 persecutum,
2915 2160 3177 2217 usumque
3223 2149 3305 2205 vel
3335 2150 3607 2210 levissima

2013 2213 2165 2286 read
2195 2232 2592 2289 convincendos
2618 2238 2817 2291 erroris
2862 2251 2927 2293 ac
2954 2237 3140 2310 ﬂagitii
3192 2256 3286 2299 eos
3326 2245 3417 2315 qui
3452 2256 3608 2304 erant

2010 2320 2173 2381 i'cbus
2200 2326 2612 2384 Christianorum
2641 2330 2852 2387 adversi
2880 2349 2894 2397 ;
2940 2320 3079 2390 hunc
3107 2350 3206 2408 ego
3238 2337 3609 2398 Tertullianum

1994 2433 2325 2492 putaremne
2354 2421 2611 2481 adversus
2643 2438 2737 2481 eos
2768 2420 3164 2498 disputaturum
3204 2432 3365 2490 modo
3394 2449 3461 2492 eo
3480 2479 3494 2505 ,
3527 2447 3612 2507 ut,

2011 2513 2460 2588 quemadmodum
2502 2515 2726 2586 injurias
2745 2508 3174 2579 adversariorum
3203 2524 3255 2580 in
3285 2524 3611 2587 christianos

2010 2614 2210 2662 secutae
2241 2607 2465 2665 fuissent
2492 2624 2718 2666 summa:
2739 2611 3093 2682 calamitates,
3126 2616 3195 2671 ita
3218 2619 3453 2676 vicissim
3482 2621 3606 2678 feli-

2010 2700 2221 2756 cissima
2243 2710 2486 2773 tempora
2523 2706 2800 2776 excepisse
2831 2722 3017 2764 eorum
3062 2709 3250 2768 in-hos
3280 2713 3606 2773 benevolen-

2014 2792 2138 2848 tiam
2179 2792 2418 2851 diceret?
2446 2797 2619 2867 Atque
2645 2797 2788 2853 aliud
2818 2799 2992 2856 adhuc
3011 2801 3061 2855 in
3082 2814 3328 2875 promptu
3344 2817 3446 2863 est.
3472 2806 3606 2865 Nam

2011 2897 2133 2940 cum
2156 2884 2503 2942 Tertullianns
2545 2888 2703 2944 istum
2738 2890 2802 2945 de
2832 2888 3006 2947 Pallio
3037 2893 3275 2952 libellum
3312 2914 3605 2971 compone-

2010 2988 2127 3048 ret,
2155 2980 2295 3052 pacis
2319 2981 2423 3035 otia
2464 2993 2642 3050 erant,
2696 2992 2742 3038 et
2783 2999 2956 3039 revera
2983 2986 3118 3043 orbis
3154 2989 3489 3048 cultissimum
3515 3012 3608 3052 rus

2008 3074 2239 3146 imperii,
2282 3075 2546 3131 concultus
2591 3086 2638 3131 et
2674 3092 2902 3134 amamus
2930 3096 3082 3150 super
3124 3080 3323 3138 Alcinoi
3350 3097 3607 3157 pametum

2011 3176 2058 3222 et
2088 3166 2250 3246 Mittis
2297 3171 2517 3224 rosetu‘m
2562 3169 2647 3243 (c.
2697 3169 2805 3242 2.).
2848 3170 2905 3226 Id
2947 3188 3078 3229 vero
3121 3191 3354 3246 quonam
3409 3181 3609 3238 modo?

2012 3240 2292 3315 Eradicato
2322 3261 2461 3317 omni
2481 3240 2682 3317 aconita
2713 3240 3024 3318 hostilitatis.
3055 3240 3341 3339 Sit'itaque
3360 3268 3449 3326 hic
3471 3272 3606 3330 liber

2013 3356 2245 3427 scriptus
2283 3355 2435 3411 initio
2468 3356 2532 3411 A.
2563 3354 2764 3423 CCXL;
2786 3372 2906 3435 nam
2934 3358 3034 3415 sub
3072 3356 3349 3417 Februarii
3392 3364 3603 3422 initium

2011 3448 2153 3505 inter
2182 3449 2333 3504 vivos
2371 3462 2495 3505 esse
2542 3449 2762 3505 Severus
2790 3449 3040 3519 desiit,et
3085 3452 3244 3510 desiit
3271 3456 3432 3512 etiam
3464 3476 3484 3510 ι
3515 3460 3610 3515 tri-
3666 3476 3667 3479 ‘

2011 3541 2135 3615 plex
2181 3540 2390 3612 imperii
2416 3542 2603 3598 virtus.
2638 3560 2656 3595 ›
2690 3542 2878 3599 Atisto
2908 3553 3149 3615 tempore
3176 3546 3378 3605 bellum
3408 3550 3605 3607 adver—
3656 3624 3659 3627 _

2012 3650 2104 3693 sus
2128 3635 2411 3693 Britannos
2440 3636 2678 3693 nondum
2706 3645 2823 3693 erat
2859 3637 3164 3695 absblutum
3185 3682 3199 3707 ,
3230 3657 3332 3699 nec
3370 3659 3604 3717 unquam

2011 3737 2197 3803 postea
2227 3727 2325 3784 fuit
2344 3772 2357 3793 ,
2399 3728 2521 3784 vivo
2545 3727 2731 3785 Severo
2751 3771 2765 3797 ,
2795 3729 2888 3786 sed
2914 3745 2981 3786 eo
3009 3742 3221 3789 mortuo
3249 3733 3465 3792 demum
3493 3737 3606 3792 An.
3640 3772 3643 3779 -

2013 3825 2214 3880 toninus
2267 3838 2453 3895 pacem
2506 3839 2628 3880 cum
2672 3823 2939 3881 Britannis
2994 3826 3111 3881 iniit
3169 3826 3274 3898 (γ.
3334 3828 3603 3887 Herodia-

2012 3933 2155 3984 nmn,
2205 3916 2243 3971 I.
2276 3914 2365 3972 III.
2393 3931 2443 3970 c.
2474 3916 2562 3972 15.
2605 3932 2658 3987 p.
2696 3916 2815 3971 175.
2841 3917 2880 3987 ).
2931 3916 3034 3972 Isto
3072 3917 3235 3989 igitur
3288 3936 3431 3976 anno
3481 3939 3603 3979 cum

2012 4023 2158 4068 certe
2206 3993 2564 4071 nec.I'uerint'
2582 4012 2721 4082 pacis
2758 4012 2892 4077 otia,
2934 4027 3033 4068 ncc
3082 4014 3216 4069 orbis
3269 4016 3604 4076 cultissimum

2011 4122 2100 4161 rus
2153 4104 2386 4177 imperii,
2438 4102 2771 4159 commodior
2830 4104 2977 4160 locus
3029 4106 3238 4161 videtur
3295 4108 3419 4165 huic
3466 4112 3604 4168 libro

2012 4196 2271 4269 assignari
2332 4192 2532 4251 debere
2569 4239 2583 4262 ,
2638 4205 2693 4251 et
2759 4211 2930 4251 annus
2995 4198 3209 4268 quidem
3266 4198 3485 4258 CCVIII.
3549 4207 3604 4263 in
3668 4256 3687 4275 ,

2013 4289 2174 4346 ﬁnem
2205 4288 2509 4355 inclinatus,
2544 4290 2839 4359 prmsertim
2870 4292 3123 4361 quoniam
3162 4308 3283 4349 cum
3314 4310 3379 4351 eo
3406 4299 3608 4369 Optime
3670 4294 3695 4323 °

2012 4384 2342 4441 concordant
2368 4398 2431 4438 ea
2467 4382 2646 4437 omnia
2667 4424 2681 4449 ,
2715 4398 2832 4452 qua:
2875 4380 3221 4439 Tertullianus
3249 4386 3336 4442 hic
3366 4390 3607 4449 tradidit.

2013 4478 2255 4550 Namque
2291 4475 2353 4532 si‘
2380 4475 2612 4546 requiris
2651 4473 2900 4546 triplicem
2932 4479 3194 4546 prmsentis
3223 4480 3424 4552 imperii
3452 4485 3611 4540 virtu-

304 4540 465 4609 QuOd
494 4552 777 4614 0"“qu
801 4544 889 4600 hic
935 4546 1008 4601 ίίθ
1048 4561 1107 4602 δε
1158 4561 1378 4621 I’I'OI'S.us
1434 4546 1614 4603 habe"
1850 4556 1988 4637 “ID
2016 4540 2281 4640 tetri,s:inc
2301 4571 2411 4641 jam
2440 4540 2600 4625 modo
2616 4540 2743 4624 Geta
2773 4540 3327 4643 Augttstidignitatem
3356 4594 3606 4650 sumpse-

306 4635 378 4691 de
438 4636 542 4692 hoc
586 4637 758 4693 dicam
806 4640 977 4710 primo
1022 4641 1170 4707 Ioco,
1202 4656 1326 4696 cum
1366 4649 1609 4697 nostrum
1640 4642 1903 4713 ’Iibellqm

307 4727 509 4784 litteris
559 4729 838 4786 mandaret
879 4729 1256 4800 Tertullianus,
1301 4730 1479 4788 Africa
1520 4733 1632 4804 jam
1677 4735 1905 4792 vacabat

310 4838 342 4876 ει
404 4832 563 4881 terrm
616 4822 847 4881 motibus
904 4827 989 4897 (c.
1032 4826 1166 4900 2.);
1220 4828 1361 4899 pacis
1402 4836 1547 4883 erant
1599 4837 1644 4883 et
1688 4845 1908 4885 annona:

310 4918 449 4983 asia,
495 4917 557 4972 ab
586 4918 796 4990 imperio
840 4930 887 4975 et
933 4938 965 4975 a
990 4921 1116 4977 caelo
1155 4922 1278 4976 bene
1323 4930 1433 4976 erat
1476 4922 1547 4992 (ο.
1580 4921 1678 4995 1.).
1706 4920 1811 4980 Sed
1840 4937 1908 4980 eo

309 5020 561 5081 tempore
627 5027 735 5082 quo
783 5012 865 5068 ad
899 5012 1184 5084 Scapulam
1212 5014 1524 5097 perscripsit
1578 5029 1640 5071 ea
1710 5014 1909 5099 quibus

306 5104 551 5173 animum
580 5104 697 5183 ejus
724 5115 1005 5164 revocaret
1029 5123 1060 5162 a
1086 5108 1404 5165 crudelitate
1440 5108 1697 5166 adversus
1723 5108 1911 5166 Chris-

308 5199 509 5264 tianos,
530 5198 672 5269 quod
700 5198 812 5258 tere
837 5200 1038 5258 factum
1067 5213 1150 5266 est
1175 5204 1241 5259 Α.
1265 5202 1472 5271 CCXL,
1502 5212 1562 5260 ut
1584 5213 1769 5276 postea
1797 5203 1908 5262 do-

308 5292 589 5360 cebimus,
623 5293 735 5364 jam
760 5300 889 5352 ante
909 5312 1107 5355 annum
1148 5297 1441 5366 imbribus,
1470 5298 1631 5370 igne,
1681 5298 1911 5357 tonitru-

307 5386 413 5443 bus
433 5429 449 5453 ,
480 5385 693 5443 deiectu
718 5388 849 5445 solis
870 5390 1099 5462 aliisque
1127 5392 1396 5464 perterriti
1438 5403 1593 5449 erant
1635 5391 1906 5450 Africani.

310 5478 442 5547 Quae
466 5480 644 5555 omnia
668 5496 787 5537 cum
802 5480 1147 5539 Tertullianus
1166 5483 1709 5556 defendatpmnarum
1727 5487 1901 5542 instar

309 5572 477 5630 fuisse
522 5572 743 5630 deorum
793 5577 1090 5634 culteribus
1121 5587 1437 5651 propterea,
1468 5580 1613 5653 quod
1643 5590 1721 5636 tot
1746 5581 1909 5637 mise-

372 5688 449 5751 (ι)
477 5687 585 5755 Hoc
621 5694 678 5739 ut
711 5690 1274 5755 multis_coniirmemus.
1296 5707 1394 5745 non
1432 5696 1499 5745 ita
1539 5708 1748 5746 necesse
1788 5702 1905 5755 est;

306 5755 427 5821 satis
449 5754 670 5821 eninlea
690 5767 841 5821 opera
877 5751 1071 5806 functus
1095 5762 1173 5807 est
1204 5756 1547 5821 Tillempntius
1569 5760 1617 5821 in
1634 5772 1807 5821 cpere
1828 5751 1911 5809 cui

305 5816 480 5884 titulus
505 5829 516 5863 :
547 5814 1183 5884 {iistoireglesegnpereurm
1210 5819 1409 5870 tomill.
1438 5835 1487 5884 p.
1516 5819 1555 5871 Ι.
1582 5819 1660 5872 éd.
1685 5814 1753 5873 de
1776 5821 1909 5873 Bruv

305 5878 452 5942 xetl.,
477 5879 659 5945 p.185.
682 5885 735 5933 et
758 5879 881 5932 dans
905 5878 982 5934 tes
1002 5888 1150 5938 notes
1173 5878 1221 5947 p.
1245 5884 1357 5935 591.

1863 6050 1972 6083 λκα

2013 4676 2127 4732 rat;
2157 4664 2203 4722 si
2223 4662 2644 4736 Carthagiuenses
2677 4663 2895 4718 novitate
2921 4664 3123 4736 felices,
3153 4682 3248 4724 eos
3269 4670 3380 4742 jam
3404 4673 3608 4733 dudum

2016 4760 2221 4817 nummi
2252 4757 2599 4830 prodiderunt
2638 4754 2756 4829 (1);,
2774 4756 2818 4812 si
2857 4767 3054 4812 cactum
3078 4770 3124 4815 et
3162 4762 3343 4818 rubum
3385 4765 3612 4824 subdola:

2015 4852 2401 4926 familiaritatis,
2431 4849 2733 4905 Plautianus
2788 4848 3236 4909 familiarissimus
3266 4855 3454 4913 Seuero
3494 4859 3609 4928 .jam

2017 4947 2221 5003 eratA.
2248 4942 2426 5001 CCIV.
2455 4959 2486 5000 c
2523 4942 2701 4999 medio
2722 4942 2968 5000 sublatus
2993 4945 3095 5017 (Υ.
3122 4945 3440 5018 Tillemont,
3470 4953 3625 5011 Hist.”

2018 5041 2107 5096 des
2139 5038 2463 5111 Empereurs,
2517 5037 2552 5092 l.
2596 5051 2645 5092 c.
2679 5053 2733 5107 p.
2777 5037 2903 5095 415.
2933 5038 3090 5109 sq.);
3138 5038 3182 5096 si
3213 5058 3353 5114 spem
3394 5044 3617 5120 Campa-

2017 5135 2118 5191 nite
2165 5134 2356 5188 deustw
2396 5130 2460 5186 de
2511 5129 2787 5208 montibus
2823 5131 2930 5184 suis
2982 5133 3080 5200 (c.
3123 5130 3179 5187 2.
3212 5132 3270 5204 ),
3324 5135 3454 5192 illud
3518 5138 3619 5196 Dio

2085 5248 2158 5311 (1)
2190 5247 2252 5311 V_.
2276 5243 3013 5311 Spanbemiumjnimmortalj
3044 5255 3202 5311 opere
3235 5246 3315 5311 de,
3335 5254 3621 5311 praestantia

2021 5316 2077 5363 et
2093 5304 2188 5361 usu
2224 5304 2567 5374 nttmismatutlt
2585 5340 2605 5362 t
2624 5307 2756 5374 dis_s'._
2776 5304 2864 5374 XII
2885 5345 2898 5365 ,
2923 5304 3019 5374 vol.
3046 5304 3108 5356 II.
3152 5304 3462 5374 p_._i_i3.:gui
3502 5316 3621 5366 istos

2018 5360 2431 5425 nunnriosSeveri
2457 5378 2511 5421 et
2527 5360 2779 5439 bitumini,
2795 5360 3051 5439 inquibus
3080 5360 3161 5418 est
3182 5360 3618 5439 Felix_Karthago:

2023 5439 2186 5501 adius
2208 5450 2430 5507 nummos
2467 5434 2678 5507 ωιλφωὶ
2700 5431 2810 5482 urbi
2849 5431 2965 5507 huic
2985 5438 3275 5507 restaurata:
3312 5435 3476 5487 datum
3493 5431 3621 5507 ’μὲι-ξ

2023 5493 2189 5552 liuere
2218 5493 2356 5550 dicit.
2384 5500 2538 5558 Quam
2561 5493 2715 5558 ipsam
2740 5506 2863 5558 rem,
2889 5498 2975 5558 aut
2997 5501 3253 5558 cogitatam
3278 5507 3438 5557 certe,
3464 5493 3514 5549 si
3533 5513 3619 5550 re-

2016 5567 2227 5628 Spiciant
2262 5555 2501 5628 ii_nummi
2533 5555 2829 5628 creber-rimi
2850 5557 2983 5628 ,“qui
3005 5555 3218 5628 laudant.
3255 5555 3619 5628 Indulgendum

2017 5619 2179 5690 Jugg.
2199 5619 2780 5690 b3_(_3_¢zrtlutq:(ita_enim
2805 5619 2919 5690 mihi
2942 5620 3178 5690 videtur),
3198 5621 3290 5672 hoc
3314 5619 3428 5690 fel-6
3455 5626 3620 5690 935“:

2021 5692 2083 5739 tit
2100 5679 2160 5738 ἶ(
2187 5685 2344 5740 CCIV.
2371 5688 2455 5735 aut
2470 5679 2548 5742 VI,
2568 5684 2683 5747 quia
2701 5684 2751 5730 iu
2766 5684 3051 5747 quibusdam
3071 5679 3182 5733 cum
3196 5696 3254 5733 ea
3272 5698 3330 5737 re
3351 5686 3434 5736 Tr.
3455 5688 3514 5736 P.
3535 5687 3619 5738 γι.

2020 5751 2253 5804 Catamiti
2275 5744 2601 5808 coniungitur}
2629 5744 2922 5808 Certe'editi
2946 5755 3057 5795 sunt
3082 5756 3196 5796 ante
3221 5749 3451 5801 scrintum
3475 5750 3622 5801 libel-

2024 5814 2126 5864 lum
2163 5811 2226 5863 de
2262 5808 2423 5881 Pallio
2445 5807 2736 5881 ;"‘t_tt13t]ttam
2777 5807 2997 5881 enim‘in
3034 5809 3094 5858 iis
3130 5809 3287 5875 Getae,
3314 5812 3403 5863 sed
3443 5813 3624 5866 Severi

2021 5883 2213 5929 tantum
2238 5883 2289 5928 et
2308 5871 2544 5937 Caracalli
2567 5883 2749 5923 nomen
2771 5871 3041 5935 reperitur.
