  <div class='ocr_page' id='page_1' title='image "/cluster/home/n/w/nwhite01/storage/ocr_20150623/1/hvd.32044015466733/097.png"; bbox 0 0 4084 6344; ppageno 0'>
   <div class='ocr_carea' id='block_1_1' title="bbox 443 354 547 416">
    <p class='ocr_par' dir='ltr' id='par_1_1' title="bbox 443 354 547 416">
     <span class='ocr_line' id='line_1_1' title="bbox 443 354 547 416; baseline 0.01 -9"><span class='ocrx_word' id='word_1_1' title='bbox 443 354 547 416; x_wconf 74' lang='lat' dir='ltr'><strong>H5</strong></span> 
     </span>
    </p>
   </div>
   <div class='ocr_carea' id='block_1_2' title="bbox 1446 338 3217 401">
    <p class='ocr_par' dir='ltr' id='par_1_2' title="bbox 1446 338 3217 401">
     <span class='ocr_line' id='line_1_2' title="bbox 1446 338 3217 401; baseline 0.001 -2"><span class='ocrx_word' id='word_1_2' title='bbox 1446 340 1897 401; x_wconf 64' lang='grc' dir='ltr'>υιδδειιτιιτιο</span> <span class='ocrx_word' id='word_1_3' title='bbox 1935 338 2024 397; x_wconf 82' lang='lat' dir='ltr'><strong>DE</strong></span> <span class='ocrx_word' id='word_1_4' title='bbox 2070 340 2250 398; x_wconf 70' lang='lat' dir='ltr'><strong>VEllA</strong></span> <span class='ocrx_word' id='word_1_5' title='bbox 2291 338 2543 399; x_wconf 72' lang='grc' dir='ltr'><strong>ΑΞΤΑΤΕ</strong></span> <span class='ocrx_word' id='word_1_6' title='bbox 3182 388 3217 400; x_wconf 83' lang='lat'><strong>..</strong></span> 
     </span>
    </p>
   </div>
   <div class='ocr_carea' id='block_1_3' title="bbox 3632 338 3734 398">
    <p class='ocr_par' dir='ltr' id='par_1_3' title="bbox 3632 338 3734 398">
     <span class='ocr_line' id='line_1_3' title="bbox 3632 338 3734 398; baseline -0.01 -1"><span class='ocrx_word' id='word_1_7' title='bbox 3632 338 3734 398; x_wconf 70' lang='grc'><strong>144</strong></span> 
     </span>
    </p>
   </div>
   <div class='ocr_carea' id='block_1_4' title="bbox 438 422 3737 538">
    <p class='ocr_par' dir='ltr' id='par_1_4' title="bbox 438 422 3737 538">
     <span class='ocr_line' id='line_1_4' title="bbox 438 422 3737 538; baseline -0.005 -13"><span class='ocrx_word' id='word_1_8' title='bbox 438 470 644 525; x_wconf 73' lang='lat' dir='ltr'><strong>Cassius</strong></span> <span class='ocrx_word' id='word_1_9' title='bbox 665 466 780 538; x_wconf 85' lang='lat' dir='ltr'><strong>(lib.</strong></span> <span class='ocrx_word' id='word_1_10' title='bbox 814 461 1048 522; x_wconf 80' lang='lat' dir='ltr'><strong>LXXVI.</strong></span> <span class='ocrx_word' id='word_1_11' title='bbox 1079 476 1131 519; x_wconf 92' lang='lat' dir='ltr'><strong>e.</strong></span> <span class='ocrx_word' id='word_1_12' title='bbox 1154 459 1210 517; x_wconf 71' lang='lat'><strong>2.</strong></span> <span class='ocrx_word' id='word_1_13' title='bbox 1241 474 1295 532; x_wconf 93' lang='lat' dir='ltr'><strong>p.</strong></span> <span class='ocrx_word' id='word_1_14' title='bbox 1327 457 1542 532; x_wconf 71' lang='lat'><strong>1272.).</strong></span> <span class='ocrx_word' id='word_1_15' title='bbox 1572 468 1818 530; x_wconf 91' lang='lat' dir='ltr'><strong>tempore</strong></span> <span class='ocrx_word' id='word_1_16' title='bbox 1844 472 1909 514; x_wconf 91' lang='lat' dir='ltr'><strong>eo</strong></span> <span class='ocrx_word' id='word_1_17' title='bbox 1934 470 2042 529; x_wconf 93' lang='lat' dir='ltr'><strong>quo</strong></span> <span class='ocrx_word' id='word_1_18' title='bbox 2068 458 2119 516; x_wconf 80' lang='grc' dir='ltr'><strong>Α</strong></span> <span class='ocrx_word' id='word_1_19' title='bbox 2144 455 2288 527; x_wconf 86' lang='lat' dir='ltr'><strong>quod</strong></span> <span class='ocrx_word' id='word_1_20' title='bbox 2338 457 2513 512; x_wconf 90' lang='lat' dir='ltr'><strong>nullos</strong></span> <span class='ocrx_word' id='word_1_21' title='bbox 2565 422 2995 513; x_wconf 22' lang='grc' dir='ltr'>ειιιὶειίιιιιοιιιιιιδ</span> <span class='ocrx_word' id='word_1_22' title='bbox 3009 455 3285 513; x_wconf 88' lang='lat' dir='ltr'><strong>cruciatus</strong></span> <span class='ocrx_word' id='word_1_23' title='bbox 3316 452 3420 511; x_wconf 88' lang='lat' dir='ltr'><strong>sub</strong></span> <span class='ocrx_word' id='word_1_24' title='bbox 3466 452 3737 511; x_wconf 82' lang='lat' dir='ltr'><strong>Caracallo</strong></span> 
     </span>
    </p>
   </div>
   <div class='ocr_carea' id='block_1_5' title="bbox 442 552 2038 631">
    <p class='ocr_par' dir='ltr' id='par_1_5' title="bbox 442 552 2038 631">
     <span class='ocr_line' id='line_1_5' title="bbox 442 552 2038 631; baseline -0.006 -15"><span class='ocrx_word' id='word_1_25' title='bbox 442 560 753 617; x_wconf 80' lang='lat' dir='ltr'><strong>Plautiauus</strong></span> <span class='ocrx_word' id='word_1_26' title='bbox 783 558 975 631; x_wconf 91' lang='lat' dir='ltr'><strong>periit,</strong></span> <span class='ocrx_word' id='word_1_27' title='bbox 1024 555 1183 628; x_wconf 81' lang='lat' dir='ltr'><strong>plane</strong></span> <span class='ocrx_word' id='word_1_28' title='bbox 1206 553 1424 626; x_wconf 87' lang='lat' dir='ltr'><strong>quidem</strong></span> <span class='ocrx_word' id='word_1_29' title='bbox 1470 552 1950 618; x_wconf 79' lang='lat' dir='ltr'><strong>commemoravit;</strong></span> <span class='ocrx_word' id='word_1_30' title='bbox 1993 552 2038 608; x_wconf 91' lang='lat' dir='ltr'><strong>si</strong></span> 
     </span>
    </p>
   </div>
   <div class='ocr_carea' id='block_1_6' title="bbox 440 644 2041 724">
    <p class='ocr_par' dir='ltr' id='par_1_6' title="bbox 440 644 2041 724">
     <span class='ocr_line' id='line_1_6' title="bbox 440 644 2041 724; baseline -0.008 -14"><span class='ocrx_word' id='word_1_31' title='bbox 440 652 675 724; x_wconf 89' lang='lat' dir='ltr'><strong>denique</strong></span> <span class='ocrx_word' id='word_1_32' title='bbox 741 650 1054 706; x_wconf 82' lang='lat' dir='ltr'><strong>eradicatum</strong></span> <span class='ocrx_word' id='word_1_33' title='bbox 1107 662 1254 703; x_wconf 88' lang='lat' dir='ltr'><strong>omne</strong></span> <span class='ocrx_word' id='word_1_34' title='bbox 1304 645 1560 701; x_wconf 83' lang='lat' dir='ltr'><strong>aconitum</strong></span> <span class='ocrx_word' id='word_1_35' title='bbox 1617 644 1908 700; x_wconf 74' lang='lat' dir='ltr'><strong>hostilitatis</strong></span> <span class='ocrx_word' id='word_1_36' title='bbox 1980 659 2041 698; x_wconf 90' lang='lat' dir='ltr'><strong>ac</strong></span> 
     </span>
    </p>
   </div>
   <div class='ocr_carea' id='block_1_7' title="bbox 432 732 2038 819">
    <p class='ocr_par' dir='ltr' id='par_1_7' title="bbox 432 732 2038 819">
     <span class='ocr_line' id='line_1_7' title="bbox 432 732 2038 819; baseline -0.004 -17"><span class='ocrx_word' id='word_1_37' title='bbox 432 737 586 819; x_wconf 61' lang='lat' dir='ltr'><strong>&#39;pacis</strong></span> <span class='ocrx_word' id='word_1_38' title='bbox 632 747 771 809; x_wconf 91' lang='lat' dir='ltr'><strong>otia,</strong></span> <span class='ocrx_word' id='word_1_39' title='bbox 814 752 972 800; x_wconf 89' lang='lat' dir='ltr'><strong>erant</strong></span> <span class='ocrx_word' id='word_1_40' title='bbox 1012 743 1112 798; x_wconf 92' lang='lat' dir='ltr'><strong>ista</strong></span> <span class='ocrx_word' id='word_1_41' title='bbox 1160 756 1290 798; x_wconf 84' lang='lat' dir='ltr'><strong>sane</strong></span> <span class='ocrx_word' id='word_1_42' title='bbox 1318 732 1670 813; x_wconf 73' lang='lat' dir='ltr'><strong>prius,fquam</strong></span> <span class='ocrx_word' id='word_1_43' title='bbox 1724 738 1939 797; x_wconf 84' lang='lat' dir='ltr'><strong>Severus</strong></span> <span class='ocrx_word' id='word_1_44' title='bbox 1985 737 2038 795; x_wconf 91' lang='lat' dir='ltr'><strong>in</strong></span> 
     </span>
    </p>
   </div>
   <div class='ocr_carea' id='block_1_8' title="bbox 443 833 2039 909">
    <p class='ocr_par' dir='ltr' id='par_1_8' title="bbox 443 833 2039 909">
     <span class='ocr_line' id='line_1_8' title="bbox 443 833 2039 909; baseline -0.006 -12"><span class='ocrx_word' id='word_1_45' title='bbox 443 840 772 897; x_wconf 80' lang='lat' dir='ltr'><strong>Britanniam</strong></span> <span class='ocrx_word' id='word_1_46' title='bbox 820 837 1281 909; x_wconf 78' lang='lat' dir='ltr'><strong>proﬁciscebatur.</strong></span> <span class='ocrx_word' id='word_1_47' title='bbox 1305 834 1411 893; x_wconf 90' lang='lat' dir='ltr'><strong>Sed</strong></span> <span class='ocrx_word' id='word_1_48' title='bbox 1442 835 1635 908; x_wconf 65' lang='lat' dir='ltr'><strong>exclusi</strong></span> <span class='ocrx_word' id='word_1_49' title='bbox 1676 833 1891 890; x_wconf 85' lang='lat' dir='ltr'><strong>ubinam</strong></span> <span class='ocrx_word' id='word_1_50' title='bbox 1919 842 2039 888; x_wconf 87' lang='lat' dir='ltr'><strong>tan-</strong></span> 
     </span>
    </p>
   </div>
   <div class='ocr_carea' id='block_1_9' title="bbox 442 928 2039 1011">
    <p class='ocr_par' dir='ltr' id='par_1_9' title="bbox 442 928 2039 1011">
     <span class='ocr_line' id='line_1_9' title="bbox 442 928 2039 1011; baseline -0.004 -21"><span class='ocrx_word' id='word_1_51' title='bbox 442 933 567 990; x_wconf 91' lang='lat' dir='ltr'><strong>dem</strong></span> <span class='ocrx_word' id='word_1_52' title='bbox 592 942 741 1011; x_wconf 36' lang='lat' dir='ltr'><strong>[sunt</strong></span> <span class='ocrx_word' id='word_1_53' title='bbox 784 931 1030 988; x_wconf 81' lang='lat' dir='ltr'><strong>barbari?</strong></span> <span class='ocrx_word' id='word_1_54' title='bbox 1074 930 1118 986; x_wconf 91' lang='lat' dir='ltr'><strong>Ii</strong></span> <span class='ocrx_word' id='word_1_55' title='bbox 1157 930 1371 1000; x_wconf 89' lang='lat' dir='ltr'><strong>quidem</strong></span> <span class='ocrx_word' id='word_1_56' title='bbox 1422 928 1659 985; x_wconf 91' lang='lat' dir='ltr'><strong>nondum</strong></span> <span class='ocrx_word' id='word_1_57' title='bbox 1690 944 1755 985; x_wconf 92' lang='lat' dir='ltr'><strong>eo</strong></span> <span class='ocrx_word' id='word_1_58' title='bbox 1800 939 2039 999; x_wconf 86' lang='lat' dir='ltr'><strong>tempore</strong></span> 
     </span>
    </p>
   </div>
   <div class='ocr_carea' id='block_1_10' title="bbox 444 1020 2039 1094">
    <p class='ocr_par' dir='ltr' id='par_1_10' title="bbox 444 1020 2039 1094">
     <span class='ocr_line' id='line_1_10' title="bbox 444 1020 2039 1094; baseline -0.005 -11"><span class='ocrx_word' id='word_1_59' title='bbox 444 1040 603 1083; x_wconf 90' lang='lat' dir='ltr'><strong>muro</strong></span> <span class='ocrx_word' id='word_1_60' title='bbox 632 1025 958 1087; x_wconf 87' lang='lat' dir='ltr'><strong>Britannico,</strong></span> <span class='ocrx_word' id='word_1_61' title='bbox 992 1023 1087 1081; x_wconf 91' lang='lat' dir='ltr'><strong>sed</strong></span> <span class='ocrx_word' id='word_1_62' title='bbox 1126 1035 1301 1079; x_wconf 84' lang='lat' dir='ltr'><strong>tamen</strong></span> <span class='ocrx_word' id='word_1_63' title='bbox 1330 1023 1398 1078; x_wconf 91' lang='lat' dir='ltr'><strong>ab</strong></span> <span class='ocrx_word' id='word_1_64' title='bbox 1426 1022 1635 1094; x_wconf 89' lang='lat' dir='ltr'><strong>imperii</strong></span> <span class='ocrx_word' id='word_1_65' title='bbox 1670 1022 1891 1077; x_wconf 81' lang='lat' dir='ltr'><strong>Rotuaui</strong></span> <span class='ocrx_word' id='word_1_66' title='bbox 1921 1020 2039 1075; x_wconf 83' lang='lat' dir='ltr'><strong>lini-</strong></span> 
     </span>
    </p>
   </div>
   <div class='ocr_carea' id='block_1_11' title="bbox 370 1113 2037 1192">
    <p class='ocr_par' dir='ltr' id='par_1_11' title="bbox 370 1113 2037 1192">
     <span class='ocr_line' id='line_1_11' title="bbox 370 1113 2037 1192; baseline -0.007 -16"><span class='ocrx_word' id='word_1_67' title='bbox 370 1156 379 1164; x_wconf 64' lang='grc' dir='ltr'><strong>ι</strong></span> <span class='ocrx_word' id='word_1_68' title='bbox 446 1121 549 1176; x_wconf 91' lang='lat' dir='ltr'><strong>bus</strong></span> <span class='ocrx_word' id='word_1_69' title='bbox 578 1120 708 1192; x_wconf 86' lang='lat' dir='ltr'><strong>ipsis</strong></span> <span class='ocrx_word' id='word_1_70' title='bbox 735 1119 1005 1190; x_wconf 84' lang='lat' dir='ltr'><strong>legionum</strong></span> <span class='ocrx_word' id='word_1_71' title='bbox 1032 1116 1394 1172; x_wconf 82' lang='lat' dir='ltr'><strong>Romanarum</strong></span> <span class='ocrx_word' id='word_1_72' title='bbox 1421 1114 1681 1186; x_wconf 62' lang='lat' dir='ltr'><strong>praesidiis</strong></span> <span class='ocrx_word' id='word_1_73' title='bbox 1698 1113 2037 1177; x_wconf 78' lang='lat' dir='ltr'><strong>arcebantur,</strong></span> 
     </span>
    </p>
   </div>
   <div class='ocr_carea' id='block_1_12' title="bbox 444 1208 2037 1285">
    <p class='ocr_par' dir='ltr' id='par_1_12' title="bbox 444 1208 2037 1285">
     <span class='ocr_line' id='line_1_12' title="bbox 444 1208 2037 1285; baseline -0.005 -15"><span class='ocrx_word' id='word_1_74' title='bbox 444 1226 502 1271; x_wconf 90' lang='lat' dir='ltr'><strong>et</strong></span> <span class='ocrx_word' id='word_1_75' title='bbox 540 1217 655 1285; x_wconf 87' lang='lat' dir='ltr'><strong>ipse</strong></span> <span class='ocrx_word' id='word_1_76' title='bbox 683 1211 1032 1268; x_wconf 84' lang='lat' dir='ltr'><strong>Tertulliauus</strong></span> <span class='ocrx_word' id='word_1_77' title='bbox 1053 1227 1175 1267; x_wconf 93' lang='lat' dir='ltr'><strong>eum</strong></span> <span class='ocrx_word' id='word_1_78' title='bbox 1200 1212 1450 1283; x_wconf 78' lang='lat' dir='ltr'><strong>loquatur</strong></span> <span class='ocrx_word' id='word_1_79' title='bbox 1474 1209 1540 1265; x_wconf 93' lang='lat' dir='ltr'><strong>de</strong></span> <span class='ocrx_word' id='word_1_80' title='bbox 1566 1209 1746 1264; x_wconf 75' lang='lat' dir='ltr'><strong>auritis</strong></span> <span class='ocrx_word' id='word_1_81' title='bbox 1773 1208 2037 1273; x_wconf 88' lang='lat' dir='ltr'><strong>barbaris,</strong></span> 
     </span>
    </p>
   </div>
   <div class='ocr_carea' id='block_1_13' title="bbox 448 1300 2042 1378">
    <p class='ocr_par' dir='ltr' id='par_1_13' title="bbox 448 1300 2042 1378">
     <span class='ocr_line' id='line_1_13' title="bbox 448 1300 2042 1378; baseline -0.004 -16"><span class='ocrx_word' id='word_1_82' title='bbox 448 1305 705 1378; x_wconf 89' lang='lat' dir='ltr'><strong>quidnam</strong></span> <span class='ocrx_word' id='word_1_83' title='bbox 728 1314 814 1361; x_wconf 92' lang='lat' dir='ltr'><strong>est</strong></span> <span class='ocrx_word' id='word_1_84' title='bbox 828 1319 1034 1361; x_wconf 70' lang='lat' dir='ltr'><strong>eaussm</strong></span> <span class='ocrx_word' id='word_1_85' title='bbox 1050 1321 1148 1359; x_wconf 89' lang='lat' dir='ltr'><strong>cur</strong></span> <span class='ocrx_word' id='word_1_86' title='bbox 1169 1304 1315 1359; x_wconf 89' lang='lat' dir='ltr'><strong>solos</strong></span> <span class='ocrx_word' id='word_1_87' title='bbox 1331 1303 1616 1358; x_wconf 84' lang='lat' dir='ltr'><strong>Britannos</strong></span> <span class='ocrx_word' id='word_1_88' title='bbox 1643 1300 2042 1370; x_wconf 76' lang='lat' dir='ltr'><strong>intelligamus?</strong></span> 
     </span>
    </p>
   </div>
   <div class='ocr_carea' id='block_1_14' title="bbox 445 1393 2043 1471">
    <p class='ocr_par' dir='ltr' id='par_1_14' title="bbox 445 1393 2043 1471">
     <span class='ocr_line' id='line_1_14' title="bbox 445 1393 2043 1471; baseline -0.004 -16"><span class='ocrx_word' id='word_1_89' title='bbox 445 1398 635 1471; x_wconf 79' lang='lat' dir='ltr'><strong>Itaque</strong></span> <span class='ocrx_word' id='word_1_90' title='bbox 677 1414 799 1455; x_wconf 91' lang='lat' dir='ltr'><strong>cum</strong></span> <span class='ocrx_word' id='word_1_91' title='bbox 851 1400 917 1452; x_wconf 85' lang='lat' dir='ltr'><strong>A.</strong></span> <span class='ocrx_word' id='word_1_92' title='bbox 963 1395 1188 1453; x_wconf 80' lang='lat' dir='ltr'><strong>CCVIII.</strong></span> <span class='ocrx_word' id='word_1_93' title='bbox 1234 1395 1539 1453; x_wconf 81' lang='lat' dir='ltr'><strong>exstiterint</strong></span> <span class='ocrx_word' id='word_1_94' title='bbox 1577 1393 1757 1449; x_wconf 89' lang='lat' dir='ltr'><strong>omnia</strong></span> <span class='ocrx_word' id='word_1_95' title='bbox 1816 1408 1877 1448; x_wconf 90' lang='lat' dir='ltr'><strong>ea</strong></span> <span class='ocrx_word' id='word_1_96' title='bbox 1923 1407 2043 1463; x_wconf 70' lang='lat' dir='ltr'><strong>qua:</strong></span> 
     </span>
    </p>
   </div>
   <div class='ocr_carea' id='block_1_15' title="bbox 448 1482 2045 1552">
    <p class='ocr_par' dir='ltr' id='par_1_15' title="bbox 448 1482 2045 1552">
     <span class='ocr_line' id='line_1_15' title="bbox 448 1482 2045 1552; baseline -0.004 -4"><span class='ocrx_word' id='word_1_97' title='bbox 448 1501 869 1548; x_wconf 83' lang='lat' dir='ltr'><strong>coiiunemorata</strong></span> <span class='ocrx_word' id='word_1_98' title='bbox 899 1506 929 1544; x_wconf 87' lang='lat' dir='ltr'><strong>a</strong></span> <span class='ocrx_word' id='word_1_99' title='bbox 957 1482 1270 1545; x_wconf 75' lang='lat' dir='ltr'><strong>Tertirlliano</strong></span> <span class='ocrx_word' id='word_1_100' title='bbox 1291 1487 1476 1552; x_wconf 78' lang='lat' dir='ltr'><strong>fuere;</strong></span> <span class='ocrx_word' id='word_1_101' title='bbox 1516 1503 1637 1544; x_wconf 90' lang='lat' dir='ltr'><strong>cum</strong></span> <span class='ocrx_word' id='word_1_102' title='bbox 1686 1484 1863 1542; x_wconf 89' lang='lat' dir='ltr'><strong>nullus</strong></span> <span class='ocrx_word' id='word_1_103' title='bbox 1908 1485 2045 1541; x_wconf 86' lang='lat' dir='ltr'><strong>alius</strong></span> 
     </span>
    </p>
   </div>
   <div class='ocr_carea' id='block_1_16' title="bbox 446 1578 2047 1653">
    <p class='ocr_par' dir='ltr' id='par_1_16' title="bbox 446 1578 2047 1653">
     <span class='ocr_line' id='line_1_16' title="bbox 446 1578 2047 1653; baseline -0.004 -14"><span class='ocrx_word' id='word_1_104' title='bbox 446 1584 620 1653; x_wconf 85' lang='lat' dir='ltr'><strong>possit</strong></span> <span class='ocrx_word' id='word_1_105' title='bbox 644 1582 902 1649; x_wconf 88' lang='lat' dir='ltr'><strong>excitari,</strong></span> <span class='ocrx_word' id='word_1_106' title='bbox 930 1582 1014 1637; x_wconf 92' lang='lat' dir='ltr'><strong>cui</strong></span> <span class='ocrx_word' id='word_1_107' title='bbox 1042 1581 1223 1652; x_wconf 91' lang='lat' dir='ltr'><strong>aliquo</strong></span> <span class='ocrx_word' id='word_1_108' title='bbox 1241 1580 1430 1651; x_wconf 90' lang='lat' dir='ltr'><strong>majori</strong></span> <span class='ocrx_word' id='word_1_109' title='bbox 1457 1580 1580 1651; x_wconf 89' lang='lat' dir='ltr'><strong>jure</strong></span> <span class='ocrx_word' id='word_1_110' title='bbox 1606 1578 1794 1635; x_wconf 88' lang='lat' dir='ltr'><strong>eadem</strong></span> <span class='ocrx_word' id='word_1_111' title='bbox 1827 1586 2047 1649; x_wconf 79' lang='lat' dir='ltr'><strong>possent</strong></span> 
     </span>
    </p>
   </div>
   <div class='ocr_carea' id='block_1_17' title="bbox 449 1668 2048 1744">
    <p class='ocr_par' dir='ltr' id='par_1_17' title="bbox 449 1668 2048 1744">
     <span class='ocr_line' id='line_1_17' title="bbox 449 1668 2048 1744; baseline -0.003 -15"><span class='ocrx_word' id='word_1_112' title='bbox 449 1676 651 1740; x_wconf 82' lang='lat' dir='ltr'><strong>asseri;</strong></span> <span class='ocrx_word' id='word_1_113' title='bbox 702 1691 823 1728; x_wconf 90' lang='lat' dir='ltr'><strong>eum</strong></span> <span class='ocrx_word' id='word_1_114' title='bbox 871 1673 984 1744; x_wconf 88' lang='lat' dir='ltr'><strong>ipsa</strong></span> <span class='ocrx_word' id='word_1_115' title='bbox 1041 1671 1275 1743; x_wconf 88' lang='lat' dir='ltr'><strong>denique</strong></span> <span class='ocrx_word' id='word_1_116' title='bbox 1327 1687 1518 1727; x_wconf 84' lang='lat' dir='ltr'><strong>recens</strong></span> <span class='ocrx_word' id='word_1_117' title='bbox 1573 1671 1846 1742; x_wconf 79' lang='lat' dir='ltr'><strong>dignitatis</strong></span> <span class='ocrx_word' id='word_1_118' title='bbox 1907 1668 2048 1725; x_wconf 67' lang='lat' dir='ltr'><strong>Geta:</strong></span> 
     </span>
    </p>
   </div>
   <div class='ocr_carea' id='block_1_18' title="bbox 358 1761 2043 1834">
    <p class='ocr_par' dir='ltr' id='par_1_18' title="bbox 358 1761 2043 1834">
     <span class='ocr_line' id='line_1_18' title="bbox 358 1761 2043 1834; baseline 0.001 -16"><span class='ocrx_word' id='word_1_119' title='bbox 358 1812 365 1818; x_wconf 87' lang='lat'><strong>.</strong></span> <span class='ocrx_word' id='word_1_120' title='bbox 450 1766 712 1822; x_wconf 83' lang='lat' dir='ltr'><strong>memoria</strong></span> <span class='ocrx_word' id='word_1_121' title='bbox 742 1764 986 1821; x_wconf 81' lang='lat' dir='ltr'><strong>videatur</strong></span> <span class='ocrx_word' id='word_1_122' title='bbox 1010 1765 1348 1821; x_wconf 84' lang='lat' dir='ltr'><strong>occasionem</strong></span> <span class='ocrx_word' id='word_1_123' title='bbox 1374 1763 1691 1818; x_wconf 84' lang='lat' dir='ltr'><strong>Tertulliano</strong></span> <span class='ocrx_word' id='word_1_124' title='bbox 1723 1761 2043 1834; x_wconf 72' lang='lat' dir='ltr'><strong>praebuisse,</strong></span> 
     </span>
    </p>
   </div>
   <div class='ocr_carea' id='block_1_19' title="bbox 451 1827 2124 1928">
    <p class='ocr_par' dir='ltr' id='par_1_19' title="bbox 451 1827 2124 1928">
     <span class='ocr_line' id='line_1_19' title="bbox 451 1827 2124 1928; baseline -0.003 -14"><span class='ocrx_word' id='word_1_125' title='bbox 451 1869 512 1914; x_wconf 86' lang='lat' dir='ltr'><strong>ut</strong></span> <span class='ocrx_word' id='word_1_126' title='bbox 543 1857 661 1928; x_wconf 88' lang='lat' dir='ltr'><strong>ejus</strong></span> <span class='ocrx_word' id='word_1_127' title='bbox 687 1857 1012 1912; x_wconf 84' lang='lat' dir='ltr'><strong>mentionem</strong></span> <span class='ocrx_word' id='word_1_128' title='bbox 1052 1855 1251 1910; x_wconf 80' lang='lat' dir='ltr'><strong>laceret</strong></span> <span class='ocrx_word' id='word_1_129' title='bbox 1280 1874 1294 1909; x_wconf 91' lang='lat'><strong>:</strong></span> <span class='ocrx_word' id='word_1_130' title='bbox 1324 1870 1509 1926; x_wconf 88' lang='lat' dir='ltr'><strong>parum</strong></span> <span class='ocrx_word' id='word_1_131' title='bbox 1540 1854 1748 1911; x_wconf 88' lang='lat' dir='ltr'><strong>videtur</strong></span> <span class='ocrx_word' id='word_1_132' title='bbox 1773 1850 2048 1910; x_wconf 86' lang='lat' dir='ltr'><strong>acertitu-</strong></span> <span class='ocrx_word' id='word_1_133' title='bbox 2076 1827 2124 1887; x_wconf 80' lang='grc' dir='ltr'><strong>Β</strong></span> 
     </span>
    </p>
   </div>
   <div class='ocr_carea' id='block_1_20' title="bbox 453 1944 2046 2016">
    <p class='ocr_par' dir='ltr' id='par_1_20' title="bbox 453 1944 2046 2016">
     <span class='ocr_line' id='line_1_20' title="bbox 453 1944 2046 2016; baseline -0.003 -11"><span class='ocrx_word' id='word_1_134' title='bbox 453 1949 581 2006; x_wconf 90' lang='lat' dir='ltr'><strong>dine</strong></span> <span class='ocrx_word' id='word_1_135' title='bbox 608 1949 798 2004; x_wconf 88' lang='lat' dir='ltr'><strong>abesse</strong></span> <span class='ocrx_word' id='word_1_136' title='bbox 832 1947 884 2003; x_wconf 92' lang='lat' dir='ltr'><strong>id</strong></span> <span class='ocrx_word' id='word_1_137' title='bbox 906 1990 919 2009; x_wconf 91' lang='lat'><strong>.</strong></span> <span class='ocrx_word' id='word_1_138' title='bbox 962 1947 1103 2016; x_wconf 91' lang='lat' dir='ltr'><strong>quod</strong></span> <span class='ocrx_word' id='word_1_139' title='bbox 1130 1946 1364 2002; x_wconf 83' lang='lat' dir='ltr'><strong>diximus</strong></span> <span class='ocrx_word' id='word_1_140' title='bbox 1385 1988 1400 2014; x_wconf 93' lang='lat'><strong>,</strong></span> <span class='ocrx_word' id='word_1_141' title='bbox 1433 1946 1625 2002; x_wconf 87' lang='lat' dir='ltr'><strong>librum</strong></span> <span class='ocrx_word' id='word_1_142' title='bbox 1665 1946 1729 2001; x_wconf 83' lang='lat' dir='ltr'><strong>tle</strong></span> <span class='ocrx_word' id='word_1_143' title='bbox 1769 1944 1943 2000; x_wconf 86' lang='lat' dir='ltr'><strong>Pallio</strong></span> <span class='ocrx_word' id='word_1_144' title='bbox 1979 1945 2046 2001; x_wconf 88' lang='lat' dir='ltr'><strong>ad</strong></span> 
     </span>
    </p>
   </div>
   <div class='ocr_carea' id='block_1_21' title="bbox 448 2040 1084 2111">
    <p class='ocr_par' dir='ltr' id='par_1_21' title="bbox 448 2040 1084 2111">
     <span class='ocr_line' id='line_1_21' title="bbox 448 2040 1084 2111; baseline -0.009 -13"><span class='ocrx_word' id='word_1_145' title='bbox 448 2041 517 2098; x_wconf 81' lang='grc' dir='ltr'><strong>Δ.</strong></span> <span class='ocrx_word' id='word_1_146' title='bbox 546 2040 768 2096; x_wconf 79' lang='lat' dir='ltr'><strong>CCVIII.</strong></span> <span class='ocrx_word' id='word_1_147' title='bbox 799 2040 1084 2111; x_wconf 84' lang='lat' dir='ltr'><strong>pertinere.</strong></span> 
     </span>
    </p>
   </div>
   <div class='ocr_carea' id='block_1_22' title="bbox 452 2149 2052 2246">
    <p class='ocr_par' dir='ltr' id='par_1_22' title="bbox 452 2149 2052 2246">
     <span class='ocr_line' id='line_1_22' title="bbox 452 2149 2052 2246; baseline -0.003 -17"><span class='ocrx_word' id='word_1_148' title='bbox 452 2172 482 2246; x_wconf 86' lang='lat'><strong>§</strong></span> <span class='ocrx_word' id='word_1_149' title='bbox 546 2171 636 2231; x_wconf 70' lang='grc'><strong>14.</strong></span> <span class='ocrx_word' id='word_1_150' title='bbox 666 2203 738 2213; x_wconf 91' lang='lat'><strong>——</strong></span> <span class='ocrx_word' id='word_1_151' title='bbox 767 2170 976 2227; x_wconf 84' lang='lat' dir='ltr'><strong>Librum</strong></span> <span class='ocrx_word' id='word_1_152' title='bbox 1014 2170 1081 2224; x_wconf 87' lang='lat' dir='ltr'><strong>ad</strong></span> <span class='ocrx_word' id='word_1_153' title='bbox 1126 2169 1409 2242; x_wconf 85' lang='lat' dir='ltr'><strong>Scapulam</strong></span> <span class='ocrx_word' id='word_1_154' title='bbox 1447 2171 1540 2225; x_wconf 88' lang='lat' dir='ltr'><strong>sub</strong></span> <span class='ocrx_word' id='word_1_155' title='bbox 1592 2170 1790 2224; x_wconf 88' lang='lat' dir='ltr'><strong>initium</strong></span> <span class='ocrx_word' id='word_1_156' title='bbox 1839 2149 2052 2240; x_wconf 71' lang='lat' dir='ltr'><strong>Imperii</strong></span> 
     </span>
    </p>
   </div>
   <div class='ocr_carea' id='block_1_23' title="bbox 550 2261 1977 2344">
    <p class='ocr_par' dir='ltr' id='par_1_23' title="bbox 550 2261 1977 2344">
     <span class='ocr_line' id='line_1_23' title="bbox 550 2261 1977 2344; baseline -0.004 -23"><span class='ocrx_word' id='word_1_157' title='bbox 550 2265 795 2321; x_wconf 81' lang='lat' dir='ltr'><strong>Antonini</strong></span> <span class='ocrx_word' id='word_1_158' title='bbox 820 2263 1099 2330; x_wconf 78' lang='lat' dir='ltr'><strong>Caraealli,</strong></span> <span class='ocrx_word' id='word_1_159' title='bbox 1130 2262 1194 2317; x_wconf 93' lang='lat' dir='ltr'><strong>A.</strong></span> <span class='ocrx_word' id='word_1_160' title='bbox 1225 2261 1415 2344; x_wconf 74' lang='lat' dir='ltr'><strong>CCXI.</strong></span> <span class='ocrx_word' id='word_1_161' title='bbox 1446 2262 1692 2333; x_wconf 82' lang='lat' dir='ltr'><strong>prodiisse</strong></span> <span class='ocrx_word' id='word_1_162' title='bbox 1714 2262 1977 2334; x_wconf 82' lang='lat' dir='ltr'><strong>probatur.</strong></span> 
     </span>
    </p>
   </div>
   <div class='ocr_carea' id='block_1_24' title="bbox 528 2395 2051 2477">
    <p class='ocr_par' dir='ltr' id='par_1_24' title="bbox 528 2395 2051 2477">
     <span class='ocr_line' id='line_1_24' title="bbox 528 2395 2051 2477; baseline -0.004 -21"><span class='ocrx_word' id='word_1_163' title='bbox 528 2399 761 2457; x_wconf 83' lang='lat' dir='ltr'><strong>Ultimus</strong></span> <span class='ocrx_word' id='word_1_164' title='bbox 788 2398 921 2453; x_wconf 87' lang='lat' dir='ltr'><strong>liber</strong></span> <span class='ocrx_word' id='word_1_165' title='bbox 951 2397 1109 2466; x_wconf 84' lang='lat' dir='ltr'><strong>hujus</strong></span> <span class='ocrx_word' id='word_1_166' title='bbox 1136 2398 1376 2468; x_wconf 80' lang='lat' dir='ltr'><strong>generis,</strong></span> <span class='ocrx_word' id='word_1_167' title='bbox 1399 2404 1456 2452; x_wconf 92' lang='lat' dir='ltr'><strong>et</strong></span> <span class='ocrx_word' id='word_1_168' title='bbox 1485 2396 1619 2451; x_wconf 81' lang='lat' dir='ltr'><strong>forte</strong></span> <span class='ocrx_word' id='word_1_169' title='bbox 1637 2395 2051 2477; x_wconf 79' lang='lat' dir='ltr'><strong>credoomuium</strong></span> 
     </span>
    </p>
   </div>
   <div class='ocr_carea' id='block_1_25' title="bbox 454 2487 2054 2561">
    <p class='ocr_par' dir='ltr' id='par_1_25' title="bbox 454 2487 2054 2561">
     <span class='ocr_line' id='line_1_25' title="bbox 454 2487 2054 2561; baseline -0.004 -11"><span class='ocrx_word' id='word_1_170' title='bbox 454 2491 787 2559; x_wconf 82' lang='lat' dir='ltr'><strong>Tertulliani,</strong></span> <span class='ocrx_word' id='word_1_171' title='bbox 819 2492 972 2548; x_wconf 87' lang='lat' dir='ltr'><strong>estis</strong></span> <span class='ocrx_word' id='word_1_172' title='bbox 996 2507 1156 2561; x_wconf 86' lang='lat' dir='ltr'><strong>quem</strong></span> <span class='ocrx_word' id='word_1_173' title='bbox 1186 2493 1407 2560; x_wconf 89' lang='lat' dir='ltr'><strong>scripsit</strong></span> <span class='ocrx_word' id='word_1_174' title='bbox 1427 2490 1493 2544; x_wconf 90' lang='lat' dir='ltr'><strong>ad</strong></span> <span class='ocrx_word' id='word_1_175' title='bbox 1524 2488 1827 2559; x_wconf 82' lang='lat' dir='ltr'><strong>Scapulam,</strong></span> <span class='ocrx_word' id='word_1_176' title='bbox 1858 2487 2054 2544; x_wconf 75' lang='lat' dir='ltr'><strong>Africa:</strong></span> 
     </span>
    </p>
   </div>
   <div class='ocr_carea' id='block_1_26' title="bbox 461 2580 2055 2662">
    <p class='ocr_par' dir='ltr' id='par_1_26' title="bbox 461 2580 2055 2662">
     <span class='ocr_line' id='line_1_26' title="bbox 461 2580 2055 2662; baseline -0.003 -22"><span class='ocrx_word' id='word_1_177' title='bbox 461 2583 790 2651; x_wconf 69' lang='lat' dir='ltr'><strong>Prmsidetn;</strong></span> <span class='ocrx_word' id='word_1_178' title='bbox 822 2582 976 2652; x_wconf 89' lang='lat' dir='ltr'><strong>cujus</strong></span> <span class='ocrx_word' id='word_1_179' title='bbox 1002 2582 1263 2637; x_wconf 75' lang='lat' dir='ltr'><strong>adversus</strong></span> <span class='ocrx_word' id='word_1_180' title='bbox 1290 2581 1613 2662; x_wconf 85' lang='lat' dir='ltr'><strong>christianos</strong></span> <span class='ocrx_word' id='word_1_181' title='bbox 1631 2580 1921 2637; x_wconf 81' lang='lat' dir='ltr'><strong>crudelitas</strong></span> <span class='ocrx_word' id='word_1_182' title='bbox 1937 2582 2055 2637; x_wconf 90' lang='lat' dir='ltr'><strong>sine</strong></span> 
     </span>
    </p>
   </div>
   <div class='ocr_carea' id='block_1_27' title="bbox 461 2672 2056 2746">
    <p class='ocr_par' dir='ltr' id='par_1_27' title="bbox 461 2672 2056 2746">
     <span class='ocr_line' id='line_1_27' title="bbox 461 2672 2056 2746; baseline -0.002 -14"><span class='ocrx_word' id='word_1_183' title='bbox 461 2675 629 2732; x_wconf 88' lang='lat' dir='ltr'><strong>dubio</strong></span> <span class='ocrx_word' id='word_1_184' title='bbox 661 2685 779 2746; x_wconf 89' lang='lat' dir='ltr'><strong>post</strong></span> <span class='ocrx_word' id='word_1_185' title='bbox 806 2674 983 2731; x_wconf 77' lang='lat' dir='ltr'><strong>Severi</strong></span> <span class='ocrx_word' id='word_1_186' title='bbox 1022 2673 1369 2745; x_wconf 73' lang='lat' dir='ltr'><strong>Imperatoris</strong></span> <span class='ocrx_word' id='word_1_187' title='bbox 1422 2674 1653 2729; x_wconf 88' lang='lat' dir='ltr'><strong>edictum</strong></span> <span class='ocrx_word' id='word_1_188' title='bbox 1678 2674 1903 2730; x_wconf 82' lang='lat' dir='ltr'><strong>exstitit.</strong></span> <span class='ocrx_word' id='word_1_189' title='bbox 1935 2672 2056 2729; x_wconf 87' lang='lat' dir='ltr'><strong>Fuit</strong></span> 
     </span>
    </p>
   </div>
   <div class='ocr_carea' id='block_1_28' title="bbox 463 2749 2055 2837">
    <p class='ocr_par' dir='ltr' id='par_1_28' title="bbox 463 2749 2055 2837">
     <span class='ocr_line' id='line_1_28' title="bbox 463 2749 2055 2837; baseline -0.003 -12"><span class='ocrx_word' id='word_1_190' title='bbox 463 2769 610 2825; x_wconf 90' lang='lat' dir='ltr'><strong>enim</strong></span> <span class='ocrx_word' id='word_1_191' title='bbox 647 2749 974 2830; x_wconf 59' lang='lat' dir='ltr'><strong>llilarianui,</strong></span> <span class='ocrx_word' id='word_1_192' title='bbox 1003 2766 1159 2837; x_wconf 88' lang='lat' dir='ltr'><strong>cujus</strong></span> <span class='ocrx_word' id='word_1_193' title='bbox 1182 2766 1234 2821; x_wconf 92' lang='lat' dir='ltr'><strong>in</strong></span> <span class='ocrx_word' id='word_1_194' title='bbox 1282 2776 1466 2820; x_wconf 88' lang='lat' dir='ltr'><strong>nostro</strong></span> <span class='ocrx_word' id='word_1_195' title='bbox 1507 2765 1689 2821; x_wconf 89' lang='lat' dir='ltr'><strong>libello</strong></span> <span class='ocrx_word' id='word_1_196' title='bbox 1728 2766 2055 2821; x_wconf 86' lang='lat' dir='ltr'><strong>mentionem</strong></span> 
     </span>
    </p>
   </div>
   <div class='ocr_carea' id='block_1_29' title="bbox 463 2846 2058 2932">
    <p class='ocr_par' dir='ltr' id='par_1_29' title="bbox 463 2846 2058 2932">
     <span class='ocr_line' id='line_1_29' title="bbox 463 2846 2058 2932; baseline 0 -16"><span class='ocrx_word' id='word_1_197' title='bbox 463 2860 1029 2932; x_wconf 84' lang='lat' dir='ltr'><strong>Tertulliauusinjicit,</strong></span> <span class='ocrx_word' id='word_1_198' title='bbox 1069 2859 1260 2916; x_wconf 79' lang='lat' dir='ltr'><strong>Africae</strong></span> <span class='ocrx_word' id='word_1_199' title='bbox 1291 2846 1606 2916; x_wconf 22' lang='lat' dir='ltr'><strong>Praeses&#39;eo</strong></span> <span class='ocrx_word' id='word_1_200' title='bbox 1631 2870 1913 2931; x_wconf 89' lang='lat' dir='ltr'><strong>tempore,</strong></span> <span class='ocrx_word' id='word_1_201' title='bbox 1952 2876 2058 2931; x_wconf 89' lang='lat' dir='ltr'><strong>quo</strong></span> 
     </span>
    </p>
   </div>
   <div class='ocr_carea' id='block_1_30' title="bbox 461 2951 2057 3029">
    <p class='ocr_par' dir='ltr' id='par_1_30' title="bbox 461 2951 2057 3029">
     <span class='ocr_line' id='line_1_30' title="bbox 461 2951 2057 3029; baseline 0 -21"><span class='ocrx_word' id='word_1_202' title='bbox 461 2952 705 3010; x_wconf 77' lang='lat' dir='ltr'><strong>Felicitas</strong></span> <span class='ocrx_word' id='word_1_203' title='bbox 746 2970 806 3008; x_wconf 89' lang='lat' dir='ltr'><strong>ac</strong></span> <span class='ocrx_word' id='word_1_204' title='bbox 850 2951 1109 3029; x_wconf 80' lang='lat' dir='ltr'><strong>Perpetua</strong></span> <span class='ocrx_word' id='word_1_205' title='bbox 1148 2968 1271 3008; x_wconf 90' lang='lat' dir='ltr'><strong>cum</strong></span> <span class='ocrx_word' id='word_1_206' title='bbox 1320 2952 1483 3008; x_wconf 84' lang='lat' dir='ltr'><strong>sociis</strong></span> <span class='ocrx_word' id='word_1_207' title='bbox 1509 2952 1626 3011; x_wconf 89' lang='lat' dir='ltr'><strong>suis</strong></span> <span class='ocrx_word' id='word_1_208' title='bbox 1655 2953 1813 3008; x_wconf 91' lang='lat' dir='ltr'><strong>morti</strong></span> <span class='ocrx_word' id='word_1_209' title='bbox 1847 2952 2057 3008; x_wconf 73' lang='lat' dir='ltr'><strong>traditae</strong></span> 
     </span>
    </p>
   </div>
   <div class='ocr_carea' id='block_1_31' title="bbox 459 3044 2060 3118">
    <p class='ocr_par' dir='ltr' id='par_1_31' title="bbox 459 3044 2060 3118">
     <span class='ocr_line' id='line_1_31' title="bbox 459 3044 2060 3118; baseline -0.001 -16"><span class='ocrx_word' id='word_1_210' title='bbox 459 3057 606 3114; x_wconf 89' lang='lat' dir='ltr'><strong>sunt,</strong></span> <span class='ocrx_word' id='word_1_211' title='bbox 636 3062 796 3118; x_wconf 90' lang='lat' dir='ltr'><strong>quam</strong></span> <span class='ocrx_word' id='word_1_212' title='bbox 814 3055 932 3117; x_wconf 90' lang='lat' dir='ltr'><strong>post</strong></span> <span class='ocrx_word' id='word_1_213' title='bbox 953 3046 1100 3117; x_wconf 87' lang='lat' dir='ltr'><strong>leges</strong></span> <span class='ocrx_word' id='word_1_214' title='bbox 1120 3062 1150 3099; x_wconf 89' lang='lat' dir='ltr'><strong>a</strong></span> <span class='ocrx_word' id='word_1_215' title='bbox 1182 3045 1375 3100; x_wconf 85' lang='lat' dir='ltr'><strong>Severo</strong></span> <span class='ocrx_word' id='word_1_216' title='bbox 1403 3044 1544 3100; x_wconf 85' lang='lat' dir='ltr'><strong>latas</strong></span> <span class='ocrx_word' id='word_1_217' title='bbox 1575 3045 1839 3100; x_wconf 89' lang='lat' dir='ltr'><strong>accidisse</strong></span> <span class='ocrx_word' id='word_1_218' title='bbox 1868 3059 2060 3101; x_wconf 90' lang='lat' dir='ltr'><strong>omnes</strong></span> 
     </span>
    </p>
   </div>
   <div class='ocr_carea' id='block_1_32' title="bbox 2141 546 3827 622">
    <p class='ocr_par' dir='ltr' id='par_1_32' title="bbox 2141 546 3827 622">
     <span class='ocr_line' id='line_1_32' title="bbox 2141 546 3827 622; baseline -0.002 -15"><span class='ocrx_word' id='word_1_219' title='bbox 2141 550 2440 622; x_wconf 88' lang='lat' dir='ltr'><strong>reperimus</strong></span> <span class='ocrx_word' id='word_1_220' title='bbox 2490 549 2560 606; x_wconf 90' lang='lat' dir='ltr'><strong>ab</strong></span> <span class='ocrx_word' id='word_1_221' title='bbox 2603 550 2720 607; x_wconf 88' lang='lat' dir='ltr'><strong>aliis</strong></span> <span class='ocrx_word' id='word_1_222' title='bbox 2766 550 3121 621; x_wconf 81' lang='lat' dir='ltr'><strong>scriptoribus</strong></span> <span class='ocrx_word' id='word_1_223' title='bbox 3155 549 3427 618; x_wconf 83' lang='lat' dir='ltr'><strong>traditos,</strong></span> <span class='ocrx_word' id='word_1_224' title='bbox 3472 546 3734 620; x_wconf 85' lang='lat' dir='ltr'><strong>autquod</strong></span> <span class='ocrx_word' id='word_1_225' title='bbox 3812 599 3827 613; x_wconf 84' lang='grc'><strong><em>,</em></strong></span> 
     </span>
    </p>
   </div>
   <div class='ocr_carea' id='block_1_33' title="bbox 2142 634 3733 716">
    <p class='ocr_par' dir='ltr' id='par_1_33' title="bbox 2142 634 3733 716">
     <span class='ocr_line' id='line_1_33' title="bbox 2142 634 3733 716; baseline -0.002 -18"><span class='ocrx_word' id='word_1_226' title='bbox 2142 635 2303 698; x_wconf 84' lang='lat' dir='ltr'><strong>etiam</strong></span> <span class='ocrx_word' id='word_1_227' title='bbox 2352 644 2386 698; x_wconf 90' lang='lat' dir='ltr'><strong>ii</strong></span> <span class='ocrx_word' id='word_1_228' title='bbox 2421 642 2678 700; x_wconf 82' lang='lat' dir='ltr'><strong>Coracalli</strong></span> <span class='ocrx_word' id='word_1_229' title='bbox 2706 652 2951 714; x_wconf 85' lang='lat' dir='ltr'><strong>tempore</strong></span> <span class='ocrx_word' id='word_1_230' title='bbox 2977 634 3355 716; x_wconf 76' lang='lat' dir='ltr'><strong>possunt&#39;esse</strong></span> <span class='ocrx_word' id='word_1_231' title='bbox 3381 642 3733 714; x_wconf 86' lang='lat' dir='ltr'><strong>posteriores.</strong></span> 
     </span>
    </p>
   </div>
   <div class='ocr_carea' id='block_1_34' title="bbox 2142 732 3739 808">
    <p class='ocr_par' dir='ltr' id='par_1_34' title="bbox 2142 732 3739 808">
     <span class='ocr_line' id='line_1_34' title="bbox 2142 732 3739 808; baseline -0.003 -15"><span class='ocrx_word' id='word_1_232' title='bbox 2142 732 2378 806; x_wconf 84' lang='lat' dir='ltr'><strong>Etenim,</strong></span> <span class='ocrx_word' id='word_1_233' title='bbox 2408 736 2551 808; x_wconf 91' lang='lat' dir='ltr'><strong>quod</strong></span> <span class='ocrx_word' id='word_1_234' title='bbox 2583 736 2669 792; x_wconf 88' lang='lat' dir='ltr'><strong>isti</strong></span> <span class='ocrx_word' id='word_1_235' title='bbox 2698 735 2898 792; x_wconf 90' lang='lat' dir='ltr'><strong>nemini</strong></span> <span class='ocrx_word' id='word_1_236' title='bbox 2925 735 3019 792; x_wconf 88' lang='lat' dir='ltr'><strong>alii</strong></span> <span class='ocrx_word' id='word_1_237' title='bbox 3038 735 3445 792; x_wconf 89' lang='lat' dir='ltr'><strong>commemorati</strong></span> <span class='ocrx_word' id='word_1_238' title='bbox 3463 733 3594 800; x_wconf 91' lang='lat' dir='ltr'><strong>sint,</strong></span> <span class='ocrx_word' id='word_1_239' title='bbox 3619 732 3739 804; x_wconf 88' lang='lat' dir='ltr'><strong>ejus</strong></span> 
     </span>
    </p>
   </div>
   <div class='ocr_carea' id='block_1_35' title="bbox 2141 825 3737 902">
    <p class='ocr_par' dir='ltr' id='par_1_35' title="bbox 2141 825 3737 902">
     <span class='ocr_line' id='line_1_35' title="bbox 2141 825 3737 902; baseline -0.006 -11"><span class='ocrx_word' id='word_1_240' title='bbox 2141 842 2224 891; x_wconf 91' lang='lat' dir='ltr'><strong>est</strong></span> <span class='ocrx_word' id='word_1_241' title='bbox 2253 830 2391 887; x_wconf 89' lang='lat' dir='ltr'><strong>haud</strong></span> <span class='ocrx_word' id='word_1_242' title='bbox 2421 829 2581 886; x_wconf 89' lang='lat' dir='ltr'><strong>dubie</strong></span> <span class='ocrx_word' id='word_1_243' title='bbox 2599 830 2735 885; x_wconf 89' lang='lat' dir='ltr'><strong>ratio</strong></span> <span class='ocrx_word' id='word_1_244' title='bbox 2765 829 2942 901; x_wconf 89' lang='lat' dir='ltr'><strong>aliqua</strong></span> <span class='ocrx_word' id='word_1_245' title='bbox 2972 829 3023 884; x_wconf 90' lang='lat' dir='ltr'><strong>in</strong></span> <span class='ocrx_word' id='word_1_246' title='bbox 3054 845 3143 896; x_wconf 90' lang='lat' dir='ltr'><strong>eo,</strong></span> <span class='ocrx_word' id='word_1_247' title='bbox 3175 829 3317 902; x_wconf 91' lang='lat' dir='ltr'><strong>quod</strong></span> <span class='ocrx_word' id='word_1_248' title='bbox 3369 828 3445 884; x_wconf 91' lang='lat' dir='ltr'><strong>illi</strong></span> <span class='ocrx_word' id='word_1_249' title='bbox 3489 841 3589 884; x_wconf 89' lang='lat' dir='ltr'><strong>uec</strong></span> <span class='ocrx_word' id='word_1_250' title='bbox 3617 825 3737 896; x_wconf 92' lang='lat' dir='ltr'><strong>diu,</strong></span> 
     </span>
    </p>
   </div>
   <div class='ocr_carea' id='block_1_36' title="bbox 2142 920 3740 993">
    <p class='ocr_par' dir='ltr' id='par_1_36' title="bbox 2142 920 3740 993">
     <span class='ocr_line' id='line_1_36' title="bbox 2142 920 3740 993; baseline -0.003 -11"><span class='ocrx_word' id='word_1_251' title='bbox 2142 940 2244 982; x_wconf 90' lang='lat' dir='ltr'><strong>nec</strong></span> <span class='ocrx_word' id='word_1_252' title='bbox 2271 924 2373 981; x_wconf 88' lang='lat' dir='ltr'><strong>nisi</strong></span> <span class='ocrx_word' id='word_1_253' title='bbox 2429 924 2481 978; x_wconf 90' lang='lat' dir='ltr'><strong>in</strong></span> <span class='ocrx_word' id='word_1_254' title='bbox 2529 923 2706 978; x_wconf 81' lang='lat' dir='ltr'><strong>Africa</strong></span> <span class='ocrx_word' id='word_1_255' title='bbox 2738 922 3040 979; x_wconf 83' lang='lat' dir='ltr'><strong>extiterint.</strong></span> <span class='ocrx_word' id='word_1_256' title='bbox 3100 920 3346 993; x_wconf 80' lang='lat' dir='ltr'><strong>Namque</strong></span> <span class='ocrx_word' id='word_1_257' title='bbox 3389 920 3740 977; x_wconf 84' lang='lat' dir='ltr'><strong>Tertullianus</strong></span> 
     </span>
    </p>
   </div>
   <div class='ocr_carea' id='block_1_37' title="bbox 2142 1013 3739 1088">
    <p class='ocr_par' dir='ltr' id='par_1_37' title="bbox 2142 1013 3739 1088">
     <span class='ocr_line' id='line_1_37' title="bbox 2142 1013 3739 1088; baseline -0.003 -14"><span class='ocrx_word' id='word_1_258' title='bbox 2142 1034 2285 1074; x_wconf 90' lang='lat' dir='ltr'><strong>nunc</strong></span> <span class='ocrx_word' id='word_1_259' title='bbox 2314 1015 2529 1088; x_wconf 88' lang='lat' dir='ltr'><strong>quidem</strong></span> <span class='ocrx_word' id='word_1_260' title='bbox 2548 1031 2581 1071; x_wconf 95' lang='lat' dir='ltr'><strong>a</strong></span> <span class='ocrx_word' id='word_1_261' title='bbox 2610 1014 2844 1070; x_wconf 75' lang='lat' dir='ltr'><strong>Prteside</strong></span> <span class='ocrx_word' id='word_1_262' title='bbox 2870 1015 3098 1086; x_wconf 81' lang='lat' dir='ltr'><strong>legionis</strong></span> <span class='ocrx_word' id='word_1_263' title='bbox 3124 1024 3182 1070; x_wconf 92' lang='lat' dir='ltr'><strong>et</strong></span> <span class='ocrx_word' id='word_1_264' title='bbox 3226 1014 3562 1070; x_wconf 66' lang='lat' dir='ltr'><strong>Mauritania</strong></span> <span class='ocrx_word' id='word_1_265' title='bbox 3602 1013 3739 1071; x_wconf 91' lang='lat' dir='ltr'><strong>dicit</strong></span> 
     </span>
    </p>
   </div>
   <div class='ocr_carea' id='block_1_38' title="bbox 2143 1108 3743 1180">
    <p class='ocr_par' dir='ltr' id='par_1_38' title="bbox 2143 1108 3743 1180">
     <span class='ocr_line' id='line_1_38' title="bbox 2143 1108 3743 1180; baseline -0.002 -14"><span class='ocrx_word' id='word_1_266' title='bbox 2143 1110 2396 1167; x_wconf 80' lang='lat' dir='ltr'><strong>familiam</strong></span> <span class='ocrx_word' id='word_1_267' title='bbox 2451 1108 2868 1164; x_wconf 88' lang='lat' dir='ltr'><strong>christianorum</strong></span> <span class='ocrx_word' id='word_1_268' title='bbox 2934 1108 3284 1180; x_wconf 90' lang='lat' dir='ltr'><strong>impugnari,</strong></span> <span class='ocrx_word' id='word_1_269' title='bbox 3359 1108 3743 1179; x_wconf 77' lang='lat' dir='ltr'><strong>Scapulamque</strong></span> 
     </span>
    </p>
   </div>
   <div class='ocr_carea' id='block_1_39' title="bbox 2144 1200 3741 1277">
    <p class='ocr_par' dir='ltr' id='par_1_39' title="bbox 2144 1200 3741 1277">
     <span class='ocr_line' id='line_1_39' title="bbox 2144 1200 3741 1277; baseline -0.003 -16"><span class='ocrx_word' id='word_1_270' title='bbox 2144 1205 2295 1277; x_wconf 88' lang='lat' dir='ltr'><strong>petit,</strong></span> <span class='ocrx_word' id='word_1_271' title='bbox 2327 1214 2383 1258; x_wconf 93' lang='lat' dir='ltr'><strong>ut</strong></span> <span class='ocrx_word' id='word_1_272' title='bbox 2412 1203 2602 1259; x_wconf 82' lang='lat' dir='ltr'><strong>saltem</strong></span> <span class='ocrx_word' id='word_1_273' title='bbox 2622 1200 2932 1274; x_wconf 88' lang='lat' dir='ltr'><strong>Carthagini</strong></span> <span class='ocrx_word' id='word_1_274' title='bbox 2957 1212 3135 1273; x_wconf 84' lang='lat' dir='ltr'><strong>parcat</strong></span> <span class='ocrx_word' id='word_1_275' title='bbox 3167 1213 3219 1257; x_wconf 92' lang='lat' dir='ltr'><strong>et</strong></span> <span class='ocrx_word' id='word_1_276' title='bbox 3241 1202 3549 1272; x_wconf 67' lang='lat' dir='ltr'><strong>provinciae.</strong></span> <span class='ocrx_word' id='word_1_277' title='bbox 3570 1201 3741 1257; x_wconf 62' lang='lat' dir='ltr'><strong>Arrii-</strong></span> 
     </span>
    </p>
   </div>
   <div class='ocr_carea' id='block_1_40' title="bbox 2132 1296 3742 1373">
    <p class='ocr_par' dir='ltr' id='par_1_40' title="bbox 2132 1296 3742 1373">
     <span class='ocr_line' id='line_1_40' title="bbox 2132 1296 3742 1373; baseline -0.004 -16"><span class='ocrx_word' id='word_1_278' title='bbox 2132 1319 2240 1373; x_wconf 76' lang='lat' dir='ltr'><strong>que</strong></span> <span class='ocrx_word' id='word_1_279' title='bbox 2281 1301 2523 1355; x_wconf 81' lang='lat' dir='ltr'><strong>Antonini</strong></span> <span class='ocrx_word' id='word_1_280' title='bbox 2570 1299 2879 1371; x_wconf 89' lang='lat' dir='ltr'><strong>exemplum</strong></span> <span class='ocrx_word' id='word_1_281' title='bbox 2929 1299 3205 1364; x_wconf 88' lang='lat' dir='ltr'><strong>imitetur,</strong></span> <span class='ocrx_word' id='word_1_282' title='bbox 3257 1298 3348 1369; x_wconf 87' lang='lat' dir='ltr'><strong>qui</strong></span> <span class='ocrx_word' id='word_1_283' title='bbox 3376 1298 3430 1352; x_wconf 92' lang='lat' dir='ltr'><strong>in</strong></span> <span class='ocrx_word' id='word_1_284' title='bbox 3461 1296 3586 1352; x_wconf 83' lang='lat' dir='ltr'><strong>Asia</strong></span> <span class='ocrx_word' id='word_1_285' title='bbox 3606 1297 3742 1353; x_wconf 89' lang='lat' dir='ltr'><strong>olim</strong></span> 
     </span>
    </p>
   </div>
   <div class='ocr_carea' id='block_1_41' title="bbox 2145 1376 3745 1463">
    <p class='ocr_par' dir='ltr' id='par_1_41' title="bbox 2145 1376 3745 1463">
     <span class='ocr_line' id='line_1_41' title="bbox 2145 1376 3745 1463; baseline -0.004 -12"><span class='ocrx_word' id='word_1_286' title='bbox 2145 1394 2468 1451; x_wconf 90' lang='lat' dir='ltr'><strong>christianos</strong></span> <span class='ocrx_word' id='word_1_287' title='bbox 2495 1400 2773 1448; x_wconf 81' lang='lat' dir='ltr'><strong>avocasset</strong></span> <span class='ocrx_word' id='word_1_288' title='bbox 2800 1376 2976 1463; x_wconf 58' lang='lat' dir='ltr'><strong>potius</strong></span> <span class='ocrx_word' id='word_1_289' title='bbox 2998 1407 3032 1447; x_wconf 82' lang='grc' dir='ltr'><strong>ιι</strong></span> <span class='ocrx_word' id='word_1_290' title='bbox 3054 1390 3405 1453; x_wconf 87' lang='lat' dir='ltr'><strong>cruciatibus,</strong></span> <span class='ocrx_word' id='word_1_291' title='bbox 3463 1404 3622 1461; x_wconf 89' lang='lat' dir='ltr'><strong>quam</strong></span> <span class='ocrx_word' id='word_1_292' title='bbox 3673 1387 3745 1445; x_wconf 89' lang='lat' dir='ltr'><strong>ad</strong></span> 
     </span>
    </p>
   </div>
   <div class='ocr_carea' id='block_1_42' title="bbox 2147 1479 3750 1555">
    <p class='ocr_par' dir='ltr' id='par_1_42' title="bbox 2147 1479 3750 1555">
     <span class='ocr_line' id='line_1_42' title="bbox 2147 1479 3750 1555; baseline -0.004 -15"><span class='ocrx_word' id='word_1_293' title='bbox 2147 1485 2407 1555; x_wconf 83' lang='lat' dir='ltr'><strong>supplicia</strong></span> <span class='ocrx_word' id='word_1_294' title='bbox 2434 1484 2810 1555; x_wconf 78' lang='lat' dir='ltr'><strong>pertraxisset.</strong></span> <span class='ocrx_word' id='word_1_295' title='bbox 2835 1482 2946 1539; x_wconf 88' lang='lat' dir='ltr'><strong>Eos</strong></span> <span class='ocrx_word' id='word_1_296' title='bbox 2957 1493 3135 1540; x_wconf 87' lang='lat' dir='ltr'><strong>autem</strong></span> <span class='ocrx_word' id='word_1_297' title='bbox 3160 1497 3259 1539; x_wconf 89' lang='lat' dir='ltr'><strong>nec</strong></span> <span class='ocrx_word' id='word_1_298' title='bbox 3284 1481 3449 1537; x_wconf 78' lang='lat' dir='ltr'><strong>fuisse</strong></span> <span class='ocrx_word' id='word_1_299' title='bbox 3482 1479 3750 1538; x_wconf 84' lang='lat' dir='ltr'><strong>Coracalli</strong></span> 
     </span>
    </p>
   </div>
   <div class='ocr_carea' id='block_1_43' title="bbox 2149 1572 3751 1648">
    <p class='ocr_par' dir='ltr' id='par_1_43' title="bbox 2149 1572 3751 1648">
     <span class='ocr_line' id='line_1_43' title="bbox 2149 1572 3751 1648; baseline -0.002 -16"><span class='ocrx_word' id='word_1_300' title='bbox 2149 1586 2394 1648; x_wconf 82' lang='lat' dir='ltr'><strong>tempore</strong></span> <span class='ocrx_word' id='word_1_301' title='bbox 2420 1576 2747 1646; x_wconf 87' lang='lat' dir='ltr'><strong>posteriores</strong></span> <span class='ocrx_word' id='word_1_302' title='bbox 2794 1591 2860 1631; x_wconf 93' lang='lat' dir='ltr'><strong>eo</strong></span> <span class='ocrx_word' id='word_1_303' title='bbox 2904 1575 3165 1641; x_wconf 74' lang='lat' dir='ltr'><strong>elﬁcitur‘,</strong></span> <span class='ocrx_word' id='word_1_304' title='bbox 3208 1574 3350 1646; x_wconf 90' lang='lat' dir='ltr'><strong>quod</strong></span> <span class='ocrx_word' id='word_1_305' title='bbox 3402 1572 3751 1646; x_wconf 68' lang='lat' dir='ltr'><strong>Hieronymus</strong></span> 
     </span>
    </p>
   </div>
   <div class='ocr_carea' id='block_1_44' title="bbox 2151 1664 3753 1742">
    <p class='ocr_par' dir='ltr' id='par_1_44' title="bbox 2151 1664 3753 1742">
     <span class='ocr_line' id='line_1_44' title="bbox 2151 1664 3753 1742; baseline 0 -21"><span class='ocrx_word' id='word_1_306' title='bbox 2151 1665 2254 1742; x_wconf 78' lang='lat' dir='ltr'><strong>(De</strong></span> <span class='ocrx_word' id='word_1_307' title='bbox 2278 1668 2398 1723; x_wconf 78' lang='lat' dir='ltr'><strong>viris</strong></span> <span class='ocrx_word' id='word_1_308' title='bbox 2422 1667 2725 1732; x_wconf 80' lang='lat' dir='ltr'><strong>illustribus,</strong></span> <span class='ocrx_word' id='word_1_309' title='bbox 2755 1682 2806 1725; x_wconf 89' lang='lat' dir='ltr'><strong>c.</strong></span> <span class='ocrx_word' id='word_1_310' title='bbox 2838 1669 2927 1724; x_wconf 76' lang='lat'><strong>75.</strong></span> <span class='ocrx_word' id='word_1_311' title='bbox 2975 1667 3063 1723; x_wconf 92' lang='lat' dir='ltr'><strong>ed.</strong></span> <span class='ocrx_word' id='word_1_312' title='bbox 3098 1666 3309 1724; x_wconf 80' lang='lat' dir='ltr'><strong>Fabric.</strong></span> <span class='ocrx_word' id='word_1_313' title='bbox 3351 1684 3403 1738; x_wconf 89' lang='lat' dir='ltr'><strong>p.</strong></span> <span class='ocrx_word' id='word_1_314' title='bbox 3437 1665 3590 1737; x_wconf 70' lang='lat' dir='ltr'><strong>I26.)</strong></span> <span class='ocrx_word' id='word_1_315' title='bbox 3620 1664 3753 1721; x_wconf 77' lang='lat' dir='ltr'><strong>Ter-</strong></span> 
     </span>
    </p>
   </div>
   <div class='ocr_carea' id='block_1_45' title="bbox 2164 1759 3747 1831">
    <p class='ocr_par' dir='ltr' id='par_1_45' title="bbox 2164 1759 3747 1831">
     <span class='ocr_line' id='line_1_45' title="bbox 2164 1759 3747 1831; baseline -0.001 -15"><span class='ocrx_word' id='word_1_316' title='bbox 2164 1760 2439 1816; x_wconf 87' lang='lat' dir='ltr'><strong>tulliauum</strong></span> <span class='ocrx_word' id='word_1_317' title='bbox 2482 1760 2619 1815; x_wconf 90' lang='lat' dir='ltr'><strong>ultra</strong></span> <span class='ocrx_word' id='word_1_318' title='bbox 2663 1762 2910 1815; x_wconf 88' lang='lat' dir='ltr'><strong>Antonini</strong></span> <span class='ocrx_word' id='word_1_319' title='bbox 2956 1769 3195 1831; x_wconf 85' lang='lat' dir='ltr'><strong>tempora</strong></span> <span class='ocrx_word' id='word_1_320' title='bbox 3224 1777 3329 1816; x_wconf 87' lang='lat' dir='ltr'><strong>non</strong></span> <span class='ocrx_word' id='word_1_321' title='bbox 3358 1760 3557 1817; x_wconf 79' lang='lat' dir='ltr'><strong>vixisse</strong></span> <span class='ocrx_word' id='word_1_322' title='bbox 3580 1759 3747 1830; x_wconf 83' lang='lat' dir='ltr'><strong>dicat,</strong></span> 
     </span>
    </p>
   </div>
   <div class='ocr_carea' id='block_1_46' title="bbox 2152 1852 3750 1925">
    <p class='ocr_par' dir='ltr' id='par_1_46' title="bbox 2152 1852 3750 1925">
     <span class='ocr_line' id='line_1_46' title="bbox 2152 1852 3750 1925; baseline 0.001 -17"><span class='ocrx_word' id='word_1_323' title='bbox 2152 1852 2312 1909; x_wconf 78' lang='lat' dir='ltr'><strong>nulla:</strong></span> <span class='ocrx_word' id='word_1_324' title='bbox 2342 1864 2602 1924; x_wconf 65' lang='lat' dir='ltr'><strong>praeterea</strong></span> <span class='ocrx_word' id='word_1_325' title='bbox 2634 1868 2801 1924; x_wconf 88' lang='lat' dir='ltr'><strong>usque</strong></span> <span class='ocrx_word' id='word_1_326' title='bbox 2831 1853 2896 1908; x_wconf 91' lang='lat' dir='ltr'><strong>ad</strong></span> <span class='ocrx_word' id='word_1_327' title='bbox 2925 1853 3133 1908; x_wconf 83' lang='lat' dir='ltr'><strong>Decium</strong></span> <span class='ocrx_word' id='word_1_328' title='bbox 3162 1853 3422 1910; x_wconf 87' lang='lat' dir='ltr'><strong>adversus</strong></span> <span class='ocrx_word' id='word_1_329' title='bbox 3451 1854 3626 1909; x_wconf 90' lang='lat' dir='ltr'><strong>omnis</strong></span> <span class='ocrx_word' id='word_1_330' title='bbox 3649 1867 3750 1925; x_wconf 86' lang='lat' dir='ltr'><strong>ge-</strong></span> 
     </span>
    </p>
   </div>
   <div class='ocr_carea' id='block_1_47' title="bbox 2152 1944 3753 2017">
    <p class='ocr_par' dir='ltr' id='par_1_47' title="bbox 2152 1944 3753 2017">
     <span class='ocr_line' id='line_1_47' title="bbox 2152 1944 3753 2017; baseline 0 -16"><span class='ocrx_word' id='word_1_331' title='bbox 2152 1945 2298 2001; x_wconf 88' lang='lat' dir='ltr'><strong>neris</strong></span> <span class='ocrx_word' id='word_1_332' title='bbox 2327 1944 2649 2000; x_wconf 78' lang='lat' dir='ltr'><strong>christianos</strong></span> <span class='ocrx_word' id='word_1_333' title='bbox 2679 1945 2974 2000; x_wconf 89' lang='lat' dir='ltr'><strong>inimiciti.e</strong></span> <span class='ocrx_word' id='word_1_334' title='bbox 3002 1945 3342 2017; x_wconf 83' lang='lat' dir='ltr'><strong>reperiantur</strong></span> <span class='ocrx_word' id='word_1_335' title='bbox 3368 1945 3473 2016; x_wconf 90' lang='lat' dir='ltr'><strong>(l),</strong></span> <span class='ocrx_word' id='word_1_336' title='bbox 3501 1953 3557 2001; x_wconf 92' lang='lat' dir='ltr'><strong>et</strong></span> <span class='ocrx_word' id='word_1_337' title='bbox 3605 1944 3753 2017; x_wconf 86' lang='lat' dir='ltr'><strong>quod</strong></span> 
     </span>
    </p>
   </div>
   <div class='ocr_carea' id='block_1_48' title="bbox 2151 2038 3753 2111">
    <p class='ocr_par' dir='ltr' id='par_1_48' title="bbox 2151 2038 3753 2111">
     <span class='ocr_line' id='line_1_48' title="bbox 2151 2038 3753 2111; baseline 0 -15"><span class='ocrx_word' id='word_1_338' title='bbox 2151 2055 2276 2096; x_wconf 91' lang='lat' dir='ltr'><strong>cum</strong></span> <span class='ocrx_word' id='word_1_339' title='bbox 2317 2038 2577 2095; x_wconf 83' lang='lat' dir='ltr'><strong>Caracalli</strong></span> <span class='ocrx_word' id='word_1_340' title='bbox 2609 2040 2943 2111; x_wconf 84' lang='lat' dir='ltr'><strong>temporibus</strong></span> <span class='ocrx_word' id='word_1_341' title='bbox 2995 2039 3111 2096; x_wconf 77' lang='lat' dir='ltr'><strong>lucc</strong></span> <span class='ocrx_word' id='word_1_342' title='bbox 3135 2082 3148 2103; x_wconf 90' lang='lat'><strong>,</strong></span> <span class='ocrx_word' id='word_1_343' title='bbox 3180 2056 3300 2111; x_wconf 71' lang='lat' dir='ltr'><strong>qua:</strong></span> <span class='ocrx_word' id='word_1_344' title='bbox 3331 2040 3523 2095; x_wconf 89' lang='lat' dir='ltr'><strong>tradita</strong></span> <span class='ocrx_word' id='word_1_345' title='bbox 3552 2040 3753 2096; x_wconf 87' lang='lat' dir='ltr'><strong>suntin</strong></span> 
     </span>
    </p>
   </div>
   <div class='ocr_carea' id='block_1_49' title="bbox 2154 2132 3756 2211">
    <p class='ocr_par' dir='ltr' id='par_1_49' title="bbox 2154 2132 3756 2211">
     <span class='ocr_line' id='line_1_49' title="bbox 2154 2132 3756 2211; baseline -0.001 -22"><span class='ocrx_word' id='word_1_346' title='bbox 2154 2143 2340 2189; x_wconf 91' lang='lat' dir='ltr'><strong>nostro</strong></span> <span class='ocrx_word' id='word_1_347' title='bbox 2394 2132 2613 2197; x_wconf 88' lang='lat' dir='ltr'><strong>libello,</strong></span> <span class='ocrx_word' id='word_1_348' title='bbox 2661 2134 2863 2203; x_wconf 81' lang='lat' dir='ltr'><strong>Optime</strong></span> <span class='ocrx_word' id='word_1_349' title='bbox 2911 2133 3269 2188; x_wconf 87' lang='lat' dir='ltr'><strong>consentiant.</strong></span> <span class='ocrx_word' id='word_1_350' title='bbox 3310 2132 3756 2211; x_wconf 87' lang='lat' dir='ltr'><strong>Tametsieuim</strong></span> 
     </span>
    </p>
   </div>
   <div class='ocr_carea' id='block_1_50' title="bbox 2154 2224 3756 2297">
    <p class='ocr_par' dir='ltr' id='par_1_50' title="bbox 2154 2224 3756 2297">
     <span class='ocr_line' id='line_1_50' title="bbox 2154 2224 3756 2297; baseline -0.001 -16"><span class='ocrx_word' id='word_1_351' title='bbox 2154 2241 2262 2281; x_wconf 89' lang='lat' dir='ltr'><strong>non</strong></span> <span class='ocrx_word' id='word_1_352' title='bbox 2286 2226 2355 2281; x_wconf 89' lang='lat' dir='ltr'><strong>sit</strong></span> <span class='ocrx_word' id='word_1_353' title='bbox 2381 2227 2680 2281; x_wconf 84' lang='lat' dir='ltr'><strong>certissime</strong></span> <span class='ocrx_word' id='word_1_354' title='bbox 2706 2224 3044 2297; x_wconf 82' lang='lat' dir='ltr'><strong>exploratum</strong></span> <span class='ocrx_word' id='word_1_355' title='bbox 3070 2266 3086 2291; x_wconf 91' lang='lat'><strong>,</strong></span> <span class='ocrx_word' id='word_1_356' title='bbox 3114 2241 3223 2297; x_wconf 90' lang='lat' dir='ltr'><strong>quo</strong></span> <span class='ocrx_word' id='word_1_357' title='bbox 3263 2238 3407 2281; x_wconf 84' lang='lat' dir='ltr'><strong>anno</strong></span> <span class='ocrx_word' id='word_1_358' title='bbox 3450 2225 3571 2283; x_wconf 65' lang='lat' dir='ltr'><strong>haec</strong></span> <span class='ocrx_word' id='word_1_359' title='bbox 3607 2225 3756 2284; x_wconf 86' lang='lat' dir='ltr'><strong>chri-</strong></span> 
     </span>
    </p>
   </div>
   <div class='ocr_carea' id='block_1_51' title="bbox 2157 2317 3757 2391">
    <p class='ocr_par' dir='ltr' id='par_1_51' title="bbox 2157 2317 3757 2391">
     <span class='ocr_line' id='line_1_51' title="bbox 2157 2317 3757 2391; baseline 0.001 -18"><span class='ocrx_word' id='word_1_360' title='bbox 2157 2318 2452 2373; x_wconf 87' lang='lat' dir='ltr'><strong>stianorum</strong></span> <span class='ocrx_word' id='word_1_361' title='bbox 2477 2317 2720 2373; x_wconf 79' lang='lat' dir='ltr'><strong>defensio</strong></span> <span class='ocrx_word' id='word_1_362' title='bbox 2745 2318 3018 2373; x_wconf 84' lang='lat' dir='ltr'><strong>elaborata</strong></span> <span class='ocrx_word' id='word_1_363' title='bbox 3041 2319 3111 2373; x_wconf 91' lang='lat' dir='ltr'><strong>sit</strong></span> <span class='ocrx_word' id='word_1_364' title='bbox 3136 2362 3150 2384; x_wconf 91' lang='lat'><strong>,</strong></span> <span class='ocrx_word' id='word_1_365' title='bbox 3182 2330 3356 2374; x_wconf 90' lang='lat' dir='ltr'><strong>tamen</strong></span> <span class='ocrx_word' id='word_1_366' title='bbox 3387 2319 3592 2379; x_wconf 79' lang='lat' dir='ltr'><strong>ratione</strong></span> <span class='ocrx_word' id='word_1_367' title='bbox 3622 2334 3757 2391; x_wconf 88' lang='lat' dir='ltr'><strong>qua-</strong></span> 
     </span>
    </p>
   </div>
   <div class='ocr_carea' id='block_1_52' title="bbox 2158 2410 3750 2483">
    <p class='ocr_par' dir='ltr' id='par_1_52' title="bbox 2158 2410 3750 2483">
     <span class='ocr_line' id='line_1_52' title="bbox 2158 2410 3750 2483; baseline -0.001 -16"><span class='ocrx_word' id='word_1_368' title='bbox 2158 2410 2279 2467; x_wconf 89' lang='lat' dir='ltr'><strong>dam</strong></span> <span class='ocrx_word' id='word_1_369' title='bbox 2310 2410 2588 2482; x_wconf 86' lang='lat' dir='ltr'><strong>probabili,</strong></span> <span class='ocrx_word' id='word_1_370' title='bbox 2627 2419 2683 2465; x_wconf 92' lang='lat' dir='ltr'><strong>ut</strong></span> <span class='ocrx_word' id='word_1_371' title='bbox 2709 2419 2793 2466; x_wconf 92' lang='lat' dir='ltr'><strong>est</strong></span> <span class='ocrx_word' id='word_1_372' title='bbox 2816 2410 2869 2467; x_wconf 91' lang='lat' dir='ltr'><strong>in</strong></span> <span class='ocrx_word' id='word_1_373' title='bbox 2893 2410 2981 2465; x_wconf 90' lang='lat' dir='ltr'><strong>tali</strong></span> <span class='ocrx_word' id='word_1_374' title='bbox 3014 2427 3093 2477; x_wconf 87' lang='lat' dir='ltr'><strong>re,</strong></span> <span class='ocrx_word' id='word_1_375' title='bbox 3130 2411 3302 2482; x_wconf 89' lang='lat' dir='ltr'><strong>primo</strong></span> <span class='ocrx_word' id='word_1_376' title='bbox 3325 2411 3535 2483; x_wconf 90' lang='lat' dir='ltr'><strong>imperii</strong></span> <span class='ocrx_word' id='word_1_377' title='bbox 3582 2412 3750 2466; x_wconf 84' lang='lat' dir='ltr'><strong>Anto-</strong></span> 
     </span>
    </p>
   </div>
   <div class='ocr_carea' id='block_1_53' title="bbox 2158 2494 3752 2573">
    <p class='ocr_par' dir='ltr' id='par_1_53' title="bbox 2158 2494 3752 2573">
     <span class='ocr_line' id='line_1_53' title="bbox 2158 2494 3752 2573; baseline 0.001 -14"><span class='ocrx_word' id='word_1_378' title='bbox 2158 2504 2355 2559; x_wconf 86' lang='lat' dir='ltr'><strong>uiniaui</strong></span> <span class='ocrx_word' id='word_1_379' title='bbox 2368 2517 2510 2558; x_wconf 90' lang='lat' dir='ltr'><strong>anno</strong></span> <span class='ocrx_word' id='word_1_380' title='bbox 2536 2494 2791 2559; x_wconf 69' lang='lat' dir='ltr'><strong>vindicari</strong></span> <span class='ocrx_word' id='word_1_381' title='bbox 2815 2519 2878 2559; x_wconf 92' lang='lat' dir='ltr'><strong>ea</strong></span> <span class='ocrx_word' id='word_1_382' title='bbox 2900 2518 3057 2573; x_wconf 84' lang='lat' dir='ltr'><strong>posse</strong></span> <span class='ocrx_word' id='word_1_383' title='bbox 3079 2504 3308 2561; x_wconf 88' lang='lat' dir='ltr'><strong>videtur.</strong></span> <span class='ocrx_word' id='word_1_384' title='bbox 3348 2503 3585 2573; x_wconf 90' lang='lat' dir='ltr'><strong>Namque</strong></span> <span class='ocrx_word' id='word_1_385' title='bbox 3601 2503 3752 2560; x_wconf 89' lang='lat' dir='ltr'><strong>illum</strong></span> 
     </span>
    </p>
   </div>
   <div class='ocr_carea' id='block_1_54' title="bbox 2159 2595 3757 2669">
    <p class='ocr_par' dir='ltr' id='par_1_54' title="bbox 2159 2595 3757 2669">
     <span class='ocr_line' id='line_1_54' title="bbox 2159 2595 3757 2669; baseline 0 -16"><span class='ocrx_word' id='word_1_386' title='bbox 2159 2596 2288 2653; x_wconf 88' lang='lat' dir='ltr'><strong>solis</strong></span> <span class='ocrx_word' id='word_1_387' title='bbox 2313 2595 2579 2652; x_wconf 83' lang='lat' dir='ltr'><strong>delectum</strong></span> <span class='ocrx_word' id='word_1_388' title='bbox 2612 2612 2771 2667; x_wconf 91' lang='lat' dir='ltr'><strong>quem</strong></span> <span class='ocrx_word' id='word_1_389' title='bbox 2816 2595 3165 2652; x_wconf 86' lang='lat' dir='ltr'><strong>Tertullianus</strong></span> <span class='ocrx_word' id='word_1_390' title='bbox 3189 2599 3263 2652; x_wconf 90' lang='lat' dir='ltr'><strong>ait</strong></span> <span class='ocrx_word' id='word_1_391' title='bbox 3308 2612 3453 2654; x_wconf 90' lang='lat' dir='ltr'><strong>anno</strong></span> <span class='ocrx_word' id='word_1_392' title='bbox 3490 2599 3757 2669; x_wconf 82' lang='lat' dir='ltr'><strong>superiori</strong></span> 
     </span>
    </p>
   </div>
   <div class='ocr_carea' id='block_1_55' title="bbox 2159 2687 3761 2765">
    <p class='ocr_par' dir='ltr' id='par_1_55' title="bbox 2159 2687 3761 2765">
     <span class='ocr_line' id='line_1_55' title="bbox 2159 2687 3761 2765; baseline 0.001 -19"><span class='ocrx_word' id='word_1_393' title='bbox 2159 2688 2433 2746; x_wconf 79' lang='lat' dir='ltr'><strong>exstitisse</strong></span> <span class='ocrx_word' id='word_1_394' title='bbox 2503 2688 2522 2759; x_wconf 95' lang='lat'><strong>(</strong></span> <span class='ocrx_word' id='word_1_395' title='bbox 2550 2703 2599 2745; x_wconf 91' lang='lat' dir='ltr'><strong>c.</strong></span> <span class='ocrx_word' id='word_1_396' title='bbox 2650 2690 2706 2746; x_wconf 72' lang='grc' dir='ltr'><strong>ὅ.</strong></span> <span class='ocrx_word' id='word_1_397' title='bbox 2850 2690 3138 2744; x_wconf 86' lang='lat' dir='ltr'><strong>Antoninus</strong></span> <span class='ocrx_word' id='word_1_398' title='bbox 3207 2689 3456 2746; x_wconf 78' lang='lat' dir='ltr'><strong>Lalorera</strong></span> <span class='ocrx_word' id='word_1_399' title='bbox 3524 2690 3761 2765; x_wconf 85' lang='lat' dir='ltr'><strong>asseruit</strong></span> 
     </span>
    </p>
   </div>
   <div class='ocr_carea' id='block_1_56' title="bbox 2159 2780 3761 2853">
    <p class='ocr_par' dir='ltr' id='par_1_56' title="bbox 2159 2780 3761 2853">
     <span class='ocr_line' id='line_1_56' title="bbox 2159 2780 3761 2853; baseline 0.003 -17"><span class='ocrx_word' id='word_1_400' title='bbox 2159 2781 2229 2837; x_wconf 77' lang='grc' dir='ltr'><strong>Δ.</strong></span> <span class='ocrx_word' id='word_1_401' title='bbox 2286 2780 2442 2836; x_wconf 85' lang='lat' dir='ltr'><strong>CCX.</strong></span> <span class='ocrx_word' id='word_1_402' title='bbox 2494 2781 2596 2852; x_wconf 71' lang='lat'><strong>(2).</strong></span> <span class='ocrx_word' id='word_1_403' title='bbox 2655 2780 2753 2838; x_wconf 89' lang='lat' dir='ltr'><strong>Cui</strong></span> <span class='ocrx_word' id='word_1_404' title='bbox 2800 2784 3046 2853; x_wconf 76' lang='lat' dir='ltr'><strong>quamvis</strong></span> <span class='ocrx_word' id='word_1_405' title='bbox 3117 2782 3469 2839; x_wconf 83' lang='lat' dir='ltr'><strong>Tilletnomius</strong></span> <span class='ocrx_word' id='word_1_406' title='bbox 3543 2786 3761 2843; x_wconf 76' lang='lat' dir='ltr'><strong>resistat</strong></span> 
     </span>
    </p>
   </div>
   <div class='ocr_carea' id='block_1_57' title="bbox 2160 2871 3758 2946">
    <p class='ocr_par' dir='ltr' id='par_1_57' title="bbox 2160 2871 3758 2946">
     <span class='ocr_line' id='line_1_57' title="bbox 2160 2871 3758 2946; baseline 0.001 -15"><span class='ocrx_word' id='word_1_407' title='bbox 2160 2888 2248 2939; x_wconf 88' lang='lat' dir='ltr'><strong>eo,</strong></span> <span class='ocrx_word' id='word_1_408' title='bbox 2274 2872 2416 2942; x_wconf 89' lang='lat' dir='ltr'><strong>quod</strong></span> <span class='ocrx_word' id='word_1_409' title='bbox 2443 2871 2796 2928; x_wconf 87' lang='lat' dir='ltr'><strong>Tertullianus</strong></span> <span class='ocrx_word' id='word_1_410' title='bbox 2820 2874 2978 2928; x_wconf 88' lang='lat' dir='ltr'><strong>solem</strong></span> <span class='ocrx_word' id='word_1_411' title='bbox 3005 2875 3203 2930; x_wconf 77' lang='lat' dir='ltr'><strong>dixerit</strong></span> <span class='ocrx_word' id='word_1_412' title='bbox 3231 2892 3337 2931; x_wconf 88' lang='lat' dir='ltr'><strong>non</strong></span> <span class='ocrx_word' id='word_1_413' title='bbox 3384 2876 3608 2946; x_wconf 70' lang='lat' dir='ltr'><strong>jotuisse</strong></span> <span class='ocrx_word' id='word_1_414' title='bbox 3659 2877 3758 2932; x_wconf 87' lang='lat' dir='ltr'><strong>ltoc</strong></span> 
     </span>
    </p>
   </div>
   <div class='ocr_carea' id='block_1_58' title="bbox 2133 2964 3762 3040">
    <p class='ocr_par' dir='ltr' id='par_1_58' title="bbox 2133 2964 3762 3040">
     <span class='ocr_line' id='line_1_58' title="bbox 2133 2964 3762 3040; baseline 0.002 -21"><span class='ocrx_word' id='word_1_415' title='bbox 2133 2979 2226 3019; x_wconf 82' lang='lat' dir='ltr'><strong>-ca:</strong></span> <span class='ocrx_word' id='word_1_416' title='bbox 2248 2966 2511 3020; x_wconf 85' lang='lat' dir='ltr'><strong>ordinario</strong></span> <span class='ocrx_word' id='word_1_417' title='bbox 2534 2964 2755 3036; x_wconf 78' lang='lat' dir='ltr'><strong>deliquio</strong></span> <span class='ocrx_word' id='word_1_418' title='bbox 2783 2967 2911 3035; x_wconf 91' lang='lat' dir='ltr'><strong>pati,</strong></span> <span class='ocrx_word' id='word_1_419' title='bbox 2944 2982 3061 3020; x_wconf 86' lang='lat' dir='ltr'><strong>cum</strong></span> <span class='ocrx_word' id='word_1_420' title='bbox 3100 2968 3253 3040; x_wconf 75' lang='lat' dir='ltr'><strong>fuerit</strong></span> <span class='ocrx_word' id='word_1_421' title='bbox 3273 2968 3327 3022; x_wconf 87' lang='lat' dir='ltr'><strong>in</strong></span> <span class='ocrx_word' id='word_1_422' title='bbox 3351 2983 3443 3023; x_wconf 87' lang='lat' dir='ltr'><strong>suo</strong></span> <span class='ocrx_word' id='word_1_423' title='bbox 3459 2969 3762 3039; x_wconf 79' lang='lat' dir='ltr'><strong>Itypsomatc</strong></span> 
     </span>
    </p>
   </div>
   <div class='ocr_carea' id='block_1_59' title="bbox 2163 3059 3755 3132">
    <p class='ocr_par' dir='ltr' id='par_1_59' title="bbox 2163 3059 3755 3132">
     <span class='ocr_line' id='line_1_59' title="bbox 2163 3059 3755 3132; baseline 0.002 -18"><span class='ocrx_word' id='word_1_424' title='bbox 2163 3060 2357 3131; x_wconf 89' lang='lat' dir='ltr'><strong>positus</strong></span> <span class='ocrx_word' id='word_1_425' title='bbox 2379 3096 2397 3124; x_wconf 89' lang='lat'><strong>,</strong></span> <span class='ocrx_word' id='word_1_426' title='bbox 2434 3068 2612 3115; x_wconf 83' lang='lat' dir='ltr'><strong>tamen</strong></span> <span class='ocrx_word' id='word_1_427' title='bbox 2640 3060 2784 3114; x_wconf 92' lang='lat' dir='ltr'><strong>hunc</strong></span> <span class='ocrx_word' id='word_1_428' title='bbox 2812 3059 3047 3130; x_wconf 88' lang='lat' dir='ltr'><strong>Septimii</strong></span> <span class='ocrx_word' id='word_1_429' title='bbox 3073 3061 3480 3132; x_wconf 79' lang='lat' dir='ltr'><strong>argumentandi</strong></span> <span class='ocrx_word' id='word_1_430' title='bbox 3515 3063 3755 3131; x_wconf 89' lang='lat' dir='ltr'><strong>modum,</strong></span> 
     </span>
    </p>
   </div>
   <div class='ocr_carea' id='block_1_60' title="bbox 468 3136 2064 3254">
    <p class='ocr_par' dir='ltr' id='par_1_60' title="bbox 468 3136 2062 3254">
     <span class='ocr_line' id='line_1_60' title="bbox 468 3136 2060 3212; baseline -0.003 -16"><span class='ocrx_word' id='word_1_431' title='bbox 468 3139 818 3196; x_wconf 78' lang='lat' dir='ltr'><strong>conﬁtentur.</strong></span> <span class='ocrx_word' id='word_1_432' title='bbox 883 3138 1063 3212; x_wconf 84' lang='lat' dir='ltr'><strong>Atque</strong></span> <span class='ocrx_word' id='word_1_433' title='bbox 1108 3153 1174 3192; x_wconf 85' lang='lat' dir='ltr'><strong>ex</strong></span> <span class='ocrx_word' id='word_1_434' title='bbox 1219 3138 1284 3190; x_wconf 88' lang='lat' dir='ltr'><strong>iis</strong></span> <span class='ocrx_word' id='word_1_435' title='bbox 1324 3136 1486 3206; x_wconf 92' lang='lat' dir='ltr'><strong>ipsis,</strong></span> <span class='ocrx_word' id='word_1_436' title='bbox 1536 3136 1732 3205; x_wconf 83' lang='lat' dir='ltr'><strong>quibus</strong></span> <span class='ocrx_word' id='word_1_437' title='bbox 1777 3136 2060 3208; x_wconf 85' lang='lat' dir='ltr'><strong>Scapulam</strong></span> 
     </span>
     <span class='ocr_line' id='line_1_61' title="bbox 468 3228 2062 3254; baseline 0 0"><span class='ocrx_word' id='word_1_438' title='bbox 468 3231 635 3254; x_wconf 72' lang='lat'><strong>-.....-2.</strong></span> <span class='ocrx_word' id='word_1_439' title='bbox 665 3244 890 3254; x_wconf 66' lang='lat'><strong>-.._.......</strong></span> <span class='ocrx_word' id='word_1_440' title='bbox 918 3229 1187 3254; x_wconf 49' lang='lat' dir='ltr'><strong>iniungi-LA</strong></span> <span class='ocrx_word' id='word_1_441' title='bbox 1247 3228 1555 3254; x_wconf 62' lang='grc' dir='ltr'><strong>Αυζηιε....ι..,.</strong></span> <span class='ocrx_word' id='word_1_442' title='bbox 1581 3229 1702 3254; x_wconf 54' lang='lat' dir='ltr'><strong>In-..</strong></span> <span class='ocrx_word' id='word_1_443' title='bbox 1762 3229 1807 3254; x_wconf 68' lang='grc' dir='ltr'><strong>ιι</strong></span> <span class='ocrx_word' id='word_1_444' title='bbox 1842 3230 2062 3254; x_wconf 71' lang='lat' dir='ltr'><strong>..-a-..&#39;---</strong></span> 
     </span>
    </p>
   </div>
   <div class='ocr_carea' id='block_1_61' title="bbox 2160 3136 3758 3254">
    <p class='ocr_par' dir='ltr' id='par_1_61' title="bbox 2163 3148 3758 3224">
     <span class='ocr_line' id='line_1_62' title="bbox 2163 3148 3758 3224; baseline 0.003 -20"><span class='ocrx_word' id='word_1_445' title='bbox 2163 3151 2255 3222; x_wconf 91' lang='lat' dir='ltr'><strong>qui</strong></span> <span class='ocrx_word' id='word_1_446' title='bbox 2300 3152 2478 3206; x_wconf 91' lang='lat' dir='ltr'><strong>omnia</strong></span> <span class='ocrx_word' id='word_1_447' title='bbox 2520 3150 2669 3206; x_wconf 82' lang='lat' dir='ltr'><strong>novit</strong></span> <span class='ocrx_word' id='word_1_448' title='bbox 2711 3152 2908 3221; x_wconf 69' lang='lat' dir='ltr'><strong>saepius</strong></span> <span class='ocrx_word' id='word_1_449' title='bbox 2964 3148 3141 3224; x_wconf 84' lang='lat' dir='ltr'><strong>inepta</strong></span> <span class='ocrx_word' id='word_1_450' title='bbox 3183 3154 3316 3209; x_wconf 83' lang='lat' dir='ltr'><strong>satis</strong></span> <span class='ocrx_word' id='word_1_451' title='bbox 3363 3154 3414 3209; x_wconf 93' lang='lat' dir='ltr'><strong>in</strong></span> <span class='ocrx_word' id='word_1_452' title='bbox 3465 3169 3579 3210; x_wconf 88' lang='lat' dir='ltr'><strong>rem</strong></span> <span class='ocrx_word' id='word_1_453' title='bbox 3605 3169 3758 3210; x_wconf 84' lang='lat' dir='ltr'><strong>suam</strong></span> 
     </span>
    </p>
   </div>
   <div class='ocr_carea' id='block_1_62' title="bbox 464 3228 2073 3302">
    <p class='ocr_par' dir='ltr' id='par_1_62' title="bbox 464 3228 2073 3302">
     <span class='ocr_line' id='line_1_63' title="bbox 464 3228 2073 3302; baseline -0.001 -16"><span class='ocrx_word' id='word_1_454' title='bbox 464 3231 639 3302; x_wconf 84' lang='lat' dir='ltr'><strong>arguit</strong></span> <span class='ocrx_word' id='word_1_455' title='bbox 664 3244 892 3286; x_wconf 68' lang='lat' dir='ltr'><strong>summae</strong></span> <span class='ocrx_word' id='word_1_456' title='bbox 917 3229 1211 3300; x_wconf 70' lang='lat' dir='ltr'><strong>IlljUSlllitc,</strong></span> <span class='ocrx_word' id='word_1_457' title='bbox 1245 3228 1558 3284; x_wconf 86' lang='lat' dir='ltr'><strong>existimans</strong></span> <span class='ocrx_word' id='word_1_458' title='bbox 1580 3229 1724 3300; x_wconf 86' lang='lat' dir='ltr'><strong>(cap.</strong></span> <span class='ocrx_word' id='word_1_459' title='bbox 1752 3229 1808 3302; x_wconf 68' lang='lat'><strong>4)</strong></span> <span class='ocrx_word' id='word_1_460' title='bbox 1840 3230 2073 3301; x_wconf 84' lang='lat' dir='ltr'><strong>potuisse.</strong></span> 
     </span>
    </p>
   </div>
   <div class='ocr_carea' id='block_1_63' title="bbox 466 3316 2063 3394">
    <p class='ocr_par' dir='ltr' id='par_1_63' title="bbox 466 3316 2063 3394">
     <span class='ocr_line' id='line_1_64' title="bbox 466 3316 2063 3394; baseline 0 -16"><span class='ocrx_word' id='word_1_461' title='bbox 466 3316 581 3378; x_wconf 81' lang='lat' dir='ltr'><strong>eum</strong></span> <span class='ocrx_word' id='word_1_462' title='bbox 623 3323 786 3394; x_wconf 67' lang='lat' dir='ltr'><strong>ofﬁcio</strong></span> <span class='ocrx_word' id='word_1_463' title='bbox 819 3320 1198 3394; x_wconf 81' lang='lat' dir='ltr'><strong>jurisdictionis</strong></span> <span class='ocrx_word' id='word_1_464' title='bbox 1246 3337 1356 3376; x_wconf 74' lang='lat' dir='ltr'><strong>sua:</strong></span> <span class='ocrx_word' id='word_1_465' title='bbox 1400 3322 1591 3393; x_wconf 77' lang='lat' dir='ltr'><strong>fungi,</strong></span> <span class='ocrx_word' id='word_1_466' title='bbox 1640 3330 1686 3376; x_wconf 89' lang='lat' dir='ltr'><strong>et</strong></span> <span class='ocrx_word' id='word_1_467' title='bbox 1732 3322 2063 3378; x_wconf 79' lang='lat' dir='ltr'><strong>Itutttanitatis</strong></span> 
     </span>
    </p>
   </div>
   <div class='ocr_carea' id='block_1_64' title="bbox 436 3415 2064 3489">
    <p class='ocr_par' dir='ltr' id='par_1_64' title="bbox 436 3415 2064 3489">
     <span class='ocr_line' id='line_1_65' title="bbox 436 3415 2064 3489; baseline 0 -16"><span class='ocrx_word' id='word_1_468' title='bbox 436 3426 640 3473; x_wconf 64' lang='lat' dir='ltr'><strong>-tamett</strong></span> <span class='ocrx_word' id='word_1_469' title='bbox 691 3415 996 3483; x_wconf 81' lang='lat' dir='ltr'><strong>meminisse,</strong></span> <span class='ocrx_word' id='word_1_470' title='bbox 1020 3432 1133 3470; x_wconf 86' lang='lat' dir='ltr'><strong>cum</strong></span> <span class='ocrx_word' id='word_1_471' title='bbox 1162 3417 1290 3471; x_wconf 82' lang='lat' dir='ltr'><strong>nihil</strong></span> <span class='ocrx_word' id='word_1_472' title='bbox 1318 3415 1540 3488; x_wconf 85' lang='lat' dir='ltr'><strong>amplius</strong></span> <span class='ocrx_word' id='word_1_473' title='bbox 1564 3416 1835 3471; x_wconf 86' lang='lat' dir='ltr'><strong>mandetur</strong></span> <span class='ocrx_word' id='word_1_474' title='bbox 1852 3458 1868 3484; x_wconf 93' lang='lat'><strong>,</strong></span> <span class='ocrx_word' id='word_1_475' title='bbox 1913 3434 2064 3489; x_wconf 85' lang='lat' dir='ltr'><strong>quam</strong></span> 
     </span>
    </p>
   </div>
   <div class='ocr_carea' id='block_1_65' title="bbox 466 3510 2067 3582">
    <p class='ocr_par' dir='ltr' id='par_1_65' title="bbox 466 3510 2067 3582">
     <span class='ocr_line' id='line_1_66' title="bbox 466 3510 2067 3582; baseline 0.002 -17"><span class='ocrx_word' id='word_1_476' title='bbox 466 3519 701 3565; x_wconf 81' lang='lat' dir='ltr'><strong>nocentes</strong></span> <span class='ocrx_word' id='word_1_477' title='bbox 747 3510 1010 3579; x_wconf 76' lang='lat' dir='ltr'><strong>confessos</strong></span> <span class='ocrx_word' id='word_1_478' title='bbox 1058 3510 1340 3578; x_wconf 77' lang='lat' dir='ltr'><strong>damnare,</strong></span> <span class='ocrx_word' id='word_1_479' title='bbox 1386 3520 1625 3582; x_wconf 84' lang='lat' dir='ltr'><strong>negantes</strong></span> <span class='ocrx_word' id='word_1_480' title='bbox 1667 3521 1834 3567; x_wconf 90' lang='lat' dir='ltr'><strong>autem</strong></span> <span class='ocrx_word' id='word_1_481' title='bbox 1859 3512 1930 3567; x_wconf 86' lang='lat' dir='ltr'><strong>ad</strong></span> <span class='ocrx_word' id='word_1_482' title='bbox 1960 3523 2067 3568; x_wconf 88' lang='lat' dir='ltr'><strong>tor-</strong></span> 
     </span>
    </p>
   </div>
   <div class='ocr_carea' id='block_1_66' title="bbox 466 3602 2066 3673">
    <p class='ocr_par' dir='ltr' id='par_1_66' title="bbox 466 3602 2066 3673">
     <span class='ocr_line' id='line_1_67' title="bbox 466 3602 2066 3673; baseline 0.004 -19"><span class='ocrx_word' id='word_1_483' title='bbox 466 3610 638 3656; x_wconf 84' lang='lat' dir='ltr'><strong>utcnta</strong></span> <span class='ocrx_word' id='word_1_484' title='bbox 662 3617 945 3668; x_wconf 79' lang='lat' dir='ltr'><strong>revocare;</strong></span> <span class='ocrx_word' id='word_1_485' title='bbox 973 3602 1133 3672; x_wconf 80' lang='lat' dir='ltr'><strong>exiis</strong></span> <span class='ocrx_word' id='word_1_486' title='bbox 1164 3602 1365 3668; x_wconf 86' lang='lat' dir='ltr'><strong>verbis,</strong></span> <span class='ocrx_word' id='word_1_487' title='bbox 1398 3606 1637 3673; x_wconf 87' lang='lat' dir='ltr'><strong>inquam,</strong></span> <span class='ocrx_word' id='word_1_488' title='bbox 1666 3602 1807 3658; x_wconf 89' lang='lat' dir='ltr'><strong>haud</strong></span> <span class='ocrx_word' id='word_1_489' title='bbox 1839 3603 2066 3660; x_wconf 85' lang='lat' dir='ltr'><strong>obscure</strong></span> 
     </span>
    </p>
   </div>
   <div class='ocr_carea' id='block_1_67' title="bbox 467 3693 2066 3767">
    <p class='ocr_par' dir='ltr' id='par_1_67' title="bbox 467 3693 2066 3767">
     <span class='ocr_line' id='line_1_68' title="bbox 467 3693 2066 3767; baseline 0.002 -18"><span class='ocrx_word' id='word_1_490' title='bbox 467 3693 758 3765; x_wconf 81' lang='lat' dir='ltr'><strong>colligitur,</strong></span> <span class='ocrx_word' id='word_1_491' title='bbox 792 3706 902 3749; x_wconf 92' lang='lat' dir='ltr'><strong>tum</strong></span> <span class='ocrx_word' id='word_1_492' title='bbox 928 3694 1203 3750; x_wconf 81' lang='lat' dir='ltr'><strong>exstitisse</strong></span> <span class='ocrx_word' id='word_1_493' title='bbox 1223 3695 1371 3767; x_wconf 82' lang='lat' dir='ltr'><strong>leges</strong></span> <span class='ocrx_word' id='word_1_494' title='bbox 1394 3695 1652 3766; x_wconf 89' lang='lat' dir='ltr'><strong>quasdam</strong></span> <span class='ocrx_word' id='word_1_495' title='bbox 1672 3694 1869 3763; x_wconf 84' lang='lat' dir='ltr'><strong>Severi,</strong></span> <span class='ocrx_word' id='word_1_496' title='bbox 1893 3696 2066 3752; x_wconf 86' lang='lat' dir='ltr'><strong>chris-</strong></span> 
     </span>
    </p>
   </div>
   <div class='ocr_carea' id='block_1_68' title="bbox 471 3786 2067 3860">
    <p class='ocr_par' dir='ltr' id='par_1_68' title="bbox 471 3786 2067 3860">
     <span class='ocr_line' id='line_1_69' title="bbox 471 3786 2067 3860; baseline 0.001 -16"><span class='ocrx_word' id='word_1_497' title='bbox 471 3788 635 3844; x_wconf 77' lang='lat' dir='ltr'><strong>tianis</strong></span> <span class='ocrx_word' id='word_1_498' title='bbox 671 3788 936 3845; x_wconf 89' lang='lat' dir='ltr'><strong>inimicas.</strong></span> <span class='ocrx_word' id='word_1_499' title='bbox 986 3786 1108 3843; x_wconf 74' lang='lat' dir='ltr'><strong>Ista:</strong></span> <span class='ocrx_word' id='word_1_500' title='bbox 1157 3788 1299 3843; x_wconf 90' lang='lat' dir='ltr'><strong>enim</strong></span> <span class='ocrx_word' id='word_1_501' title='bbox 1339 3798 1631 3860; x_wconf 89' lang='lat' dir='ltr'><strong>antequam</strong></span> <span class='ocrx_word' id='word_1_502' title='bbox 1675 3788 1835 3845; x_wconf 73' lang='lat' dir='ltr'><strong>editae</strong></span> <span class='ocrx_word' id='word_1_503' title='bbox 1888 3801 2067 3855; x_wconf 89' lang='lat' dir='ltr'><strong>erant,</strong></span> 
     </span>
    </p>
   </div>
   <div class='ocr_carea' id='block_1_69' title="bbox 473 3877 2069 3951">
    <p class='ocr_par' dir='ltr' id='par_1_69' title="bbox 473 3877 2069 3951">
     <span class='ocr_line' id='line_1_70' title="bbox 473 3877 2069 3951; baseline 0 -14"><span class='ocrx_word' id='word_1_504' title='bbox 473 3877 851 3951; x_wconf 79' lang='lat' dir='ltr'><strong>Prtesidesque</strong></span> <span class='ocrx_word' id='word_1_505' title='bbox 914 3878 1143 3950; x_wconf 88' lang='lat' dir='ltr'><strong>agebant</strong></span> <span class='ocrx_word' id='word_1_506' title='bbox 1191 3895 1375 3934; x_wconf 87' lang='lat' dir='ltr'><strong>earum</strong></span> <span class='ocrx_word' id='word_1_507' title='bbox 1431 3879 1690 3935; x_wconf 78' lang='lat' dir='ltr'><strong>duntaxat</strong></span> <span class='ocrx_word' id='word_1_508' title='bbox 1728 3881 2069 3949; x_wconf 88' lang='lat' dir='ltr'><strong>auctoritate,</strong></span> 
     </span>
    </p>
   </div>
   <div class='ocr_carea' id='block_1_70' title="bbox 475 3970 2070 4041">
    <p class='ocr_par' dir='ltr' id='par_1_70' title="bbox 475 3970 2070 4041">
     <span class='ocr_line' id='line_1_71' title="bbox 475 3970 2070 4041; baseline 0.003 -17"><span class='ocrx_word' id='word_1_509' title='bbox 475 3971 673 4040; x_wconf 88' lang='lat' dir='ltr'><strong>quibus</strong></span> <span class='ocrx_word' id='word_1_510' title='bbox 711 3971 842 4027; x_wconf 91' lang='lat' dir='ltr'><strong>olim</strong></span> <span class='ocrx_word' id='word_1_511' title='bbox 893 3970 1254 4040; x_wconf 81' lang='lat' dir='ltr'><strong>Imperatores</strong></span> <span class='ocrx_word' id='word_1_512' title='bbox 1297 3971 1702 4041; x_wconf 77' lang='lat' dir='ltr'><strong>exagitaverant</strong></span> <span class='ocrx_word' id='word_1_513' title='bbox 1728 3972 2070 4041; x_wconf 89' lang='lat' dir='ltr'><strong>christianos,</strong></span> 
     </span>
    </p>
   </div>
   <div class='ocr_carea' id='block_1_71' title="bbox 474 4054 2073 4136">
    <p class='ocr_par' dir='ltr' id='par_1_71' title="bbox 474 4054 2073 4136">
     <span class='ocr_line' id='line_1_72' title="bbox 474 4054 2073 4136; baseline 0.002 -19"><span class='ocrx_word' id='word_1_514' title='bbox 474 4054 736 4119; x_wconf 76' lang='lat' dir='ltr'><strong>adversus</strong></span> <span class='ocrx_word' id='word_1_515' title='bbox 762 4063 867 4118; x_wconf 91' lang='lat' dir='ltr'><strong>vim</strong></span> <span class='ocrx_word' id='word_1_516' title='bbox 887 4078 1071 4117; x_wconf 90' lang='lat' dir='ltr'><strong>earum</strong></span> <span class='ocrx_word' id='word_1_517' title='bbox 1093 4061 1442 4117; x_wconf 85' lang='lat' dir='ltr'><strong>Tcrtulliauus</strong></span> <span class='ocrx_word' id='word_1_518' title='bbox 1467 4064 1819 4119; x_wconf 83' lang='lat' dir='ltr'><strong>vehementer</strong></span> <span class='ocrx_word' id='word_1_519' title='bbox 1848 4064 1901 4119; x_wconf 93' lang='lat' dir='ltr'><strong>in</strong></span> <span class='ocrx_word' id='word_1_520' title='bbox 1928 4067 2073 4136; x_wconf 81' lang='lat' dir='ltr'><strong>Apo-</strong></span> 
     </span>
    </p>
   </div>
   <div class='ocr_carea' id='block_1_72' title="bbox 474 4154 2073 4229">
    <p class='ocr_par' dir='ltr' id='par_1_72' title="bbox 474 4154 2073 4229">
     <span class='ocr_line' id='line_1_73' title="bbox 474 4154 2073 4229; baseline 0.002 -18"><span class='ocrx_word' id='word_1_521' title='bbox 474 4154 704 4228; x_wconf 89' lang='lat' dir='ltr'><strong>logetico</strong></span> <span class='ocrx_word' id='word_1_522' title='bbox 731 4156 985 4227; x_wconf 88' lang='lat' dir='ltr'><strong>disputat.</strong></span> <span class='ocrx_word' id='word_1_523' title='bbox 1028 4155 1170 4211; x_wconf 86' lang='lat' dir='ltr'><strong>Leve</strong></span> <span class='ocrx_word' id='word_1_524' title='bbox 1198 4156 1299 4211; x_wconf 88' lang='lat' dir='ltr'><strong>hoc</strong></span> <span class='ocrx_word' id='word_1_525' title='bbox 1323 4154 1541 4226; x_wconf 85' lang='lat' dir='ltr'><strong>quidem</strong></span> <span class='ocrx_word' id='word_1_526' title='bbox 1573 4154 1860 4223; x_wconf 74' lang='lat' dir='ltr'><strong>videbitur,</strong></span> <span class='ocrx_word' id='word_1_527' title='bbox 1894 4174 2073 4229; x_wconf 89' lang='lat' dir='ltr'><strong>neque</strong></span> 
     </span>
    </p>
   </div>
   <div class='ocr_carea' id='block_1_73' title="bbox 473 4249 2071 4323">
    <p class='ocr_par' dir='ltr' id='par_1_73' title="bbox 473 4249 2071 4323">
     <span class='ocr_line' id='line_1_74' title="bbox 473 4249 2071 4323; baseline 0.002 -19"><span class='ocrx_word' id='word_1_528' title='bbox 473 4249 695 4321; x_wconf 86' lang='lat' dir='ltr'><strong>proprio</strong></span> <span class='ocrx_word' id='word_1_529' title='bbox 723 4250 953 4321; x_wconf 89' lang='lat' dir='ltr'><strong>quodam</strong></span> <span class='ocrx_word' id='word_1_530' title='bbox 985 4260 1301 4321; x_wconf 86' lang='lat' dir='ltr'><strong>argumento</strong></span> <span class='ocrx_word' id='word_1_531' title='bbox 1324 4258 1525 4319; x_wconf 87' lang='lat' dir='ltr'><strong>egeret,</strong></span> <span class='ocrx_word' id='word_1_532' title='bbox 1544 4251 1663 4304; x_wconf 86' lang='lat' dir='ltr'><strong>nisi</strong></span> <span class='ocrx_word' id='word_1_533' title='bbox 1697 4249 1957 4307; x_wconf 78' lang='lat' dir='ltr'><strong>Panselius</strong></span> <span class='ocrx_word' id='word_1_534' title='bbox 1985 4251 2071 4323; x_wconf 90' lang='lat' dir='ltr'><strong>(In</strong></span> 
     </span>
    </p>
   </div>
   <div class='ocr_carea' id='block_1_74' title="bbox 475 4328 2073 4412">
    <p class='ocr_par' dir='ltr' id='par_1_74' title="bbox 475 4328 2073 4412">
     <span class='ocr_line' id='line_1_75' title="bbox 475 4328 2073 4412; baseline 0.001 -17"><span class='ocrx_word' id='word_1_535' title='bbox 475 4343 578 4396; x_wconf 74' lang='lat' dir='ltr'><strong>vita</strong></span> <span class='ocrx_word' id='word_1_536' title='bbox 605 4338 823 4396; x_wconf 87' lang='lat' dir='ltr'><strong>Tertull.</strong></span> <span class='ocrx_word' id='word_1_537' title='bbox 858 4357 909 4412; x_wconf 92' lang='lat' dir='ltr'><strong>p.</strong></span> <span class='ocrx_word' id='word_1_538' title='bbox 947 4341 1033 4397; x_wconf 75' lang='lat' dir='ltr'><strong>I5.</strong></span> <span class='ocrx_word' id='word_1_539' title='bbox 1062 4340 1152 4412; x_wconf 90' lang='lat' dir='ltr'><strong>C.)</strong></span> <span class='ocrx_word' id='word_1_540' title='bbox 1174 4344 1249 4399; x_wconf 70' lang='grc' dir='ltr'><strong>Α.</strong></span> <span class='ocrx_word' id='word_1_541' title='bbox 1280 4339 1484 4396; x_wconf 73' lang='lat' dir='ltr'><strong>CXCN.</strong></span> <span class='ocrx_word' id='word_1_542' title='bbox 1521 4328 1661 4396; x_wconf 83' lang='lat' dir='ltr'><strong>hunc</strong></span> <span class='ocrx_word' id='word_1_543' title='bbox 1691 4342 1885 4397; x_wconf 86' lang='lat' dir='ltr'><strong>librum</strong></span> <span class='ocrx_word' id='word_1_544' title='bbox 1934 4344 2073 4398; x_wconf 88' lang='lat' dir='ltr'><strong>assi-</strong></span> 
     </span>
    </p>
   </div>
   <div class='ocr_carea' id='block_1_75' title="bbox 479 4432 2071 4511">
    <p class='ocr_par' dir='ltr' id='par_1_75' title="bbox 479 4432 2071 4511">
     <span class='ocr_line' id='line_1_76' title="bbox 479 4432 2071 4511; baseline 0.002 -24"><span class='ocrx_word' id='word_1_545' title='bbox 479 4432 756 4504; x_wconf 88' lang='lat' dir='ltr'><strong>gnandum</strong></span> <span class='ocrx_word' id='word_1_546' title='bbox 804 4443 1079 4504; x_wconf 85' lang='lat' dir='ltr'><strong>putasset;</strong></span> <span class='ocrx_word' id='word_1_547' title='bbox 1138 4433 1230 4505; x_wconf 91' lang='lat' dir='ltr'><strong>qui</strong></span> <span class='ocrx_word' id='word_1_548' title='bbox 1274 4449 1455 4511; x_wconf 75' lang='lat' dir='ltr'><strong>quam</strong></span> <span class='ocrx_word' id='word_1_549' title='bbox 1482 4435 1670 4490; x_wconf 82' lang='lat' dir='ltr'><strong>leviter</strong></span> <span class='ocrx_word' id='word_1_550' title='bbox 1704 4434 2071 4508; x_wconf 31' lang='lat' dir='ltr'><strong>disputaver‘it,</strong></span> 
     </span>
    </p>
   </div>
   <div class='ocr_carea' id='block_1_76' title="bbox 474 4525 2156 4617">
    <p class='ocr_par' dir='ltr' id='par_1_76' title="bbox 474 4525 2156 4617">
     <span class='ocr_line' id='line_1_77' title="bbox 474 4525 2156 4617; baseline 0.002 -37"><span class='ocrx_word' id='word_1_551' title='bbox 474 4525 593 4597; x_wconf 89' lang='lat' dir='ltr'><strong>ipsa</strong></span> <span class='ocrx_word' id='word_1_552' title='bbox 652 4525 813 4581; x_wconf 88' lang='lat' dir='ltr'><strong>verba</strong></span> <span class='ocrx_word' id='word_1_553' title='bbox 861 4525 1058 4581; x_wconf 88' lang='lat' dir='ltr'><strong>docent</strong></span> <span class='ocrx_word' id='word_1_554' title='bbox 1110 4526 1305 4596; x_wconf 90' lang='lat' dir='ltr'><strong>quibus</strong></span> <span class='ocrx_word' id='word_1_555' title='bbox 1352 4541 1411 4580; x_wconf 89' lang='lat' dir='ltr'><strong>se</strong></span> <span class='ocrx_word' id='word_1_556' title='bbox 1451 4527 1522 4581; x_wconf 91' lang='lat' dir='ltr'><strong>ait</strong></span> <span class='ocrx_word' id='word_1_557' title='bbox 1568 4526 1842 4582; x_wconf 89' lang='lat' dir='ltr'><strong>inductum</strong></span> <span class='ocrx_word' id='word_1_558' title='bbox 1900 4536 1956 4583; x_wconf 90' lang='lat' dir='ltr'><strong>ut</strong></span> <span class='ocrx_word' id='word_1_559' title='bbox 2007 4528 2077 4583; x_wconf 89' lang='lat' dir='ltr'><strong>ita</strong></span> <span class='ocrx_word' id='word_1_560' title='bbox 2104 4556 2156 4617; x_wconf 78' lang='lat' dir='ltr'><strong>D</strong></span> 
     </span>
    </p>
   </div>
   <div class='ocr_carea' id='block_1_77' title="bbox 476 4616 2078 4688">
    <p class='ocr_par' dir='ltr' id='par_1_77' title="bbox 476 4616 2078 4688">
     <span class='ocr_line' id='line_1_78' title="bbox 476 4616 2078 4688; baseline 0.001 -15"><span class='ocrx_word' id='word_1_561' title='bbox 476 4619 722 4683; x_wconf 88' lang='lat' dir='ltr'><strong>sentiret,</strong></span> <span class='ocrx_word' id='word_1_562' title='bbox 756 4619 801 4673; x_wconf 89' lang='lat' dir='ltr'><strong>si</strong></span> <span class='ocrx_word' id='word_1_563' title='bbox 827 4617 1051 4688; x_wconf 89' lang='lat' dir='ltr'><strong>quidem</strong></span> <span class='ocrx_word' id='word_1_564' title='bbox 1079 4616 1427 4673; x_wconf 84' lang='lat' dir='ltr'><strong>Tertulliauus</strong></span> <span class='ocrx_word' id='word_1_565' title='bbox 1448 4629 1503 4674; x_wconf 89' lang='lat' dir='ltr'><strong>et</strong></span> <span class='ocrx_word' id='word_1_566' title='bbox 1545 4619 1844 4676; x_wconf 86' lang='lat' dir='ltr'><strong>Albinianos</strong></span> <span class='ocrx_word' id='word_1_567' title='bbox 1884 4636 2078 4675; x_wconf 84' lang='lat' dir='ltr'><strong>nume-</strong></span> 
     </span>
    </p>
   </div>
   <div class='ocr_carea' id='block_1_78' title="bbox 477 4708 2078 4783">
    <p class='ocr_par' dir='ltr' id='par_1_78' title="bbox 477 4708 2078 4783">
     <span class='ocr_line' id='line_1_79' title="bbox 477 4708 2078 4783; baseline 0.001 -17"><span class='ocrx_word' id='word_1_568' title='bbox 477 4711 617 4766; x_wconf 80' lang='lat' dir='ltr'><strong>ravit</strong></span> <span class='ocrx_word' id='word_1_569' title='bbox 669 4709 722 4765; x_wconf 90' lang='lat' dir='ltr'><strong>in</strong></span> <span class='ocrx_word' id='word_1_570' title='bbox 780 4708 1027 4764; x_wconf 83' lang='lat' dir='ltr'><strong>hostibus</strong></span> <span class='ocrx_word' id='word_1_571' title='bbox 1078 4709 1425 4780; x_wconf 85' lang='lat' dir='ltr'><strong>Imperatoris</strong></span> <span class='ocrx_word' id='word_1_572' title='bbox 1489 4711 1649 4783; x_wconf 89' lang='lat' dir='ltr'><strong>(cap.</strong></span> <span class='ocrx_word' id='word_1_573' title='bbox 1708 4712 1835 4779; x_wconf 77' lang='lat'><strong>2.).</strong></span> <span class='ocrx_word' id='word_1_574' title='bbox 1887 4711 2003 4768; x_wconf 85' lang='lat' dir='ltr'><strong>Jam</strong></span> <span class='ocrx_word' id='word_1_575' title='bbox 2034 4714 2078 4768; x_wconf 89' lang='lat' dir='ltr'><strong>si</strong></span> 
     </span>
    </p>
   </div>
   <div class='ocr_carea' id='block_1_79' title="bbox 475 4800 2083 4873">
    <p class='ocr_par' dir='ltr' id='par_1_79' title="bbox 475 4800 2083 4873">
     <span class='ocr_line' id='line_1_80' title="bbox 475 4800 2083 4873; baseline 0.002 -16"><span class='ocrx_word' id='word_1_576' title='bbox 475 4818 665 4860; x_wconf 81' lang='lat' dir='ltr'><strong>verum</strong></span> <span class='ocrx_word' id='word_1_577' title='bbox 705 4812 788 4858; x_wconf 81' lang='lat' dir='ltr'><strong>est</strong></span> <span class='ocrx_word' id='word_1_578' title='bbox 811 4800 885 4867; x_wconf 92' lang='lat' dir='ltr'><strong>id,</strong></span> <span class='ocrx_word' id='word_1_579' title='bbox 910 4800 1007 4856; x_wconf 84' lang='lat' dir='ltr'><strong>has</strong></span> <span class='ocrx_word' id='word_1_580' title='bbox 1038 4801 1390 4869; x_wconf 86' lang='lat' dir='ltr'><strong>calamitates,</strong></span> <span class='ocrx_word' id='word_1_581' title='bbox 1410 4803 1601 4872; x_wconf 86' lang='lat' dir='ltr'><strong>quibus</strong></span> <span class='ocrx_word' id='word_1_582' title='bbox 1643 4805 1872 4873; x_wconf 84' lang='lat' dir='ltr'><strong>Scapula</strong></span> <span class='ocrx_word' id='word_1_583' title='bbox 1909 4804 2083 4861; x_wconf 86' lang='lat' dir='ltr'><strong>chris-</strong></span> 
     </span>
    </p>
   </div>
   <div class='ocr_carea' id='block_1_80' title="bbox 480 4893 2077 4967">
    <p class='ocr_par' dir='ltr' id='par_1_80' title="bbox 480 4893 2077 4967">
     <span class='ocr_line' id='line_1_81' title="bbox 480 4893 2077 4967; baseline 0.003 -20"><span class='ocrx_word' id='word_1_584' title='bbox 480 4893 658 4949; x_wconf 85' lang='lat' dir='ltr'><strong>tianos</strong></span> <span class='ocrx_word' id='word_1_585' title='bbox 710 4893 1001 4949; x_wconf 87' lang='lat' dir='ltr'><strong>insectatus</strong></span> <span class='ocrx_word' id='word_1_586' title='bbox 1036 4902 1157 4957; x_wconf 86' lang='lat' dir='ltr'><strong>est,</strong></span> <span class='ocrx_word' id='word_1_587' title='bbox 1215 4894 1543 4961; x_wconf 88' lang='lat' dir='ltr'><strong>posteriores</strong></span> <span class='ocrx_word' id='word_1_588' title='bbox 1572 4911 1694 4951; x_wconf 88' lang='lat' dir='ltr'><strong>esse</strong></span> <span class='ocrx_word' id='word_1_589' title='bbox 1723 4895 1899 4951; x_wconf 79' lang='lat' dir='ltr'><strong>Severi</strong></span> <span class='ocrx_word' id='word_1_590' title='bbox 1923 4896 2077 4967; x_wconf 84' lang='lat' dir='ltr'><strong>lege;</strong></span> 
     </span>
    </p>
   </div>
   <div class='ocr_carea' id='block_1_81' title="bbox 476 4974 2081 5058">
    <p class='ocr_par' dir='ltr' id='par_1_81' title="bbox 476 4974 2081 5058">
     <span class='ocr_line' id='line_1_82' title="bbox 476 4974 2081 5058; baseline 0.003 -19"><span class='ocrx_word' id='word_1_591' title='bbox 476 4998 585 5041; x_wconf 91' lang='lat' dir='ltr'><strong>nou</strong></span> <span class='ocrx_word' id='word_1_592' title='bbox 616 4984 795 5040; x_wconf 90' lang='lat' dir='ltr'><strong>minus</strong></span> <span class='ocrx_word' id='word_1_593' title='bbox 820 4999 883 5040; x_wconf 88' lang='lat' dir='ltr'><strong>ea</strong></span> <span class='ocrx_word' id='word_1_594' title='bbox 912 4982 1281 5055; x_wconf 89' lang='lat' dir='ltr'><strong>intelliguntur</strong></span> <span class='ocrx_word' id='word_1_595' title='bbox 1316 4974 1571 5055; x_wconf 67' lang='lat' dir='ltr'><strong>regnante</strong></span> <span class='ocrx_word' id='word_1_596' title='bbox 1628 4987 1843 5058; x_wconf 85' lang='lat' dir='ltr'><strong>quidem</strong></span> <span class='ocrx_word' id='word_1_597' title='bbox 1891 4986 2081 5045; x_wconf 84' lang='lat' dir='ltr'><strong>Seuero</strong></span> 
     </span>
    </p>
   </div>
   <div class='ocr_carea' id='block_1_82' title="bbox 476 5077 2082 5153">
    <p class='ocr_par' dir='ltr' id='par_1_82' title="bbox 476 5077 2082 5153">
     <span class='ocr_line' id='line_1_83' title="bbox 476 5077 2082 5153; baseline 0.006 -21"><span class='ocrx_word' id='word_1_598' title='bbox 476 5092 589 5133; x_wconf 88' lang='lat' dir='ltr'><strong>non</strong></span> <span class='ocrx_word' id='word_1_599' title='bbox 617 5078 930 5149; x_wconf 82' lang='lat' dir='ltr'><strong>contigisse,</strong></span> <span class='ocrx_word' id='word_1_600' title='bbox 949 5077 1090 5150; x_wconf 92' lang='lat' dir='ltr'><strong>quod</strong></span> <span class='ocrx_word' id='word_1_601' title='bbox 1133 5088 1310 5134; x_wconf 89' lang='lat' dir='ltr'><strong>tamen</strong></span> <span class='ocrx_word' id='word_1_602' title='bbox 1352 5078 1510 5134; x_wconf 83' lang='lat' dir='ltr'><strong>video</strong></span> <span class='ocrx_word' id='word_1_603' title='bbox 1550 5080 1812 5150; x_wconf 90' lang='lat' dir='ltr'><strong>placuisse</strong></span> <span class='ocrx_word' id='word_1_604' title='bbox 1858 5083 2082 5153; x_wconf 88' lang='lat' dir='ltr'><strong>quihus-</strong></span> 
     </span>
    </p>
   </div>
   <div class='ocr_carea' id='block_1_83' title="bbox 475 5154 2079 5247">
    <p class='ocr_par' dir='ltr' id='par_1_83' title="bbox 475 5154 2079 5247">
     <span class='ocr_line' id='line_1_84' title="bbox 475 5154 2079 5247; baseline 0.005 -22"><span class='ocrx_word' id='word_1_605' title='bbox 475 5169 621 5225; x_wconf 90' lang='lat' dir='ltr'><strong>dam.</strong></span> <span class='ocrx_word' id='word_1_606' title='bbox 664 5154 797 5225; x_wconf 76' lang='lat' dir='ltr'><strong>Ntim</strong></span> <span class='ocrx_word' id='word_1_607' title='bbox 837 5174 891 5226; x_wconf 92' lang='lat' dir='ltr'><strong>in</strong></span> <span class='ocrx_word' id='word_1_608' title='bbox 946 5186 1014 5227; x_wconf 94' lang='lat' dir='ltr'><strong>eo</strong></span> <span class='ocrx_word' id='word_1_609' title='bbox 1063 5171 1183 5227; x_wconf 93' lang='lat' dir='ltr'><strong>loco</strong></span> <span class='ocrx_word' id='word_1_610' title='bbox 1213 5171 1231 5243; x_wconf 94' lang='lat'><strong>(</strong></span> <span class='ocrx_word' id='word_1_611' title='bbox 1262 5168 1343 5227; x_wconf 87' lang='lat' dir='ltr'><strong>De</strong></span> <span class='ocrx_word' id='word_1_612' title='bbox 1375 5168 1567 5237; x_wconf 89' lang='lat' dir='ltr'><strong>Pallio,</strong></span> <span class='ocrx_word' id='word_1_613' title='bbox 1596 5156 1646 5228; x_wconf 18' lang='lat' dir='ltr'><strong>ei.</strong></span> <span class='ocrx_word' id='word_1_614' title='bbox 1675 5176 1727 5229; x_wconf 67' lang='grc'><strong>4.</strong></span> <span class='ocrx_word' id='word_1_615' title='bbox 1762 5173 1803 5247; x_wconf 88' lang='grc'><strong>),</strong></span> <span class='ocrx_word' id='word_1_616' title='bbox 1835 5175 1921 5230; x_wconf 92' lang='lat' dir='ltr'><strong>ubi</strong></span> <span class='ocrx_word' id='word_1_617' title='bbox 1951 5174 2079 5233; x_wconf 86' lang='lat' dir='ltr'><strong>Ter-</strong></span> 
     </span>
    </p>
   </div>
   <div class='ocr_carea' id='block_1_84' title="bbox 471 5259 2080 5339">
    <p class='ocr_par' dir='ltr' id='par_1_84' title="bbox 471 5259 2080 5339">
     <span class='ocr_line' id='line_1_85' title="bbox 471 5259 2080 5339; baseline 0.006 -26"><span class='ocrx_word' id='word_1_618' title='bbox 471 5259 723 5314; x_wconf 87' lang='lat' dir='ltr'><strong>tullianus</strong></span> <span class='ocrx_word' id='word_1_619' title='bbox 742 5260 985 5316; x_wconf 83' lang='lat' dir='ltr'><strong>Severum</strong></span> <span class='ocrx_word' id='word_1_620' title='bbox 1009 5262 1156 5328; x_wconf 89' lang='lat' dir='ltr'><strong>dicit,</strong></span> <span class='ocrx_word' id='word_1_621' title='bbox 1182 5273 1377 5339; x_wconf 77' lang='lat' dir='ltr'><strong>patrem</strong></span> <span class='ocrx_word' id='word_1_622' title='bbox 1409 5263 1674 5331; x_wconf 86' lang='lat' dir='ltr'><strong>Antonini,</strong></span> <span class='ocrx_word' id='word_1_623' title='bbox 1690 5265 2080 5323; x_wconf 85' lang='lat' dir='ltr'><strong>cltristianorum</strong></span> 
     </span>
    </p>
   </div>
   <div class='ocr_carea' id='block_1_85' title="bbox 475 5340 2080 5427">
    <p class='ocr_par' dir='ltr' id='par_1_85' title="bbox 475 5340 2080 5427">
     <span class='ocr_line' id='line_1_86' title="bbox 475 5340 2080 5427; baseline 0.005 -20"><span class='ocrx_word' id='word_1_624' title='bbox 475 5340 751 5427; x_wconf 73' lang='lat' dir='ltr'><strong>memorem</strong></span> <span class='ocrx_word' id='word_1_625' title='bbox 774 5350 954 5421; x_wconf 74' lang='lat' dir='ltr'><strong>fuisse,</strong></span> <span class='ocrx_word' id='word_1_626' title='bbox 992 5355 1259 5425; x_wconf 85' lang='lat' dir='ltr'><strong>ipsumque</strong></span> <span class='ocrx_word' id='word_1_627' title='bbox 1297 5356 1785 5421; x_wconf 72' lang='lat' dir='ltr'><strong>AntoniuumJacte</strong></span> <span class='ocrx_word' id='word_1_628' title='bbox 1803 5359 2080 5415; x_wconf 80' lang='lat' dir='ltr'><strong>christiano</strong></span> 
     </span>
    </p>
   </div>
   <div class='ocr_carea' id='block_1_86' title="bbox 476 5444 2075 5520">
    <p class='ocr_par' dir='ltr' id='par_1_86' title="bbox 476 5444 2075 5520">
     <span class='ocr_line' id='line_1_87' title="bbox 476 5444 2075 5520; baseline 0.008 -22"><span class='ocrx_word' id='word_1_629' title='bbox 476 5444 771 5510; x_wconf 78' lang='lat' dir='ltr'><strong>educatum,</strong></span> <span class='ocrx_word' id='word_1_630' title='bbox 800 5447 996 5500; x_wconf 83' lang='lat' dir='ltr'><strong>nouisse</strong></span> <span class='ocrx_word' id='word_1_631' title='bbox 1028 5445 1331 5515; x_wconf 86' lang='lat' dir='ltr'><strong>Proculum,</strong></span> <span class='ocrx_word' id='word_1_632' title='bbox 1366 5450 1511 5505; x_wconf 87' lang='lat' dir='ltr'><strong>dicat</strong></span> <span class='ocrx_word' id='word_1_633' title='bbox 1531 5449 1661 5505; x_wconf 90' lang='lat' dir='ltr'><strong>mihi</strong></span> <span class='ocrx_word' id='word_1_634' title='bbox 1691 5451 1834 5520; x_wconf 87' lang='lat' dir='ltr'><strong>quis,</strong></span> <span class='ocrx_word' id='word_1_635' title='bbox 1858 5466 1956 5508; x_wconf 90' lang='lat' dir='ltr'><strong>cur</strong></span> <span class='ocrx_word' id='word_1_636' title='bbox 1975 5452 2075 5509; x_wconf 90' lang='lat' dir='ltr'><strong>Se-</strong></span> 
     </span>
    </p>
   </div>
   <div class='ocr_carea' id='block_1_87' title="bbox 477 5537 2073 5612">
    <p class='ocr_par' dir='ltr' id='par_1_87' title="bbox 477 5537 2073 5612">
     <span class='ocr_line' id='line_1_88' title="bbox 477 5537 2073 5612; baseline 0.006 -21"><span class='ocrx_word' id='word_1_637' title='bbox 477 5553 651 5592; x_wconf 82' lang='lat' dir='ltr'><strong>rcrum</strong></span> <span class='ocrx_word' id='word_1_638' title='bbox 690 5548 896 5608; x_wconf 88' lang='lat' dir='ltr'><strong>patrem</strong></span> <span class='ocrx_word' id='word_1_639' title='bbox 939 5537 1186 5592; x_wconf 83' lang='lat' dir='ltr'><strong>Antonini</strong></span> <span class='ocrx_word' id='word_1_640' title='bbox 1233 5539 1630 5609; x_wconf 86' lang='lat' dir='ltr'><strong>appellaverit,</strong></span> <span class='ocrx_word' id='word_1_641' title='bbox 1678 5542 1820 5612; x_wconf 87' lang='lat' dir='ltr'><strong>quod</strong></span> <span class='ocrx_word' id='word_1_642' title='bbox 1866 5542 1933 5598; x_wconf 90' lang='lat' dir='ltr'><strong>ad</strong></span> <span class='ocrx_word' id='word_1_643' title='bbox 1961 5559 2073 5600; x_wconf 89' lang='lat' dir='ltr'><strong>rem</strong></span> 
     </span>
    </p>
   </div>
   <div class='ocr_carea' id='block_1_88' title="bbox 477 5630 2074 5705">
    <p class='ocr_par' dir='ltr' id='par_1_88' title="bbox 477 5630 2074 5705">
     <span class='ocr_line' id='line_1_89' title="bbox 477 5630 2074 5705; baseline 0.006 -19"><span class='ocrx_word' id='word_1_644' title='bbox 477 5646 611 5705; x_wconf 85' lang='lat' dir='ltr'><strong>sane</strong></span> <span class='ocrx_word' id='word_1_645' title='bbox 655 5645 764 5686; x_wconf 90' lang='lat' dir='ltr'><strong>non</strong></span> <span class='ocrx_word' id='word_1_646' title='bbox 813 5630 1153 5702; x_wconf 88' lang='lat' dir='ltr'><strong>pertinebat,</strong></span> <span class='ocrx_word' id='word_1_647' title='bbox 1191 5642 1282 5685; x_wconf 91' lang='lat' dir='ltr'><strong>aut</strong></span> <span class='ocrx_word' id='word_1_648' title='bbox 1329 5647 1427 5687; x_wconf 79' lang='lat' dir='ltr'><strong>cur</strong></span> <span class='ocrx_word' id='word_1_649' title='bbox 1473 5634 1647 5701; x_wconf 83' lang='lat' dir='ltr'><strong>ipsum</strong></span> <span class='ocrx_word' id='word_1_650' title='bbox 1677 5636 1990 5692; x_wconf 79' lang='lat' dir='ltr'><strong>Antoninum</strong></span> <span class='ocrx_word' id='word_1_651' title='bbox 2008 5638 2074 5696; x_wconf 89' lang='lat' dir='ltr'><strong>ad</strong></span> 
     </span>
    </p>
   </div>
   <div class='ocr_carea' id='block_1_89' title="bbox 472 5708 2112 5803">
    <p class='ocr_par' dir='ltr' id='par_1_89' title="bbox 472 5708 2112 5803">
     <span class='ocr_line' id='line_1_90' title="bbox 472 5708 2112 5803; baseline 0.001 -26"><span class='ocrx_word' id='word_1_652' title='bbox 472 5723 842 5780; x_wconf 81' lang='lat' dir='ltr'><strong>testimonium</strong></span> <span class='ocrx_word' id='word_1_653' title='bbox 866 5723 1134 5788; x_wconf 84' lang='lat' dir='ltr'><strong>citaverit,</strong></span> <span class='ocrx_word' id='word_1_654' title='bbox 1161 5708 1407 5779; x_wconf 80' lang='lat' dir='ltr'><strong>nisime</strong></span> <span class='ocrx_word' id='word_1_655' title='bbox 1432 5724 1535 5783; x_wconf 81' lang='lat' dir='ltr'><strong>hoc</strong></span> <span class='ocrx_word' id='word_1_656' title='bbox 1578 5739 1834 5803; x_wconf 82' lang='lat' dir='ltr'><strong>regnante</strong></span> <span class='ocrx_word' id='word_1_657' title='bbox 1874 5730 2112 5803; x_wconf 86' lang='lat' dir='ltr'><strong>scripta.</strong></span> 
     </span>
    </p>
   </div>
   <div class='ocr_carea' id='block_1_90' title="bbox 475 5814 2071 5895">
    <p class='ocr_par' dir='ltr' id='par_1_90' title="bbox 475 5814 2071 5895">
     <span class='ocr_line' id='line_1_91' title="bbox 475 5814 2071 5895; baseline 0.006 -25"><span class='ocrx_word' id='word_1_658' title='bbox 475 5816 603 5873; x_wconf 84' lang='lat' dir='ltr'><strong>sint.</strong></span> <span class='ocrx_word' id='word_1_659' title='bbox 646 5814 828 5889; x_wconf 89' lang='lat' dir='ltr'><strong>Neque</strong></span> <span class='ocrx_word' id='word_1_660' title='bbox 858 5832 983 5873; x_wconf 85' lang='lat' dir='ltr'><strong>vero</strong></span> <span class='ocrx_word' id='word_1_661' title='bbox 1010 5832 1069 5873; x_wconf 87' lang='lat' dir='ltr'><strong>ea</strong></span> <span class='ocrx_word' id='word_1_662' title='bbox 1102 5816 1171 5870; x_wconf 80' lang='lat' dir='ltr'><strong>de</strong></span> <span class='ocrx_word' id='word_1_663' title='bbox 1202 5815 1641 5879; x_wconf 81' lang='lat' dir='ltr'><strong>redubitandum</strong></span> <span class='ocrx_word' id='word_1_664' title='bbox 1665 5829 1748 5877; x_wconf 85' lang='lat' dir='ltr'><strong>cst</strong></span> <span class='ocrx_word' id='word_1_665' title='bbox 1765 5832 2071 5895; x_wconf 87' lang='lat' dir='ltr'><strong>propterea,</strong></span> 
     </span>
    </p>
   </div>
   <div class='ocr_carea' id='block_1_91' title="bbox 2167 3242 3761 3316">
    <p class='ocr_par' dir='ltr' id='par_1_91' title="bbox 2167 3242 3761 3316">
     <span class='ocr_line' id='line_1_92' title="bbox 2167 3242 3761 3316; baseline 0.002 -18"><span class='ocrx_word' id='word_1_666' title='bbox 2167 3250 2508 3311; x_wconf 88' lang='lat' dir='ltr'><strong>convertere,</strong></span> <span class='ocrx_word' id='word_1_667' title='bbox 2533 3243 2645 3313; x_wconf 90' lang='lat' dir='ltr'><strong>jam</strong></span> <span class='ocrx_word' id='word_1_668' title='bbox 2677 3243 2876 3298; x_wconf 91' lang='lat' dir='ltr'><strong>dudum</strong></span> <span class='ocrx_word' id='word_1_669' title='bbox 2903 3242 3098 3299; x_wconf 87' lang='lat' dir='ltr'><strong>derisit</strong></span> <span class='ocrx_word' id='word_1_670' title='bbox 3125 3247 3312 3300; x_wconf 89' lang='lat' dir='ltr'><strong>harum</strong></span> <span class='ocrx_word' id='word_1_671' title='bbox 3340 3262 3519 3301; x_wconf 90' lang='lat' dir='ltr'><strong>rerum</strong></span> <span class='ocrx_word' id='word_1_672' title='bbox 3549 3246 3761 3316; x_wconf 77' lang='lat' dir='ltr'><strong>peritis—</strong></span> 
     </span>
    </p>
   </div>
   <div class='ocr_carea' id='block_1_92' title="bbox 2168 3336 3758 3409">
    <p class='ocr_par' dir='ltr' id='par_1_92' title="bbox 2168 3336 3758 3409">
     <span class='ocr_line' id='line_1_93' title="bbox 2168 3336 3758 3409; baseline 0.001 -17"><span class='ocrx_word' id='word_1_673' title='bbox 2168 3337 2339 3392; x_wconf 72' lang='lat' dir='ltr'><strong>6imus</strong></span> <span class='ocrx_word' id='word_1_674' title='bbox 2387 3337 2631 3409; x_wconf 13' lang='lat' dir='ltr'><strong>Scaliger.</strong></span> <span class='ocrx_word' id='word_1_675' title='bbox 2648 3336 2741 3406; x_wconf 84' lang='lat' dir='ltr'><strong>(In</strong></span> <span class='ocrx_word' id='word_1_676' title='bbox 2767 3338 3109 3394; x_wconf 81' lang='lat' dir='ltr'><strong>animadvers.</strong></span> <span class='ocrx_word' id='word_1_677' title='bbox 3130 3339 3198 3392; x_wconf 85' lang='lat' dir='ltr'><strong>ad</strong></span> <span class='ocrx_word' id='word_1_678' title='bbox 3220 3338 3431 3394; x_wconf 82' lang='lat' dir='ltr'><strong>Eusebii</strong></span> <span class='ocrx_word' id='word_1_679' title='bbox 3449 3338 3758 3407; x_wconf 82' lang='lat' dir='ltr'><strong>Cltronicon,</strong></span> 
     </span>
    </p>
   </div>
   <div class='ocr_carea' id='block_1_93' title="bbox 2172 3416 3763 3503">
    <p class='ocr_par' dir='ltr' id='par_1_93' title="bbox 2172 3416 3763 3503">
     <span class='ocr_line' id='line_1_94' title="bbox 2172 3416 3763 3503; baseline 0.003 -19"><span class='ocrx_word' id='word_1_680' title='bbox 2172 3446 2225 3501; x_wconf 92' lang='lat' dir='ltr'><strong>p.</strong></span> <span class='ocrx_word' id='word_1_681' title='bbox 2266 3429 2615 3500; x_wconf 71' lang='lat' dir='ltr'><strong>10.).Deinde</strong></span> <span class='ocrx_word' id='word_1_682' title='bbox 2642 3446 2763 3485; x_wconf 90' lang='lat' dir='ltr'><strong>eum</strong></span> <span class='ocrx_word' id='word_1_683' title='bbox 2787 3416 2985 3486; x_wconf 84' lang='lat' dir='ltr'><strong>nullam</strong></span> <span class='ocrx_word' id='word_1_684' title='bbox 3009 3447 3240 3502; x_wconf 88' lang='lat' dir='ltr'><strong>unquam</strong></span> <span class='ocrx_word' id='word_1_685' title='bbox 3266 3433 3433 3503; x_wconf 82' lang='lat' dir='ltr'><strong>legem</strong></span> <span class='ocrx_word' id='word_1_686' title='bbox 3462 3430 3763 3488; x_wconf 76' lang='lat' dir='ltr'><strong>Caraealltts</strong></span> 
     </span>
    </p>
   </div>
   <div class='ocr_carea' id='block_1_94' title="bbox 2172 3521 3764 3605">
    <p class='ocr_par' dir='ltr' id='par_1_94' title="bbox 2172 3521 3764 3605">
     <span class='ocr_line' id='line_1_95' title="bbox 2172 3521 3764 3605; baseline 0.004 -28"><span class='ocrx_word' id='word_1_687' title='bbox 2172 3522 2358 3577; x_wconf 90' lang='lat' dir='ltr'><strong>tulerit</strong></span> <span class='ocrx_word' id='word_1_688' title='bbox 2384 3521 2639 3605; x_wconf 79' lang='lat' dir='ltr'><strong>adversus</strong></span> <span class='ocrx_word' id='word_1_689' title='bbox 2665 3523 3008 3590; x_wconf 89' lang='lat' dir='ltr'><strong>christianos,</strong></span> <span class='ocrx_word' id='word_1_690' title='bbox 3035 3535 3249 3595; x_wconf 88' lang='lat' dir='ltr'><strong>oportet</strong></span> <span class='ocrx_word' id='word_1_691' title='bbox 3280 3522 3523 3596; x_wconf 83' lang='lat' dir='ltr'><strong>profecto</strong></span> <span class='ocrx_word' id='word_1_692' title='bbox 3549 3526 3644 3582; x_wconf 87' lang='lat' dir='ltr'><strong>has</strong></span> <span class='ocrx_word' id='word_1_693' title='bbox 3669 3541 3764 3582; x_wconf 87' lang='lat' dir='ltr'><strong>ca-</strong></span> 
     </span>
    </p>
   </div>
   <div class='ocr_carea' id='block_1_95' title="bbox 2171 3614 3768 3689">
    <p class='ocr_par' dir='ltr' id='par_1_95' title="bbox 2171 3614 3768 3689">
     <span class='ocr_line' id='line_1_96' title="bbox 2171 3614 3768 3689; baseline 0.003 -20"><span class='ocrx_word' id='word_1_694' title='bbox 2171 3615 2436 3670; x_wconf 89' lang='lat' dir='ltr'><strong>lamitates</strong></span> <span class='ocrx_word' id='word_1_695' title='bbox 2479 3614 2542 3670; x_wconf 85' lang='lat' dir='ltr'><strong>iis</strong></span> <span class='ocrx_word' id='word_1_696' title='bbox 2571 3631 2602 3671; x_wconf 89' lang='lat' dir='ltr'><strong>a</strong></span> <span class='ocrx_word' id='word_1_697' title='bbox 2649 3615 2880 3685; x_wconf 86' lang='lat' dir='ltr'><strong>Scapula</strong></span> <span class='ocrx_word' id='word_1_698' title='bbox 2909 3615 3138 3672; x_wconf 83' lang='lat' dir='ltr'><strong>inﬂictas</strong></span> <span class='ocrx_word' id='word_1_699' title='bbox 3172 3619 3427 3689; x_wconf 88' lang='lat' dir='ltr'><strong>reliquias</strong></span> <span class='ocrx_word' id='word_1_700' title='bbox 3475 3618 3768 3674; x_wconf 67' lang='lat' dir='ltr'><strong>Severiana!</strong></span> 
     </span>
    </p>
   </div>
   <div class='ocr_carea' id='block_1_96' title="bbox 2171 3708 3748 3781">
    <p class='ocr_par' dir='ltr' id='par_1_96' title="bbox 2171 3708 3748 3781">
     <span class='ocr_line' id='line_1_97' title="bbox 2171 3708 3748 3781; baseline 0.001 -17"><span class='ocrx_word' id='word_1_701' title='bbox 2171 3708 2498 3764; x_wconf 89' lang='lat' dir='ltr'><strong>crudelitatis</strong></span> <span class='ocrx_word' id='word_1_702' title='bbox 2525 3708 2709 3774; x_wconf 81' lang='lat' dir='ltr'><strong>fuisse,</strong></span> <span class='ocrx_word' id='word_1_703' title='bbox 2732 3722 2851 3779; x_wconf 72' lang='lat' dir='ltr'><strong>qua:</strong></span> <span class='ocrx_word' id='word_1_704' title='bbox 2881 3719 2992 3765; x_wconf 91' lang='lat' dir='ltr'><strong>tum</strong></span> <span class='ocrx_word' id='word_1_705' title='bbox 3022 3711 3232 3781; x_wconf 86' lang='lat' dir='ltr'><strong>penitus</strong></span> <span class='ocrx_word' id='word_1_706' title='bbox 3255 3711 3542 3767; x_wconf 77' lang='lat' dir='ltr'><strong>exstinctae</strong></span> <span class='ocrx_word' id='word_1_707' title='bbox 3562 3710 3748 3766; x_wconf 61' lang='lat' dir='ltr'><strong>viden.</strong></span> 
     </span>
    </p>
   </div>
   <div class='ocr_carea' id='block_1_97' title="bbox 2172 3803 3759 3873">
    <p class='ocr_par' dir='ltr' id='par_1_97' title="bbox 2172 3803 3759 3873">
     <span class='ocr_line' id='line_1_98' title="bbox 2172 3803 3759 3873; baseline 0.001 -14"><span class='ocrx_word' id='word_1_708' title='bbox 2172 3812 2262 3859; x_wconf 90' lang='lat' dir='ltr'><strong>tur</strong></span> <span class='ocrx_word' id='word_1_709' title='bbox 2286 3846 2301 3868; x_wconf 90' lang='lat'><strong>,</strong></span> <span class='ocrx_word' id='word_1_710' title='bbox 2352 3820 2474 3859; x_wconf 92' lang='lat' dir='ltr'><strong>cum</strong></span> <span class='ocrx_word' id='word_1_711' title='bbox 2515 3803 2818 3859; x_wconf 85' lang='lat' dir='ltr'><strong>Coracallus</strong></span> <span class='ocrx_word' id='word_1_712' title='bbox 2840 3847 2853 3871; x_wconf 88' lang='lat'><strong>,</strong></span> <span class='ocrx_word' id='word_1_713' title='bbox 2884 3804 3164 3873; x_wconf 90' lang='lat' dir='ltr'><strong>imperium</strong></span> <span class='ocrx_word' id='word_1_714' title='bbox 3190 3803 3288 3859; x_wconf 88' lang='lat' dir='ltr'><strong>sibi</strong></span> <span class='ocrx_word' id='word_1_715' title='bbox 3318 3807 3759 3871; x_wconf 75' lang='lat' dir='ltr'><strong>conﬁrmaturus,</strong></span> 
     </span>
    </p>
   </div>
   <div class='ocr_carea' id='block_1_98' title="bbox 2175 3895 3769 3968">
    <p class='ocr_par' dir='ltr' id='par_1_98' title="bbox 2175 3895 3769 3968">
     <span class='ocr_line' id='line_1_99' title="bbox 2175 3895 3769 3968; baseline 0 -16"><span class='ocrx_word' id='word_1_716' title='bbox 2175 3895 2230 3952; x_wconf 91' lang='lat' dir='ltr'><strong>in</strong></span> <span class='ocrx_word' id='word_1_717' title='bbox 2274 3895 2492 3952; x_wconf 87' lang='lat' dir='ltr'><strong>exilium</strong></span> <span class='ocrx_word' id='word_1_718' title='bbox 2538 3897 2731 3951; x_wconf 60' lang='lat' dir='ltr'><strong>IIliaSOS</strong></span> <span class='ocrx_word' id='word_1_719' title='bbox 2771 3906 3080 3954; x_wconf 84' lang='lat' dir='ltr'><strong>revocasset</strong></span> <span class='ocrx_word' id='word_1_720' title='bbox 3123 3896 3212 3968; x_wconf 73' lang='grc' dir='ltr'><strong>(ν.</strong></span> <span class='ocrx_word' id='word_1_721' title='bbox 3249 3895 3468 3952; x_wconf 88' lang='lat' dir='ltr'><strong>Dionem</strong></span> <span class='ocrx_word' id='word_1_722' title='bbox 3515 3897 3769 3965; x_wconf 86' lang='lat' dir='ltr'><strong>Cassium,</strong></span> 
     </span>
    </p>
   </div>
   <div class='ocr_carea' id='block_1_99' title="bbox 2175 3986 3766 4063">
    <p class='ocr_par' dir='ltr' id='par_1_99' title="bbox 2175 3986 3766 4063">
     <span class='ocr_line' id='line_1_100' title="bbox 2175 3986 3766 4063; baseline 0.001 -20"><span class='ocrx_word' id='word_1_723' title='bbox 2175 3988 2267 4043; x_wconf 91' lang='lat' dir='ltr'><strong>lib.</strong></span> <span class='ocrx_word' id='word_1_724' title='bbox 2296 3986 2555 4044; x_wconf 81' lang='lat' dir='ltr'><strong>LXXVII.</strong></span> <span class='ocrx_word' id='word_1_725' title='bbox 2585 4004 2636 4045; x_wconf 91' lang='lat' dir='ltr'><strong>c.</strong></span> <span class='ocrx_word' id='word_1_726' title='bbox 2669 3989 2774 4060; x_wconf 83' lang='grc'><strong>5.).</strong></span> <span class='ocrx_word' id='word_1_727' title='bbox 2816 3988 2968 4057; x_wconf 85' lang='lat' dir='ltr'><strong>Quod</strong></span> <span class='ocrx_word' id='word_1_728' title='bbox 2997 3995 3124 4044; x_wconf 80' lang='lat' dir='ltr'><strong>&#39;cum</strong></span> <span class='ocrx_word' id='word_1_729' title='bbox 3155 3989 3338 4045; x_wconf 80' lang='lat' dir='ltr'><strong>fecerit</strong></span> <span class='ocrx_word' id='word_1_730' title='bbox 3390 3991 3551 4060; x_wconf 86' lang='lat' dir='ltr'><strong>paulo</strong></span> <span class='ocrx_word' id='word_1_731' title='bbox 3620 3999 3766 4063; x_wconf 87' lang='lat' dir='ltr'><strong>post,</strong></span> 
     </span>
    </p>
   </div>
   <div class='ocr_carea' id='block_1_100' title="bbox 2161 4078 3761 4152">
    <p class='ocr_par' dir='ltr' id='par_1_100' title="bbox 2161 4078 3761 4152">
     <span class='ocr_line' id='line_1_101' title="bbox 2161 4078 3761 4152; baseline 0.003 -18"><span class='ocrx_word' id='word_1_732' title='bbox 2161 4084 2334 4152; x_wconf 84' lang='lat' dir='ltr'><strong>‘quani</strong></span> <span class='ocrx_word' id='word_1_733' title='bbox 2363 4078 2543 4135; x_wconf 78' lang='lat' dir='ltr'><strong>Getam</strong></span> <span class='ocrx_word' id='word_1_734' title='bbox 2571 4080 2787 4136; x_wconf 82' lang='lat' dir='ltr'><strong>fratrem</strong></span> <span class='ocrx_word' id='word_1_735' title='bbox 2817 4083 2916 4136; x_wconf 89' lang='lat' dir='ltr'><strong>sub</strong></span> <span class='ocrx_word' id='word_1_736' title='bbox 2940 4082 3149 4136; x_wconf 91' lang='lat' dir='ltr'><strong>initium</strong></span> <span class='ocrx_word' id='word_1_737' title='bbox 3180 4083 3242 4135; x_wconf 73' lang='grc' dir='ltr'><strong>Α.</strong></span> <span class='ocrx_word' id='word_1_738' title='bbox 3291 4080 3496 4138; x_wconf 80' lang='lat' dir='ltr'><strong>CCXII.</strong></span> <span class='ocrx_word' id='word_1_739' title='bbox 3526 4082 3761 4138; x_wconf 88' lang='lat' dir='ltr'><strong>sustule-</strong></span> 
     </span>
    </p>
   </div>
   <div class='ocr_carea' id='block_1_101' title="bbox 2178 4174 3768 4247">
    <p class='ocr_par' dir='ltr' id='par_1_101' title="bbox 2178 4174 3768 4247">
     <span class='ocr_line' id='line_1_102' title="bbox 2178 4174 3768 4247; baseline 0.003 -18"><span class='ocrx_word' id='word_1_740' title='bbox 2178 4184 2297 4238; x_wconf 88' lang='lat' dir='ltr'><strong>rat,</strong></span> <span class='ocrx_word' id='word_1_741' title='bbox 2342 4190 2450 4229; x_wconf 86' lang='lat' dir='ltr'><strong>non</strong></span> <span class='ocrx_word' id='word_1_742' title='bbox 2496 4174 2675 4245; x_wconf 89' lang='lat' dir='ltr'><strong>inepte</strong></span> <span class='ocrx_word' id='word_1_743' title='bbox 2720 4174 2770 4229; x_wconf 89' lang='lat' dir='ltr'><strong>id</strong></span> <span class='ocrx_word' id='word_1_744' title='bbox 2815 4175 3033 4246; x_wconf 87' lang='lat' dir='ltr'><strong>quidem</strong></span> <span class='ocrx_word' id='word_1_745' title='bbox 3079 4174 3344 4237; x_wconf 77' lang='lat' dir='ltr'><strong>dicimus:</strong></span> <span class='ocrx_word' id='word_1_746' title='bbox 3393 4174 3675 4247; x_wconf 87' lang='lat' dir='ltr'><strong>Scapulam</strong></span> <span class='ocrx_word' id='word_1_747' title='bbox 3702 4177 3768 4235; x_wconf 76' lang='grc' dir='ltr'><strong>Α.</strong></span> 
     </span>
    </p>
   </div>
   <div class='ocr_carea' id='block_1_102' title="bbox 2175 4265 3202 4340">
    <p class='ocr_par' dir='ltr' id='par_1_102' title="bbox 2175 4265 3202 4340">
     <span class='ocr_line' id='line_1_103' title="bbox 2175 4265 3202 4340; baseline -0.002 -17"><span class='ocrx_word' id='word_1_748' title='bbox 2175 4265 2357 4323; x_wconf 86' lang='lat' dir='ltr'><strong>CCXI.</strong></span> <span class='ocrx_word' id='word_1_749' title='bbox 2387 4266 2644 4323; x_wconf 89' lang='lat' dir='ltr'><strong>adversus</strong></span> <span class='ocrx_word' id='word_1_750' title='bbox 2665 4266 2987 4323; x_wconf 81' lang='lat' dir='ltr'><strong>christianos</strong></span> <span class='ocrx_word' id='word_1_751' title='bbox 3009 4268 3202 4340; x_wconf 86' lang='lat' dir='ltr'><strong>egisse.</strong></span> 
     </span>
    </p>
   </div>
   <div class='ocr_carea' id='block_1_103' title="bbox 2728 4383 3239 4442">
    <p class='ocr_par' dir='ltr' id='par_1_103' title="bbox 2728 4383 3239 4442">
     <span class='ocr_line' id='line_1_104' title="bbox 2728 4383 3239 4442; baseline 0 -3"><span class='ocrx_word' id='word_1_752' title='bbox 2728 4383 3117 4442; x_wconf 77' lang='lat' dir='ltr'><strong>ARTICULUS</strong></span> <span class='ocrx_word' id='word_1_753' title='bbox 3150 4384 3239 4440; x_wconf 87' lang='lat' dir='ltr'><strong>IV.</strong></span> 
     </span>
    </p>
   </div>
   <div class='ocr_carea' id='block_1_104' title="bbox 2188 4493 3780 4581">
    <p class='ocr_par' dir='ltr' id='par_1_104' title="bbox 2188 4493 3780 4581">
     <span class='ocr_line' id='line_1_105' title="bbox 2188 4493 3780 4581; baseline 0.004 -31"><span class='ocrx_word' id='word_1_754' title='bbox 2188 4493 2267 4552; x_wconf 78' lang='lat' dir='ltr'><strong>De</strong></span> <span class='ocrx_word' id='word_1_755' title='bbox 2293 4496 2442 4553; x_wconf 82' lang='lat' dir='ltr'><strong>libris</strong></span> <span class='ocrx_word' id='word_1_756' title='bbox 2464 4493 2792 4566; x_wconf 82' lang='lat' dir='ltr'><strong>Tertulliani,</strong></span> <span class='ocrx_word' id='word_1_757' title='bbox 2820 4516 3037 4581; x_wconf 85' lang='lat' dir='ltr'><strong>quorum</strong></span> <span class='ocrx_word' id='word_1_758' title='bbox 3068 4501 3145 4555; x_wconf 84' lang='lat' dir='ltr'><strong>vel</strong></span> <span class='ocrx_word' id='word_1_759' title='bbox 3164 4509 3307 4567; x_wconf 76' lang='lat' dir='ltr'><strong>tctus,</strong></span> <span class='ocrx_word' id='word_1_760' title='bbox 3327 4501 3404 4556; x_wconf 80' lang='lat' dir='ltr'><strong>rel</strong></span> <span class='ocrx_word' id='word_1_761' title='bbox 3426 4501 3679 4569; x_wconf 82' lang='lat' dir='ltr'><strong>doctrina,</strong></span> <span class='ocrx_word' id='word_1_762' title='bbox 3698 4500 3780 4557; x_wconf 76' lang='lat' dir='ltr'><strong>uel</strong></span> 
     </span>
    </p>
   </div>
   <div class='ocr_carea' id='block_1_105' title="bbox 2746 4593 3149 4663">
    <p class='ocr_par' dir='ltr' id='par_1_105' title="bbox 2746 4593 3149 4663">
     <span class='ocr_line' id='line_1_106' title="bbox 2746 4593 3149 4663; baseline 0.005 -19"><span class='ocrx_word' id='word_1_763' title='bbox 2746 4602 2985 4663; x_wconf 51' lang='lat' dir='ltr'><strong>«utraque</strong></span> <span class='ocrx_word' id='word_1_764' title='bbox 3009 4593 3149 4648; x_wconf 83' lang='lat' dir='ltr'><strong>latet.</strong></span> 
     </span>
    </p>
   </div>
   <div class='ocr_carea' id='block_1_106' title="bbox 2184 4699 3780 4777">
    <p class='ocr_par' dir='ltr' id='par_1_106' title="bbox 2184 4699 3780 4777">
     <span class='ocr_line' id='line_1_107' title="bbox 2184 4699 3780 4777; baseline 0.003 -21"><span class='ocrx_word' id='word_1_765' title='bbox 2184 4699 2213 4773; x_wconf 59' lang='grc' dir='ltr'><strong>δ</strong></span> <span class='ocrx_word' id='word_1_766' title='bbox 2242 4702 2369 4757; x_wconf 87' lang='lat' dir='ltr'><strong>I.-—-</strong></span> <span class='ocrx_word' id='word_1_767' title='bbox 2398 4700 2572 4758; x_wconf 86' lang='lat' dir='ltr'><strong>Tertia</strong></span> <span class='ocrx_word' id='word_1_768' title='bbox 2597 4703 2776 4759; x_wconf 85' lang='lat' dir='ltr'><strong>classis</strong></span> <span class='ocrx_word' id='word_1_769' title='bbox 2803 4704 3046 4758; x_wconf 82' lang='lat' dir='ltr'><strong>librorum</strong></span> <span class='ocrx_word' id='word_1_770' title='bbox 3075 4702 3399 4771; x_wconf 85' lang='lat' dir='ltr'><strong>Tertulliani,</strong></span> <span class='ocrx_word' id='word_1_771' title='bbox 3427 4720 3573 4777; x_wconf 87' lang='lat' dir='ltr'><strong>quos,</strong></span> <span class='ocrx_word' id='word_1_772' title='bbox 3596 4721 3780 4776; x_wconf 81' lang='lat' dir='ltr'><strong>quam-</strong></span> 
     </span>
    </p>
   </div>
   <div class='ocr_carea' id='block_1_107' title="bbox 2255 4795 3777 4870">
    <p class='ocr_par' dir='ltr' id='par_1_107' title="bbox 2255 4795 3777 4870">
     <span class='ocr_line' id='line_1_108' title="bbox 2255 4795 3777 4870; baseline 0.003 -21"><span class='ocrx_word' id='word_1_773' title='bbox 2255 4795 2327 4850; x_wconf 83' lang='lat' dir='ltr'><strong>vis</strong></span> <span class='ocrx_word' id='word_1_774' title='bbox 2368 4795 2573 4850; x_wconf 79' lang='lat' dir='ltr'><strong>incerta:</strong></span> <span class='ocrx_word' id='word_1_775' title='bbox 2596 4797 2922 4862; x_wconf 77' lang='lat' dir='ltr'><strong>telatis&#39;snnt,</strong></span> <span class='ocrx_word' id='word_1_776' title='bbox 2951 4806 3117 4851; x_wconf 86' lang='lat' dir='ltr'><strong>tamen</strong></span> <span class='ocrx_word' id='word_1_777' title='bbox 3156 4807 3375 4868; x_wconf 76' lang='lat' dir='ltr'><strong>constat,</strong></span> <span class='ocrx_word' id='word_1_778' title='bbox 3413 4798 3629 4870; x_wconf 84' lang='lat' dir='ltr'><strong>scriptos</strong></span> <span class='ocrx_word' id='word_1_779' title='bbox 3660 4807 3777 4853; x_wconf 83' lang='lat' dir='ltr'><strong>ante</strong></span> 
     </span>
    </p>
   </div>
   <div class='ocr_carea' id='block_1_108' title="bbox 2256 4888 2921 4963">
    <p class='ocr_par' dir='ltr' id='par_1_108' title="bbox 2256 4888 2921 4963">
     <span class='ocr_line' id='line_1_109' title="bbox 2256 4888 2921 4963; baseline 0.008 -22"><span class='ocrx_word' id='word_1_780' title='bbox 2256 4888 2363 4959; x_wconf 81' lang='lat' dir='ltr'><strong>ejus</strong></span> <span class='ocrx_word' id='word_1_781' title='bbox 2387 4889 2721 4961; x_wconf 80' lang='lat' dir='ltr'><strong>defectionem</strong></span> <span class='ocrx_word' id='word_1_782' title='bbox 2748 4891 2921 4963; x_wconf 82' lang='lat' dir='ltr'><strong>fuisse.</strong></span> 
     </span>
    </p>
   </div>
   <div class='ocr_carea' id='block_1_109' title="bbox 2256 5006 3780 5079">
    <p class='ocr_par' dir='ltr' id='par_1_109' title="bbox 2256 5006 3780 5079">
     <span class='ocr_line' id='line_1_110' title="bbox 2256 5006 3780 5079; baseline 0.004 -18"><span class='ocrx_word' id='word_1_783' title='bbox 2256 5006 2434 5062; x_wconf 85' lang='lat' dir='ltr'><strong>Tertia</strong></span> <span class='ocrx_word' id='word_1_784' title='bbox 2468 5007 2584 5063; x_wconf 61' lang='lat' dir='ltr'><strong>ha&#39;c</strong></span> <span class='ocrx_word' id='word_1_785' title='bbox 2621 5007 2912 5079; x_wconf 89' lang='lat' dir='ltr'><strong>disputatio</strong></span> <span class='ocrx_word' id='word_1_786' title='bbox 2933 5008 3093 5065; x_wconf 83' lang='lat' dir='ltr'><strong>ﬁnem</strong></span> <span class='ocrx_word' id='word_1_787' title='bbox 3121 5009 3278 5066; x_wconf 89' lang='lat' dir='ltr'><strong>Iaeiet</strong></span> <span class='ocrx_word' id='word_1_788' title='bbox 3316 5010 3780 5079; x_wconf 84' lang='lat' dir='ltr'><strong>exercitationum,</strong></span> 
     </span>
    </p>
   </div>
   <div class='ocr_carea' id='block_1_110' title="bbox 2131 5098 3779 5176">
    <p class='ocr_par' dir='ltr' id='par_1_110' title="bbox 2131 5098 3779 5176">
     <span class='ocr_line' id='line_1_111' title="bbox 2131 5098 3779 5176; baseline 0.005 -24"><span class='ocrx_word' id='word_1_789' title='bbox 2131 5158 2137 5165; x_wconf 51' lang='grc'><em>,</em></span> <span class='ocrx_word' id='word_1_790' title='bbox 2184 5111 2317 5169; x_wconf 88' lang='lat' dir='ltr'><strong>quas</strong></span> <span class='ocrx_word' id='word_1_791' title='bbox 2370 5100 2740 5166; x_wconf 89' lang='lat' dir='ltr'><strong>instituimus,</strong></span> <span class='ocrx_word' id='word_1_792' title='bbox 2783 5101 3274 5172; x_wconf 87' lang='lat' dir='ltr'><strong>Septimianarum;</strong></span> <span class='ocrx_word' id='word_1_793' title='bbox 3339 5098 3602 5176; x_wconf 90' lang='lat' dir='ltr'><strong>inquibus</strong></span> <span class='ocrx_word' id='word_1_794' title='bbox 3653 5120 3779 5161; x_wconf 90' lang='lat' dir='ltr'><strong>cum</strong></span> 
     </span>
    </p>
   </div>
   <div class='ocr_carea' id='block_1_111' title="bbox 2184 5194 3785 5283">
    <p class='ocr_par' dir='ltr' id='par_1_111' title="bbox 2184 5194 3785 5283">
     <span class='ocr_line' id='line_1_112' title="bbox 2184 5194 3785 5283; baseline 0.004 -34"><span class='ocrx_word' id='word_1_795' title='bbox 2184 5194 2447 5283; x_wconf 82' lang='lat' dir='ltr'><strong>hactenus</strong></span> <span class='ocrx_word' id='word_1_796' title='bbox 2467 5198 2776 5266; x_wconf 89' lang='lat' dir='ltr'><strong>pertractati</strong></span> <span class='ocrx_word' id='word_1_797' title='bbox 2806 5198 2916 5252; x_wconf 90' lang='lat' dir='ltr'><strong>sint</strong></span> <span class='ocrx_word' id='word_1_798' title='bbox 2943 5199 3028 5255; x_wconf 80' lang='lat' dir='ltr'><strong>isti</strong></span> <span class='ocrx_word' id='word_1_799' title='bbox 3058 5198 3202 5265; x_wconf 89' lang='lat' dir='ltr'><strong>libri,</strong></span> <span class='ocrx_word' id='word_1_800' title='bbox 3235 5215 3465 5270; x_wconf 91' lang='lat' dir='ltr'><strong>quorum</strong></span> <span class='ocrx_word' id='word_1_801' title='bbox 3495 5212 3550 5255; x_wconf 92' lang='lat' dir='ltr'><strong>et</strong></span> <span class='ocrx_word' id='word_1_802' title='bbox 3566 5208 3703 5257; x_wconf 75' lang='lat' dir='ltr'><strong>tetas</strong></span> <span class='ocrx_word' id='word_1_803' title='bbox 3728 5209 3785 5256; x_wconf 88' lang='lat' dir='ltr'><strong>et</strong></span> 
     </span>
    </p>
   </div>
   <div class='ocr_carea' id='block_1_112' title="bbox 2181 5285 3784 5359">
    <p class='ocr_par' dir='ltr' id='par_1_112' title="bbox 2181 5285 3784 5359">
     <span class='ocr_line' id='line_1_113' title="bbox 2181 5285 3784 5359; baseline 0.003 -15"><span class='ocrx_word' id='word_1_804' title='bbox 2181 5285 2434 5344; x_wconf 86' lang='lat' dir='ltr'><strong>doctrina</strong></span> <span class='ocrx_word' id='word_1_805' title='bbox 2464 5298 2673 5357; x_wconf 88' lang='lat' dir='ltr'><strong>poterat</strong></span> <span class='ocrx_word' id='word_1_806' title='bbox 2701 5299 2846 5345; x_wconf 81' lang='lat' dir='ltr'><strong>certa</strong></span> <span class='ocrx_word' id='word_1_807' title='bbox 2874 5290 3104 5359; x_wconf 87' lang='lat' dir='ltr'><strong>quadam</strong></span> <span class='ocrx_word' id='word_1_808' title='bbox 3129 5292 3213 5346; x_wconf 85' lang='lat' dir='ltr'><strong>via</strong></span> <span class='ocrx_word' id='word_1_809' title='bbox 3243 5300 3296 5347; x_wconf 89' lang='lat' dir='ltr'><strong>et</strong></span> <span class='ocrx_word' id='word_1_810' title='bbox 3325 5292 3539 5348; x_wconf 87' lang='lat' dir='ltr'><strong>ratione</strong></span> <span class='ocrx_word' id='word_1_811' title='bbox 3560 5290 3784 5349; x_wconf 86' lang='lat' dir='ltr'><strong>demon-</strong></span> 
     </span>
    </p>
   </div>
   <div class='ocr_carea' id='block_1_113' title="bbox 2183 5381 3777 5456">
    <p class='ocr_par' dir='ltr' id='par_1_113' title="bbox 2183 5381 3777 5456">
     <span class='ocr_line' id='line_1_114' title="bbox 2183 5381 3777 5456; baseline 0.003 -17"><span class='ocrx_word' id='word_1_812' title='bbox 2183 5381 2363 5446; x_wconf 88' lang='lat' dir='ltr'><strong>strari.</strong></span> <span class='ocrx_word' id='word_1_813' title='bbox 2394 5397 2538 5439; x_wconf 89' lang='lat' dir='ltr'><strong>nunc</strong></span> <span class='ocrx_word' id='word_1_814' title='bbox 2563 5392 2783 5453; x_wconf 89' lang='lat' dir='ltr'><strong>oportet</strong></span> <span class='ocrx_word' id='word_1_815' title='bbox 2801 5383 2995 5455; x_wconf 85' lang='lat' dir='ltr'><strong>subjici</strong></span> <span class='ocrx_word' id='word_1_816' title='bbox 3017 5393 3263 5452; x_wconf 73' lang='lat' dir='ltr'><strong>czeteros,</strong></span> <span class='ocrx_word' id='word_1_817' title='bbox 3287 5386 3603 5456; x_wconf 73' lang='lat' dir='ltr'><strong>quitetatem</strong></span> <span class='ocrx_word' id='word_1_818' title='bbox 3624 5395 3777 5443; x_wconf 84' lang='lat' dir='ltr'><strong>suam</strong></span> 
     </span>
    </p>
   </div>
   <div class='ocr_carea' id='block_1_114' title="bbox 2188 5506 3773 5596">
    <p class='ocr_par' dir='ltr' id='par_1_114' title="bbox 2188 5506 3773 5596">
     <span class='ocr_line' id='line_1_115' title="bbox 2188 5506 3773 5596; baseline 0.003 -26"><span class='ocrx_word' id='word_1_819' title='bbox 2188 5506 2316 5596; x_wconf 22' lang='grc' dir='ltr'><strong>μα)</strong></span> <span class='ocrx_word' id='word_1_820' title='bbox 2334 5519 2471 5596; x_wconf 78' lang='lat' dir='ltr'><strong>__lIoc</strong></span> <span class='ocrx_word' id='word_1_821' title='bbox 2509 5522 2628 5596; x_wconf 67' lang='lat' dir='ltr'><strong>satis</strong></span> <span class='ocrx_word' id='word_1_822' title='bbox 2651 5520 3244 5596; x_wconf 50' lang='lat' dir='ltr'><strong>‘advemus_nScaligerum</strong></span> <span class='ocrx_word' id='word_1_823' title='bbox 3288 5520 3512 5586; x_wconf 83' lang='lat' dir='ltr'><strong>aliosque</strong></span> <span class='ocrx_word' id='word_1_824' title='bbox 3544 5520 3773 5574; x_wconf 75' lang='lat' dir='ltr'><strong>defendit</strong></span> 
     </span>
    </p>
   </div>
   <div class='ocr_carea' id='block_1_115' title="bbox 2179 5581 3781 5722">
    <p class='ocr_par' dir='ltr' id='par_1_115' title="bbox 2179 5581 3781 5722">
     <span class='ocr_line' id='line_1_116' title="bbox 2179 5581 3447 5646; baseline -0.001 -11"><span class='ocrx_word' id='word_1_825' title='bbox 2179 5581 2311 5635; x_wconf 79' lang='lat' dir='ltr'><strong>Sam.</strong></span> <span class='ocrx_word' id='word_1_826' title='bbox 2334 5583 2628 5646; x_wconf 85' lang='lat' dir='ltr'><strong>Basnagius,</strong></span> <span class='ocrx_word' id='word_1_827' title='bbox 2651 5583 2687 5632; x_wconf 88' lang='grc' dir='ltr'>ι.</span> <span class='ocrx_word' id='word_1_828' title='bbox 2712 5597 2768 5634; x_wconf 91' lang='lat' dir='ltr'><strong>c.-</strong></span> <span class='ocrx_word' id='word_1_829' title='bbox 2816 5619 2829 5632; x_wconf 93' lang='lat'><strong>.</strong></span> <span class='ocrx_word' id='word_1_830' title='bbox 2853 5583 2965 5635; x_wconf 75' lang='lat'><strong>218.</strong></span> <span class='ocrx_word' id='word_1_831' title='bbox 2989 5596 3038 5632; x_wconf 86' lang='grc' dir='ltr'>ιι.</span> <span class='ocrx_word' id='word_1_832' title='bbox 3067 5581 3145 5634; x_wconf 84' lang='lat' dir='ltr'><strong>Il.</strong></span> <span class='ocrx_word' id='word_1_833' title='bbox 3240 5634 3253 5643; x_wconf 73' lang='grc'><em>,</em></span> <span class='ocrx_word' id='word_1_834' title='bbox 3428 5581 3447 5586; x_wconf 79' lang='grc'><em>’</em></span> 
     </span>
     <span class='ocr_line' id='line_1_117' title="bbox 2180 5598 3781 5722; baseline 0 0"><span class='ocrx_word' id='word_1_835' title='bbox 2180 5720 2203 5722; x_wconf 71' lang='grc'><em>,</em></span> <span class='ocrx_word' id='word_1_836' title='bbox 2242 5641 2320 5719; x_wconf 64' lang='grc' dir='ltr'><strong>(ε).</strong></span> <span class='ocrx_word' id='word_1_837' title='bbox 2348 5645 2403 5696; x_wconf 80' lang='grc' dir='ltr'>ιο</span> <span class='ocrx_word' id='word_1_838' title='bbox 2429 5645 2660 5722; x_wconf 55' lang='grc' dir='ltr'><strong>εξνίεφσμςι</strong></span> <span class='ocrx_word' id='word_1_839' title='bbox 2679 5598 3423 5722; x_wconf 56' lang='grc' dir='ltr'><strong>ἓο-..ῗδθεεφιξωειιιξπιξᾲίςέίι</strong></span> <span class='ocrx_word' id='word_1_840' title='bbox 3443 5646 3585 5722; x_wconf 61' lang='lat' dir='ltr'><strong>sets.</strong></span> <span class='ocrx_word' id='word_1_841' title='bbox 3606 5645 3781 5722; x_wconf 57' lang='grc' dir='ltr'><strong>ιτρωίπ</strong></span> 
     </span>
    </p>
   </div>
   <div class='ocr_carea' id='block_1_116' title="bbox 2178 5706 3807 5835">
    <p class='ocr_par' dir='ltr' id='par_1_116' title="bbox 2178 5706 3807 5835">
     <span class='ocr_line' id='line_1_118' title="bbox 2178 5706 3784 5771; baseline 0.002 -13"><span class='ocrx_word' id='word_1_842' title='bbox 2178 5706 2274 5758; x_wconf 82' lang='lat' dir='ltr'><strong>nus</strong></span> <span class='ocrx_word' id='word_1_843' title='bbox 2298 5706 2358 5758; x_wconf 82' lang='lat' dir='ltr'><strong>in</strong></span> <span class='ocrx_word' id='word_1_844' title='bbox 2381 5706 2509 5759; x_wconf 90' lang='lat' dir='ltr'><strong>notis</strong></span> <span class='ocrx_word' id='word_1_845' title='bbox 2527 5709 2590 5760; x_wconf 85' lang='lat' dir='ltr'><strong>ad</strong></span> <span class='ocrx_word' id='word_1_846' title='bbox 2610 5709 2730 5760; x_wconf 82' lang='lat' dir='ltr'><strong>Acta</strong></span> <span class='ocrx_word' id='word_1_847' title='bbox 2754 5708 3019 5771; x_wconf 59' lang='lat' dir='ltr'><strong>Perpetua</strong></span> <span class='ocrx_word' id='word_1_848' title='bbox 3055 5706 3123 5759; x_wconf 62' lang='lat' dir='ltr'><strong>et&quot;</strong></span> <span class='ocrx_word' id='word_1_849' title='bbox 3144 5706 3439 5768; x_wconf 85' lang='lat' dir='ltr'><strong>Felicitatis,</strong></span> <span class='ocrx_word' id='word_1_850' title='bbox 3465 5710 3516 5758; x_wconf 89' lang='lat' dir='ltr'><strong>in</strong></span> <span class='ocrx_word' id='word_1_851' title='bbox 3547 5708 3784 5761; x_wconf 77' lang='lat' dir='ltr'><strong>Ruinarti</strong></span> 
     </span>
     <span class='ocr_line' id='line_1_119' title="bbox 2178 5770 3807 5835; baseline -0.004 -11"><span class='ocrx_word' id='word_1_852' title='bbox 2178 5771 2334 5835; x_wconf 66' lang='lat' dir='ltr'><strong>Actis</strong></span> <span class='ocrx_word' id='word_1_853' title='bbox 2361 5774 2621 5834; x_wconf 85' lang='lat' dir='ltr'><strong>primorum</strong></span> <span class='ocrx_word' id='word_1_854' title='bbox 2654 5776 2941 5835; x_wconf 78' lang='lat' dir='ltr'><strong>martyrum</strong></span> <span class='ocrx_word' id='word_1_855' title='bbox 2976 5770 3215 5835; x_wconf 78' lang='lat' dir='ltr'><strong>sinceris,</strong></span> <span class='ocrx_word' id='word_1_856' title='bbox 3263 5770 3354 5824; x_wconf 82' lang='lat' dir='ltr'><strong>Ed.</strong></span> <span class='ocrx_word' id='word_1_857' title='bbox 3402 5770 3807 5835; x_wconf 64' lang='grc' dir='ltr'><strong>Αιιιδιειιοιιειιι,Γ</strong></span> 
     </span>
    </p>
   </div>
   <div class='ocr_carea' id='block_1_117' title="bbox 2178 5809 3781 5896">
    <p class='ocr_par' dir='ltr' id='par_1_117' title="bbox 2178 5809 3781 5896">
     <span class='ocr_line' id='line_1_120' title="bbox 2178 5809 3781 5882; baseline 0.001 -59"><span class='ocrx_word' id='word_1_858' title='bbox 2178 5809 2342 5882; x_wconf 61' lang='grc' dir='ltr'><strong>σοιὶιὶσῡ</strong></span> <span class='ocrx_word' id='word_1_859' title='bbox 2361 5809 2405 5834; x_wconf 76' lang='grc' dir='ltr'><strong>ιιι</strong></span> <span class='ocrx_word' id='word_1_860' title='bbox 2420 5809 2527 5822; x_wconf 67' lang='grc' dir='ltr'>ιιην-</span> <span class='ocrx_word' id='word_1_861' title='bbox 2541 5809 2621 5822; x_wconf 65' lang='lat' dir='ltr'><strong>uu-</strong></span> <span class='ocrx_word' id='word_1_862' title='bbox 2674 5809 2770 5822; x_wconf 75' lang='grc' dir='ltr'>ιιι-ι</span> <span class='ocrx_word' id='word_1_863' title='bbox 2780 5809 2822 5835; x_wconf 64' lang='grc' dir='ltr'><strong>νδ</strong></span> <span class='ocrx_word' id='word_1_864' title='bbox 2833 5809 2846 5820; x_wconf 81' lang='grc' dir='ltr'><strong>ι</strong></span> <span class='ocrx_word' id='word_1_865' title='bbox 2858 5809 2941 5822; x_wconf 70' lang='grc' dir='ltr'>ιιιι·</span> <span class='ocrx_word' id='word_1_866' title='bbox 2976 5809 3128 5839; x_wconf 50' lang='grc' dir='ltr'>ἰιῗνὶτ</span> <span class='ocrx_word' id='word_1_867' title='bbox 3140 5809 3184 5822; x_wconf 78' lang='lat' dir='ltr'><strong>I-I</strong></span> <span class='ocrx_word' id='word_1_868' title='bbox 3198 5810 3215 5835; x_wconf 62' lang='grc' dir='ltr'><strong><em>ο</em></strong></span> <span class='ocrx_word' id='word_1_869' title='bbox 3263 5809 3354 5824; x_wconf 65' lang='grc' dir='ltr'>,θυι</span> <span class='ocrx_word' id='word_1_870' title='bbox 3402 5809 3781 5837; x_wconf 62' lang='grc' dir='ltr'>σιιιξυιιινυυιιιιρ.</span> 
     </span>
     <span class='ocr_line' id='line_1_121' title="bbox 2178 5848 2359 5896; baseline 0 0"><span class='ocrx_word' id='word_1_871' title='bbox 2178 5848 2227 5896; x_wconf 79' lang='grc' dir='ltr'><strong>ι)-</strong></span> <span class='ocrx_word' id='word_1_872' title='bbox 2347 5868 2359 5881; x_wconf 77' lang='grc' dir='ltr'><strong><em>ο</em></strong></span> 
     </span>
    </p>
   </div>
  </div>
