4084 6344
308 374 428 439 185

1227 379 1313 435 AC
1353 379 1696 440 DOCTRINA
1735 382 2177 443 SCRIPTORUM
2216 388 2709 449 TEllTULLlANl.

3527 403 3699 465 “6.

314 503 428 545 non
461 490 594 585 satis
620 489 841 548 deﬁnite
869 492 1124 564 produnt,
1157 495 1250 551 sed
1293 494 1538 553 doctrina
1585 507 1761 555 tamen
1814 515 1920 555 non
1950 501 2003 561 Α
2032 502 2247 560 ritatem
2278 488 2595 564 Tertulliano
2644 510 2697 565 in
2726 511 2886 568 rebus
2915 513 2978 569 iis
3001 558 3015 583 ,
3037 480 3266 585 quarum
3309 491 3515 577 mentio
3543 529 3631 575 est

327 593 413 636 est
444 584 737 640 admodum
765 586 1015 655 obseura,
1049 589 1149 645 nisi
1180 589 1231 644 in
1254 590 1572 660 quibusdam
1606 592 1811 663 paucis,
1833 593 1924 664 qui

315 677 612 747 ancipitem
644 678 843 735 habere
878 679 1102 735 formam
1153 682 1422 738 videntur.
1481 682 1663 754 Itaque
1705 685 1924 753 primum

270 782 276 786 ‘
318 767 448 824 illos
497 770 1051 829 exeitabimusmtate
1099 774 1368 845 majores,
1408 775 1498 846 qui
1556 775 1924 831 Tertullianuut

315 862 623 918 ossendunt
671 863 904 920 nondum
969 864 1127 936 plane
1182 865 1621 923 Moritanistarum
1685 869 1925 939 partibus

315 957 639 1026 addictum;
669 960 852 1014 deinde
880 975 993 1028 eus,
1027 960 1221 1030 quibus
1250 971 1389 1016 nota:
1435 962 1773 1017 Montanismi
1817 977 1936 1018 non

315 1059 452 1106 sunt
475 1051 672 1107 leviter
695 1046 1004 1123 impressa);
1038 1062 1292 1125 p0§lrento
1334 1055 1467 1122 bos,
1528 1056 1618 1126 qui
1668 1056 1923 1111 lectorem

318 1132 606 1199 dimittunt
632 1143 989 1209 dubitantem,
1019 1147 1246 1201 fueritne
1274 1146 1618 1203 Tertullianus
1642 1157 1774 1211 tum,
1802 1162 1922 1204 cum

316 1235 448 1290 illos
474 1237 898 1306 pr:escribcret,a
920 1240 1189 1293 communi
1214 1239 1449 1295 Ecclesia
1477 1242 1775 1311 seiunctus,
1803 1257 1926 1297 ncc-

316 1331 432 1385 ne?
460 1329 562 1385 Cui
594 1332 790 1411 triplici
822 1332 1075 1388 librorum
1098 1332 1550 1404 Septimianorum
1579 1337 1761 1407 generi
1801 1352 1922 1392 cum

315 1422 578 1478 dicamus
622 1427 1031 1485 :etatemasseri
1083 1443 1189 1481 non
1218 1422 1373 1483 satis
1418 1437 1566 1487 certe
1607 1444 1784 1500 posse,
1819 1446 1923 1484 non

318 1516 584 1572 volumus
618 1517 669 1572 id
706 1518 922 1588 quidem
947 1560 963 1584 ,
1016 1534 1235 1589 prorsus
1259 1521 1489 1592 ignorari
1517 1531 1730 1577 aetatem
1755 1523 1927 1578 cuivis

230 1604 243 1611 ’
320 1610 670 1666 tribuendam
722 1611 850 1682 (erit
884 1612 1027 1667 enim
1057 1613 1239 1679 etiam,
1274 1613 1415 1683 quod
1472 1614 1821 1685 probabiliter
1858 1616 1926 1672 de

320 1701 432 1759 ltac
480 1702 740 1774 disputari
792 1704 1034 1775 possit),
1068 1703 1164 1759 sed
1211 1717 1463 1763 accurate
1512 1706 1686 1777 ipsum
1725 1704 1923 1762 armum

318 1795 660 1865 scriptorum
688 1782 946 1851 librorum
975 1794 1186 1851 deliniri
1212 1811 1385 1867 posse,
1420 1797 1471 1853 id
1498 1799 1715 1869 quidem
1756 1798 1925 1854 aude-

2029 595 2221 667 injecta
2256 599 2307 654 in
2334 599 2514 656 libello
2540 601 2608 657 de
2644 602 2924 670 Pudicitia,
2950 606 3067 675 ejus
3099 617 3277 663 tamen
3307 607 3378 664 de
3432 607 3626 667 Henna

2020 689 2281 759 judicium
2312 692 2367 748 in
2392 705 2579 750 nostro
2608 695 2676 751 de
2701 697 3102 755 Orationelibro
3122 716 3228 757 non
3251 702 3426 759 solum
3455 705 3625 761 multo

2027 794 2110 840 est
2137 786 2349 848 mitius;
2367 788 2461 843 sed
2492 790 2959 861 itacomparatum
2984 793 3167 861 etiam,
3189 804 3247 851 ut
3268 796 3387 868 ipse
3414 797 3623 855 Hernica

2028 879 2396 934 auctoritatem
2424 897 2528 936 non
2558 884 2802 940 universe
2826 888 3213 957 contempsisse
3235 869 3513 946 rideatur.
3545 892 3623 946 Ac

2029 971 2155 1026 illud
2188 973 2293 1042 fere
2322 973 2592 1046 Scriptura
2618 1020 2632 1039 ,
2665 979 2805 1048 qttod
2836 980 2940 1040 vim
2984 979 3142 1051 hujus
3181 984 3481 1053 argumenti
3519 983 3623 1039 mi-

2030 1077 2195 1118 nuere
2227 1063 2577 1138 Ileffmannus
2602 1068 2895 1124 arbitratur
2918 1112 2932 1136 ,
2984 1071 3115 1127 satis
3142 1080 3226 1128 est
3253 1071 3322 1128 ab
3350 1088 3417 1130 eo
3444 1073 3625 1145 inepte

2030 1157 2353 1227 explicatum
2399 1160 2477 1214 sic
2502 1204 2516 1224 ,
2577 1172 2633 1217 ut
2665 1174 2868 1219 temere
2910 1164 3090 1220 dicere
3127 1166 3357 1222 voluerit
3402 1165 3620 1222 Tertull.

2030 1263 2224 1304 nomen
2259 1249 2488 1306 Pastoris
2520 1251 2727 1307 Henna:
2755 1255 2937 1311 libello
2962 1257 3190 1325 imponi,
3221 1272 3343 1312 cum
3377 1258 3506 1313 illud
3531 1273 3624 1314 no-
3653 1318 3665 1328 ,

2033 1355 2155 1396 men
2184 1341 2330 1395 nullo
2352 1343 2512 1399 modo
2553 1356 2860 1413 mereatur;
2896 1363 3019 1403 nam
3060 1348 3187 1405 illttd
3219 1353 3325 1422 fere
3350 1349 3623 1422 Scriptura

2030 1442 2176 1489 certe
2197 1443 2280 1490 est
2308 1436 2376 1488 ita
2410 1435 2847 1507 intelligenduma
2884 1437 3150 1494 Hermiani
3181 1439 3344 1496 libelli
3382 1443 3620 1498 auctori—

2032 1535 2194 1583 tatem
2218 1527 2330 1583 fere
2350 1526 2789 1598 eamdem,quam
2820 1546 3096 1586 sacrorum
3124 1532 3378 1587 librorum
3411 1534 3610 1603 putari;

2030 1619 2171 1691 quod
2229 1620 2401 1690 ipsum
2443 1636 2513 1676 ex
2568 1635 2634 1676 eo
2660 1631 2836 1692 patet,
2865 1621 3006 1694 quod
3037 1639 3158 1693 eum
3186 1632 3368 1694 postea
3399 1640 3619 1694 prorsus

2032 1709 2358 1780 Scriptura»:
2380 1711 2542 1777 dicat,
2560 1728 2733 1782 neque
2759 1713 2836 1769 sic
2860 1729 3004 1777 eum.
3033 1724 3089 1769 ιιι
3108 1718 3317 1785 opinor,
3347 1716 3619 1786 appellas-

2029 1813 2130 1870 set,
2163 1805 2207 1858 si
2242 1815 2346 1858 tam
2366 1805 2463 1875 ipsi
2492 1815 2832 1876 contemptus
2865 1806 3081 1862 "erutas
3101 1807 3485 1880 l'uisset.quam
3509 1821 3627 1867 erat

315 1902 448 1942 mus
480 1903 679 1959 negare
700 1898 1004 1959 propterea,
1031 1888 1173 1960 quod
1200 1890 1359 1945 nulla:
1386 1892 1438 1946 in
1461 1891 1525 1947 iis
1552 1900 1680 1946 sunt
1722 1892 1922 1963 signiti-
1954 1881 2001 1941 Β
2032 1906 2271 1967 tempore
2319 1899 2607 1968 conscripti
2650 1900 2715 1954 de
2744 1898 3000 1954 Pudicitia
3047 1899 3191 1955 libri.
3230 1899 3336 1956 Sed
3361 1910 3488 1956 sunt
3537 1902 3625 1957 hic

316 1980 573 2035 cationes
597 1990 777 2045 cerne,
808 1997 928 2052 quae
955 1981 1212 2037 vindicari
1241 1991 1392 2038 certo
1423 1983 1654 2054 quodam
1682 1999 1746 2039 ac
1786 1983 1924 2041 dell-

320 2075 443 2130 nito
467 2089 613 2131 anno
640 2075 866 2147 possint.
909 2075 1014 2132 Sed
1036 2076 1102 2131 ad
1134 2078 1463 2148 propositum
1492 2078 1789 2133 veniamus.

325 2209 359 2283 ᾗ
398 2209 461 2267 2.
491 2238 564 2252 -·
586 2209 736 2265 Liber
754 2210 819 2264 de
849 2208 1096 2266 Oratione
1115 2220 1230 2266 ante
1255 2210 1587 2283 defectionem
1611 2214 1830 2282 scriptus
1879 2220 1926 2266 et

398 2321 544 2361 anno
568 2305 697 2389 I196.
723 2306 798 2360 vel
820 2304 943 2361 197.
977 2305 1161 2359 editus.

404 2416 574 2474 Primi
602 2418 813 2489 generis
838 2416 979 2472 baud
1009 2415 1171 2495 dubie
1197 2416 1300 2472 dici
1327 2425 1502 2487 potest
1532 2417 1668 2473 liber
1694 2416 1763 2472 dc
1790 2416 1927 2471 Ora-

320 2513 490 2577 tione,
512 2511 624 2582 qui,
643 2511 743 2567 nisi
768 2512 1114 2581 vehementer
1140 2512 1291 2565 lallur
1307 2553 1322 2579 ,
1347 2512 1551 2582 primus
1576 2520 1660 2566 est
1685 2511 1924 2566 omnium

324 2605 667 2675 Tertulliani,
693 2603 783 2676 qui
806 2613 1017 2659 :ctatem
1053 2604 1318 2667 tulerunt,
1353 2616 1655 2674 magnoque
1685 2604 1923 2659 omnium

315 2714 598 2755 consensu
624 2740 640 2764 ,
686 2699 731 2753 si
776 2698 844 2752 ab
887 2696 1203 2765 llo/furatum
1255 2697 1572 2752 discesseris
1620 2696 1921 2769 (Dissertat.

314 2796 468 2847 citat.
503 2792 532 2864 ᾗ
565 2793 654 2848 Η.
705 2806 759 2853 p.
791 2784 1022 2862 57.jsq.)
1046 2790 1199 2861 cujus
1230 2790 1486 2859 intererat
1511 2790 1690 2851 omnia
1723 2789 1925 2846 Tertul-

315 2885 454 2940 liani
494 2886 688 2956 scripta
735 2884 802 2939 ad
831 2900 954 2939 eum
984 2882 1359 2938 lllontanistam
1391 2882 1594 2937 referre
1621 2923 1636 2947 ,
1684 2882 1734 2936 iu
1775 2882 1924 2938 libris

313 2978 572 3035 αιεῑίυτίε
592 2978 851 3033 doctrina:
878 2986 1208 3033 numeratur.
1242 2979 1417 3046 Atque
1436 2976 1478 3029 si
1505 2976 1643 3038 forte
1672 2985 1922 3046 suspecta

314 3082 404 3128 est
420 3070 566 3124 ﬁdes
596 3068 786 3124 Hilarii
814 3069 1167 3135 Piotavieusis,
1196 3069 1286 3140 qui
1309 3070 1570 3139 scriptmu
1599 3069 1742 3125 hunc
1769 3070 1922 3126 libel-

314 3151 595 3218 lum‘ante
615 3161 921 3215 Tertulliani
959 3159 1313 3219 defectionem
1359 3176 1463 3216 non
1486 3161 1715 3217 obscure
1752 3162 1921 3233 signi-

315 3255 483 3319 fleat;
512 3264 690 3310 tamen
717 3254 769 3307 in
792 3253 928 3308 libro
972 3254 1089 3323 ipso
1112 3261 1189 3307 tot
1214 3263 1339 3307 sttut
1372 3263 1511 3307 notm
1532 3255 1919 3309 sententiarum
1947 3253 1993 3316 C

313 3348 656 3404 diversarum
684 3348 753 3403 ab
784 3346 868 3411 iis,
893 3361 1028 3417 quas
1052 3356 1235 3417 postea
1267 3345 1318 3400 in
1344 3347 1564 3416 scriptis
1589 3388 1603 3410 ,
1647 3347 1922 3404 erroribus

314 3440 766 3497 Ilontani~tarum
794 3436 1042 3506 infectis,
1072 3437 1330 3500 defendit,
1366 3421 1572 3493 ut'libri
1612 3439 1768 3494 istius
1795 3439 1924 3495 doc.

317 3532 467 3586 trina
498 3530 699 3587 nemini
721 3530 792 3584 sit
816 3529 880 3584 ad
905 3527 1282 3600 reperiendum
1311 3518 1567 3595 difﬁcilis,
1590 3529 1678 3600 qui
1712 3544 1925 3613 compa:

324 3637 458 3679 rare
523 3631 870 3694 utrorumque
939 3622 1233 3677 sententias
1288 3620 1439 3676 velit.
1494 3619 1627 3675 Nam
1668 3620 1924 3691 primum

319 3722 539 3784 quanta:
568 3713 654 3768 hic
681 3712 760 3785 (l)
784 3723 907 3767 sunt
932 3712 1115 3768 laudes
1145 3712 1325 3782 operis
1360 3710 1583 3774 liernue,
1616 3711 1758 3782 quod
1786 3712 1924 3767 Pas-

317 3819 404 3864 tor
435 3808 770 3875 inscribitur,
800 3822 922 3862 cum
962 3807 1408 3862 consuetudinem
1436 3805 1749 3862 considcndi
1775 3808 1923 3861 [inita

318 3901 576 3958 oratione
624 3901 962 3955 observatam
1012 3899 1080 3954 ab
1111 3897 1304 3953 Henna
1342 3915 1447 3953 non
1471 3913 1653 3953 secum
1685 3912 1925 3969 pugnare

316 3994 585 4061 ostendit,
616 3994 757 4064 quod
789 3996 894 4064 fere
924 3993 1274 4064 Scripturam,
1306 4008 1369 4047 ac
1400 3991 1489 4064 (ne
1512 3991 1641 4072 illud
1671 3984 1778 4062 fere
1805 3990 1922 4045 cui-

317 4088 448 4144 dam
515 4086 772 4143 invidiam
824 4094 1024 4142 nostra:
1081 4084 1366 4156 semeqtire
1436 4084 1674 4153 moveat)
1738 4092 1925 4153 postea

259 4180 267 4185 ”
308 4161 658 4253 ’δενίριιιταιιι
684 4179 947 4250 appellat?
977 4177 1119 4250 quod
1152 4178 1367 4233 tametsi
1421 4193 1527 4232 non
1567 4176 1645 4231 sic
1688 4168 1923 4248 ceperim

319 4290 450 4331 cum
484 4273 766 4328 Muratorio
791 4273 910 4338 (Ioc.
942 4270 1029 4326 cit.
1056 4280 1161 4326 not.
1184 4271 1237 4327 3.
1255 4288 1323 4339 .p.
1345 4270 1405 4326 51
1424 4272 1465 4339 .)
1491 4270 1734 4341 aliisque,
1763 4268 1916 4340 quasi

322 4365 683 4423 Tertullianus
718 4363 926 4419 Ilernue
955 4364 1121 4419 libros
1158 4362 1356 4418 referat
1383 4362 1433 4416 itt
1464 4361 1614 4418 libris
1636 4360 1699 4416 N.
1734 4361 1798 4417 Τ.
1828 4377 1927 4416 εει-ι

322 4458 541 4514 nunicis
570 4455 828 4529 (loquitur
856 4456 999 4511 enim
1022 4471 1087 4511 ex
1113 4469 1263 4509 more
1293 4454 1462 4523 magis
1491 4453 1926 4509 adversariorum

321 4565 490 4621 quam
522 4549 681 4623 suo);
716 4557 893 4604 tamen
924 4565 1029 4604 non
1057 4546 1355 4602 contemnit
1386 4544 1590 4599 llerma:
1630 4544 1924 4602 auctorita-

330 4653 466 4710 tem,
497 4642 592 4697 sed
622 4643 723 4697 sibi
750 4642 1036 4707 conciliat,
1072 4642 1229 4711 longe
1253 4653 1408 4695 secus
1436 4647 1597 4709 atque
1621 4638 1671 4692 in
1699 4638 1835 4693 libro
1864 4637 1928 4692 de
1949 4630 2004 4690 D

330 4734 613 4798 Pudicitia,
633 4748 684 4790 c.
704 4732 788 4788 l0.
816 4730 1007 4799 et.20.,
1022 4735 1078 4787 in
1099 4745 1207 4802 quo
1230 4746 1337 4784 non
1366 4727 1525 4784 modo
1544 4726 1592 4781 Η
1599 4726 1751 4783 eruta:
1769 4729 1927 4784 cll'ata

324 4825 599 4897 repudiat,
625 4824 721 4880 sed
749 4811 992 4897 spur-ium
1018 4822 1146 4881 illud
1184 4821 1437 4877 omnibus
1463 4820 1928 4876 consentientibus

324 4921 587 4990 scriptum
609 4918 847 4990 appellat
866 4927 921 4973 et
938 4917 1087 4972 illum
1111 4898 1424 4970 mmcltorum
1453 4911 1927 4977 Pastorem:Quod

325 5014 498 5069 miror
541 5022 919 5083 argumentum
961 5010 1212 5064 miratum
1257 5008 1310 5063 in
1338 5006 1530 5061 Allixio
1560 5003 1727 5060 fuisse
1770 5001 1929 5074 Hoff-

312 5120 570 5162 manuum
610 5104 1010 5161 existimantem
1035 5145 1051 5170 ,
1082 5115 1191 5157 non
1217 5100 1522 5170 exagitasse
1553 5096 1928 5151 Tcrtullianum

238 5215 253 5222 '
328 5201 385 5256 in
428 5209 617 5255 nostro
645 5197 829 5254 libello
860 5194 1071 5269 Henna:
1115 5193 1382 5248 Pastorem
1415 5201 1699 5261 propterea
1726 5233 1738 5247 .
1784 5186 1928 5259 quod

324 5295 433 5351 sibi
480 5293 689 5348 [lemne
731 5292 1024 5347 auctoritas
1052 5304 1158 5344 non
1186 5297 1393 5342 tantum
1422 5283 1726 5339 obstitisset
1765 5297 1927 5352 quam

324 5399 442 5446 tum
469 5430 485 5455 ,
516 5402 638 5444 cum
667 5394 912 5441 exararet
945 5382 1138 5437 librum
1163 5380 1225 5435 de
1263 5377 1527 5432 Pudicitia
1547 5416 1563 5442 ,
1611 5388 1779 5446 quare
1828 5386 1930 5429 nec

326 5466 522 5538 fuisset
547 5494 767 5535 necesse
816 5485 871 5533 ut
903 5474 1021 5547 ejus
1037 5474 1267 5545 pretium
1282 5471 1535 5526 elevaret.
1558 5466 1691 5522 Nam
1719 5463 1930 5521 etiamsi

328 5591 437 5631 non
464 5587 721 5646 negemus
746 5570 918 5642 magis
939 5567 1297 5625 adversariam
1326 5563 1495 5619 fuisse
1516 5560 1724 5616 ﬂerunt:
1742 5566 1929 5616 aucto-

314 5758 319 5761 _
397 5708 470 5774 (l)
504 5710 557 5764 Ω.
584 5707 828 5774 716.13dit.
861 5705 986 5758 Lud.
1023 5701 1582 5774 Ant.__lluratorii,‘qna
1618 5697 1931 5774 utimur,qui

583 5771 809 5823 libellum
854 5775 1000 5829 antea
1045 5765 1273 5818 mutilum
1309 5762 1696 5829 e_Bibl_iot_ltecte
1718 5762 1930 5829 Ambro-

686 5821 933 5903 integrnm
947 5823 1105 5885 edidit
1125 5831 1175 5880 in
1199 5823 1458 5883 Amcdotis
1479 5821 1661 5888 latinis,
1678 5824 1796 5876 tom.
1822 5822 1893 5882 lll
1909 5857 1927 5886 ,

337 5914 385 5969 p.
451 5911 463 5948 ;
544 5934 560 5949 .

337 5914 385 5969 p.
410 5911 463 5955 9;
484 5912 560 5969 sq.

2030 1994 2191 2049 etiam
2218 1992 2323 2047 alia
2354 1991 2659 2047 Tertulliani
2709 1993 2849 2048 dicta
2880 1994 3104 2048 multum
3153 1994 3516 2065 discrepantia
3546 1996 3616 2050 ab

2032 2085 2095 2141 iis
2141 2102 2262 2155 qua:
2288 2087 2340 2140 in
2367 2085 2517 2140 libris
2540 2084 2926 2141 Montanisticis
2957 2086 3256 2155 preposuit,
3283 2101 3404 2155 qua:
3430 2097 3616 2143 osten-
3688 2133 3697 2142 .

2030 2176 2164 2233 dunt
2225 2176 2523 2233 clarissime
2571 2188 2683 2233 tum
2728 2178 2885 2250 longe
2908 2176 3275 2234 aliant'fuisse
3315 2176 3624 2234 Tertulliani

2029 2270 2369 2341 disciplinam
2407 2284 2566 2340 quam
2618 2280 2822 2339 postea.
2870 2268 3131 2326 Videlicet
3151 2270 3390 2325 sectione
3418 2270 3508 2326 18.
3543 2269 3622 2343 (p.

2029 2362 2119 2420 33.
2149 2360 2366 2435 Muret.)
2393 2375 2518 2435 cum
2561 2361 2796 2431 disputat
2827 2360 3084 2415 adversus
3105 2374 3222 2426 eos,
3252 2361 3366 2431 qui,
3393 2359 3521 2416 dum
3566 2376 3626 2417 se

2029 2454 2151 2511 cibo
2179 2452 2542 2530 abstinebant,
2573 2467 2671 2509 nec
2697 2453 2832 2508 alios
2854 2453 3101 2509 solebant
3128 2453 3319 2509 osculo
3345 2454 3618 2524 excipere.

2031 2552 2133 2601 non
2176 2545 2272 2614 ait,
2301 2544 2401 2599 nisi
2450 2544 2533 2598 die
2565 2543 2807 2611 Patr/iw,
2836 2561 2934 2615 quo
2971 2545 3255 2600 communis
3274 2554 3320 2600 et
3344 2548 3492 2616 quasi
3522 2563 3620 2617 pu-

2032 2640 2161 2694 blica
2177 2638 2368 2711 jejunii
2409 2621 2592 2709 religio
2616 2649 2723 2705 est,
2749 2637 2868 2709 jure
2911 2638 3153 2693 osculum
3184 2638 3402 2696 caneris
3442 2630 3622 2711 negari

2029 2733 2264 2799 debere;
2308 2731 2449 2803 quod
2472 2732 2711 2788 ostendit
2742 2730 2985 2802 profecto
3014 2731 3388 2788 Tcrtullianum
3420 2742 3531 2789 tum
3557 2749 3621 2790 ex

2032 2825 2121 2881 illa
2158 2824 2416 2881 societate
2440 2838 2590 2878 sacra
2623 2823 2818 2890 fuisse,
2859 2839 2978 2892 qua:
3004 2823 3209 2878 mtllum
3238 2823 3378 2878 diem
3410 2823 3622 2894 publica

2028 2927 2082 2974 et
2105 2915 2378 2973 communi
2406 2915 2730 2970 absnnentia
2761 2931 2791 2970 a
2818 2915 2941 2970 cibo
2965 2916 3202 2971 celebrat
3231 2925 3425 2985 praeter
3450 2931 3578 2972 eum
3603 2956 3619 2982 ,
3680 2978 3683 2982 ,

2027 3025 2132 3080 quo
2158 3008 2402 3063 Christus
2434 3015 2674 3062 mortuus
2697 3016 2813 3062 erat
2839 3023 2855 3071 ;
2889 3021 3010 3062 nam
3037 3006 3157 3061 Di‘cs
3180 3004 3400 3062 Pascha:
3429 3018 3509 3062 est
3538 3007 3583 3062 is
3602 2999 3635 3071 ,’

2027 3101 2255 3172 quierat
2298 3099 2571 3155 memoria:
2600 3098 2727 3153 Jesu
2782 3099 3459 3168 interempticonsecratus
3510 3097 3615 3170 (l).

2028 3193 2316 3248 Enimvero
2343 3191 2617 3246 christi-mi
2671 3198 2880 3244 veteres
2903 3187 3212 3244 Tertulliani
3244 3202 3483 3260 tempore
3511 3205 3616 3246 non

2028 3285 2129 3341 nisi
2155 3283 2297 3339 hunc
2315 3282 2457 3338 diem
2500 3260 3073 3337 cunuimuiter‘inedia
3116 3280 3460 3337 celebrabant
3488 3295 3617 3351 pro-

2027 3386 2231 3448 pterea,
2260 3375 2400 3446 quod
2454 3384 2566 3428 tum
2614 3373 2829 3429 aiebant
2872 3387 3128 3440 sponsum
3157 3372 3321 3426 fuisse
3350 3371 3618 3435 ablatum;

2024 3480 2077 3526 et
2095 3480 2272 3525 tamen
2303 3467 2645 3545 Tertullianus
2662 3468 2713 3520 in
2745 3467 2880 3521 libro
2908 3466 2971 3519 de
2989 3464 3297 3537 Jejuniis,c.
3320 3463 3402 3531 2.,
3423 3464 3514 3535 qui
3540 3473 3623 3520 est

2027 3562 2168 3618 baud
2191 3560 2351 3617 dubie
2380 3575 2411 3615 e
2445 3574 2670 3614 numero
2700 3555 3193 3612 MonLanisticorum
3223 3570 3465 3621 suorum,
3488 3555 3625 3611 mul-

1959 3690 1962 3694 ι
2031 3663 2142 3709 tum
2166 3654 2430 3724 vituperat
2469 3653 2604 3705 banc
2631 3646 3096 3712 consuetudinem,
3119 3662 3282 3702 unum
3309 3645 3453 3702 hunc
3476 3644 3619 3702 diem

2028 3744 2301 3802 communi
2312 3743 2637 3814 jejuniorum
2652 3738 2909 3812 religione
2920 3737 3250 3805 celebrandi;
3273 3749 3464 3810 estque
3492 3739 3624 3794 satis

2027 3839 2233 3895 clarum
2277 3835 2626 3892 Montanisms
2674 3833 2852 3903 plures
2898 3831 3035 3886 alios
3063 3830 3180 3886 dies
3229 3839 3426 3902 praeter
3477 3829 3620 3885 diem

2027 3930 2226 3987 Christi
2265 3926 2617 3983 emortualem
2670 3924 2991 3980 celebrasse.
3022 3922 3175 3979 Unde
3219 3922 3431 3978 elicitur
3454 3921 3580 3977 illud
3612 3941 3624 3976 :

2030 4021 2073 4077 Τ
2076 4023 2406 4078 ertulliunum
2449 4034 2570 4075 cum
2602 4018 2746 4073 hunc
2775 4018 2839 4071 tle
2889 4015 3135 4070 Oratione
3162 4015 3356 4070 librum
3398 4026 3624 4084 compo-

2029 4124 2184 4173 neret
2210 4158 2225 4184 ,
2254 4113 2494 4179 nondum
2545 4114 2598 4167 in
2625 4118 2807 4181 partes
2835 4107 3280 4164 Moutanistarum
3308 4105 3619 4162 secessisse.

2028 4211 2179 4281 Quod
2213 4225 2351 4265 novo
2380 4216 2554 4279 potest
2584 4211 2901 4277 argumento
2927 4200 3091 4257 ducto
3117 4216 3181 4256 ex
3212 4214 3441 4270 utroque
3471 4199 3627 4254 libel-

2030 4307 2082 4361 lo
2103 4302 2432 4369 continuari,
2463 4284 2692 4373 quorum
2720 4298 2765 4355 si
2793 4298 2911 4368 quis
2941 4295 3055 4351 loca
3110 4293 3219 4349 alio
3255 4303 3431 4365 puteSt
3463 4291 3626 4347 modo

1958 4448 1972 4462 ,
2029 4399 2083 4454 in
2113 4395 2459 4452 concordiam
2506 4392 2750 4463 redigere
2777 4434 2790 4458 ,
2836 4395 2997 4467 Quam
3043 4402 3146 4454 eo,
3200 4402 3308 4458 quo
3348 4384 3626 4463 diximus,

2030 4490 2194 4546 ducto
2215 4504 2245 4543 a
2272 4488 2486 4543 diversa
2513 4482 2818 4540 Tertulliani
2843 4480 3124 4551 disciplina
3154 4488 3397 4550 tempore
3427 4478 3627 4533 utrius-

2031 4596 2136 4654 que
2180 4579 2470 4650 conscripti
2517 4576 2714 4642 libelli,
2761 4590 2883 4630 cum
2918 4572 3221 4628 audiemus.
3256 4570 3390 4626 Nam
3423 4584 3545 4626 cum
3575 4567 3628 4623 in

2032 4692 2100 4732 eo
2137 4676 2206 4732 de
2228 4674 2486 4741 Oratione
2508 4685 2559 4726 c.
2587 4669 2677 4725 9.5.
2708 4666 3081 4724 descendisset
3109 4664 3176 4720 ad
3205 4662 3626 4743 disputationem

2032 4772 2101 4828 de
2128 4780 2369 4841 tempore
2412 4780 2634 4838 precum
2692 4764 2801 4819 Deo
2849 4759 3247 4819 ollerendarum
3276 4797 3292 4823 ,
3345 4756 3546 4812 bonum
3576 4752 3630 4811 id

2032 4862 2249 4936 quidem
2296 4875 2418 4916 esse
2463 4859 2633 4929 inquit
2658 4897 2674 4923 ,
2717 4854 2979 4927 quasdam
3021 4860 3198 4908 certas
3221 4858 3278 4905 ct
3318 4847 3452 4904 lixas
3476 4846 3629 4917 quasi

1942 4976 1954 4984 ·
2026 4948 2196 5025 ituras
2226 4951 2476 5023 precibus
2505 4948 2785 5010 destinari,
2821 4944 3036 5000 tertiam
3067 4941 3293 5006 scilicet,
3337 4948 3390 4993 et
3416 4946 3627 4993 sextam
3670 4943 3674 4947 ‘

2031 5056 2086 5103 et
2112 5060 2308 5101 nonam
2351 5044 2419 5098 ab
2442 5028 2735 5112 'Apostolis
2784 5051 2999 5107 quoque
3030 5035 3408 5097 observatam;
3440 5030 3534 5085 sed
3576 5030 3629 5084 id

2031 5138 2247 5211 quidem
2276 5128 2408 5202 ﬁeri,
2437 5135 2642 5204 adjicit,
2660 5133 2770 5188 sine
2789 5130 2943 5185 ullius
2964 5125 3331 5183 obseruationis
3352 5131 3631 5195 pratcepto.

2032 5244 2207 5301 neque
2232 5228 2348 5300 lege
2374 5235 2671 5299 prwreptas
2699 5237 2822 5279 esse
2839 5220 2973 5275 alias
3008 5228 3206 5291 praeter
3229 5217 3485 5289 legitimas
3513 5231 3633 5271 ora-

2034 5326 2214 5387 tiones,
2237 5323 2291 5376 It.
2316 5337 2366 5377 e.
2393 5334 2485 5376 eas
2516 5335 2530 5371 :
2558 5333 2676 5389 qua:
2700 5314 2804 5372 sub
2828 5322 3002 5368 ortum
3024 5312 3157 5368 lucis
3187 5311 3469 5381 noctisque
3496 5322 3627 5380 pro-

2034 5416 2368 5472 nuntiantur.
2397 5412 2464 5469 Et
2489 5428 2536 5466 c.
2568 5409 2663 5465 2'5.
2704 5414 2870 5464 extra
2908 5403 2988 5459 De
3014 5401 3323 5473 temporibus
3344 5441 3359 5468 ,
3405 5400 3576 5470 inquit
3609 5440 3625 5464 ,

1998 5545 2003 5549 -
2034 5509 2279 5565 orationis
2306 5505 2433 5560 nihil
2459 5503 2665 5558 omnino
2690 5496 3045 5571 prwscriptum
3073 5505 3168 5562 est,
3195 5494 3294 5550 nisi
3314 5494 3467 5563 plane
3486 5491 3633 5547 omni

2034 5604 2346 5675 ingmpore
2384 5591 2435 5653 et
2475 5597 2584 5651 loco
2605 5607 2768 5648 orare.
2814 5588 2922 5646 Sed
2954 5588 3042 5644 ille
3090 5587 3145 5642 in
3191 5585 3373 5642 libello
3399 5582 3633 5654 de'Jeju-

2036 5698 2132 5754 niis
2162 5692 2450 5768 peracerbe
2478 5687 2711 5762 exagitat
2736 5682 3053 5742 orthodoxae
3098 5680 3358 5740 Ecclesia:
3380 5677 3631 5737 addictos

2103 5878 2173 5945 tt)
2207 5875 2336 5940 Vid.,
2363 5869 2580 5940 exempli
2603 5882 2791 5939 caussa,
2818 5867 3050 5924 adversus
3063 5860 3451 5931 J'udtrostlibrq
3479 5862 3524 5917 ε.
