4106 6330
489 388 590 447 H7

1576 376 2029 436 DlSSERTATlO
2070 374 2157 435 DE
2198 374 2383 431 \‘ERA
2423 372 2678 432 ΑΞΤΑΤΕ

3676 370 3782 434 148

486 507 560 575 (c.
592 507 675 578 2.)
708 513 923 577 promer
950 517 1067 560 eam
1099 515 1363 573 caussam,
1386 497 1529 571 quod
1552 495 1931 555 abstinendum
1953 508 2076 550 esse
2105 493 2157 555 Α
2182 491 2333 547 libris
2382 490 2699 547 orthodosis
2728 503 2924 546 nomen
2968 487 3203 546 ﬁdelium
3232 504 3476 563 negasse.
3514 488 3631 547 Jam
3652 504 3777 557 cum

487 597 736 657 dicebant
765 614 796 652 a
822 596 943 652 cibo
984 612 1046 651 ea:
1084 594 1296 649 arbitrio
1319 633 1334 657 ,
1372 608 1473 646 non
1499 607 1561 646 ea:
1581 589 1794 661 imperio
1830 603 1972 643 nova:
2000 587 2081 641 di-

487 693 720 764 sciplina:
758 708 851 761 pro
880 689 1189 762 temporibus
1212 697 1262 743 et
1308 687 1503 741 caussis
1551 683 1946 754 uniuscujusque
1974 722 1987 746 ,
2034 689 2081 735 et

484 786 741 840 orationes
783 784 935 837 etiam
981 787 1087 854 fere
1114 783 1242 837 liora
1284 796 1419 836 nona
1464 777 1825 835 concluderent
1855 775 1919 830 de
1940 774 2083 829 Petri

487 876 759 945 exemplo;
785 875 1043 946 additque
1061 875 1285 939 diserte,
1319 887 1370 930 c.
1418 871 1538 935 10.,
1565 870 1707 926 salva
1732 870 1884 942 plane
1919 866 2081 938 indif-

485 970 707 1040 ferentia
747 985 943 1041 semper
981 978 1029 1024 et
1048 968 1231 1039 ubique
1256 976 1304 1022 et
1329 965 1715 1033 omnitempore
1738 962 1957 1027 orandi,
1999 970 2081 1016 ta-

488 1083 606 1123 men
655 1075 754 1120 tres
781 1066 909 1120 istas
942 1064 1094 1119 horas
1119 1063 1446 1119 solemniores
1488 1061 1650 1132 fuisse
1686 1060 1745 1112 in
1770 1056 2085 1112 orationibus

464 1142 711 1223 divinis;
755 1168 811 1214 et
837 1173 958 1229 cap.
1000 1159 1087 1214 15.
1119 1157 1187 1212 ad
1232 1157 1404 1227 ipsam
1434 1162 1692 1226 provocat
1721 1153 1893 1229 legem
1916 1165 1945 1205 a
1979 1149 2085 1205 Pa-

491 1252 682 1307 raclelo
711 1251 915 1316 datam,
950 1265 1056 1322 qua
1085 1250 1220 1305 hanc
1259 1248 1704 1304 Montanistarum
1732 1242 2087 1301 consuetudi-

499 1359 626 1399 nem
671 1343 1068 1399 conﬁrmasset.
1108 1343 1317 1410 Quibus
1351 1341 1604 1397 omnibus
1632 1339 1897 1394 evincitur
1944 1336 2086 1392 haud

494 1436 658 1493 dubie
680 1478 696 1501 ,
746 1437 907 1491 aliam
938 1450 1156 1507 prorsus
1186 1433 1492 1490 Tertulliani
1531 1432 1859 1489 sententiam
1884 1430 2049 1486 fuisse
2068 1470 2083 1497 ,

477 1516 618 1583 ~eum
646 1528 709 1582 de
737 1528 983 1583 Oratione
1030 1528 1225 1598 librum
1274 1535 1647 1597 componeret.
1697 1524 1975 1593 Denique,
2031 1531 2091 1577 ut

496 1609 603 1677 alia
648 1622 892 1678 omittam
934 1622 1134 1687 multa,
1167 1620 1220 1675 id
1272 1620 1404 1676 mihi
1454 1619 1662 1674 videtur
1691 1631 1884 1689 magno
1928 1630 2089 1686 argu-

498 1726 682 1773 mento
736 1731 857 1771 esse
890 1716 955 1769 ad
1000 1714 1342 1769 asserendam
1393 1714 1530 1769 libro
1576 1719 1761 1768 nostro
1799 1713 2088 1782 ὀρθοδοξίαν,

496 1809 641 1881 quod
673 1809 873 1864 nullam
904 1809 955 1862 in
1010 1808 1112 1863 hoc
1139 1807 1276 1862 libro
1301 1850 1315 1873 ,
1350 1821 1472 1862 cum
1508 1806 1577 1862 de
1622 1805 1846 1877 Jejuniis
1875 1818 1939 1859 ac
1982 1814 2092 1860 sta-

2186 581 2328 638 hune
2372 583 2566 637 librum
2608 597 2674 637 ex
2722 581 2786 638 iis
2819 596 2941 637 esse
2974 590 3212 649 constet,
3260 584 3347 654 qui
3384 582 3778 653 castigatiorem

2184 675 2481 731 doctrinam
2524 673 2851 742 continent,
2916 691 3308 747 quemcumque
3361 676 3440 731 illi
3494 676 3668 731 locum
3726 678 3785 731 in

2188 767 2347 839 hujus
2386 766 2531 823 modi
2578 766 2909 839 Septimionis
2958 767 3174 840 scriptis
3223 768 3469 835 dederis,
3505 769 3644 825 idem
3672 777 3778 825 est.

2189 862 2376 930 Nobis,
2398 862 2593 934 quibus
2621 876 2689 917 ex
2714 877 2780 918 eo
2818 861 2965 917 nulla
2992 876 3052 919 se
3074 861 3160 917 vel
3192 862 3323 918 levis
3351 861 3589 934 suspicio
3631 876 3783 917 erro-

2186 973 2306 1014 rum
2329 956 2770 1013 Montanistarum
2792 956 3018 1024 obtulit,
3051 956 3312 1035 optimum
3362 955 3607 1023 videtur,
3657 970 3783 1011 cum

2189 1051 2434 1123 inprimis
2466 1050 2625 1122 hujus
2653 1051 2865 1130 generis
2892 1050 3184 1108 collocare.

2189 1184 2218 1258 ς
2265 1185 2319 1242 5.
2349 1216 2420 1226 -
2448 1184 2598 1239 Liber
2652 1184 2715 1239 de
2757 1183 3024 1254 Baptismo
3071 1202 3103 1239 a
3137 1182 3180 1238 Τ
3185 1184 3477 1243 ertulliano.
3510 1184 3762 1240 catholico

2286 1289 2545 1334 exoratus.
2573 1275 2920 1349 Confutantur
2936 1286 3238 1348 argumenta
3262 1276 3679 1362 dissentientium.

2262 1413 2332 1468 At
2383 1412 2561 1468 dicere
2613 1425 2857 1483 quaenam
2889 1407 3130 1466 doctrina
3153 1409 3441 1466 asserenda
3469 1410 3536 1465 sit
3561 1410 3695 1464 libro
3720 1394 3820 1466 de-

2194 1504 2492 1578 Baptismo,
2549 1504 2738 1574 majori
2788 1514 2869 1560 est
2896 1519 3016 1560 cum
3068 1502 3385 1563 difficultate
3414 1503 3783 1573 conjunctum.

2194 1597 2456 1670 Equidem
2482 1613 2588 1653 non
2644 1598 2832 1669 ignoro
2894 1611 3083 1653 omnes
3122 1598 3203 1653 sic
3248 1598 3485 1666 sentire,
3534 1597 3686 1667 quasi
3716 1598 3791 1653 sit

2194 1691 2354 1764 hujus
2405 1692 2524 1747 libri
2580 1696 2833 1764 ὀρθοδσεία
2908 1699 3065 1747 extra
3113 1705 3329 1746 omnem
3403 1690 3790 1746 dubitationem

2195 1786 2388 1857 posita,
2422 1784 2631 1852 leviter,
2662 1794 2721 1839 ut
2752 1785 2805 1839 in
2834 1783 3071 1849 caeteris,
3091 1791 3424 1855 repugnante
3452 1780 3792 1850 lio/Iutarum;

498 1900 732 1955 tionibus
758 1899 1003 1955 crebrius
1029 1898 1298 1967 disserat,
1324 1898 1523 1969 injiciat
1553 1899 1880 1953 mentionem
1927 1911 2085 1952 xero-

2202 1880 2291 1935 sed
2315 1880 2366 1935 in
2397 1894 2456 1934 ea
2484 1894 2543 1935 re
2573 1878 2813 1934 miranda
2845 1878 2991 1934 venit
3037 1878 3325 1933 multorum
3368 1878 3643 1933 doctorum
3688 1877 3792 1933 lio-

500 1991 809 2063 pliagiarum
838 2033 850 2056 ,
878 2007 1013 2062 quas
1062 2001 1212 2047 tanto
1251 2005 1371 2053 cum
1414 1990 1625 2046 fervore
1648 1992 1700 2046 in
1732 1990 1872 2046 libro
1898 1991 1963 2046 de
1997 1988 2090 2045 le-

426 2136 433 2143 ,
488 2083 674 2155 janiis,
698 2097 815 2153 cap.
843 2082 898 2137 9.
924 2083 979 2138 5.
1005 2096 1185 2154 seqq.,
1209 2081 1467 2148 defendit;
1483 2084 1637 2151 cujus
1662 2081 1971 2137 omissionis
1993 2081 2093 2137 du-

498 2176 611 2232 bito
635 2192 702 2230 an
739 2177 845 2231 ulla
876 2177 979 2231 alia
1010 2177 1147 2231 ratio
1183 2176 1341 2232 reddi
1384 2178 1583 2246 possit,
1619 2190 1780 2246 quam
1821 2190 1884 2231 ea
1906 2216 1919 2239 ,
1946 2175 2090 2247 quod

500 2276 742 2338 tempore
768 2266 953 2339 scripti
996 2267 1162 2323 libelli
1197 2269 1368 2323 nostri
1422 2268 1511 2323 isti
1560 2268 1818 2324 Ecclesia:
1846 2268 2096 2324 addictus

501 2359 685 2427 fuerit,
725 2376 845 2431 qua:
901 2361 1252 2432 xerophagias
1292 2360 1393 2433 (ut
1445 2361 1517 2413 ait
1576 2362 1628 2414 in
1675 2360 1813 2416 libro
1841 2362 1905 2414 de
1938 2359 2091 2431 Jeju-

500 2453 620 2515 niis,
649 2466 700 2506 c.
747 2451 849 2523 2.)
904 2467 1087 2507 novum
1144 2438 1357 2508 dicebat
1413 2452 1641 2523 affectati
1699 2452 1849 2523 officii
1911 2456 2097 2508 nomen

502 2560 608 2599 esse
637 2554 687 2599 et
740 2544 1026 2614 proximum
1068 2545 1281 2600 elhnicaz
1323 2545 1712 2615 superstitionis.
1748 2543 1873 2599 Htcc
1915 2544 2096 2601 omnia

501 2635 632 2690 mihi
684 2637 851 2691 multo
900 2635 1149 2691 videntur
1187 2636 1359 2708 magis
1404 2636 1708 2704 audienda,
1762 2650 1921 2706 quam
1975 2650 2098 2707 quae

503 2727 854 2797 Ilo/finannus
877 2728 942 2787 ad
971 2728 1345 2785 vindicandam
1361 2729 1667 2800 Opinionem
1696 2743 1849 2785 suam
1873 2732 2095 2799 profert,

503 2822 702 2892 quibus
730 2823 835 2878 alia
863 2837 967 2877 non
1011 2823 1211 2879 nullius
1260 2823 1593 2878 auctoritatis
1637 2836 1734 2877 nos
1777 2825 1941 2877 etiam
1997 2822 2097 2892 ipsi

505 2928 809 2985 possemus,
840 2915 884 2970 si
910 2929 1134 2971 necesse
1152 2914 1554 2980 esset,addere.
1583 2915 1865 2970 Simillima
1894 2915 2101 2971 scilicet

511 3023 633 3065 esse
694 3010 769 3064 ait
822 3023 916 3076 ea,
950 3025 1069 3080 quae
1117 3008 1205 3064 hic
1237 3025 1286 3064 c.
1325 3009 1414 3064 22.
1441 3008 1509 3064 de
1539 3009 1831 3081 virginibus
1860 3008 2103 3065 vetandis

505 3101 802 3172 praecipiat,
826 3117 1012 3157 eorum
1041 3118 1160 3173 quce
1209 3100 1278 3156 ab
1304 3117 1369 3156 eo
1392 3103 1444 3156 in
1468 3101 1604 3156 libro
1627 3101 1783 3172 hujus
1800 3102 2102 3172 argutnenti

506 3195 908 3251 defenduntur:
938 3195 1079 3266 quod
1126 3195 1284 3267 longe
1325 3209 1480 3271 secus
1518 3203 1620 3251 est.
1645 3193 1779 3249 Nam
1813 3195 2020 3249 tametsi
2044 3195 2096 3250 in

2196 1975 2398 2029 minum
2427 1974 2641 2040 levitas,
2670 1974 2759 2045 qui
2788 1973 2953 2029 libros
2983 1972 3137 2040 alios,
3163 1987 3388 2042 quorum
3414 1982 3790 2044 argumentum

2194 2076 2398 2122 certam
2430 2066 2590 2122 habet
2634 2066 2880 2137 puritatis
2924 2064 3369 2134 significationem
3406 2105 3421 2129 ,
3462 2063 3792 2120 Tertulliltno

2195 2140 2527 2216 Montanistae
2559 2158 2882 2223 tribuerint,
2913 2167 2967 2213 et
2988 2158 3130 2213 hunc
3158 2168 3271 2212 tutu
3299 2160 3599 2214 exemerint
3624 2172 3654 2214 e
3685 2173 3788 2212 nu-

2197 2267 2349 2307 mero
2370 2249 2559 2306 horum
2586 2251 2839 2305 librorum
2868 2294 2881 2316 ,
2902 2245 3063 2319 'citjus
3095 2259 3275 2305 tamen
3310 2249 3409 2304 loci
3432 2290 3448 2317 ,
3470 2250 3519 2305 si
3547 2250 3628 2306 vel
3654 2266 3798 2321 prte-

2197 2345 2380 2415 cipuas
2399 2343 2835 2399 Montanistarum
2856 2345 2907 2397 in
2938 2358 3004 2398 eo
3022 2342 3103 2398 vel
3128 2341 3546 2398 orthodoxorum
3571 2353 3793 2398 senten-

2202 2437 2303 2492 tias
2331 2436 2709 2506 requisivcris,
2756 2445 2863 2490 tam
2916 2442 3042 2490 sunt
3080 2433 3332 2501 obscuri,
3375 2442 3474 2501 ut,
3530 2434 3795 2505 inquisitis

2202 2529 2483 2597 omnibus,
2516 2529 2600 2584 vix
2643 2544 2748 2601 quo
2773 2544 2832 2585 se
2862 2538 3035 2584 vertat
3098 2529 3310 2585 animus
3341 2527 3540 2584 videat.
3563 2527 3664 2589 Sed
3693 2537 3748 2582 ut
3774 2569 3793 2595 ,

2198 2632 2461 2696 quantum
2508 2621 2621 2680 fleri
2676 2623 2888 2693 possit,
2939 2622 3180 2678 dicamus
3229 2631 3406 2678 tamen
3460 2636 3702 2692 quosnam
3740 2622 3795 2676 in

2200 2714 2338 2772 lihro
2369 2724 2551 2771 nostro
2577 2715 2822 2771 doctrina
2847 2714 2931 2770 vel
2958 2715 3031 2770 ad?
3050 2714 3147 2770 has
3177 2708 3259 2770 vel
3288 2713 3355 2769 ad
3381 2713 3498 2770 illas
3526 2715 3691 2786 magis
3714 2716 3799 2770 in-
3826 2734 3829 2735 '

2203 2807 2398 2863 clinata
2425 2817 2644 2878 regnet,
2676 2807 2907 2877 primum
2942 2805 3109 2876 placet
3166 2807 3478 2862 examinare
3510 2806 3657 2862 locos
3705 2808 3798 2874 qui
3854 2871 3863 2878 ι

2202 2896 2324 2957 huic
2356 2898 2493 2955 libro
2518 2897 2881 2975 suspicionem
2906 2898 3244 2954 Montanismi
3268 2900 3579 2967 conficiunt,
3603 2899 3800 2956 deinde

2203 3006 2297 3049 eos
2325 2993 2415 3063 qui
2447 3002 2571 3048 sunt
2596 2994 2649 3049 in
2676 2994 3002 3077 contrariam
3056 3004 3280 3065 partem,
3308 2995 3479 3050 rarius
3506 2978 3652 3061 licet,
3683 3011 3799 3066 pro-

2169 3096 2177 3105 ‘
2204 3091 2386 3163 positi.
2411 3092 2585 3162 Atque
2606 3133 2622 3158 ,
2651 3099 2710 3146 nt
2737 3091 3050 3146 omittamus
3093 3105 3154 3146 ea
3183 3100 3302 3163 quae
3328 3089 3677 3149 subdubitans
3704 3093 3800 3147 ob-

2201 3183 2332 3256 jecit
2358 3183 2632 3251 Baronius,
2662 3184 2792 3240 satis
2815 3171 2904 3240 ille
2929 3185 2996 3239 ab
3026 3183 3216 3238 Allixio
3241 3183 3545 3240 confutatus
3576 3185 3650 3257 (in
3685 3185 3795 3240 Vit.
3839 3174 3847 3181 ’

507 3296 739 3357 utroque
768 3286 907 3341 libro
956 3259 1089 3341 velit
1120 3296 1177 3341 ut
1199 3259 1787 3358 virgincs'obtegantur
1813 3287 1961 3355 velo,
1993 3302 2099 3344 non
2125 3259 2170 3324 (ἶ
2205 3278 2356 3335 Tcrt.
2401 3294 2452 3349 p.
2481 3276 2569 3334 29.
2606 3276 2771 3349 sqq.),
2798 3274 3147 3345 Ilo/[manuus
3195 3276 3248 3331 in
3280 3276 3423 3332 illam
3465 3278 3798 3348 superiorem

510 3382 627 3454 ipse
659 3390 838 3436 tamen
881 3381 982 3436 iste
1009 3396 1302 3437 consensus
1320 3380 1611 3445 librorum,
1638 3396 1702 3436 ex
1725 3380 1917 3436 eadem
1940 3380 2105 3441 disci-

508 3474 653 3544 plina
685 3473 949 3544 prodiisse
971 3483 1257 3544 utrumque
1282 3515 1297 3541 ,
1321 3473 1690 3542 demonstrat;
1714 3473 1808 3530 sed
1834 3517 1848 3544 ,
1891 3476 1936 3529 si
1981 3474 2103 3545 quis

511 3566 789 3637 utriusque
811 3567 924 3623 loca
948 3576 1196 3623 accurate
1231 3565 1540 3632 contulerit,
1569 3581 1794 3638 magnus
1843 3566 1947 3622 erit
1971 3580 2003 3621 a
2043 3582 2103 3622 se

515 3658 822 3713 Tertulliani
851 3658 1152 3724 dissensus,
1170 3658 1260 3730 qui
1288 3666 1525 3714 nostram
1550 3660 1717 3715 multo
1744 3658 1913 3730 magis
1942 3673 2101 3730 quam

513 3749 1169 3818 Ilo/[manuisententiam
1190 3749 1491 3806 confirmat.
1517 3749 1574 3805 In
1603 3749 1741 3807 libro
1762 3750 1823 3805 de
1861 3749 1999 3821 Virg.
2025 3765 2105 3803 ve-

509 3842 679 3896 tandis
706 3842 1054 3897 vehementer
1084 3849 1138 3896 et
1160 3856 1225 3897 ex
1246 3843 1357 3912 ipsa
1391 3842 1654 3913 imprimis
1675 3843 1791 3913 lege
1810 3840 2106 3897 Montanis-

514 3943 687 3989 tarum
706 3933 844 3989 hanc
871 3932 1311 3989 consuetudinem
1341 3932 1604 4001 defendit,
1630 3925 1724 3991 Sed
1749 3935 1803 3989 in
1833 3944 2015 3990 nostro
2042 3932 2107 3988 de

514 4027 662 4081 Orat.
711 4026 911 4093 libello,
935 4042 985 4082 c.
1010 4026 1100 4081 22.
1144 4027 1324 4098 p.45.,
1355 4042 1460 4083 non
1482 4026 1768 4084 tenendam
1788 4028 1939 4098 jubet
1967 4028 2107 4087 hanc

513 4110 977 4184 consuetudinem,
1014 4122 1271 4193 laganique
1297 4120 1433 4177 adeo
1476 4121 1754 4193 virginibus
1796 4137 1993 4193 quoque
2022 4124 2107 4178 in-

508 4216 771 4289 jicientem
824 4216 1283 4271 velamentum-ait
1340 4214 1574 4271 excusari
1625 4231 1806 4285 posse;
1849 4224 2009 4287 atque
2047 4217 2103 4274 in

516 4308 791 4381 principiis
836 4310 976 4365 illius
1004 4310 1401 4381 disputationis,
1433 4325 1481 4366 c.
1507 4309 1624 4377 2L,
1656 4311 1802 4381 quasi
1838 4311 2103 4366 incertum

512 4403 893 4459 retractandum
913 4420 1019 4459 esse
1034 4404 1194 4469 illud,
1224 4404 1362 4474 quod
1387 4403 1676 4474 promiscue
1697 4404 1982 4459 observetur
2012 4420 2105 4476 per
2142 4438 2147 4445 ι

514 4494 773 4551 Ecclesias
797 4538 811 4562 ,
852 4495 1076 4550 velariue
1102 4495 1313 4553 debeant
1337 4495 1556 4566 virgines
1580 4511 1646 4549 an
1675 4511 1776 4550 non
1794 4496 1819 4550 ?
1839 4496 1980 4571 Leve
2006 4496 2105 4569 igi~

517 4599 606 4646 tur
621 4597 705 4646 est
730 4588 870 4646 istud
899 4589 996 4643 viri
1020 4587 1162 4644 docti
1194 4599 1592 4657 argumentum,
1622 4589 1994 4661 potuisselque
2016 4590 2106 4647 illo

510 4682 710 4739 rectius
736 4681 803 4736 ad
827 4669 1190 4736 testimonium
1216 4680 1495 4735 sententia:
1540 4695 1651 4736 sua:
1676 4683 1845 4738 citare
1872 4698 1991 4754 cap.
2018 4683 2103 4750 6.,

516 4774 607 4831 ubi
634 4787 755 4829 cum
779 4771 1111 4842 rogationem
1136 4779 1378 4842 quartam
1406 4772 1668 4829 orationis
1690 4773 1976 4830 dominica:
1998 4790 2105 4830 non

426 4883 430 4889 ·
511 4865 758 4940 proprie,
804 4864 903 4922 sed
932 4865 1133 4934 tropice
1158 4863 1226 4920 de
1251 4878 1403 4920 sacra
1440 4879 1595 4922 coena
1636 4880 1757 4923 esse
1804 4866 2106 4938 intelligen-

508 4960 633 5016 dam
664 4944 894 5027 dixerat,
920 4957 1027 5014 Sed
1055 4968 1100 5013 et
1128 4959 1266 5029 quia,
1297 4956 1500 5029 adjicit,
1528 4961 1806 5015 carnaliter
1820 4960 2106 5016 admittitur

506 5053 612 5105 ista
632 5066 751 5116 vox,
784 5067 886 5104 non
907 5050 1013 5117 sine
1040 5050 1285 5122 religione
1313 5057 1475 5120 potest
1513 5050 1627 5119 ﬁeri
1651 5060 1701 5106 et
1726 5051 1973 5119 spiritalis
1999 5052 2107 5108 dis-

508 5136 735 5211 ciplima,
764 5140 856 5195 ubi
876 5139 1124 5210 spiritalis
1153 5140 1425 5209 disciplina
1449 5139 1685 5211 aliquam
1712 5141 1803 5197 dat
1824 5140 2107 5200 Montanis-

512 5234 605 5289 tici
632 5231 912 5302 scriptoris
936 5233 1321 5303 suspicionem,
1346 5232 1435 5303 qui
1459 5232 1732 5303 spiritales
1756 5247 1836 5302 se,
1878 5243 2106 5292 caeteros

514 5325 807 5400 Psychicos
849 5324 1209 5396 appellabant.
1256 5324 1361 5382 Sed
1387 5327 1559 5399 putuit
1601 5325 1954 5385 Tertullianus
2003 5329 2107 5385 sub

516 5417 846 5490 spiritalibus
868 5417 1028 5483 etiam
1042 5420 1265 5489 quosvis
1294 5419 1493 5490 probos
1515 5418 1761 5475 homines
1782 5428 1833 5476 et
1848 5420 2100 5478 christia-

510 5525 612 5567 nos
666 5507 998 5580 intelligere,
1027 5507 1170 5579 quod
1197 5508 1330 5564 mihi
1361 5509 1530 5580 magis
1560 5502 1747 5581 placet
1778 5520 2062 5583 propterea
2089 5554 2104 5580 ,

511 5603 655 5677 quod
686 5603 785 5659 hos
809 5617 913 5658 non
936 5602 1008 5657 ita
1028 5601 1200 5657 multo
1229 5612 1350 5674 post
1378 5604 1760 5673 interpretatur
1790 5620 1886 5676 per
1905 5604 2105 5676 βασι,

511 5711 713 5769 eosque
741 5711 845 5752 non
874 5694 1190 5752 orthoddxis
1218 5709 1276 5747 v.
1313 5693 1586 5767 Psyclticis
1610 5698 1858 5768 Opponit,
1881 5698 1977 5755 sed
2012 5715 2107 5753 na-

511 5792 822 5859 tionibus,h.
857 5808 907 5849 c.
937 5806 1045 5847 non
1087 5787 1430 5846 credentibus
1455 5791 1507 5846 in
1555 5791 1773 5858 Jesum;
1808 5809 1983 5866 neque
2018 5810 2101 5849 us-

512 5902 670 5961 quam
699 5889 873 5958 repcri
917 5885 1288 5981 fertulliannm
1327 5885 1411 5944 vel
1437 5885 1489 5945 in
1534 5886 1664 5959 ipsis
1720 5884 2106 5947 Montanisticis

2206 3381 2410 3444 partem
2431 3371 2547 3427 lucc
2575 3370 2771 3427 excitat
2791 3380 3123 3443 argumenta.
3156 3370 3393 3426 Primum
3414 3370 3556 3441 quod
3588 3370 3638 3425 in
3660 3371 3798 3426 libro

2205 3463 2269 3519 de
2283 3460 2544 3535 Baptismo
2564 3461 2908 3539 Tegilliauus
2934 3462 3090 3519 dictis
3118 3472 3298 3519 utatur
3322 3462 3588 3518 similibus
3613 3479 3799 3519 eorum

2183 3573 2326 3629 equa:
2356 3557 2407 3612 in
2434 3570 2500 3612 eo
2548 3556 2612 3610 de
2667 3554 2922 3609 Pudicitia
2973 3553 3323 3623 defenderat,
3375 3556 3444 3609 ita
3477 3564 3535 3610 ut
3568 3556 3803 3627 exagitet.

2207 3665 2300 3707 eos
2330 3648 2419 3721 qui
2444 3649 2549 3704 sibi
2597 3647 2882 3705 sumebant
2909 3658 3225 3719 potestatem
3268 3646 3427 3704 dandi
3458 3650 3667 3705 veniam
3709 3649 3803 3705 de-

2206 3742 2475 3808 lictorum,
2508 3757 2626 3813 qua:
2656 3740 2747 3797 uni
2776 3751 2952 3798 tamen
2979 3742 3087 3797 Deo
3117 3753 3469 3813 competeret.
3500 3744 3663 3815 Cujus
3679 3740 3755 3800 rei
3780 3788 3796 3809 ,

2208 3834 2263 3890 ni
2290 3834 2463 3901 fallor,
2488 3833 2931 3905 significationem
2963 3832 3015 3888 in
3049 3834 3155 3890 illis
3182 3835 3363 3890 verbis
3391 3837 3621 3906 reperit:
3645 3853 3804 3908 neque

2210 3936 2474 3998 peccatum
2498 3926 2739 3995 dimittit,
2793 3942 2953 3997 neque
2973 3924 3206 3997 spiritum
3237 3926 3464 3997 indulget
3491 3969 3506 3993 ,
3539 3928 3637 3981 nisi
3667 3925 3804 3981 Deus

2208 4008 2376 4086 solus;
2408 4037 2528 4092 qua:
2568 4018 2836 4087 quomodo
2883 4019 3093 4075 nonnisi
3134 4034 3163 4074 a
3196 4019 3468 4091 'scriplore
3504 4019 3802 4093 disciplina:
3895 4087 3907 4096 .

2212 4113 2447 4169 Montani
2475 4112 2658 4170 dedito
2690 4112 3021 4184 pronuntiari
3051 4115 3343 4183 potuerint,
3370 4128 3475 4167 non
3510 4113 3798 4185 perspicio.

2208 4202 2341 4261 Nam
2373 4220 2545 4277 neque
2587 4203 2714 4259 illud
2744 4203 2958 4260 sodales
2996 4202 3310 4259 orthodoxa:
3350 4202 3605 4261 Ecclesia:
3646 4219 3803 4277 nega-

2207 4296 2358 4364 bant,
2375 4311 2548 4368 neque
2576 4293 2645 4352 de
2661 4311 2723 4351 ea
2746 4312 2804 4351 re
2819 4296 2935 4351 erait
2957 4311 3051 4351 eos
3070 4296 3207 4352 inter
3234 4308 3287 4351 et
3306 4295 3656 4352 Montanistas
3682 4296 3795 4353 dis-

2206 4390 2444 4463 putatio;
2496 4388 2609 4446 sed
2644 4388 2719 4444 illi
2767 4388 3091 4458 orthodoxi,
3144 4391 3385 4461 quamvis
3430 4391 3640 4446 nonnisi
3695 4382 3803 4449 Deo

2206 4494 2525 4557 potestatem
2553 4483 2999 4539 remittendorum
3044 4495 3380 4555 peccatorum
3430 4485 3801 4557 assignarent,

2211 4580 2507 4652 negandam
2539 4588 2717 4635 tamen
2753 4594 2938 4651 pacem
2970 4579 3035 4634 iis
3055 4579 3143 4649 qui
3171 4589 3389 4650 propter
3440 4589 3655 4651 peceata
3687 4580 3801 4637 fue-

2209 4684 2330 4732 rant
2373 4690 2405 4730 e
2432 4673 2692 4729 societate
2719 4688 2871 4729 sacra
2907 4671 3085 4744 ejecti,
3104 4687 3208 4727 non
3232 4674 3511 4743 putabant,
3538 4674 3802 4744 siquidem

2210 4769 2286 4826 illi
2316 4784 2375 4825 se
2397 4768 2561 4823 vitam
2591 4766 2971 4823 emendaturos
3010 4765 3411 4837 pollicerentur.
3437 4767 3804 4838 Postea_ltunc

2210 4862 2406 4917 librum
2436 4863 2516 4917 vir
2543 4860 2738 4916 doctus
2780 4860 2855 4913 ait
2898 4858 2963 4913 ad
2990 4858 3357 4914 calamitatum
3411 4859 3722 4917 christianis
3773 4877 3803 4917 a

2211 4956 2443 5013 Deorum
2467 4954 2765 5012 cultoribus
2791 4954 3149 5009 immissarum
3181 4955 3336 5025 plena
3367 4965 3608 5025 tempora
3640 4958 3805 5028 peni-

2208 5064 2369 5115 nere;
2393 5064 2511 5120 qua:
2531 5058 2614 5104 est
2639 5047 2778 5103 levis
2812 5045 3052 5119 profecto
3068 5046 3398 5117 conjectura.
3438 5042 3571 5103 Nam
3612 5064 3661 5104 c.
3714 5051 3799 5105 16.

2210 5141 2330 5197 libri
2361 5141 2530 5195 nostri
2561 5182 2578 5208 ,
2628 5156 2786 5212 quem
2826 5140 3002 5195 locum
3047 5139 3137 5196 ille
3191 5148 3527 5198 antestatur:
3561 5151 3634 5197 est
3661 5142 3803 5197 nobis

2208 5235 2360 5290 etiam
2397 5232 2671 5288 secundum
2723 5233 2985 5289 lavacrum
3014 5272 3030 5298 ,
3077 5223 3348 5304 sanguinis
3390 5235 3582 5288 scilicet
3610 5274 3625 5299 ,
3657 5222 3804 5289 nullo

2211 5326 2374 5385 modo
2396 5337 2505 5383 tum
2528 5342 2768 5399 praesens
2790 5328 3084 5399 periculum
3113 5327 3370 5383 ostendit.
3403 5327 3556 5397 Quod
3588 5328 3630 5385 si
3652 5344 3803 5385 com-

2211 5432 2564 5480 memoratum
2595 5421 2756 5478 etiam
2774 5435 2802 5473 a
2830 5419 3143 5476 Tertulliano
3163 5420 3371 5485 fuisset,
3394 5437 3499 5476 non
3524 5431 3806 5493 propterea

2212 5514 2300 5571 hic
2325 5514 2461 5570 liber
2490 5512 2558 5568 ad
2580 5512 2785 5583 scripta
2825 5510 3063 5567 Montani
3119 5511 3392 5567 erroribus
3422 5511 3613 5569 referta
3642 5513 3804 5582 abjici

2213 5617 2434 5681 posset;
2470 5615 2593 5662 sunt
2619 5606 2761 5661 enim
2790 5604 2956 5660 multa
2988 5604 3303 5661 Tertulliani
3337 5590 3531 5677 scripta
3564 5607 3647 5677 (ut
3673 5606 3804 5663 diss.

2213 5699 2254 5759 Ι.
2282 5698 2654 5773 docebamus),
2686 5696 2915 5769 aequalia
2941 5697 3023 5754 bis
3047 5696 3442 5754 calamitatibus
3463 5740 3477 5765 ,
3531 5706 3653 5754 ante
3685 5696 3809 5775 Ter-

2212 5795 2417 5852 tulliani
2445 5792 2799 5850 defectionem
2828 5789 3150 5861 composita.
3181 5788 3291 5848 Sed
3336 5806 3510 5863 neque
3557 5792 3673 5863 ipse
3712 5790 3808 5849 ille

2213 5886 2427 5947 dicendi
2472 5884 2661 5943 modus
2684 5926 2699 5954 ,
2753 5898 2859 5955 quo
2886 5882 3236 5940 Tertullianns
3262 5883 3527 5942 cruciatus
3571 5883 3812 5957 aliquem
