4106 6330
297 313 426 376 153

1175 313 1264 370 AC
1304 311 1648 372 DOCTRINA
1682 314 2125 378 SCRIPTORUM
2160 319 2642 381 TERTULLIANI.

3519 329 3624 388 ιδι

298 433 659 490 εοηιπωιιιαι.
690 431 761 515 de
786 429 1114 501 Hontanistis
1151 446 1269 487 uec.
1302 431 1357 487 9..
1387 434 1537 505 vulgo
1563 433 1768 489 creditis
1807 435 1918 489 lne-
1949 440 2002 499 Α
2031 437 2188 494 tiana:
2219 439 2475 496 Ecclesia:
2509 440 2874 499 sacerdotibus
2895 443 3152 516 repetitas
3182 446 3474 518 permissas
3503 418 3625 505 esse

305 528 515 592 reﬁcis,
542 527 768 583 Gedani.
803 527 964 582 l75l.
999 526 1026 596 §
1054 525 1186 599 l9.).
1240 526 1411 596 Quam
1444 528 1515 584 ob
1543 545 1656 584 rem
1687 544 1923 599 expona-

306 637 444 677 mus
472 630 690 693 oportet
730 620 880 685 illud,
913 620 1054 691 quod
1085 635 1182 676 nos
1209 629 1576 687 commoveat,
1613 632 1668 676 ut
1695 621 1761 677 de
1789 623 1926 678 libro

307 725 514 770 nostro
541 716 708 786 magis
735 715 790 770 in
821 714 1184 770 honestiorem
1204 755 1219 778 ,
1263 730 1420 786 quam
1453 716 1686 786 pejorem
1718 725 1924 788 partem

311 807 782 878 pronuntiandum
831 822 954 864 esse
999 817 1268 876 putemus.
1323 807 1697 878 llujusjudicii
1728 807 1922 876 duplex

321 911 421 957 est
451 916 666 956 caussa.
704 899 934 953 Primum
965 915 1084 954 cum
1115 899 1463 970 qumstionetn
1495 908 1687 954 tractat
1715 900 1781 956 de
1824 900 1889 955 iis
1908 941 1924 967 ,

314 994 529 1066 quibus
551 994 640 1064 jus
682 995 752 1048 sit
783 993 1035 1064 baptismi
1062 992 1475 1065 conferendi-(c.
1511 993 1622 1059 l7.)
1654 994 1796 1049 illam
1828 1009 1928 1066 po-

324 1096 592 1144 testatem
667 1103 920 1146 summum
981 1087 1165 1141 habere
1219 1087 1294 1142 ait
1349 1088 1700 1151 sacerdotem,
1731 1087 1814 1156 qui
1859 1095 1931 1142 est

317 1178 645 1252 EpiscOpus,
675 1182 858 1235 dehinc
888 1180 1224 1251 Presbyteros
1250 1191 1298 1236 et
1326 1179 1605 1246 Diaconos,
1639 1197 1738 1236 non
1764 1191 1930 1236 tamen

317 1274 443 1328 sine
487 1273 730 1345 Episcopi
774 1275 1078 1350 auctoritate
1124 1284 1331 1344 propter
1381 1273 1625 1328 Ecclesia:
1666 1257 1928 1331 honorem.

322 1365 583 1434 Alioquin
602 1367 788 1432 etiam,
819 1367 1033 1437 pergit,
1075 1367 1219 1437 laicis
1239 1368 1331 1437 jus
1359 1377 1428 1421 est
1455 1408 1472 1433 ,
1519 1396 1589 1407 —
1621 1367 1710 1420 sed
1737 1383 1849 1420 cum
1874 1383 1933 1422 ea

319 1458 616 1530 majoribus
655 1469 980 1527 competant,
1033 1475 1096 1513 ne
1135 1459 1230 1512 sibi
1256 1469 1516 1513 assumant
1555 1461 1776 1513 dicatum
1809 1458 1933 1529 Epi-

317 1552 500 1621 scopis
532 1552 744 1622 ofﬁcium
787 1551 1144 1622 Episcopatus.
1177 1550 1331 1608 Unde
1369 1552 1482 1606 hrrc
1511 1561 1930 1627 consequuntur,

315 1642 710 1698 Tertullianum
747 1644 939 1698 librum
994 1653 1234 1700 nostrum
1277 1645 1559 1713 scripsis-e
1608 1654 1755 1711 tum,
1811 1659 1935 1699 cum

324 1746 645 1791 versnretur
674 1737 723 1790 in
749 1736 928 1806 aliquo
944 1747 1086 1791 ctetu
1109 1750 1284 1801 sacro,
1305 1737 1394 1807 qui
1411 1736 1770 1807 ctEpiscnpos
1789 1751 1937 1791 sunt.

2029 532 2239 600 nuptias
2268 531 2616 596 Tertullianus
2655 533 2879 591 dixisset
2905 577 2921 603 ,
2965 553 3137 608 neque
3165 538 3284 595 illas
3312 539 3388 595 ait
3425 541 3624 612 suscipi

2029 639 2060 679 a
2101 626 2249 686 laicis
2281 626 2503 693 debere,
2535 629 2785 698 quoniam
2811 639 2864 685 et
2891 630 2989 701 ipsi
3017 631 3328 703 sacerdotes
3357 648 3386 687 a
3406 632 3622 689 Christo

2029 721 2306 775 constituti
2347 721 2605 784 fuissent,
2647 737 2814 793 quare
2857 723 2936 779 illi
2957 723 3117 780 etiam
3147 724 3397 792 olferendi
3426 726 3626 797 tingen-

2029 811 2181 881 dique
2213 805 2452 868 haberent
2482 823 2776 884 potestatem
2803 825 2850 868 et
2877 817 3160 871 sacerdotes
3190 816 3286 871 sibi
3313 816 3409 872 soli
3439 827 3622 874 essent.

2032 905 2182 974 Quod
2220 907 2429 962 tametsi
2456 923 2560 962 non
2588 909 2731 964 dicat
2761 910 2876 964 ﬁeri
2905 909 3132 978 debere,
3167 912 3266 966 nisi
3309 910 3391 966 ubi
3429 928 3532 966 non
3563 913 3626 966 sit

2032 1003 2356 1058 ecclesiastici
2385 1005 2581 1075 ordinis
2619 1020 2883 1060 consessus
2907 1046 2922 1071 ,
2969 1014 3146 1062 tamen
3187 1021 3359 1076 neque
3391 1006 3622 1061 mentio-

2001 1124 2007 1132 ι
2035 1112 2159 1153 nem
2191 1097 2527 1153 auctoritatis
2566 1100 2950 1170 lipiscoporum
2982 1099 3064 1154 vel
3092 1109 3412 1156 c:eterorum
3441 1100 3628 1156 docto-

2038 1208 2158 1247 rum
2193 1192 2526 1261 publicorum
2554 1193 2756 1263 injicit,
2788 1203 2843 1247 ut
2869 1192 2928 1248 lit
2955 1192 3006 1247 in
3035 1204 3218 1250 nostro
3248 1193 3387 1248 libro
3407 1234 3423 1260 ,
3456 1208 3629 1264 neque

2037 1284 2173 1340 hanc
2199 1285 2454 1341 laicorom
2490 1297 2808 1356 pmcstatcm
2854 1302 2918 1342 ex
2951 1285 3250 1342 ofﬁciorum
3276 1287 3520 1357 jurisquc
3549 1287 3629 1342 vi-

2036 1378 2371 1443 cissitudine,
2411 1371 2472 1432 ut
2502 1379 2712 1448 ltic(l),
2739 1378 2974 1446 deducit,
3011 1380 3105 1435 sed
3137 1381 3291 1450 plauc
3316 1395 3381 1434 ex
3404 1380 3631 1450 mysdco

2035 1473 2274 1527 omnium
2307 1472 2720 1528 Christianorum
2759 1473 3102 1540 sacerdotio;
3134 1475 3274 1529 unde
3304 1489 3490 1542 magna
3515 1513 3531 1540 ,
3567 1472 3623 1528 ni

2038 1565 2214 1628 fallor,
2246 1565 2366 1620 duci
2396 1567 2631 1635 suspicio
2675 1573 2871 1635 potest,
2904 1565 3062 1620 aliam
3115 1566 3268 1634 plane
3296 1564 3630 1633 disciplinam

2040 1658 2347 1714 Tertulliani
2373 1700 2386 1717 .
2419 1658 2702 1714 scribentis
2731 1657 2828 1713 hos
2844 1657 3118 1712 erroribus
3147 1657 3381 1712 Montani
3411 1657 3634 1712 infectos

2042 1751 2206 1806 libros
2264 1750 2446 1814 fuisse,
2481 1765 2637 1819 quam
2669 1749 2783 1818 ejus
2809 1791 2824 1815 ,
2856 1765 2977 1804 cum
3019 1750 3257 1804 animum
3290 1748 3356 1807 ad
3389 1759 3632 1804 nostrum

318 1842 453 1881 "‘05
481 1842 604 1883 esse
657 1828 877 1899 Ρυιθικη
927 1844 1104 1883 rerum
1133 1843 1405 1883 sacrarum
1449 1828 1852 1896 “"ldcmml‘cso
1883 1837 1938 1884 οι
1965 1824 2012 1883 Β
2042 1843 2382 1899 scribendum
2415 1842 2746 1914 adjttngcrct.
2778 1843 2949 1912 Atque
2975 1850 3032 1896 ut
3073 1841 3199 1895 illud
3244 1844 3414 1912 magis
3441 1841 3635 1896 conﬁr-

327 1920 493 1976 laicis
523 1935 626 1975 non
673 1920 774 1976 nisi
803 1935 1010 1974 summa
1043 1921 1095 1974 in
1124 1921 1444 1975 necessitate
1471 1921 1804 1976 versantibus
1844 1922 1929 1987 jus

271 2060 276 2061 ,
322 2011 669 2066 concedebat
707 2011 941 2081 aliquem
969 2026 1142 2087 .sacro
1173 2012 1386 2065 lavacro
1426 2011 1700 2068 abluendi.
1733 2011 1840 2067 Sed
1877 2006 1934 2068 in

325 2105 787 2180 MquntaniStarum
814 2104 1203 2160 conventiculis
1233 2105 1389 2176 longe
1435 2105 1535 2158 alia
1568 2105 1779 2161 videtur
1806 2121 1936 2160 con-

320 2197 571 2253 suetudo
607 2197 928 2252 obtinuisse.
958 2195 1088 2251 Nam
1138 2199 1237 2252 etsi
1268 2213 1372 2252 non
1405 2212 1636 2268 negent,
1671 2197 1734 2251 iis
1773 2197 1934 2254 etiam

321 2304 463 2344 suos
489 2298 543 2346 et
574 2279 922 2362 Presbyteros
950 2290 1113 2345 fuisse
1140 2300 1194 2346 et
1229 2290 1492 2346 Diaconos
1522 2331 1535 2356 ,
1571 2301 1752 2346 tamen
1776 2292 1936 2346 alium

323 2385 386 2439 in
419 2399 608 2440 eorum
633 2383 941 2439 doctoribus
966 2384 1292 2439 collocandis
1323 2385 1570 2439 ordinem
1594 2385 1938 2440 observatum

321 2475 525 2541 fuisse,
551 2476 702 2530 testis
733 2485 815 2532 est
844 2475 1189 2547 Hieronymus
1233 2475 1492 2546 (Epistula
1519 2477 1586 2528 ad
1618 2475 1937 2558 Makrccllam,

321 2585 447 2640 qua:
475 2578 551 2622 est
594 2567 686 2620 27.
720 2567 842 2622 edit.
871 2567 958 2622 Jo.
991 2567 1281 2622 Martianzei
1314 2609 1330 2634 ,
1375 2577 1504 2623 tom.
1537 2567 1625 2622 Ν.
1667 2578 1803 2638 part.
1867 2567 1933 2627 ll.

324 2677 386 2731 p.
419 2651 586 2732 65.);
617 2661 708 2732 qui
770 2662 908 2731 apud
953 2678 1043 2715 nos
1067 2703 1080 2726 ,
1108 2661 1315 2731 inquit,
1368 2662 1730 2732 Apostolorum
1775 2663 1942 2717 locum

324 2747 586 2824 Episcopi
622 2764 831 2821 tenent,
861 2756 1001 2825 apud
1029 2771 1112 2816 eos
1137 2755 1441 2825 Episcopus
1486 2755 1798 2810 tertius'est.
1829 2749 1944 2810 Ha-

322 2849 450 2902 bent
476 2848 612 2901 enim
663 2848 854 2915 primos
903 2847 969 2904 de
1023 2845 1232 2917 Pepuza
1276 2845 1607 2902 Patriarchas
1631 2888 1646 2913 ,
1696 2848 1942 2902 secundos

320 2956 458 3010 quos
474 2939 740 3009 appellant
765 2939 1180 3008 Cenonas,atque
1210 2940 1282 2993 ita
1310 2941 1364 2993 in
1391 2940 1614 3005 leniunt,
1639 2941 1676 2992 i.
1702 2957 1744 2994 e.
1761 2981 1776 3004 ,
1803 2955 1933 3010 pene

334 3032 583 3085 ultimum
611 3031 774 3086 locum
803 3029 1045 3103 Episcopi
1073 3033 1422 3087 devolvuntur.
1440 3033 1608 3101 Quam
1631 3033 1675 3087 si
1705 3034 1822 3102 quis
1851 3034 1934 3089 di-

322 3142 459 3182 cere
504 3126 635 3181 velit
673 3126 1117 3182 consuetudinem
1155 3126 1600 3182 Montanistarutn
1648 3128 1716 3180 ab
1751 3126 1939 3182 Hiero-

2040 1951 2180 1991 tuem
2223 1952 2515 2006 proponam
2534 1934 2620 1990 hic
2640 1935 2871 2004 aliquam
2899 1934 3262 2005 conjecturam
3293 1939 3489 2000 meam,
3527 1950 3633 1988 non

2039 2028 2188 2099 quasi
2221 2030 2332 2100 ipse
2374 2044 2460 2083 me
2488 2038 2735 2099 putarem
2760 2042 2943 2083 errare
2990 2028 3041 2080 in
3071 2042 3132 2082 ea
3173 2043 3279 2080 non
3314 2040 3470 2096 posse
3494 2069 3509 2094 ,
3539 2024 3636 2083 sed

2041 2131 2097 2174 ut
2141 2119 2360 2175 oll‘eratn
2427 2120 2489 2175 iis
2559 2117 2785 2190 quorum
2830 2120 2926 2175 hac
2957 2118 3021 2174 de
3053 2135 3108 2175 re
3137 2129 3312 2188 potest
3341 2133 3460 2175 esse
3496 2118 3639 2188 judi-

2039 2212 2181 2268 cium
2208 2253 2221 2272 .
2246 2212 2388 2283 quod
2420 2211 2653 2276 videant,
2686 2213 2926 2268 valeatne
2977 2211 3264 2282 quidquam
3297 2210 3362 2266 ad
3392 2225 3636 2266 caussam

2042 2317 2278 2361 nostram
2304 2306 2428 2361 viris
2450 2305 2625 2360 doctis
2657 2304 3010 2376 probandam.
3089 2304 3291 2376 Nempe
3314 2320 3365 2359 c.
3399 2304 3484 2359 l7.
3515 2303 3636 2359 libri

2043 2401 2208 2455 nostri
2242 2399 2480 2455 confutat
2518 2399 2868 2455 Tertullianus
2898 2411 3270 2471 argumentum
3299 2398 3635 2470 illud,‘quod,

2043 2492 2358 2562 quibuscum
2391 2493 2688 2564 pugnabat,
2719 2492 2964 2547 homines
3005 2492 3250 2547 solebant
3274 2508 3338 2547 ex
3363 2493 3497 2547 actis
3520 2492 3640 2561 qni-

2045 2584 2267 2640 busdam
2309 2583 2460 2638 Pauli
2485 2600 2720 2651 sumere,
2754 2594 2810 2638 ut
2841 2585 3049 2640 t'etninis
3081 2593 3396 2655 potestncm
3430 2584 3642 2654 publice

2043 2677 2268 2732 docendi
2293 2676 2644 2731 vindicarent.
2667 2675 2790 2731 lla-c
2821 2692 2919 2747 ego
2955 2676 3106 2731 Pauli
3139 2677 3268 2732 Acta
3297 2677 3364 2745 si,
3395 2661 3640 2748 quautam

2045 2768 2242 2825 fuerint
2269 2785 2535 2840 quemque
2564 2779 2837 2824 auctorem
2877 2768 3196 2833 habuerint,
3229 2768 3516 2823 ostendi-re
3541 2768 3645 2838 po-

2047 2873 2199 2918 tuero
2222 2905 2238 2930 ,
2279 2875 2389 2917 tum
2418 2863 2544 2916 mihi
2575 2861 2790 2932 quidem
2837 2860 3186 2916 Tcrtullianus
3217 2861 3301 2915 vix
3345 2850 3552 2916 videtur
3581 2878 3641 2916 ea

2045 2971 2300 3024 spernere
2338 2956 2577 3026 potuisse
2601 2996 2616 3021 ,
2648 2955 2692 3008 si
2723 2956 2861 3009 hunc
2907 2953 2976 3009 de
3008 2954 3272 3026 baptismo
3304 2954 3495 3008 librum
3531 2952 3641 3022 jam

2043 3051 2345 3121 disciplina:
2375 3048 2816 3109 Mo:itanistarum
2844 3047 3061 3125 deditus
3104 3048 3434 3118 scripsisset.
3470 3047 3644 3114 Atque

2049 3143 2162 3197 ltrec
2203 3156 2304 3212 ego
2349 3141 2477 3195 Actu
2509 3155 2572 3194 ea
2601 3139 2766 3193 luisse
2809 3139 3071 3205 SllSIllCOI',
3106 3154 3226 3206 qua:
3265 3136 3405 3208 apud
3436 3147 3646 3194 veteres

327 3234 493 3288 nymo
522 3218 700 3272 ﬁctam
755 3233 878 3274 esse
902 3261 916 3281 ,
948 3219 1030 3273 vel
1062 3217 1366 3273 Tertulliani
1405 3233 1523 3274 :evo
1564 3217 1939 3286 recentiorem,

2049 3233 2396 3305 Stt|)_numine
2432 3233 2679 3287 Actorum
2708 3230 2860 3284 Pauli
2892 3241 2938 3283 et
2977 3228 3181 3285 Thecla:
3201 3230 3474 3284 exstitisse
3497 3229 3647 3284 novi-

327 3325 516 3381 neque
547 3310 673 3381 quid
705 3326 920 3365 movere
951 3309 1323 3382 Hieronymum
1369 3312 1629 3379 potuisset
1682 3311 1856 3377 video,
1887 3321 1945 3367 ut

327 3402 461 3457 talia
494 3401 757 3472 lingeret,
799 3418 918 3473 qua:
971 3417 1164 3472 magno
1204 3400 1416 3456 crimini
1444 3399 1561 3455 dari
1604 3401 1945 3457 Montanistis

334 3509 450 3549 non
484 3503 766 3564 poterant,
812 3510 985 3564 neque
1010 3494 1284 3570 abhorret_
1305 3492 1486 3562 aliquo
1517 3493 1698 3560 modo,
1725 3494 1814 3562 qui
1843 3493 1944 3563 ipsi

332 3602 404 3642 se
430 3587 540 3640 suis
569 3586 649 3641 vel
677 3586 938 3642 doctrinis
965 3588 1043 3640 vel
1078 3586 1334 3639 institutis
1355 3601 1381 3638 a
1405 3586 1675 3640 communi
1703 3585 1942 3641 Ecclesia

339 3680 694 3748 scjunxerant
722 3721 736 3744 ,
768 3695 864 3734 eos
889 3677 1050 3734 etiam
1079 3678 1325 3733 ordinem
1367 3677 1708 3733 sacerdotum
1755 3678 1943 3734 diver-

337 3788 466 3828 sum
498 3787 527 3825 a
553 3774 823 3827 communi
845 3771 1232 3828 consuetudine
1247 3772 1616 3838 constituisse,
1644 3772 1942 3840 pnesertim

332 3880 464 3920 cum
501 3866 610 3933 jam
653 3866 766 3935 ipse
797 3864 1073 3919 Montanus
1103 3863 1366 3937 Pepusam
1407 3864 1649 3936 Phrygia:
1687 3865 1943 3936 oppidum

337 3957 776 4028 HierOsolytnam
801 3957 1124 4027 appellasset
1156 3956 1243 4027 (Υ.
1267 3955 1474 4010 Eusebii
1501 3956 1641 4011 Hist.
1667 3955 1947 4019 Ecclesias-

332 4049 492 4102 ticam
518 4090 532 4114 ,
565 4048 655 4103 lib.
676 4047 740 4102 ι’.
771 4064 818 4104 c.
847 4050 932 4104 l8.
959 4047 1003 4120 ).
1034 4050 1208 4118 Atque
1237 4063 1362 4105 ecce
1425 4049 1552 4123 mihi
1603 4057 1860 4118 quantum
1893 4049 1944 4102 in

336 4149 531 4194 nostro
550 4139 728 4195 libello
754 4140 1010 4194 honorem
1035 4140 1314 4210 Episcopis
1336 4148 1561 4205 asserat,
1585 4155 1706 4199 cum
1727 4155 1944 4194 omnem

338 4235 583 4306 tingendi
609 4250 746 4305 aqua
773 4249 922 4289 saera
952 4242 1271 4305 potestatem
1301 4233 1371 4288 ab
1399 4234 1462 4287 iis
1491 4233 1717 4288 deducat
1741 4269 1756 4297 ,
1786 4243 1841 4286 ct
1870 4233 1950 4301 ip-

338 4330 459 4385 sius
490 4328 742 4383 Ecclesitn
762 4330 1018 4382 honorem
1042 4343 1163 4382 cum
1185 4327 1374 4381 horum
1405 4325 1668 4396 dignitate
1687 4327 1949 4395 conjunc-

343 4422 617 4477 tissimum
656 4419 845 4474 tradat.
882 4418 986 4474 Sed
1014 4419 1063 4472 in
1091 4419 1224 4473 libro
1248 4418 1314 4472 de
1341 4415 1621 4482 Pudicitia,
1652 4426 1757 4471 tam
1788 4414 1947 4471 vehe-

343 4514 519 4570 menti
562 4515 655 4568 illo
704 4515 754 4567 in
795 4512 1239 4566 consttetudinetu
1286 4511 1599 4566 orthodoxae
1649 4509 1947 4576 Ecclesias,

343 4623 510 4680 quam
538 4606 1276 4676 salsc.obsecro,perstringit
1306 4608 1378 4674 (c.
1407 4603 1484 4674 l.)
1520 4602 1823 4673 Pontiﬁcem
1850 4606 1948 4657 sri-

348 4704 468 4757 licet
521 4701 798 4754 maxinmm
845 4697 1262 4770 Episwpnmque
1294 4698 1690 4769 Episcoporum,
1739 4698 1951 4768 ejusque

348 4795 576 4848 edictum
604 4792 1025 4864 peremptorium!
1053 4808 1212 4860 quam
1241 4781 1368 4844 nihil
1397 4791 1487 4843 dat
1515 4799 1664 4844 tanto
1716 4790 1829 4844 viro
1852 4831 1864 4854 ,
1893 4798 1952 4845 ut

347 4890 429 4942 ait
457 4887 568 4953 hic,
591 4900 622 4940 a
642 4902 749 4957 quo
773 4886 1002 4956 dignitas
1024 4883 1285 4939 Ecclesia:
1319 4881 1584 4952 pendebat
1609 4883 1622 4936 !
1655 4884 1732 4937 Ac
1762 4881 1806 4936 si
1829 4886 1950 4951 quis

350 4988 541 5051 putat,
572 4977 711 5049 quod
739 4981 964 5049 ego'non
987 4975 1244 5043 dillitcor,
1272 4973 1648 5030 Tertnltianum
1674 4975 1725 5028 in
1763 4973 1856 5029 illo
1885 4974 1950 5028 li-

347 5074 454 5129 bro
497 5087 742 5142 magnam
790 5071 954 5126 animi
1001 5070 1386 5141 permotionem
1439 5066 1506 5122 ad
1536 5082 1779 5124 caussam
1797 5067 1950 5120 ’attu-

351 5166 515 5229 lisse,
562 5165 723 5220 alium
770 5165 908 5220 dabo
944 5178 976 5218 e
1015 5163 1152 5218 libro
1191 5164 1255 5236 de
1291 5161 1660 5216 Exhortatione
1701 5162 1952 5216 castitatis

353 5259 500 5314 haud
529 5257 688 5314 dubie
717 5256 1092 5322 Montanistieo
1113 5255 1312 5323 locum,
1358 5255 1449 5325 qui
1471 5254 1629 5326 longe
1669 5255 1948 5325 majoretn,

356 5363 416 5409 ut
447 5352 579 5409 mihi
604 5352 688 5407 vid
708 5359 830 5420 itur,
862 5349 1011 5419 laicis
1043 5348 1228 5404 tribuit
1255 5348 1502 5419 baptismi
1536 5339 1848 5403 eonlerendi
1881 5348 1952 5402 li-

355 5448 625 5511 centiam,
654 5462 814 5518 quam
855 5461 972 5500 eam
998 5485 1012 5510 ,
1047 5445 1258 5513 qualem
1299 5452 1484 5498 nostro
1517 5443 1569 5496 in
1601 5443 1738 5522 libro
1766 5440 1954 5498 delen-

355 5542 514 5598 derat
540 5581 558 5607 ,
589 5549 645 5593 ut
679 5539 790 5608 jatn
822 5537 979 5592 video
1010 5524 1256 5608 magnum
1286 5537 1458 5590 virum
1485 5576 1500 5600 ,
1544 5551 1701 5606 quem
1731 5534 1954 5591 honoris

359 5647 551 5690 caussa
596 5644 849 5700 nuncupo
879 5671 894 5697 ,
941 5627 1147 5684 Justmn
1227 5627 1570 5700 Henningium
1632 5626 1953 5684 Baehmerum

355 5734 514 5782 acute
546 5724 819 5779 monuisse
852 5720 1032 5794 (Diss.
1067 5722 1157 5780 IX.
1206 5721 1352 5776 Juris
1397 5721 1950 5793 Ecclesiast.,antiqui,

356 5818 387 5908 θ
416 5816 524 5890 5.).
580 5815 680 5876 Ubi
701 5830 820 5875 cum
844 5830 1017 5895 neque
1036 5814 1406 5875 sacerdotibus
1421 5815 1482 5871 γ.
1501 5815 1564 5882 Τ.
1587 5831 1760 5906 neque
1781 5815 1951 5879 chris-

1973 4575 2026 4635 D

2046 3341 2185 3393 mus,
2220 3342 2327 3380 non
2359 3327 2574 3397 quidem
2602 3339 2667 3380 eo
2691 3324 2872 3378 habitu
2899 3339 2963 3379 ac
2991 3322 3186 3387 forma,
3211 3325 3421 3393 qualem
3451 3322 3648 3376 habent

2047 3420 2189 3474 edita
2222 3419 2311 3472 illa
2339 3435 2366 3472 a
2400 3418 2487 3472 Jo.
2526 3416 2740 3472 Ernesto
2766 3414 2954 3470 Grabio
2984 3415 3001 3487 (
3027 3414 3090 3468 In
3119 3415 3380 3485 spici/egio
3402 3413 3511 3470 SS.
3539 3413 3648 3468 Pa-

2045 3520 2180 3568 trum
2205 3523 2250 3568 et
2280 3511 2670 3577 ereticorum,
2701 3521 2832 3563 tom.
2866 3508 2906 3563 I.
2934 3524 3040 3564 sec.
3073 3509 3119 3562 ί.
3154 3525 3204 3578 p.
3229 3507 3318 3563 95.
3345 3507 3476 3578 sip),
3512 3516 3638 3562 sunt

2047 3609 2194 3663 enim
2226 3605 2341 3662 hasc
2368 3605 2505 3660 haud
2543 3605 2702 3658 dubie
2731 3602 3060 3674 temporibus
3089 3599 3474 3672 prodeuntibus
3497 3598 3646 3654 adul-

2048 3710 2257 3756 terata:
2305 3698 2399 3755 sed
2450 3707 2578 3753 sunt
2621 3698 2672 3750 in
2720 3696 2828 3750 illis
2867 3705 3045 3761 tamen
3082 3691 3354 3748 Grabianis
3399 3691 3646 3764 qutedam

2047 3794 2196 3864 quasi
2227 3807 2378 3848 vena:
2405 3801 2496 3845 aut
2542 3788 2840 3858 fragmenta
2880 3803 3066 3842 eorum
3112 3784 3314 3840 Theclte
3365 3788 3644 3849 Actorum,

2049 3902 2168 3957 qua:
2198 3884 2468 3940 veteribus
2497 3883 2768 3939 Celcbt'ata
2801 3885 3033 3943 luerunt,
3059 3879 3218 3935 veluti
3256 3896 3307 3948 ι».
3343 3878 3463 3934 ll5.
3497 3877 3546 3948 is,
3573 3877 3650 3932 lo-

2049 3995 2166 4045 cus,
2197 3979 2281 4034 ubi
2314 3977 2510 4033 Paulus
2536 3976 2736 4030 Thecla:
2758 3984 3073 4046 potestatem
3095 3974 3318 4044 imponit
3352 3971 3648 4028 doctrinam

2049 4070 2247 4127 Christi
2287 4070 2408 4124 aliis
2439 4070 2650 4140 publice
2680 4066 2944 4122 tradendi.
2978 4067 3110 4134 Qua:
3149 4066 3262 4136 ipsa
3289 4081 3397 4132 res,
3437 4066 3646 4135 opinor,

2051 4163 2304 4227 ostendit,
2331 4162 2706 4218 Tertullianum
2736 4161 2787 4215 in
2817 4161 2935 4216 loco
2959 4161 3190 4215 excitato
3220 4159 3336 4214 haec
3361 4159 3488 4212 Acta
3519 4157 3560 4212 Τ
3563 4159 3653 4214 hc-

2050 4259 2144 4312 σιω
2174 4257 2426 4312 habuisse
2454 4256 2525 4311 ob
2551 4256 2738 4311 oculos
2783 4256 2955 4326 posita
2987 4264 3290 4326 propterea,
3323 4254 3464 4325 quod
3504 4269 3654 4310 men-

2053 4353 2251 4406 tionem
2296 4350 2462 4420 iojicit
2512 4348 2695 4420 scripti
2736 4347 3014 4419 cujusdam
3069 4347 3459 4414 commentitii,
3509 4345 3653 4418 quod

2054 4441 2212 4495 Pauli
2245 4441 2465 4512 apostoli
2513 4434 2705 4496 nomen
2740 4441 3118 4506 mentiebatur,
3164 4440 3215 4494 in
3248 4454 3355 4510 quo
3394 4453 3652 4496 concessa

2055 4544 2170 4588 erat
2211 4532 2429 4588 feminis
2477 4531 2592 4588 lure
2623 4533 2848 4588 docendi
2898 4533 3150 4598 licentia;
3184 4533 3234 4588 id
3288 4533 3430 4604 quod
3483 4533 3655 4601 magis

2055 4639 2239 4696 postea
2285 4627 2752 4683 eottlirutabimus.
2799 4627 2904 4683 Sed
2943 4628 2987 4681 si
3044 4637 3316 4697 quaeratur
3346 4627 3466 4696 quis
3496 4624 3658 4680 fuerit

2056 4722 2100 4776 is
2147 4722 2239 4792 qui
2288 4721 2387 4776 sub
2425 4720 2580 4774 Pauli
2629 4722 2848 4792 apostoli
2898 4721 3114 4777 nomine
3141 4721 3354 4775 liuxcrit
3381 4722 3497 4774 inec
3536 4731 3653 4774 acta

2053 4815 2234 4880 spuria
2259 4853 2273 4877 ,
2315 4823 2424 4869 tum
2463 4829 2563 4884 ego
2588 4814 2767 4870 nullus
2809 4815 2995 4870 dubito
3023 4813 3266 4868 Lencium
3317 4811 3650 4877 Ιιωτριίοιιιιι,

2054 4923 2215 4978 quem
2235 4907 2390 4976 vulgo
2407 4905 2756 4962 Maniclneum
2782 4922 2886 4962 non
2907 4919 3052 4968 recte
3072 4916 3274 4976 putant,
3292 4904 3484 4959 horum
3502 4905 3659 4962 At'lc-

2057 5021 2174 5059 rum
2197 5045 2214 5068 ,
2255 5022 2371 5075 qua-
2404 5003 2752 5059 Tertullianns
2780 5003 2938 5062 allert
2964 5044 2978 5068 ,
3012 5003 3335 5072 scriptorem
3380 4999 3654 5056 extitisse.

2055 5097 2163 5152 Cur
2211 5098 2280 5152 ita
2311 5113 2560 5152 censeam
2590 5097 2826 5153 breviter
2855 5095 3234 5167 exponendum
3269 5094 3501 5151 videtur.
3532 5093 3658 5148 Pri-

2057 5205 2194 5242 mum
2233 5189 2410 5259 negari
2464 5206 2568 5244 non
2605 5197 2782 5260 potest
2805 5187 3052 5244 Leucinm
3081 5195 3139 5243 ttt
3167 5187 3394 5242 aliorum
3420 5187 3656 5256 Aposm-

2056 5283 2231 5338 lorum
2256 5324 2270 5348 ,
2309 5285 2388 5339 sie
2414 5284 2575 5339 etiam
2611 5283 2762 5336 l’uuli
2791 5281 3040 5353 qmcdam
3078 5282 3206 5336 Acta
3235 5279 3480 5347 ﬁnxisse,
3513 5278 3658 5350 quod

2058 5375 2276 5431 Photius
2295 5384 2517 5442 testatur
2539 5375 2630 5447 (In
2651 5355 2980 5438 Bibliotheca,
3005 5374 3211 5430 sccl.“
3230 5376 3276 5429 ι.
3295 5389 3347 5444 p.
3379 5388 3451 5428 m.
3481 5372 3652 5442 156.),

2056 5470 2146 5541 qui
2179 5471 2302 5525 talia
2331 5470 2526 5540 smpios
2555 5455 2894 5522 tractaverant.
2929 5467 3128 5521 Deinde
3149 5465 3392 5521 Leucium
3411 5479 3514 5520 non
3546 5465 3659 5518 Ma-

2060 5563 2391 5636 niclneorum
2423 5603 2438 5628 ,
2474 5561 2567 5617 sed
2600 5562 2917 5617 Docetaruut
2950 5560 3035 5616 vel
3064 5559 3458 5616 Encratitarum
3495 5557 3662 5612 disci-

2121 5701 2163 5761 (l
2177 5699 2192 5764 )
2216 5700 2292 5764 Ita
2312 5700 2442 5764 enim
2465 5699 2529 5749 de
2552 5699 2810 5764 baptismo,
2828 5713 2872 5749 e.
2900 5699 2975 5750 16.
2994 5697 3150 5764 Laicis
3166 5700 3318 5764 etiam
3331 5699 3413 5760 jus
3437 5703 3514 5745 est
3536 5695 3659 5764 bapj

2056 5757 2250 5814 ⁸ί³ί¹¹ί¹¹¹¹
2267 5763 2410 5812 ⁴¹³¹¹ί¹ί
2431 5766 2590 5830 ς(ιυοίί
2616 5757 2748 5831 sui"!
2774 5757 2834 5836 ἒξ
2862 5775 3005 5827 atquo
3028 5762 3277 5839 θφίρίιυΐς
3303 5757 3365 5810 e‘x
3393 5772 3534 5826 ξιηιιρ
3556 5757 3658 5838 (lein

2056 5834 2230 5904 potest.
