4106 6330
512 323 618 385 158

513 539 705 595 doctus
774 536 1115 605 maximeque
1169 532 1390 588 limatus
1450 528 1672 585 lsaacus
1716 523 2061 581 Bellosobrius
2087 564 2104 591 ,

517 631 868 705 (Beausobre,
901 628 1110 683 histoire
1156 626 1368 698 critique
1406 623 1471 679 de
1496 622 1767 678 Maniche‘e
1813 630 1860 709 et
1889 620 1962 675 du
1992 619 2108 674 Ma-

507 726 827 788 nichéisme,
870 723 962 780 lib.
994 722 1058 777 ll.
1105 736 1157 777 c.
1186 720 1246 777 2.
1282 718 1389 792 §2.
1450 718 1562 791 sq.)
1597 732 1824 789 quorum
1865 712 2108 787 Capitalis

508 834 664 877 error
688 818 1065 875 continebatur
1090 818 1145 872 in
1171 813 1579 872 contemnendis
1596 814 1806 886 nuptiis
1832 832 1847 882 ;
1873 812 2109 869 etActo-

510 928 630 969 rum
662 914 1045 969 universorum
1077 911 1237 967 Pauli
1288 918 1336 965 et
1364 909 1569 965 Tltech
1619 909 1706 966 hic
1736 909 1857 966 ﬁnis
1883 918 1967 965 est
1988 950 2005 977 ,
2050 916 2110 965 ut

504 1007 676 1064 vitam
705 1009 823 1064 sine
863 1007 1062 1078 nuptiis
1090 1005 1319 1062 summis
1361 1004 1611 1060 laudibus
1645 1003 1908 1071 eﬁ'erant,
1939 1004 2105 1059 multa

428 1132 449 1147 η
511 1098 642 1156 item
686 1109 813 1155 sunt
839 1099 942 1155 alia
972 1098 1076 1154 sub
1101 1098 1483 1171 Apostolorum
1520 1098 1737 1154 nomine
1762 1113 1794 1152 a
1819 1096 2011 1151 Lcucio
2038 1096 2106 1152 ad

511 1192 664 1247 illum
695 1206 934 1248 errorem
961 1206 1055 1263 per
1091 1191 1260 1260 ipsam
1291 1178 1677 1261 Apostolorum
1715 1188 2017 1245 doctrinam
2050 1196 2107 1245 et

510 1299 664 1339 usum
693 1283 1120 1340 conﬁrmandum
1149 1283 1397 1339 conﬁcta.
1417 1283 1587 1339 Porro
1613 1282 1799 1339 multis
1822 1297 2105 1354 argumen-

499 1376 578 1431 tis
609 1376 970 1445 Bellosobrius,
1006 1377 1043 1432 l.
1077 1391 1157 1441 c.,
1186 1376 1390 1440 docuit,
1423 1375 1669 1431 Leitcium
1709 1376 1822 1447 jam
1870 1390 2000 1432 saec.
2034 1374 2098 1430 ll.

476 1469 802 1533 .exstitisse,
834 1478 888 1524 et
928 1467 1260 1541 Epiphanius
1286 1468 1304 1539 (
1332 1466 1474 1523 Hier.
1504 1468 1590 1522 LI.
1625 1467 1678 1523 6.
1707 1484 1761 1540 p.
1791 1468 1948 1539 427.)
1973 1466 2105 1522 Lett-

484 1542 645 1615 ﬂcium
672 1560 974 1635 clarissime
995 1561 1226 1631 appellat
1251 1560 1472 1615 Joannis
1510 1559 1730 1632 apostoli
1754 1559 2099 1630 discipulum.

505 1652 695 1722 Itaque
744 1662 799 1708 et
851 1664 1094 1722 tempore
1122 1651 1429 1707 Tertulliani
1476 1650 1943 1708 exstiterunthaic
1971 1650 2102 1707 Acta

507 1742 684 1811 Pauli,
718 1759 838 1815 qua:
881 1742 1125 1799 Leucium
1151 1755 1427 1800 auctorem
1464 1744 1719 1800 habuisse
1755 1744 2023 1810 diximus,
2048 1752 2103 1799 et

1545 302 1554 310 ’
1583 309 2037 374 ΒῙΞΒΕΒΪΑΤΙΟ
2073 308 2165 369 οε
2198 302 2388 369 νιεὶυι
2426 308 2687 369 ᾹΞἘΔΤΕ
3017 374 3032 391 ο

511 444 673 518 plina:
701 440 942 502 deditum
994 437 1179 508 fuisse,
1199 434 1463 511 praeclare
1494 431 1742 508 probavit
1768 432 1852 489 vir
1896 428 2109 504 egregie
2134 428 2189 490 Α
2211 441 2435 484 nensem
2461 442 2587 484 sae.
2616 425 2706 484 lV.
2734 425 2824 498 qui
2849 426 2868 499 (
2882 424 3052 498 Epist.
3076 426 3131 485 Ι.
3152 428 3222 485 ad
3237 428 3679 504 Sympronianunt
3696 418 3813 487 No;

3698 315 3807 377 156

2211 521 2492 587 υαιίαηιυη,
2516 522 2652 576 edita
2686 522 2739 576 in
2765 519 3013 577 Biblioth.
3047 524 3271 579 maxima
3300 523 3418 581 PP.
3452 523 3807 597 Lugdunensi,

2211 621 2343 668 tom.
2375 611 2464 669 iV.
2496 629 2551 684 p.
2586 612 2713 669 305.
2741 606 2832 681 ϐ.)
2866 630 2881 669 :
2919 600 3179 687 Phryges:
3206 617 3260 671 h.
3294 624 3398 682 est,
3442 616 3801 687 Montanistae,

2209 704 2416 776 inquit,
2447 722 2502 762 se
2524 706 2781 763 animatos
2818 722 2853 760 α
2879 706 3074 763 Leucio
3100 711 3436 765 mentiuntur.
3464 710 3651 783 Neque
3673 711 3807 768 illud

2211 799 2577 855 testimonium
2605 798 2818 855 videtur
2835 814 2866 854 a
2890 815 3022 856 vero
3048 801 3327 870 aberrare,
3356 813 3642 874 propterea
3665 803 3809 875 quod

2209 900 2416 948 certum
2445 902 2526 948 est
2553 891 2903 949 Montanistas
2935 893 3124 950 eodem
3149 895 3310 953 modo
3355 905 3518 967 atque
3559 897 3809 953 Encratio

2210 989 2313 1050 tas,
2344 998 2376 1040 e
2394 998 2619 1055 quorum
2644 983 2926 1055 disciplina
2945 984 3165 1042 Leucius
3190 996 3332 1054 erat,
3355 987 3576 1044 nimium
3598 987 3809 1057 tribuis-

2208 1091 2269 1137 se
2297 1077 2361 1133 iis
2389 1077 2479 1149 qui
2522 1077 2929 1134 abhorrebanta
2958 1080 3177 1151 nuptiis.
3199 1081 3353 1138 Unde
3366 1081 3469 1138 hoc
3488 1082 3628 1138 efﬁci
3650 1097 3811 1153 posse
3863 1067 3881 1079 ’

2208 1169 2416 1225 credo:
2451 1167 2822 1225 Tertullianuni
2852 1212 2867 1237 ,
2903 1172 3167 1242 siquidem
3197 1173 3390 1229 librum
3444 1166 3687 1232 nostrum
3722 1176 3811 1233 in-

2209 1272 2293 1319 ter
2326 1262 2562 1319 Montani
2581 1262 2875 1334 discipulos
2896 1264 3222 1321 constitutus
3248 1267 3576 1337 scripsisset,
3598 1268 3811 1324 cautius

2208 1353 2379 1411 fuisse
2403 1354 2704 1411 locuturum
2726 1355 2797 1411 de
2828 1356 2967 1411 libro
2999 1356 3111 1421 tali,
3141 1358 3231 1429 qui
3258 1356 3503 1414 Leucitun
3527 1369 3808 1418 auctorem

2209 1446 2480 1516 habebat,
2526 1462 2709 1518 neque
2736 1447 2881 1503 illum
2910 1447 3113 1504 fraudis
3156 1460 3531 1508 accusaturum
3556 1493 3571 1515 ,
3604 1467 3723 1509 cum
3759 1453 3808 1509 is

2208 1537 2327 1609 ipse
2369 1552 2492 1593 cum
2535 1537 2874 1594 Montanistis
2912 1540 3160 1596 sentiret.
3189 1540 3344 1608 Quod
3373 1541 3419 1597 si
3469 1542 3592 1613 quis
3616 1552 3808 1619 contra

2207 1630 2375 1698 dicat,
2399 1630 2538 1687 elabi
2568 1630 2727 1687 nobis
2756 1631 2900 1687 illam
2926 1626 3195 1698 caussam]
3227 1643 3509 1705 propterea
3528 1636 3671 1706 quod
3695 1653 3808 1694 non
3854 1690 3871 1698 -

2206 1724 2336 1781 satis
2365 1733 2596 1791 constat,
2625 1725 3021 1795 ignoraveritne
3046 1724 3394 1784 Tertullianus
3417 1728 3607 1785 horum
3637 1733 3807 1787 Acto-

503 1844 589 1891 est
614 1835 903 1891 admodum
947 1836 1276 1904 verisimile,
1309 1835 1683 1891 Tertullianunt
1724 1851 1831 1890 non
1857 1836 1962 1891 alia
1997 1836 2099 1891 nisi
2130 1831 2179 1892 B
2206 1830 2325 1872 rum
2372 1824 2648 1886 Pammeni
2680 1816 2848 1887 (quod
2873 1817 2958 1874 vix
2978 1817 3239 1874 credibile
3265 1829 3349 1874 est
3375 1820 3426 1874 in
3458 1832 3565 1876 tam
3590 1823 3808 1880 curioso

503 1926 683 1982 Leucii
713 1930 847 1983 Acta
873 1927 1114 1984 indicare
1154 1929 1427 1995 voluisse;
1468 1944 1590 1983 nam
1630 1928 1823 1984 horum
1845 1932 2098 1985 Actorum

505 2022 831 2092 scriptorem
902 2022 975 2078 ait
1025 2022 1192 2079 fuisse
1251 2022 1793 2095 Presbyterum,qui
1819 2023 2022 2080 fraudis
2045 2025 2100 2080 in

486 2126 566 2166 ca
589 2127 650 2168 re
667 2112 955 2170 convictus
983 2114 1051 2171 de
1079 2116 1200 2171 loco
1228 2114 1409 2181 fuerit,
1434 2117 1491 2170 Ιι.
1517 2131 1567 2172 e.
1598 2115 1668 2172 de
1694 2131 1921 2172 munere
1946 2131 2100 2173 sacro

488 2205 765 2275 idejectus.
789 2207 883 2261 Cui
913 2206 959 2261 si
985 2208 1106 2278 quis
1127 2207 1399 2265 addiderit
1425 2208 1798 2282 Hieronymum
1822 2211 1914 2286 (In
1942 2214 2097 2268 catal.

502 2297 808 2367 scriptorum
844 2296 1052 2365 eccles.,
1077 2316 1127 2355 c.
1156 2300 1208 2354 7.
1234 2316 1286 2371 p.
1326 2301 1498 2374 104.),
1525 2304 1613 2373 qui
1635 2303 1830 2360 diserte
1847 2307 1943 2371 ait,
1969 2304 2101 2361 Ter-

487 2390 789 2444 .tullianum
833 2390 1035 2448 dixisse
1075 2391 1221 2451 hunc
1259 2396 1641 2469 Presbyterum
1680 2401 1821 2471 apud
1838 2397 2102 2467 Joannem

501 2484 806 2540 convictum
843 2494 902 2542 et
924 2496 1190 2544 remotum
1229 2506 1259 2546 a
1301 2496 1527 2548 munere
1556 2493 1770 2563 publico
1796 2494 1959 2552 fuisse
1975 2512 2101 2569 pro-
2127 2544 2134 2550 .

502 2587 623 2648 pter
637 2576 1278 2651 fraudenﬁcommissam;
1299 2583 1541 2655 profecto
1562 2585 1765 2643 videbit
1782 2589 2097 2660 scriptorem

502 2672 763 2729 Actorum
810 2671 966 2728 Pauli
994 2683 1043 2729 et
1076 2674 1278 2731 Thecla:
1300 2677 1603 2734 auctoritati
1632 2679 1852 2737 Joannis
1878 2683 2127 2755 apostoli'

499 2760 668 2818 fuisse
692 2763 1014 2834 subjectum,
1031 2766 1179 2836 quod
1203 2766 1308 2824 dici
1333 2767 1401 2824 de
1426 2767 1637 2837 Leucio‘,
1669 2782 1726 2827 ut
1742 2773 1903 2830 modo
1918 2784 2099 2832 osten-

464 2922 465 2927 η
500 2855 585 2921 di,
607 2846 811 2927 optime
835 2867 1033 2929 potest.
1056 2858 1285 2925 Denique
1303 2862 1433 2918 mihi
1462 2877 1860 2936 peropportune
1883 2870 2095 2938 cecidit,

503 2958 557 3001 ut
576 2946 738 3019 hujus
766 2950 844 3004 rei
873 2951 1037 3008 etiam
1064 2954 1116 3007 in
1149 2951 1431 3009 Philaslrio
1453 2955 1559 3026 (De
1589 2956 1897 3029 Iliensibus,
1921 2977 1971 3017 c.
2008 2962 2096 3022 55.

500 3041 631 3098 edit.
661 3042 891 3100 Fabricii
921 3061 976 3117 p.
1010 3045 1161 3118 112.)
1189 3049 1424 3120 aliquam
1454 3052 1903 3122 signiﬁcationem
1940 3068 2097 3127 repe-

498 3136 664 3191 rirem
693 3136 743 3190 in
795 3136 916 3193 loco
939 3153 1045 3205 eo,
1091 3140 1182 3195 ubi
1225 3141 1294 3197 de
1338 3143 1556 3199 Seleuco
1597 3128 1853 3204 haeretico
1876 3149 2098 3222 ejusque

497 3231 742 3289 doctrina
773 3234 1008 3291 disserit.
1040 3235 1591 3310 Nempeconﬁtentur
1610 3257 1800 3300 omnes
1825 3244 2098 3304 Seleucum

500 3326 810 3383 Iniere-ticum
848 3337 904 3385 et
942 3329 1186 3386 Leucium
1237 3344 1481 3400 nostrum
1528 3337 1748 3397 eosdem
1780 3355 1941 3413 esse.
1977 3340 2097 3397 Jam

498 3435 627 3477 ecce
654 3421 784 3476 mihi
811 3436 1014 3492 quaiso,
1042 3423 1171 3496 quid
1198 3425 1267 3482 de
1289 3427 1503 3484 Seleuco
1519 3430 1735 3501 suisque
1757 3430 2098 3491 Philartrius?

495 3512 763 3584 Baptismo
788 3557 802 3582 ,
837 3516 1050 3588 inquit,
1105 3535 1208 3574 non
1258 3530 1468 3576 utuntur
1497 3514 1706 3594 propter
1728 3525 1930 3580 verbum
1957 3528 2053 3583 hoc
2075 3571 2090 3597 ,

495 3608 631 3679 quod
654 3609 784 3665 dixit
811 3610 938 3685 Joa.
967 3609 1203 3682 Baptista
1225 3630 1245 3668 :
1271 3611 1302 3667 1
1305 3630 1394 3687 pse
1412 3629 1498 3671 vos
1526 3607 1804 3688 baptizabit
1832 3620 1886 3674 in
1911 3620 2098 3692 spiritu

496 3711 543 3759 et
566 3702 702 3773 igne.
735 3701 878 3760 Nihil
896 3704 1126 3761 similius
1142 3706 1247 3763 hoc
1266 3722 1386 3765 esse
1402 3717 1577 3780 potest
1592 3711 1805 3769 illorum
1824 3729 2092 3783 errorum,

495 3811 631 3865 quos
686 3796 1031 3854 Tertullianus
1100 3798 1156 3854 in
1211 3800 1350 3859 libro
1404 3802 1468 3857 de
1517 3802 1783 3876 Baptismo
1831 3808 2089 3864 confutat.

466 3886 772 3959 'Negabant
796 3890 1065 3958 haeretici,
1103 3895 1364 3953 adversus
1383 3911 1518 3969 quos
1546 3900 1617 3956 ibi
1644 3899 1911 3973 disputat,
1936 3920 2092 3960 sacro

469 3988 477 4009 θ
500 3980 716 4036 lavacro
744 3982 1027 4052 tingendos
1051 3985 1376 4046 christianos
1398 4004 1538 4059 esse,
1565 4000 1726 4064 atque
1748 3995 1792 4051 is
1814 3997 1929 4066 ipse
1949 3996 2093 4055 dicta

494 4071 718 4128 Joannis
735 4073 806 4130 de
830 4074 1098 4147 baptismo
1119 4095 1215 4150 per
1228 4084 1474 4153 spiritum
1493 4094 1548 4141 et
1563 4086 1739 4159 ignem
1751 4102 1862 4145 sua:
1878 4101 2094 4149 senten-

496 4164 582 4220 tiae
603 4167 871 4233 conciliat;
895 4185 1078 4241 quare,
1111 4173 1239 4244 quid
1259 4184 1342 4231 est
1361 4176 1688 4247 probabilius
1713 4196 1873 4253 quam
1895 4184 2091 4242 adver-

493 4259 666 4351 sarios
685 4259 987 4320 Tertulliani
1006 4282 1036 4321 a
1059 4254 1323 4327 sententia
1340 4271 1516 4330 Leucii
1534 4277 1748 4334 stetiSse
1767 4321 1782 4346 ,
1812 4281 1926 4351 qui,
1955 4291 2093 4340 teste

494 4350 801 4423 Pliilastrio,
821 4356 961 4413 idem
986 4376 1205 4429 prorsus
1221 4363 1450 4434 dixerat,
1473 4367 1641 4424 Nemo
1659 4370 1787 4426 mihi
1805 4350 2092 4431 occurrat?

494 4442 765 4512 Seleucum
794 4464 845 4503 ν.
874 4449 1136 4520 Leucium,
1157 4454 1225 4511 de
1244 4473 1352 4528 quo
1371 4441 1683 4518 Pliilasti-ius
1704 4464 1954 4537 loquitur,
1978 4465 2092 4523 Μα-

493 4537 756 4593 niclneum'
779 4539 947 4599 fuisse
974 4553 1134 4616 atque
1159 4548 1428 4607 diversum
1455 4568 1486 4609 a
1510 4553 1698 4613 Leucio
1721 4557 1842 4614 Joa.
1872 4562 2088 4630 apostoli

492 4629 788 4703 discipulo;
832 4630 1173 4695 Pliilastrium
1197 4643 1357 4699 etiam
1388 4644 1659 4704 hominem
1703 4651 1902 4720 nullius
1934 4656 2090 4724 pretii

493 4739 614 4781 esse
631 4766 647 4794 ,
681 4726 821 4784 unde
837 4731 1119 4788 existeret:
1145 4736 1285 4806 quod
1317 4737 1439 4795 ﬁdei
1459 4740 1616 4812 hujus
1638 4744 1777 4800 male
1798 4745 2092 4804 ambulanti

492 4819 712 4877 credere
732 4816 830 4878 nos
852 4839 959 4880 non
980 4826 1247 4897 oporteat.
1269 4829 1509 4904 Namque
1528 4834 1666 4890 ismd
1691 4835 1978 4895 discrimen
2000 4841 2092 4897 ﬁc-

492 4921 602 4970 tum
620 4929 758 4983 esse,
782 4932 844 4973 ac
862 4918 1087 4991 nullum,
1120 4923 1250 4979 satis
1265 4924 1519 4983 adversus
1538 4926 1832 4985 Fabricium
1855 4930 2089 4990 Belloso-

492 5005 757 5098 brius,loc.
785 5010 877 5066 cit.
905 5012 932 5085 §
957 5014 1011 5080 5,
1036 5014 1292 5083 defendit,
1319 5027 1372 5073 et
1396 5005 1732 5077 Philastrium
1748 5040 1856 5081 non
1875 5027 2090 5097 quidem

492 5102 680 5173 ignoro
701 5116 1014 5178 nugatorcrn
1037 5127 1157 5168 esse
1178 5113 1229 5168 in
1250 5113 1536 5185 plerisque,
1559 5120 1718 5173 etiam
1748 5120 1802 5174 in
1830 5137 2059 5180 enarrari

493 5188 575 5262 dis
597 5199 724 5267 ipsis
746 5200 950 5257 Seleuci
971 5206 1262 5270 erroribus,
1288 5208 1375 5279 qui
1399 5219 1543 5266 certe
1569 5211 1754 5268 Leucio
1776 5212 1897 5271 .loa.
1928 5219 2089 5273 disci-

493 5291 616 5361 pulo
636 5292 797 5348 tribui
839 5310 945 5351 non
962 5312 1150 5354 omnes
1167 5300 1416 5369 possunt:
1441 5303 1534 5359 scd
1554 5305 1603 5360 in
1626 5308 1777 5378 nugis
1795 5308 2089 5367 ἱΙΙίεΡΙιὶΙαρ

492 5386 697 5440 strianis
713 5387 834 5456 quis
851 5389 1188 5463 nullajdicere
1211 5393 1403 5466 audeat
1420 5399 1659 5457 veritatis
1677 5404 1879 5459 semina
1899 5406 2090 5463 latere?

493 5475 568 5532 Sit
598 5478 757 5549 igitur
784 5478 885 5535 hoc
906 5482 1274 5551 constitutum,
1303 5484 1672 5547 Tertullianum
1703 5495 1755 5550 in
1799 5497 1933 5554 libro
1957 5471 2092 5557 nosf

494 5578 598 5635 tro,
627 5586 748 5626 cum
771 5580 900 5629 Acta
929 5570 1081 5629 Pauli
1104 5576 1372 5648 rejiceret,
1394 5584 1648 5655 scriptum
1676 5588 1893 5660 aliquod
1923 5608 2088 5663 repno

492 5660 691 5729 diasse,
713 5663 855 5734 quod
880 5663 1066 5722 ﬁctum
1104 5678 1276 5727 erata
1308 5671 1490 5730 Leucio
1513 5718 1527 5744 ,
1563 5678 1654 5747 qui
1673 5679 1935 5750 justitiam
1965 5660 2087 5745 vita:

493 5756 611 5813 sine
652 5754 852 5846 nuptiis
896 5772 1178 5822 transacta:
1219 5770 1365 5825 omni
1401 5772 1562 5828 modo
1591 5774 1932 5837 defendebat.
1964 5780 2084 5838 Jam

493 5848 667 5919 placet
697 5867 989 5922 provocare
1030 5858 1096 5918 ad
1154 5858 1434 5920 Pacianum
1485 5864 1815 5941 Episcopum.
1859 5861 2083 5935 Barino-

2206 1907 2472 1964 universa:
2495 1907 2832 1977 antiquitatis
2855 1908 3244 1979 exploratore),
3262 1909 3406 1967 dabo
3452 1911 3583 1967 illud
3605 1954 3620 1979 ,
3653 1913 3701 1969 si
3727 1914 3803 1969 ita

2207 2001 2382 2072 placet
2413 2019 2430 2068 -,
2485 1992 2587 2056 hoc
2617 2011 2795 2058 tamen
2836 2002 2968 2057 mihi
3023 2004 3249 2074 quisque
3278 2006 3517 2062 vicissim
3554 2008 3802 2074 dederit,

2140 2102 2145 2107 '
2208 2094 2310 2148 nisi
2338 2093 2460 2163 quis
2485 2094 2810 2150 contrariam
2839 2095 3165 2150 sententiam
3194 2094 3461 2164 docuerit,
3488 2099 3620 2155 satis
3665 2100 3805 2157 hanc

2203 2187 2566 2258 suspicionem
2591 2187 2851 2258 impedire
2871 2174 3070 2245 debere
3092 2203 3222 2259 ,quo
3244 2190 3422 2247 minus
3443 2191 3583 2248 hunc
3603 2191 3807 2249 Tertul-

2202 2278 2329 2333 liani
2350 2278 2543 2334 librum
2557 2277 2624 2334 ad
2640 2293 2807 2350 genus
2827 2294 3016 2336 eorum
3027 2279 3285 2337 librorum
3301 2275 3635 2352 abjiciiimus,
3666 2299 3805 2355 quos

2203 2382 2327 2442 post
2349 2373 2711 2428 secessionem
2736 2371 2805 2427 ab
2828 2371 3147 2429 orthodoxis
3173 2374 3365 2431 factam
3389 2378 3709 2447 composuit.

2206 2464 2235 2538 δ
2277 2466 2332 2522 Β.
2357 2464 2587 2522 —Libri
2623 2464 2700 2533 11⁶
2723 2466 2792 2521 ad
2849 2464 3076 2522 Uxorem
3102 2476 3221 2523 ante
3257 2468 3461 2540 lapsum
3502 2468 3803 2528 Tertulliani

2818 2622 2821 2623 ν
2894 2562 3108 2616 exarati.

2275 2653 2448 2711 Venio
2473 2668 2619 2711 nunc
2662 2654 2729 2710 ad
2787 2655 2953 2717 libros
2986 2671 3122 2726 quos
3144 2655 3308 2713 Uxori
3326 2673 3434 2737 suae
3455 2658 3805 2727 Tertullinus;

2203 2740 2514 2819 inscripsit,
2546 2748 2637 2819 qui
2682 2747 2828 2819 quod
2872 2749 2981 2804 sint
3008 2748 3336 2820 eonjunctim
3375 2751 3541 2819 editi,
3568 2751 3805 2810 dubitari

2205 2856 2314 2897 non
2343 2842 2539 2912 patitur
2562 2839 2685 2896 libri
2716 2840 3026 2910 posterioris
3055 2841 3373 2912 principium
3391 2842 3492 2915 (l).
3520 2844 3579 2900 ln
3607 2845 3803 2916 quibus

2202 2934 2354 3007 libris
2407 2933 2623 2990 tametsi
2649 2937 2757 2990 sint
2777 2948 2897 3005 qua:
2920 2934 3202 2992 videantur
3219 2938 3490 3005 erroribus
3505 2939 3803 2997 Montanis-

2204 3036 2374 3084 tarum
2402 3037 2762 3084 consentanea
2787 3068 2804 3094 ,
2842 3036 3018 3084 tamen
3059 3043 3160 3100 ego
3194 3028 3294 3085 hos
3319 3031 3489 3086 ausim
3529 3034 3706 3102 potius
3748 3034 3803 3089 in

2204 3135 2429 3176 numero
2455 3136 2643 3176 eorum
2669 3119 2941 3176 collocare
2983 3135 3119 3191 quos
3139 3131 3263 3178 ante
3282 3120 3421 3178 hanc
3441 3122 3803 3182 defectionem

2125 3226 2171 3290 ο
2206 3213 2535 3284 perscripsit.
2581 3212 2733 3281 Quod
2782 3213 2913 3269 mihi
2960 3214 3196 3287 primum
3243 3215 3453 3299 videtur
3495 3219 3803 3276 conﬁrmari

2202 3324 2270 3365 eo
2289 3349 2305 3375 ,
2332 3307 2472 3379 quod
2498 3323 2760 3379 nusquam
2790 3323 2948 3364 suum
2978 3306 3312 3366 Paracletum
3341 3309 3689 3370 Tertullianus
3717 3314 3803 3384 ja-

2197 3410 2311 3458 ctat
2336 3402 2387 3458 in
2411 3402 2572 3458 rebus
2602 3403 2688 3470 iis,
2720 3403 2773 3458 in
2798 3403 2997 3474 quibus
3025 3404 3250 3460 multum
3280 3407 3617 3463 auctoritatis
3644 3407 3803 3479 hujus

2200 3496 2355 3553 etiam
2384 3498 2630 3555 habitura
2663 3498 2911 3554 fuissent.
2941 3498 3205 3571 Namque,
3231 3510 3289 3557 ut
3314 3502 3416 3560 hoc
3439 3512 3576 3570 utar,
3600 3518 3718 3575 cap.
3743 3503 3797 3558 7.

2202 3590 2293 3647 lib.
2314 3590 2355 3647 Ι.
2378 3601 2631 3661 extrem.,
2667 3592 2753 3648 ubi
2782 3592 2952 3649 satius
2974 3608 3096 3649 esse
3124 3594 3359 3665 disputat
3387 3595 3571 3668 fugere
3603 3611 3796 3653 secun-

2200 3682 2296 3739 das
2324 3684 2567 3754 nuptias,
2598 3684 2803 3739 nullum
2833 3684 3031 3740 excitat
3057 3684 3403 3753 Paracletum,
3433 3703 3593 3758 quem
3621 3688 3800 3744 locum

2199 3789 2472 3845 nunquam
2502 3777 2860 3847 praetermittit
2885 3778 2938 3832 in
2968 3777 3119 3832 libris
3168 3778 3260 3849 qui
3286 3794 3317 3834 e
3344 3779 3798 3839 Montanistarum

2158 3876 2161 3883 λ
2200 3865 2481 3937 disciplina
2516 3867 2802 3938 prodiere;
2833 3869 2929 3924 sed
2960 3884 3119 3924 unam
3165 3869 3385 3928 adhibet
3425 3874 3799 3932 auctoritatem

2195 3957 2327 4015 disci
2336 3958 2494 4030 plinze
2516 3959 2774 4020 Ecclesia:
2790 3962 3098 4032 etApostoli
3122 3962 3316 4035 legem,
3334 3981 3439 4035 qua
3488 3967 3582 4038 qui
3609 3967 3692 4023 bis
3715 3968 3792 4041 (ἢ)

2251 4075 2296 4147 (1
2306 4073 2559 4141 )Ρνοα;ἱηιε
2569 4073 2667 4127 tibi.
2677 4113 2711 4129 ..
2732 4074 2851 4143 quid
2868 4075 3060 4140 fetan
3073 4080 3549 4143 statctterectandum
3562 4081 3623 4134 sit
3632 4093 3799 4147 prose-

2266 4200 2329 4267 (2)
2369 4202 2668 4267 Penpicue,
2693 4204 2785 4253 nisi
2810 4201 2967 4265 fallor,
2992 4203 3073 4254 hic
3095 4207 3259 4266 locus,
3285 4211 3337 4256 et
3362 4206 3487 4257 alter
3512 4205 3596 4258 ille
3621 4221 3650 4258 e
3675 4206 3799 4258 libro

2195 4262 2277 4313 de
2296 4262 2511 4317 Exltort.‘
2537 4264 2714 4321 castit.,
2739 4278 2786 4315 c.‘
2807 4267 2854 4316 7.
2883 4262 3149 4327 excitatus,
3175 4274 3231 4316 ut
3248 4262 3351 4318 alia
3383 4269 3533 4319 multa
3571 4283 3668 4319 non
3692 4276 3798 4320 tan-

2260 4340 2341 4401 m_,
2385 4328 2563 4401 docet,
2617 4328 2715 4378 ami
2754 4342 2864 4377 nam
2916 4329 3291 4401 christianornm
3334 4330 3603 4382 Ecclesiam
3650 4334 3800 4405 verba

2194 4337 2334 4438 Eun
2372 4389 2410 4438 Ι.
2446 4390 2573 4438 Tun.
2613 4343 2780 4438 lll.
2822 4389 2887 4438 de
2924 4390 3164 4438 Emscooo
3202 4408 3283 4438 mi:
3307 4407 3468 4438 νηαιιξε
3490 4402 3596 4438 aut...
3627 4408 3695 4438 sm
3716 4408 3800 4438 cp-

2235 4389 2334 4457 auli
2372 4389 2410 4439 Ι.
2445 4390 2573 4457 '_l_‘im_.
2613 4390 2698 4457 ll_l.
2734 4389 2780 4441 5.
2822 4389 3164 4457 de‘Episcopo
3201 4408 3283 4455 pta,
3307 4407 3468 4456 multa;
3490 4402 3596 4457 ἆνδρι
3627 4396 3802 4457 sicce-

2194 4452 2347 4524 pisse,
2372 4461 2427 4524 ut
2445 4452 2627 4524 Paulus
2643 4453 2706 4524 de
2729 4454 2959 4503 secundis
2970 4452 3231 4524 :doctorum
3249 4452 3432 4524 nuptiis
3452 4452 3651 4524 dixerit.
3678 4456 3800 4524 Nam

2196 4513 2247 4576 in
2271 4513 2353 4564 illo
2375 4514 2664 4576 Tertulliani
2688 4515 2812 4576 loco,
2832 4530 2943 4566 cum
2968 4517 3252 4567 interdictas
3274 4513 3361 4567 has
3376 4519 3712 4568 sacerdotibus
3737 4520 3798 4570 ν.

2196 4574 2256 4643 '_l'.
2275 4577 2511 4643 dixisset:
2542 4574 2755 4643 Christo,
2782 4574 2963 4643 inquit,
2988 4580 3273 4643 seruabatur
3293 4579 3419 4643 sicut
3438 4579 3486 4630 in
3510 4579 3718 4643 crctcris,
3733 4580 3801 4643 ita

2113 4628 2169 4689 D
2194 4635 2246 4715 in
2269 4628 2595 4715 istoquoque,
2621 4628 2754 4715 legis
2778 4628 3044 4715 plenitudo:
3060 4628 3203 4715 nde
3220 4628 3384 4715 igitur
3403 4628 3802 4715 'apigu'hisfiiéi

2194 4700 2304 4751 nius
2325 4699 2467 4767 cuiue
2491 4699 2789 4768 instructius
2816 4701 3165 4768 prtescribitur,
3190 4699 3335 4755 unius
3370 4699 3663 4768 nialrimonii
3694 4699 3800 4758 esse

2195 4762 2418 4834 oportere
2436 4801 2451 4825 ,
2475 4765 2559 4834 qui
2577 4762 2950 4834 .allegunturnin
2985 4764 3205 4834 ordinem
3242 4763 3609 4834 sacerdotalem.
3639 4770 3800 4834 Usque

2195 4825 2574 4895 adeoquosdum
2608 4825 2805 4895 memini
2835 4825 3070 4895 dignatas
3091 4827 3193 4895 loco
3222 4827 3453 4895 dejectos.
3498 4829 3591 4881 Ubi
3629 4825 3799 4895 neque

2195 4840 2318 4876 aaeo
2340 4840 2574 4938 quosdam
2608 4840 2805 4878 manum
2835 4840 3053 4893 atgamos
3091 4840 3193 4878 toco
3222 4840 3453 4895 dejectos.
3499 4840 3591 4881 UDt
3629 4844 3799 4894 neque

2194 4888 2297 4939 vult
2322 4890 2351 4937 il
2376 4892 2416 4962 is
2431 4890 2496 4939 de
2514 4890 2852 4962 sacerdotibus
2865 4888 3095 4962 intelligi,
3108 4893 3401 4962 qu-i_praeter
3415 4900 3624 4962 ignorem
3648 4894 3799 4962 etiam

2194 4953 2462 5016 meretrice
2497 4952 2703 5016 quadam
2732 4953 3029 5016 utebantur,
3047 4957 3105 5002 ut
3134 4952 3392 5005 videbatur
3430 4952 3723 5013 Heumanno
3745 4958 3796 5006 in

2194 5012 2483 5088 lirlila‘rung
2505 5012 2705 5088 μεθ’.
2730 5014 2799 5088 Τί*
2816 5019 2937 5076 part.
2964 5013 3047 5088 I_X.
3084 5030 3137 5088 ρ..
3161 5012 3471 5088 179ε-ιιθίιυιὲ
3496 5030 3634 5088 more
3658 5017 3797 5068 Mou-

2195 5078 2480 5144 tanistarum
2505 5076 2734 5139 loquitur.
2760 5077 2879 5144 Nam
2903 5084 3074 5144 contra
3086 5076 3797 5144 illamgﬂeumauniinterpre-

2073 5151 2121 5197 ’,κ
2193 5142 2438 5206 tationem
2475 5146 2659 5206 pugnat
2701 5140 2986 5206 universum
3036 5139 3324 5206 Tertulliani
3375 5139 3795 5206 consilitun,'qni

2195 5200 2326 5271 clare
2346 5197 2791 5271 dicitde-castrata
2825 5197 3020 5253 licentia
3039 5202 3217 5271 ξῳρὶιις
3239 5201 3472 5271 nubendi,
3501 5209 3553 5253 ct
3577 5197 3703 5271 cali.
3726 5197 3794 5256 'de

2191 5261 2373 5331 duplici
2400 5263 2508 5331 _Dei
2546 5260 2879 5331 dispositione,
2916 5277 3011 5331 una
3048 5260 3131 5331 illa
3148 5279 3161 5313 :
3185 5264 3387 5317 crescile
3421 5260 3469 5318 el
3500 5265 3794 5331 nutltiplica-

2329 5325 2523 5393 ,_altera
2549 5322 2817 5393 {Tempus
2825 5327 2933 5388 jam
2954 5324 3008 5377 in
3037 5324 3234 5379 collecto
3267 5335 3363 5389 est,
3392 5336 3510 5388 etc.,
3536 5322 3796 5393 qua'Deus

2191 5385 2499 5454 abolefacerit
2520 5385 2749 5452 priorem.
2776 5385 2951 5454 Neque
2974 5397 3331 5454 commemorat
3344 5385 3641 5442 Sententiam
3659 5391 3795 5442 Mon-

2193 5451 2384 5516 tanistis
2415 5451 2681 5516 propriam,
2718 5451 2819 5516 sed,
2853 5451 2949 5516 illis
2983 5460 3133 5516 atque
3167 5452 3427 5516 catholicis
3464 5467 3791 5505 communem.

2191 5512 2327 5580 Nam,
2352 5512 2559 5580 primum
2583 5515 2632 5563 in
2648 5514 2768 5580 locis
2782 5513 3021 5580 similibus
3050 5512 3167 5580 libri
3188 5515 3250 5565 de
3273 5517 3606 5580 Monogamia,
3632 5531 3674 5569 c.
3710 5517 3790 5568 11.

2192 5575 2435 5641 convincit
2470 5577 2792 5641 adversarios
2842 5575 3110 5641 iniquitatis
3137 5575 3473 5641 repetit-trum
3514 5581 3795 5641 nuptiarum

2193 5640 2288 5695 sic,
2313 5646 2371 5705 '_ut
2394 5651 2480 5689 eos
2502 5635 3238 5705 intentatrimoniuinpostulare
3268 5641 3401 5689 dicat
3424 5639 3487 5690 ab
3528 5635 3597 5691 iis'
3621 5638 3796 5705 quibus

2192 5713 2287 5771 non
2308 5696 2448 5772 liceat
2472 5699 2792 5772 talejiabere,
2813 5700 2876 5751 ab
2898 5696 3131 5772 Ιξρξξςεορο
3151 5712 3459 5772 monoglnia,
3474 5716 3516 5772 Ia
3544 5696 3798 5772 presbyte-

2192 5761 2263 5829 ris
2296 5770 2348 5829 et
2386 5761 2614 5829 Draconis
2651 5763 2872 5829 ejusdem
2915 5761 3236 5829 sacramenti,
3276 5761 3314 5814 ᾶ
3350 5761 3510 5817 viduis
3545 5761 3713 5824 etiam:
3748 5771 3799 5816 et

2190 5822 2350 5884 laicis,
2370 5834 2424 5877 et
2458 5827 2521 5875 ab
2563 5822 2794 5892 Apostolo
2820 5825 3131 5892 interdictas
3154 5822 3529 5892 argumentatur
3566 5822 3796 5892 nupti-:5,

2186 5894 2449 5953 propterea
2465 5888 2591 5952 quod
2608 5884 2761 5941 "totum
2779 5884 3003 5941 ordinem
3017 5884 3321 5953 ﬂectentem.
3345 5905 3416 5955 e.,
3428 5884 3802 5945 sacerdotes'de
