4106 6330
467 331 572 392 159

1533 339 1987 404 DISSEHTATIO
2023 346 2112 406 DE
2153 347 2339 408 VEltA
2379 351 2634 408 ᾹΞΪΑΤΕ

3659 361 3764 419 160

466 450 530 505 de
562 449 710 523 Fuga
748 449 800 506 in
841 453 1211 523 persecutione
1238 452 1475 526 placidus
1515 457 1604 514 ille
1649 475 1756 515 non
1800 460 1980 517 minus
2005 470 2060 518 et
2089 465 2140 524 Λ
2167 479 2287 520 rum
2315 505 2332 532 ,
2363 466 2554 538 quibus
2584 465 2861 522 ebrisuani
2887 481 2915 521 a
2946 465 3179 524 Deorum
3208 469 3502 530 cultoribus
3541 474 3763 543 objicie-

470 546 742 616 mitigatus
763 548 1180 604 commentarius
1202 550 1397 621 prodiit
1422 594 1438 618 ,
1468 552 1518 611 id
1544 569 1704 611 nemo
1735 555 1888 613 facile
1913 557 2062 614 dixe-

468 639 570 694 rit:
601 654 766 709 quare
790 639 856 695 ad
887 641 1048 697 alium
1077 652 1432 705 transeamus.
1555 677 1561 685 ~
2023 653 2026 656 ’

468 771 500 845 5
556 773 611 828 2.
643 803 715 815 —
742 773 894 830 Liber
931 778 994 832 de
1025 779 1254 835 vetandis
1305 780 1594 853 Virginibus
1619 825 1632 847 ,
1679 785 1765 851 qui
1809 796 1880 839 est
1915 784 2066 857 facile

767 868 1013 926 librorum
1043 870 1514 930 Montanisticorum
1538 877 1750 948 primus.

539 1002 637 1060 Est
667 1003 710 1058 is
735 1006 798 1060 de
817 1008 1043 1063 celandi;
1083 1008 1378 1084 Virginibus
1405 1013 1558 1080 liber,
1585 1032 1741 1086 quem
1768 1017 1832 1072 ad
1860 1018 2066 1087 primos

466 1109 711 1152 errorum
743 1097 976 1156 Montani
1024 1103 1212 1172 plenos
1263 1107 1532 1176 pertinere
1594 1124 1698 1163 non
1776 1110 2063 1167 admodum

466 1188 674 1246 dubito.
703 1190 841 1256 Nam
866 1194 934 1250 de
965 1195 1058 1250 illo
1086 1212 1185 1251 nos
1216 1198 1467 1254 luesitare
1498 1217 1602 1256 non
1644 1201 1770 1257 sinit
1799 1204 2063 1259 creberri-

468 1296 556 1336 ma
591 1281 848 1338 Paracleti
911 1302 1169 1358 novaque
1199 1289 1316 1358 ejus
1345 1291 1643 1362 disciplima
1674 1309 2038 1350 commemora

469 1373 583 1438 tio;
633 1383 688 1430 ut
733 1393 798 1447 ne
828 1393 1050 1434 necesse
1079 1382 1292 1451 quidem
1323 1384 1394 1437 sit
1435 1386 1514 1439 vel
1547 1387 1663 1440 libri
1694 1381 1848 1442 istius
1879 1389 2068 1443 simili-

439 1467 707 1523 'tudinem
769 1486 888 1525 cum
936 1472 999 1526 iis
1045 1473 1108 1528 de
1150 1474 1300 1529 Cultu
1340 1479 1681 1548 feminarum,
1731 1480 1820 1550 qui
1866 1490 1990 1535 sunt
2035 1492 2067 1537 'e

469 1561 912 1644 Montanistarum
976 1567 1293 1638 disciplina,
1353 1571 1436 1626 vel
1492 1573 1857 1629 obscuriorem
1911 1575 2066 1630 unius

468 1652 704 1725 conjugii
757 1657 850 1728 (c.
902 1660 955 1714 3.
992 1651 1405 1730 )"defcnsioneiu
1468 1665 1688 1721 referre.
1744 1667 1880 1735 Quid
1919 1669 2062 1723 enim

470 1747 557 1801 illa
610 1750 932 1819 signiﬁcatio
1002 1754 1410 1823 revelationum,
1467 1760 1691 1828 quibus,
1741 1747 1803 1815 iit
1856 1761 1928 1816 ait
1979 1760 2067 1815 ille

2165 557 2379 626 bantur,
2406 561 2732 616 mentionem
2753 560 3043 632 iniecisset,
3071 561 3368 633 ipse'etiam
3387 564 3759 634 Tertullianus,

2165 652 2264 721 qui
2282 653 2414 707 nihil
2445 653 2584 721 solet
2611 655 2863 710 omittere
2889 650 3096 710 caussa:
3136 672 3248 712 suae
3293 659 3611 728 proficuum,
3636 678 3760 718 cum

2166 744 2294 800 illud
2322 755 2693 816 argumentum
2722 749 2772 803 in
2803 749 2952 803 libris
2994 750 3056 804 de
3081 749 3234 805 Cultu
3263 754 3569 823 feminarum
3595 757 3764 811 nostri

2167 836 2428 892 similibus
2449 838 2779 906 adhibuerit,
2813 849 2992 896 tamen
3015 842 3103 897 hic
3132 858 3198 898 ne
3226 860 3334 898 uno
3355 845 3568 916 quidem
3598 849 3766 904 verbo

2169 944 2262 985 eas
2283 932 2354 985 ait
2383 922 2675 988 exstitisse'.
2703 935 2814 1000 Qua
2846 951 2909 990 ex
2937 951 2994 990 re
3020 936 3195 1007 colligi
3223 947 3420 1008 potest,
3449 955 3571 994 eum
3599 943 3770 1012 scrip-
3861 987 3877 992 -

2170 1031 2280 1076 tum
2311 1039 2429 1078 esse
2453 1033 2585 1091 tum,
2608 1040 2729 1080 cum
2757 1026 2955 1081 talibus
2981 1028 3134 1082 malis
3164 1046 3268 1083 non
3288 1041 3467 1086 essent
3491 1032 3768 1088 christiani

2169 1116 2432 1186 oppressi.
2457 1117 2614 1187 Atqui
2642 1133 2762 1173 cum
2783 1136 2904 1174 eum
2932 1119 3228 1194 dixerimus
3247 1124 3601 1194 compositum
3645 1141 3772 1183 esse

2170 1217 2452 1278 postquam
2507 1208 2855 1264 Tertulliauuc
2916 1227 2974 1266 se
3020 1193 3718 1287 Montanistisiadjunxerat
3752 1258 3767 1280 ,

2168 1313 2412 1381 apparet_
2465 1312 2702 1358 nostrum
2761 1304 2959 1359 librum
3037 1323 3141 1361 non
3197 1324 3355 1377 posse
3395 1311 3768 1381 antiquiorem

2169 1407 2290 1448 esse
2310 1372 2592 1460 aurioCC.,
2616 1397 2867 1466 quoniam
2895 1395 3265 1453 Tertulliauum
3289 1400 3417 1457 alibi
3443 1394 3772 1470 docebamns

2169 1500 2236 1541 eo
2261 1501 2404 1540 anno
2430 1487 2494 1541 ad
2521 1486 2867 1543 Montanistas
2899 1492 3214 1557 transiisse;
3245 1509 3420 1564 neque
3449 1496 3616 1549 multo
3644 1510 3772 1565 pos-

2172 1578 2420 1633 teriorem
2447 1579 2631 1643 etiam,
2661 1595 2780 1634 cum
2810 1597 2950 1636 anno
2976 1582 3130 1638 CCII.
3159 1586 3495 1643 calamitates
3525 1603 3552 1640 a
3578 1588 3771 1643 Severo

2169 1669 2414 1724 excitatze
2449 1670 2562 1741 jam
2599 1673 2840 1743 ceperint
2881 1674 3112 1729 initium.
3153 1675 3257 1732 Sed
3298 1669 3420 1732 eum
3450 1679 3643 1734 librum
3672 1695 3774 1734 no-

2173 1762 2368 1820 luimus
2408 1765 2548 1820 inter
2586 1767 2704 1821 illos
2745 1767 2950 1824 referre
2978 1812 2992 1836 ,
3033 1787 3261 1841 quorum
3297 1783 3429 1828 mtas
3469 1773 3772 1829 certissime

469 1853 518 1894 c.
582 1840 696 1905 17.,
752 1841 1014 1899 Dominus
1069 1847 1349 1902 Velaminis
1419 1850 1586 1919 spatia
1662 1861 1893 1907 metatus
1945 1852 2067 1908 est?
2096 1865 2143 1927 Β
2170 1867 2441 1930 constaret
2481 1867 2798 1927 prepterea,
2841 1860 2983 1930 quod
3023 1840 3378 1931 conjectando
3410 1865 3578 1936 magis
3603 1881 3766 1936 quam

469 1931 606 1999 Quid
675 1935 882 1990 novitas
945 1940 1336 2006 correctionis,
1373 1938 1538 2012 ‘quam
1607 1942 1725 2014 lege
1791 1943 1911 2000 lidei
1961 1945 1977 2015 (
2011 1945 2062 2000 in

473 2023 732 2095 Symbolo
764 2029 1061 2095 apostolico
1100 2033 1511 2102 comprehensa)
1544 2046 1792 2091 manente
1813 2079 1826 2099 ,
1871 2047 2064 2092 ca:tera

388 2108 390 2110 ’
469 2116 766 2188 disciplina:
798 2133 851 2176 et
878 2127 1337 2190 conversationis,
1371 2138 1628 2196 aperante
1672 2140 1725 2186 et
1757 2131 2066 2200 proliciente

470 2216 739 2289 usque‘iu
789 2217 948 2273 finem
981 2220 1150 2290 gratia
1213 2222 1323 2285 llei,
1349 2221 1632 2278 admittant
1665 2222 1684 2297 (
1712 2240 1759 2279 e.
1792 2242 1828 2280 1.
1857 2224 1903 2294 )?
1926 2225 2065 2293 Quid

471 2307 561 2363 ille
627 2307 970 2375 Paret-lctus,
1023 2327 1181 2384 quem
1257 2315 1461 2369 miserit
1509 2317 1794 2381 Dominus,
1830 2329 1886 2372 ut
1939 2335 2069 2388 pau-

471 2398 620 2455 latim
665 2401 988 2472 dirigcrctur
1032 2416 1085 2459 et
1114 2405 1180 2460 ad
1223 2405 1516 2475 perfectum
1571 2411 1954 2479 perduceretur
1981 2411 2066 2466 di-

470 2493 693 2563 sciplina
744 2494 965 2567 (ibid.)?
995 2497 1134 2566 Quid
1185 2501 1455 2555 enarratio
1504 2510 1718 2556 celatum
1769 2503 2066 2576 disciplina:
2117 2515 2123 2522 ‘

470 2584 800 2652 ειη-1811³11111,
833 2591 884 2642 111
915 2590 1329 2660 quibusjustitia
1361 2592 1579 2648 demum
1614 2610 1707 2662 per
1739 2594 2068 2660 Paracletum

472 2680 840 2748 componenda
876 2684 946 2736 sit
977 2683 1028 2737 in
1060 2686 1459 2741 maturitatem?
1486 2687 1647 2756 Quid,
1679 2689 1916 2759 inquam,
1953 2691 2070 2748 haec

469 2773 649 2828 Omnia
679 2775 858 2842 aliud,
891 2792 1048 2846 quam
1082 2777 1454 2833 Tertullianunt
1483 2780 1716 2836 Montani
1746 2783 2067 2855 discipulum

473 2868 772 2922 testantur?
797 2869 900 2925 Sed
931 2875 1104 2941 neque
1130 2874 1256 2927 illud
1287 2876 1454 2944 magis
1481 2876 1765 2932 obscurum
1794 2889 1872 2934 est
1901 2921 1915 2944 ,
1965 2880 2073 2950 pri-

470 2973 616 3012 mum
649 2957 792 3016 hunc
842 2963 954 3017 fere
1003 2966 1186 3019 1111111111
1215 2981 1360 3020 ‘esse
1413 2985 1570 3039 quem
1602 2971 1919 3040 conjunctus
1949 2988 2068 3029 cum

473 3049 807 3106 Montanistis
851 3055 1100 3111 ediderit.
1145 3057 1386 3130 Namque
1415 3103 1429 3125 ,
1483 3075 1538 3116 ut
1584 3064 1652 3117 ab
1699 3065 1802 3120 huc
1847 3066 2067 3136 ordiar,

472 3143 649 3197 tmllus
681 3143 793 3201 fere
822 3157 901 3202 est
929 3148 1070 3204 inter
1096 3163 1288 3206 omnes
1311 3153 1427 3222 ejus
1458 3153 1859 3213 Montanisticos
1889 3159 2023 3214 liber
2051 3203 2067 3227 ,

2169 1949 2421 2005 adhibitis
2459 1951 2777 2006 certissimis
2815 1955 3302 2026 argumentis,ejus
3342 1967 3627 2027 potuerunt
3667 1973 3768 2013 na-

2172 2046 2304 2100 tales
2326 2045 2598 2099 constitui.

2171 2179 2198 2252 §
2249 2181 2303 2235 5.
2333 2211 2401 2220 —-
2429 2179 2580 2235 Liber
2624 2180 2686 2234 de
2728 2179 3100 2238 Exliortatione
3139 2183 3396 2239 Castitatis
3440 2199 3577 2239 anno
3601 2156 3759 2240 .201.

2848 2285 3022 2330 exarat
3029 2294 3086 2331 ιω
3094 2320 3106 2331 .

2242 2409 2424 2481 Neque
2451 2426 2576 2467 vero
2606 2413 2676 2466 ita
2705 2411 2874 2467 multo
2903 2419 3020 2480 post
3050 2408 3236 2480 scripti
3269 2407 3520 2464 videntur
3546 2407 3664 2463 libri
3691 2407 3724 2462 ii
3749 2443 3766 2472 ,

2171 2501 2366 2572 quibus
2412 2501 2736 2558 domesticas
2785 2502 3226 2557 Montanislarum
3267 2501 3534 2556 doctrinas
3569 2515 3600 2554 a
3629 2515 3768 2555 con-

2175 2601 2376 2662 temptu
2404 2605 2458 2649 et
2485 2595 2684 2666 impetu
2715 2596 2996 2650 contraria:
3026 2594 3189 2663 partis
3227 2593 3498 2648 vindicare
3524 2592 3724 2647 studuit
3753 2633 3770 2659 ,

2171 2686 2359 2756 quales
2389 2699 2514 2742 sunt
2539 2689 2604 2742 de
2635 2688 3001 2742 Exhortatiouc
3029 2686 3295 2750 castitatis,
3329 2684 3392 2738 de
3417 2683 3771 2761 Monoyamia,

2173 2777 2236 2832 de
2262 2778 2520 2849 Jejuniis,
2574 2780 2733 2848 deque
2775 2778 3039 2833 Pudicitia
3077 2777 3581 2833 commentationes.
3630 2777 3777 2844 Quas

2173 2884 2294 2925 esse
2320 2886 2510 2926 omnes
2546 2873 2731 2942 plenas
2769 2886 3012 2925 errorum
3067 2868 3338 2936 Montani,
3367 2881 3528 2923 nemo
3552 2875 3636 2922 est
3673 2865 3769 2936 qui

2174 2962 2491 3025 dubitet;et
2521 2978 2614 3018 eas
2658 2963 2757 3017 hoe
2805 2962 2917 3017 fere
2964 2972 3226 3032 tempore,
3279 2962 3332 3013 li.
3376 2977 3427 3015 e.
3480 2960 3580 3015 sub
3611 2959 3779 3014 initiis

2175 3054 2515 3109 Montanismi
2569 3053 2807 3125 Septimii
2845 3055 3146 3126 prodiisse,
3199 3052 3431 3108 dubitari
3472 3052 3560 3106 vix
3607 3050 3781 3120 magis

2178 3158 2368 3219 potesu
2400 3148 2550 3216 Quod
2597 3159 2906 3218 utrumque,
2934 3148 3174 3219 singulos
3215 3147 3312 3201 hos
3341 3147 3508 3201 libros
3556 3160 3781 3215 percur-

472 3238 525 3293 in
553 3255 660 3310 quo
683 3242 944 3310 majorem
975 3245 1080 3298 vim
1109 3245 1362 3301 adhibeat
1393 3248 1457 3302 ad
1486 3249 1876 3306 defendendam
1917 3253 2068 3308 disci-

2176 3241 2374 3309 reutlo,
2407 3243 2637 3298 breviter
2664 3243 2976 3298 docebimus
2997 3283 3010 3307 ,
3035 3242 3116 3312 ne
3154 3240 3268 3295 hare
3298 3250 3496 3294 nostra:
3523 3239 3773 3308 scriptio-

473 3329 670 3399 plinam
699 3331 1145 3413 Montanistarum
1174 3352 1202 3390 a
1231 3339 1383 3410 culpa
1411 3342 1661 3398 novitatis
1685 3385 1699 3406 ,
1730 3359 1888 3413 quam
1938 3345 1982 3399 is
2003 3344 2071 3403 de

469 3437 577 3493 quo
601 3425 879 3495 qua'ritur,
913 3412 1174 3498 imprimis
1222 3440 1356 3485 seet.
1405 3433 1457 3487 1.
1486 3434 1575 3498 2.;
1621 3412 1763 3504 quod
1791 3445 1937 3491 certe
1976 3436 2071 3492 dat

471 3513 650 3570 locum
701 3518 1008 3597 suspicaudi
1063 3538 1168 3576 non
1221 3523 1399 3595 itu-pte
1455 3524 1824 3581 Tertulliunum
1882 3527 2067 3597 hunc,

469 3622 628 3678 quam
649 3595 874 3678 primum
895 3601 953 3668 se
968 3612 1305 3670 Montanistis
1319 3616 1382 3669 ad
1384 3619 1656 3686 jmixerat,
1677 3622 2066 3686 composuisse,

470 3716 528 3758 ut
558 3706 763 3762 crimen
812 3724 842 3762 a
865 3723 949 3764 .se
995 3693 1251 3766 novarum
1300 3728 1480 3768 rerum
1513 3725 1834 3770 removeret.
1879 3715 1987 3771 Nec
2016 3715 2069 3772 in

469 3797 580 3851 ullo
607 3798 710 3852 alio
736 3801 906 3870 magis
931 3797 1144 3862 videtur
1172 3801 1498 3858 Puracletunt
1526 3805 1747 3876 ejusque
1774 3807 2069 3878 disciplina:

468 3892 706 3948 divinam
743 3894 1345 3969 originemulefendere,
1385 3899 1483 3952 nisi
1516 3901 1566 3953 in
1593 3899 1693 3954 hoc
1721 3900 1876 3967 ipso;
1909 3917 2069 3971 quam

471 3999 576 4037 non
633 3984 794 4041 modo
834 3987 1155 4056 agnitionem
1201 3987 1458 4044 Paracleti
1487 4033 1502 4058 ,
1555 3993 1648 4046 sed
1702 3993 2070 4050 defensionem

470 4089 592 4129 cum
648 4075 773 4131 alibi
826 4077 999 4144 (adv.
1061 4079 1342 4146 Praxeam,
1393 4097 1442 4137 c.
1502 4083 1604 4154 l.)
1648 4084 1791 4140 dicat
1833 4102 1892 4143 se
1954 4087 2066 4142 dis-

465 4167 712 4239 junxissc
755 4183 786 4222 a
842 4168 1128 4240 Psyclticis,
1184 4172 1335 4226 facile
1383 4186 1467 4229 est
1511 4176 1802 4242 intellectu,
1827 4187 2069 4234 nostrum

471 4263 702 4330 librum,
750 4263 802 4317 in
843 4279 952 4334 quo
994 4265 1339 4322 vehementer
1383 4283 1506 4323 eum
1548 4271 1762 4339 quidem
1791 4272 2066 4340 defendit,

471 4355 612 4410 inter
643 4356 930 4424 primordia
979 4360 1258 4428 temporis
1285 4359 1354 4415 ab
1383 4362 1497 4430 ipso
1537 4363 1676 4432 apud
1723 4345 2074 4421 Montanistas

469 4448 573 4504 acti
601 4457 878 4504 exaratum
927 4449 1110 4506 fuisse.
1144 4455 1316 4522 Atque
1365 4454 1494 4508 illud
1543 4455 1849 4510 confirmari
1887 4457 2072 4512 multis

470 4541 804 4611 argumentis
832 4560 934 4598 non
970 4543 1341 4613 probabilitate
1371 4547 1642 4603 destitutis
1665 4559 1859 4619 potest.
1895 4550 2069 4604 I’ritno

471 4636 573 4691 sub
612 4636 715 4689 isto
756 4635 872 4705 ipso
913 4649 1154 4705 tempore
1192 4640 1374 4708 scripti
1413 4651 1539 4695 sunt
1577 4641 1695 4696 libri
1735 4643 1797 4696 de
1824 4642 1974 4696 Cultu
2003 4647 2072 4715 {e-

375 4749 383 4758 '
471 4731 749 4797 minarum,
794 4739 852 4786 ut
888 4731 991 4785 alio
1033 4731 1148 4785 loco
1186 4731 1591 4802 disputabamus
1616 4779 1628 4800 ,
1663 4736 1757 4790 isti-
1781 4752 1907 4791 vero
1937 4739 2072 4816 ejus:

471 4824 594 4880 dem
655 4822 822 4895 prope
879 4833 1006 4879 sunt
1063 4815 1183 4878 cum
1244 4835 1429 4880 nostro
1467 4831 1788 4898 argumenti.
1834 4815 2068 4897 Deinde,

471 4932 594 4972 cum
628 4918 848 4974 haberet
875 4918 1212 4976 occasionem
1245 4919 1374 4974 satis
1400 4931 1757 4992 Opportunam
1785 4922 2070 4979 invehendi

473 5011 719 5065 severius
749 5011 799 5065 in
822 5011 1134 5066 orthodoxa:
1164 5011 1418 5067 Ecclesia:
1448 5013 1782 5070 addictorum
1805 5057 1820 5081 ,
1853 5015 2075 5070 nonnul-

476 5102 649 5156 lurnm
679 5104 871 5159 saltem
892 5144 906 5168 ,
935 5105 987 5159 in
1015 5103 1257 5160 velantlis
1298 5105 1604 5176 Virginibus
1627 5102 2072 5164 Consuetudinem

475 5195 799 5249 contrariam
827 5211 938 5251 sua:
962 5240 975 5262 ,
1011 5207 1187 5254 tamen
1221 5198 1308 5254 hic
1356 5199 1525 5254 multo
1574 5201 1865 5257 modestius
1898 5202 2075 5274 11181111-

477 5294 590 5351 tat,
624 5303 783 5357 quam
836 5289 887 5342 in
943 5290 1064 5344 aliis
1130 5291 1220 5362 qui
1276 5302 1399 5347 sunt
1437 5293 1753 5348 orthodoxis
1798 5297 2072 5366 oppositi,

476 5379 618 5448 quod
644 5418 659 5441 ,
689 5379 790 5433 nisi
820 5381 960 5449 quod
988 5382 1247 5438 vellemus
1276 5383 1613 5453 admittatur,
1644 5397 1910 5456 conceptu
1933 5386 2075 5443 difli-

477 5469 578 5524 cilc
605 5483 729 5524 esse
757 5470 979 5541 quisque
1021 5472 1163 5529 dicet
1193 5516 1207 5538 ,
1259 5475 1350 5546 qui
1393 5475 1918 5536 vehementissimam
1950 5478 2075 5534 Ter-

477 5559 682 5614 tulliani
711 5560 762 5614 in
791 5560 1126 5619 defendendo
1157 5564 1514 5622 Montanismo
1557 5568 1720 5623 animi
1748 5571 2072 5626 commotio-

477 5669 600 5730 nem
660 5653 877 5711 aliunde
923 5656 1201 5714 intellexit.
1262 5659 1527 5730 Denique,
1579 5665 1788 5719 umietsi
1844 5657 2073 5722 multum

479 5748 773 5819 profuisset
798 5766 1024 5816 caussze,
1058 5753 1209 5822 cujus
1247 5754 1299 5808 in
1333 5755 1468 5808 libro
1489 5767 1674 5812 nostro
1703 5757 2073 5814 defensionem

479 5853 820 5919 susceperat,
851 5845 896 5910 si
923 5846 1286 5919 calamitatum
1335 5848 1663 5919 publicarum
1709 5861 1762 5917 et
1811 5852 2074 5930 periculo-

2177 3336 2260 3388 nis
2286 3349 2409 3404 pars
2432 3377 2446 3399 ,
2491 3337 2736 3403 quamvis
2765 3335 2832 3388 ab
2859 3335 2976 3388 aliis
3003 3334 3165 3389 etiam
3197 3343 3441 3395 tractata,
3471 3331 3768 3387 desiderari

2174 3425 2438 3480 videatur.
2468 3426 2600 3482 Sunt
2632 3444 2759 3482 vero
2786 3428 2891 3491 isti,
2920 3427 2964 3480 si
2997 3427 3330 3497 quid-video,
3363 3425 3553 3481 eodem
3580 3425 3774 3482 ordine

2175 3518 2336 3581 editi,
2370 3534 2477 3588 quo
2515 3533 2609 3572 eos
2651 3519 3058 3582 enarravimus;
3105 3517 3279 3580 itaut
3328 3518 3519 3571 horum
3568 3511 3778 3586 primus

2173 3613 2342 3669 videri
2368 3615 2532 3684 possit
2560 3615 2623 3678 is,
2649 3614 2736 3684 qui
2760 3622 2840 3669 est
2867 3614 2928 3666 de
2959 3613 3324 3667 Exhortatione
3373 3611 3639 3665 castitatis.
3673 3609 3780 3677 Qui

2173 3708 2387 3778 quidem
2413 3724 2516 3762 non
2550 3707 2782 3764 refertur
2811 3709 2878 3762 ab
2923 3706 3242 3778 Hieronymo
3292 3705 3480 3777 (Catal.
3519 3704 3772 3774 scriptor.

2147 3799 2325 3855 ~Ecel'.
2363 3815 2411 3854 c.
2449 3801 2562 3869 55.)
2616 3800 2667 3854 111
2710 3816 2934 3855 numero
2985 3800 3240 3854 librorum
3305 3814 3441 3868 quos
3491 3797 3780 3871 ad‘defen-

2175 3892 2350 3948 denda
2395 3892 2630 3946 Montani
2669 3894 2801 3947 scita
2848 3892 3195 3960 Tertullianus
3224 3891 3622 3961 composuerit;
3652 3899 3784 3944 sunt.

2174 3987 2334 4042 etiam
2383 3987 2433 4040 in
2484 3985 2584 4041 hoc
2628 3986 2768 4041 libro
2814 4003 2931 4056 qua-
2995 4003 3108 4061 rem
3163 4001 3267 4039 non
3314 3984 3444 4040 Satis
3487 3982 3780 4039 excutienti

2175 4079 2500 4150 persuadere
2547 4089 2801 4148 possent,
2839 4077 3070 4132 nondum
3112 4087 3222 4131 tum
3249 4076 3317 4131 de
3365 4077 3451 4131 illa
3491 4075 3775 4146 disciplina

2130 4163 2136 4168 ’
2175 4188 2296 4226 enm
2341 4172 2544 4226 fuisse:
2589 4171 2682 4226 sed
2723 4187 2784 4225 ea
2813 4173 3026 4241 quidem
3065 4182 3188 4224 sunt
3215 4170 3436 4225 leviora.
3467 4169 3598 4224 Nam
3635 4168 3778 4240 quod

2175 4263 2522 4334 Hieronymus
2548 4263 2600 4318 in
2644 4263 2818 4318 indice
2860 4263 3050 4317 horum
3078 4264 3335 4317 librorum
3388 4270 3629 4316 nostrum
3668 4277 3776 4317 non

2177 4357 2371 4412 habeat
2395 4399 2409 4422 ,
2446 4356 2606 4426 hujus
2637 4357 2713 4412 rei
2753 4367 2930 4428 potest
2974 4359 3090 4412 haec
3123 4357 3258 4412 ratio
3287 4370 3446 4420 esse,
3490 4353 3630 4424 quod
3668 4369 3778 4410 non

2175 4451 2402 4506 voluerit
2442 4465 2761 4505 enumerare
2817 4451 2916 4504 nisi
2945 4449 3112 4504 libros
3141 4465 3259 4516 eos,
3290 4464 3426 4520 quos
3471 4444 3778 4518 apponendi

2127 4539 2133 4546 ’
2175 4543 2490 4599 orthodoxis
2549 4543 2827 4597 consilium
2882 4541 3200 4596 Tertulliauo
3264 4541 3398 4607 fuit,
3442 4541 3488 4597 is
3541 4554 3673 4596 vero
3715 4539 3782 4594 de

2177 4635 2545 4691 Exltortatione
2603 4634 2850 4688 castitatis
2901 4634 3036 4689 liber
3074 4648 3180 4689 non
3220 4635 3285 4689 iis
3323 4633 3604 4704 oppositus
3643 4641 3726 4688 est
3753 4673 3769 4700 ,

2175 4729 2269 4786 sed
2311 4730 2544 4801 scriptus
2583 4727 2648 4782 ad
2687 4727 2988 4783 docendum
3032 4727 3256 4783 fratrem
3320 4729 3503 4783 nescio
3571 4740 3729 4799 quem
3760 4766 3777 4793 ,

2175 4841 2334 4894 quem
2369 4839 2475 4877 non
2535 4830 2640 4876 tam
2681 4819 2962 4875 confutare
2999 4819 3067 4874 de
3109 4821 3310 4890 nuptiis
3350 4819 3658 4889 repetendis
3696 4832 3784 4872 co-

2176 4917 2430 4988 gitantem
2475 4913 2682 4982 voluit,
2728 4929 2886 4984 quam
2917 4912 2986 4968 ad
3016 4912 3342 4968 omittendas
3401 4914 3532 4971 istas
3582 4911 3782 4966 adhor-

2190 5009 2310 5065 tari.
2362 5009 2629 5063 Prmterea
2671 5022 2778 5062 non
2818 5007 3066 5078 equidem
3098 5007 3338 5072 inticior,
3378 5008 3509 5061 satis
3551 5006 3635 5061 l;ic
3663 5021 3780 5061 mc-

2178 5101 2364 5156 destim
2393 5111 2446 5157 et
2489 5101 2608 5170 plus
2648 5116 2948 5173 esse_quam
2975 5101 3026 5155 in
3054 5101 3268 5156 czetcris
3290 5143 3304 5168 ,
3335 5101 3427 5170 qui
3476 5094 3776 5155 doc:rinam

2177 5197 2407 5272 ajiquam
2467 5195 2908 5266 Montanistarnm
2973 5195 3289 5265 diSputant,
3373 5196 3550 5266 ipsum
3613 5195 3773 5250 etiam

2179 5288 2550 5343 Tcrtullianum
2607 5288 2658 5343 iu
2700 5288 2800 5342 hoc
2855 5287 2993 5343 libro
3044 5288 3277 5345 suadere
3315 5290 3485 5360 magis
3521 5298 3594 5343 et
3650 5287 3780 5343 utile

2179 5379 2571 5450 honestumque
2627 5379 2808 5436 dicere
2853 5396 3015 5435 unum
3069 5379 3413 5452 conjugium,
3457 5397 3616 5452 quam
3654 5393 3780 5450 pcr-

2181 5475 2368 5530 fcctam
2398 5471 2918 5529 intermittendarum
2949 5472 3305 5528 secundarum
3340 5473 3647 5544 nuptiarum
3678 5487 3779 5528 nc-

2179 5567 2484 5623 cessitatem
2535 5565 2854 5632 defendere;
2917 5565 3059 5621 unde
3104 5566 3360 5636 colligere
3393 5567 3514 5638 quis
3554 5575 3776 5639 posset,

2179 5675 2300 5715 eum
2327 5640 2614 5715 inclinasse
2637 5658 2776 5714 forte
2799 5701 2814 5726 ,
2859 5657 2954 5712 sed
2987 5673 3086 5715 nec
3134 5667 3243 5712 tum
3285 5672 3347 5715 se
3377 5659 3680 5730 applicasse
3711 5658 3782 5714 ad

2181 5763 2358 5825 partes
2388 5744 2831 5808 Montanistardm
2855 5791 2868 5814 ,
2898 5749 3349 5819 quemadmodum
3379 5760 3435 5806 et
3471 5750 3599 5806 illud
3638 5752 3690 5804 in
3719 5750 3785 5804 li-

2183 5847 2400 5911 bris.ad
2433 5845 2656 5904 Uxorem
2697 5843 2944 5930 superius
2972 5842 3228 5905 diximus.
3273 5843 3339 5906 At
3371 5843 3472 5915 ista
3516 5841 3781 5912 modestia
