4106 6330
288 331 394 386 Ιῦί

1182 325 1292 416 VAC
1333 327 1674 389 DOCTRINA
1714 328 2148 390 SCRIPTORUM
2186 322 2675 386 TERTUILIANI.

3491 319 3596 379 162

279 446 630 516 tacilitasque
671 441 789 514 ejus
821 449 1042 514 apparet
1085 414 1244 499 etiam
1291 447 1343 502 in
1388 449 1506 504 aliis
1556 450 1706 506 libris
1749 451 1891 505 haud
1927 451 1976 509 Α
2003 448 2194 512 tuales,
2218 448 2286 502 ita
2309 406 3258 517 prapteragnitionemcharismatum
3277 437 3600 510 appellatos,
3657 439 3674 450 '

283 547 461 604 dubie
498 556 741 614 tempore
787 556 855 598 eo
890 542 1134 612 scriptis,
1180 559 1286 614 quo
1323 543 1432 615 jam
1476 562 1536 603 se
1589 547 1894 619 disciplima

288 639 544 696 Montani
573 636 898 702 dediderat,
943 646 995 690 et
1035 635 1348 692 admiranda
1391 655 1496 696 non
1537 641 1696 696 nimis
1733 650 1815 696 cst
1850 640 1902 694 in

287 734 439 790 libro
483 732 616 797 tali,
649 731 741 801 qui
777 739 861 785 est
897 729 1066 784 instar
1095 729 1339 800 cpistola:
1381 735 1666 799 suasoriat,
1699 738 1753 789 in
1799 751 1906 806 qua

289 827 547 882 solemus
564 824 636 878 uti
661 820 1016 878 summissiori
1046 823 1358 894 placidaque
1376 824 1632 893 dictione,
1651 841 1714 882 ac
1731 827 1902 897 scrip—

291 927 386 974 tus
415 917 632 972 videtur
659 930 764 970 non
801 915 868 970 ad
899 914 1132 984 aliquem
1179 915 1623 974 Montanistarum
1651 961 1664 984 ,
1699 921 1787 990 qui
1819 933 1910 974 se-

295 1011 525 1067 veriore
549 1008 828 1079 disciplina
861 1008 1229 1065 delectabatur
1248 1051 1263 1075 ,
1293 1012 1388 1068 sed
1419 1013 1484 1068 ad
1509 1015 1794 1084 quemdam
1840 1013 1909 1071 de

295 1101 552 1159 Ecclesia
608 1101 1030 1156 ortltodoxorum
1094 1099 1389 1157 hominem.
1451 1102 1616 1173 Cujus
1675 1105 1751 1159 rei
1803 1120 1908 1159 non

297 1197 545 1268 obscura
575 1205 657 1251 est
681 1192 1038 1265 inprincipiis
1065 1193 1183 1249 libri
1211 1194 1549 1266 signiﬁcatio.
1580 1197 1666 1252 ubi
1693 1197 1911 1253 fratrem

298 1289 460 1344 illum
506 1287 582 1342 ait
609 1287 727 1342 sine
767 1284 1020 1349 dubiode
1055 1286 1194 1339 exitu
1236 1287 1604 1358 singularitatis
1634 1289 1715 1358 (lt.
1763 1306 1813 1344 e.
1846 1290 1914 1346 de

301 1379 680 1439 reataurandis
725 1379 950 1450 nuptiis)
999 1381 1259 1451 cogitare;
1289 1380 1430 1450 quod
1474 1382 1612 1436 haud
1660 1383 1773 1437 scio
1799 1424 1815 1446 ,
1845 1398 1914 1438 an

301 1489 417 1529 non
441 1472 602 1527 cadat
628 1471 680 1526 in
707 1486 830 1526 cum
879 1471 968 1541 qui
997 1485 1118 1525 cum
1147 1471 1482 1528 Montanistis
1513 1488 1618 1528 non
1652 1473 1916 1545 legitimas
1957 1496 1959 1499 τ

314 1565 548 1647 putabat
598 1567 862 1620 secundas
906 1565 1140 1636 nuptias.
1175 1565 1358 1634 Neque
1385 1580 1482 1638 ego
1527 1567 1714 1636 ignoro
1761 1583 1916 1624 scru-

301 1662 502 1731 pulum
534 1658 846 1714 Tillemontii
874 1660 934 1729 (l;
966 1675 1018 1718 c.
1053 1674 1103 1729 p.
1137 1658 1316 1731 202.),
1345 1660 1433 1730 qui
1464 1671 1518 1717 et
1546 1677 1791 1732 magnam
1818 1663 1918 1718 sibi

304 1753 469 1824 ﬁngit
521 1752 662 1807 inter
705 1751 846 1806 hunc
892 1760 946 1806 ct
989 1752 1052 1806 de
1093 1750 1424 1823 Monogamia
1472 1754 1916 1808 commentarium

2005 539 2236 606 denique
2288 539 2340 594 in
2368 534 2740 608 impugnandis
2788 532 3038 588 secundis
3077 532 3275 602 nuptiis
3319 542 3602 590 consumat

2010 632 2314 686 universum
2343 673 2358 697 ,
2410 645 2515 683 non
2563 640 2781 682 necesse
2845 633 2928 686 est
2975 625 3157 680 multis
3209 623 3356 679 hunc
3401 624 3596 680 librum

2009 736 2252 777 asserere
2280 717 2685 775 Illontaoisticis.
2716 708 2822 772 Sed
2853 716 3064 786 paulum
3107 717 3255 784 juvat
3294 717 3345 771 in
3388 725 3602 787 tempus

2011 818 2195 886 scripti
2217 816 2376 888 hujus
2395 815 2766 875 commentarii
2791 814 3080 886 inquirere.
3104 813 3235 870 Cum
3255 813 3402 868 illum
3425 813 3602 870 locum

2015 907 2172 964 Pauli
2236 924 2343 980 quo
2409 908 2783 964 abstinentiam
2834 923 2863 961 a
2910 907 3106 976 nuptiis
3153 906 3342 961 suadet
3389 915 3608 976 propter

2015 1002 2264 1073 injuria‘tn
2295 1001 2434 1056 illius
2462 1002 2739 1070 temporis,
2769 998 3126 1071 quosuhjecti
3151 997 3427 1054 christiani
3453 1006 3609 1053 erant

2017 1093 2373 1170 periculorum
2440 1097 2821 1168 perpetuitati,
2852 1094 3200 1150 Tertullianus
3229 1094 3293 1148 ad
3363 1107 3608 1149 caussam

2022 1207 2175 1245 suam
2230 1190 2618 1253 cotttorsisset,
2662 1189 2823 1259 magis
2871 1203 3043 1252 nunc,
3099 1186 3278 1251 addit,
3311 1195 3508 1255 tempus
3557 1186 3613 1239 in

2017 1283 2228 1338 collecto
2272 1294 2343 1338 est
2386 1283 2404 1354 (
2448 1298 2498 1338 c.
2545 1283 2599 1337 5.
2627 1281 2647 1352 )
2675 1324 2690 1350 ,
2725 1295 2899 1348 neque
2953 1279 3034 1334 his
3093 1280 3220 1350 ipsis
3285 1278 3466 1334 verbis
3517 1278 3616 1333 ob-

2023 1391 2179 1432 scure
2219 1376 2485 1446 signiﬁcat
2525 1391 2770 1445 magnam
2822 1381 3190 1443 tempestatem
3241 1361 3612 1428 calamitatum

2021 1478 2133 1524 tum
2159 1509 2172 1534 ,
2204 1484 2324 1524 cum
2368 1468 2436 1523 de
2481 1467 2816 1537 monogamia
2857 1466 3155 1531 scriberet,
3184 1466 3260 1519 -in
3289 1465 3613 1520 cltriStianos

2023 1562 2261 1618 irruisse.
2294 1561 2445 1629 Quod
2473 1560 2680 1615 etiamsi
2707 1560 2827 1630 quis
2877 1559 3080 1613 diceret
3116 1558 3276 1613 etiam
3301 1557 3405 1612 dici
3432 1573 3462 1612 a
3486 1555 3612 1611 Ter-

2025 1657 2240 1710 tulliano
2275 1654 2512 1725 potuisse
2556 1653 2698 1708 nulla
2749 1649 2922 1706 adhuc
2973 1651 3278 1707 calamitate
3329 1651 3534 1722 publica
3565 1650 3619 1706 itt

2025 1748 2347 1804 christianos
2372 1748 2633 1802 existente
2658 1788 2672 1815 ,
2705 1745 2831 1800 illud
2858 1756 3033 1801 tamen
3060 1746 3227 1800 multo
3255 1755 3338 1801 est
3363 1743 3616 1815 probabi-

306 1819 841 1908 dissimilitudinetn,
870 1859 990 1914 qua:
1013 1843 1154 1898 nulla
1189 1819 1299 1900 fere
1321 1855 1404 1901 est
1435 1857 1578 1902 recte
1602 1831 1915 1915 attendenti,
1951 1819 1997 1878 Β
2029 1842 2130 1898 lius
2185 1852 2464 1912 propterea
2507 1840 2646 1912 quod
2673 1840 2960 1895 admodum
2988 1840 3238 1895 credibile
3266 1851 3345 1895 est
3371 1883 3386 1907 ,
3412 1839 3624 1894 Tertul-

305 1951 369 1994 ct
398 1939 727 2009 prmteritam
755 1937 968 1993 silentio
988 1936 1226 1992 Montani
1243 1941 1556 1996 memoriam
1576 1941 1822 1998 miratur.
1856 1943 1923 1996 At

310 2049 385 2088 ne
425 2031 697 2105 appellem
751 2032 897 2097 illum
928 2031 1138 2101 locum,
1182 2049 1340 2102 quem
1370 2051 1474 2090 non
1512 2051 1826 2106 expressum
1869 2037 1922 2092 in

309 2126 469 2182 libris
511 2127 710 2180 nostris
755 2123 1008 2196 Rigaltius
1053 2124 1146 2196 (in
1180 2135 1290 2180 not.
1344 2126 1411 2181 ad
1454 2127 1506 2181 lt.
1551 2128 1590 2182 l.
1649 2133 1699 2198 p.
1752 2130 1923 2202 II4.)

310 2219 586 2283 restituit,
622 2223 674 2272 in
716 2233 1076 2286 ql10~~8lllllmtn
1125 2215 1418 2285 Priscillae,
1470 2221 1607 2275 vatis
1635 2221 1924 2278 Montanis-

314 2313 441 2366 ticat
470 2355 486 2376 ,
536 2312 719 2365 laudes
763 2311 1138 2375 continentur,
1178 2298 1305 2366 non
1340 2311 1526 2368 fuisset
1555 2314 1848 2400 prudentia:
1878 2317 1925 2372 ei

315 2405 546 2459 laudare
575 2402 912 2470 Montanum,
963 2404 1050 2473 qui
1102 2403 1385 2474 repudiare
1427 2405 1542 2474 ejus
1586 2405 1924 2477 disciplinam

314 2495 625 2550 videbatur.
654 2494 758 2549 Sed
787 2497 831 2548 si
861 2509 963 2565 qua
989 2505 1070 2548 est
1097 2495 1256 2549 etiam
1287 2495 1390 2549 alia
1419 2494 1682 2551 dubitatio
1707 2539 1721 2561 ,
1781 2497 1930 2552 omni

324 2589 405 2644 illi
434 2587 635 2658 opponi
669 2595 863 2658 potest,
889 2601 992 2641 non
1015 2573 1187 2641 solum
1213 2602 1440 2650 summa,
1466 2588 1624 2644 etiam
1653 2589 1720 2644 ad
1743 2592 1926 2657 verba,

321 2680 630 2738 similitudo
668 2695 789 2735 cum
819 2680 955 2735 libro
982 2681 1046 2734 de
1077 2679 1408 2752 Monogamia
1430 2723 1444 2745 ,
1475 2697 1634 2752 quem
1668 2681 1781 2737 fore
1809 2684 1929 2738 libri

322 2775 504 2830 nostri
558 2764 743 2843 posses
789 2772 971 2828 dicere
1034 2780 1341 2845 παράφρασιν
1374 2792 1387 2839 ;
1418 2775 1510 2830 sed
1573 2792 1782 2847 quoque
1832 2777 1926 2842 id,

319 2868 472 2940 quod
519 2877 604 2922 est
655 2882 705 2922 c.
763 2866 796 2922 6
830 2884 843 2921 :
883 2866 1016 2921 Deus
1065 2868 1118 2920 in
1170 2869 1452 2937 primordio
1508 2879 1776 2924 sementem
1843 2887 1932 2941 ge-

241 3008 254 3016 .
322 2961 467 3026 neris
510 2961 671 3014 emisit
714 2959 928 3013 indultis
970 2961 1324 3030 coujugforum
1353 2961 1582 3029 habenis,
1606 2961 1763 3016 donec
1785 2979 1932 3016 num-

325 3053 425 3107 dus
467 3043 782 3122 repleretur,
823 3053 983 3106 donec
1021 3068 1162 3106 nova:
1199 3052 1485 3123 disciplina:
1523 3056 1736 3109 materia
1774 3058 1931 3126 pro/i-

330 3155 517 3207 ceret;
575 3161 711 3197 nunc
753 3159 866 3197 vero
903 3143 994 3197 sub
1032 3145 1428 3200 extremitatibus
1466 3156 1748 3216 temporum
1791 3164 1929 3202 com-
1961 3180 2004 3242 C

327 3238 521 3309 pressit
566 3237 701 3309 quod
749 3239 1016 3301 emiserat,
1069 3248 1114 3291 et
1172 3239 1416 3292 revocavit
1456 3241 1592 3308 quod
1630 3239 1930 3296 indulserat.

327 3329 520 3399 Neque
566 3345 691 3383 vero
737 3339 822 3385 est
867 3346 896 3383 a
944 3329 1164 3384 veritate
1211 3331 1381 3400 magis
1420 3331 1692 3399 alienum,
1740 3333 1932 3388 librum

331 3431 583 3478 nostrum
625 3421 736 3477 fere
783 3422 1014 3492 primum
1045 3422 1225 3478 dicere
1255 3439 1441 3478 eorum
1461 3467 1474 3487 ,
1507 3440 1730 3494 quorum
1763 3427 1932 3497 ipsum
1976 3418 1983 3424 ’

331 3524 713 3586 argumentum
740 3526 984 3569 versatur
1031 3514 1084 3568 in
1115 3513 1464 3570 defendendis
1493 3515 1934 3572 Montat‘tistarutn

333 3607 631 3662 erroribus.
662 3604 796 3660 Nam
827 3607 889 3661 de
920 3605 1249 3679 Monogamia
1279 3608 1475 3664 librum
1509 3625 1612 3664 non
1652 3625 1936 3679 possumus

336 3698 722 3763 eodeni.,cum
759 3708 986 3766 nostro,
1039 3710 1281 3771 tempore
1324 3702 1581 3774 scriptum
1628 3705 1936 3760 existimare

333 3789 812 3862 prOptercaquod,
844 3792 919 3845 uti
971 3791 1305 3860 dicebamus,
1338 3803 1419 3848 est
1452 3810 1673 3864 prorsus
1695 3797 1934 3866 ejusdem

328 3882 656 3952 argumenti.
691 3882 892 3938 Deinde
917 3893 1156 3938 nostrum
1181 3884 1393 3940 videtur
1422 3885 1768 3944 Tertullianus
1792 3890 1938 3959 prius

329 3973 619 4044 scripsisse
644 4016 659 4040 ,
689 3990 851 4045 quam
883 3976 1027 4030 illum
1054 4016 1069 4041 ,
1101 3976 1213 4045 qui,
1246 3979 1288 4031 si
1310 3978 1423 4047 jam
1455 3980 1771 4046 exstitisset,
1805 3995 1932 4036 cum

328 4082 394 4122 se
415 4065 487 4122 ad
506 4076 744 4121 nostrum
762 4066 1101 4129 scribendum
1129 4069 1450 4139 accingeret,
1479 4072 1643 4125 nostri
1667 4072 1938 4130 scribendi
1964 4055 1970 4061 ’

329 4159 490 4214 nulla
513 4157 801 4214 necessitas
830 4158 1057 4222 fuisset,
1112 4159 1205 4215 sed
1237 4161 1452 4216 fratrem
1483 4162 1627 4217 illum
1680 4164 1942 4235 potuisset

330 4256 402 4312 ad
439 4256 885 4311 commentarium
928 4256 992 4310 de
1020 4255 1348 4328 Monogamia
1416 4268 1664 4330 tanquam
1719 4259 1786 4314 :td
1844 4275 1940 4330 pu-

330 4347 478 4406 blice
507 4347 703 4404 editam
729 4348 1144 4438 disputationem
1168 4351 1462 4407 remittere.
1493 4350 1598 4408 Sed
1627 4363 1869 4409 nostrum
1893 4355 1940 4409 si

334 4443 492 4515 prius
550 4440 808 4510 scriptum
866 4455 987 4496 esse
1039 4441 1364 4498 arbitremur
1391 4485 1404 4507 ,

1483 4458 1588 4498 non
1647 4453 1852 4514 poterat
1897 4446 1941 4501 is
1957 4503 1972 4515 ,

2028 1933 2221 1988 (ianum
2255 1935 2434 2000 statim
2461 1933 2561 1988 sub
2605 1932 2812 1987 initium
2857 1933 3084 2002 suscepti
3127 1931 3467 2005 Montanismi
3505 1931 3624 1986 auio

2030 2046 2176 2084 mum
2229 2029 2294 2083 ad
2346 2027 2500 2098 hujus
2548 2027 2842 2095 disciplina:
2889 2026 3186 2081 dor-trinam
3233 2024 3622 2080 defendendam

2029 2124 2318 2194 appulisse.
2360 2121 2415 2176 ld
2459 2120 2720 2174 siverunt
2759 2120 2856 2183 sit,
2905 2117 3088 2173 incidit
3113 2118 3354 2188 profecto
3377 2117 3461 2172 hic
3484 2105 3626 2171 liber

2032 2218 2083 2273 itt
2117 2234 2176 2272 ea
2212 2207 2487 2287 tempora,
2525 2215 2718 2285 quibus
2743 2213 2852 2284 jam
2897 2212 3033 2282 ignis
3062 2212 3424 2267 calamitatum
3457 2210 3628 2281 publi-

2029 2325 2213 2365 carum
2257 2309 2396 2363 inter
2441 2307 2764 2362 christianos
2803 2314 3099 2360 exarserat.
3150 2303 3260 2358 lloc
3304 2305 3463 2372 igitur
3506 2302 3628 2357 loco

2031 2401 2157 2456 dntn
2215 2401 2516 2471 requiratur
2572 2397 2744 2468 qualis
2778 2398 2990 2452 vexatio
3017 2396 3428 2457 cltristianorum
3475 2395 3631 2450 intel-

2033 2493 2240 2564 ligenda
2283 2496 2386 2553 sit.
2437 2490 2793 2547 demonstrari
2842 2493 2940 2545 ista
2981 2489 3126 2545 nullo
3172 2473 3384 2557 negotio
3433 2496 3626 2558 potest.

2033 2585 2163 2642 Nam
2197 2595 2318 2656 post
2354 2583 2658 2639 Tertulliani
2679 2583 2750 2636 ad
2793 2582 3138 2637 Montanistas
3178 2580 3536 2635 secessionem
3565 2593 3630 2634 ea

2035 2688 2255 2749 repente
2279 2678 2480 2732 exstitit
2503 2691 2680 2732 rerum
2707 2674 3054 2746 perturbatio,
3071 2689 3230 2744 quam
3254 2672 3470 2728 Severus
3490 2673 3639 2742 Aug.

2035 2771 2213 2826 edicto
2259 2785 2356 2825 suo
2399 2770 2779 2823 concitaverat.
2815 2769 2988 2838 Atque
3038 2766 3298 2821 h:ec.ettm
3330 2779 3528 2835 empta.
3561 2768 3628 2821 A.

2035 2861 2187 2920 CCII.
2221 2861 2332 2918 fere
2359 2870 2476 2932 post
2502 2876 2698 2915 annum
2728 2860 2903 2915 CCIV.
2933 2850 3152 2914 de‘sierit
3172 2899 3188 2924 ,
3218 2857 3507 2928 scriptique
3526 2858 3634 2913 sint

2036 2965 2158 3028 post
2189 2956 2381 3010 librum
2415 2965 2653 3009 nostrum
2683 2953 2801 3008 libri
2831 2953 2894 3007 de
2917 2951 3140 3024 Jejuniis
3164 2993 3178 3018 ,
3210 2951 3376 3022 deque
3416 2951 3632 3005 Pudici-

2037 3053 2130 3117 tia,
2156 3067 2260 3107 non
2289 3050 2480 3105 librum
2503 3060 2742 3104 nostrum
2763 3050 3015 3105 abhorret
3031 3050 3081 3103 itt
3105 3063 3300 3104 annum
3324 3047 3436 3104 fere
3454 3045 3632 3104 CCIII.

2038 3145 2328 3213 eonjicere.
2372 3143 2556 3214 Neque
2583 3157 2710 3210 vero
2747 3157 2939 3198 vereor
2965 3140 3089 3197 huic
3134 3141 3457 3212 subjungere
3482 3140 3635 3196 illum

2038 3237 2101 3290 de
2126 3237 2346 3308 Jejuniis
2390 3237 2582 3291 librum
2609 3277 2624 3299 ,
2670 3251 2827 3307 quem
2863 3235 3212 3305 posteriorem
3245 3249 3366 3290 esse
3413 3233 3550 3288 libro
3575 3235 3638 3289 de

2041 3329 2368 3398 Moiwgamia
2403 3338 2456 3383 et
2492 3329 2714 3384 alteram
2753 3328 2912 3382 veluti
2962 3325 3336 3396 disputationis
3376 3325 3637 3380 adversus

2012 3423 2328 3495 -Psyclticos
2358 3432 2562 3494 partem
2583 3465 2598 3487 ,
2634 3424 2840 3478 initium
2869 3422 3023 3477 istius
3053 3421 3173 3476 libri
3204 3421 3333 3482 satis
3363 3419 3590 3475 ostendit
3617 3461 3634 3486 ,

2039 3517 2320 3588 ipsumque
2345 3517 2652 3586 illuddocet
2679 3533 2783 3571 non
2821 3517 2890 3569 ita
2918 3516 3088 3570 multo
3109 3523 3228 3585 post
3258 3514 3408 3568 illum
3433 3515 3635 3570 editum

2040 3628 2069 3666 a
2106 3611 2419 3665 Tertulliano
2450 3610 2636 3666 fuisse.
2688 3611 2780 3666 Est
2811 3610 2968 3680 igitur
2997 3609 3041 3663 is
3072 3609 3282 3679 quoque
3323 3609 3373 3662 itt
3422 3608 3635 3678 publica

2041 3706 2270 3777 quadam
2313 3706 2592 3760 vexatione
2635 3705 2942 3774 expositus,
2986 3719 3146 3775 quam
3175 3702 3476 3774 significare
3516 3703 3640 3758 hinc

2043 3798 2187 3864 inde,
2209 3798 2371 3854 veluti
2398 3799 2449 3853 in
2473 3808 2709 3853 extrema
2732 3797 2854 3853 libri
2885 3806 3055 3868 parte,
3083 3796 3325 3863 videtur;
3344 3812 3443 3853 nec
3465 3804 3643 3868 potest

2043 3891 2307 3947 vindicari—
2327 3906 2357 3944 a
2387 3876 2722 3945 Montanisnti
2749 3888 3076 3957 suSpicione,
3097 3904 3203 3943 non
3233 3888 3391 3943 modo
3423 3896 3642 3958 propter

2043 3982 2189 4037 illam
2223 3981 2340 4037 libri
2370 3989 2602 4047 aetatem,
2628 3979 2722 4035 sed
2745 3991 2961 4051 prepter
2979 3979 3237 4035 Paracleti
3258 3981 3418 4038 etiam
3451 3980 3640 4037 defen-

2041 4081 2342 4146 sionem,c.
2387 4079 2474 4135 I0.
2525 4094 2572 4133 c.
2633 4079 2719 4134 II.
2780 4092 2829 4132 c.
2887 4078 2972 4132 I5.
3027 4087 3083 4132 et
3144 4076 3339 4131 bellum
3380 4074 3646 4148 Psyclticis

2044 4175 2325 4246 publieein
2376 4172 2478 4230 hoc
2525 4174 2660 4230 libro
2701 4173 2977 4228 indictum.
3023 4173 3148 4228 Post
3179 4173 3318 4228 hunc
3343 4187 3446 4226 una
3479 4179 3646 4227 restat

2044 4268 2424 4325 commentatio
2470 4266 2734 4339 Psycltict‘s
2763 4265 2941 4321 studio
2971 4266 3242 4335 opposita,
3267 4280 3334 4320 ea
3374 4263 3640 4331 videlicet,

2045 4371 2128 4418 est
2147 4362 2208 4415 de
2229 4377 2346 4432 qua:
2365 4359 2620 4414 Pudicitia
2629 4359 2892 4430 inStituta.
2911 4358 3082 4427 Quam
3101 4373 3220 4414 esse
3236 4367 3419 4414 contra
3450 4357 3641 4413 adver-

2049 4455 2218 4509 sarios
2252 4452 2692 4508 Montanistarum
2730 4455 2984 4525 scriptam
3002 4467 3164 4509 nemo
3179 4468 3410 4522 unquam
3432 4453 3647 4510 dubita-

317 4535 706 4593 commendari
736 4534 1046 4606 Psyclticis;
1077 4535 1339 4607 siquidem
1369 4554 1475 4592 noti
1533 4537 1743 4609 publice
1781 4549 1899 4596 erat
1925 4582 1932 4608 ,

2048 4549 2142 4613 vit,
2163 4564 2262 4603 nec
2284 4548 2526 4603 dubitare
2552 4549 2670 4619 quis
2693 4559 2866 4618 potest
2889 4559 3166 4620 propterea
3205 4549 3346 4622 quod
3377 4550 3489 4621 ipse
3518 4549 3648 4608 illttd

336 4632 436 4688 sed
481 4633 695 4701 privato
734 4632 890 4687 alicui
937 4633 1263 4703 propositus.
1315 4633 1554 4704 Denique
1595 4634 1942 4691 ostendemus

337 4733 530 4795 postea
555 4764 572 4790 ,
619 4724 809 4779 librum
840 4724 908 4779 de
950 4722 1280 4795 Monogamia
1308 4741 1430 4781 esse
1459 4725 1570 4781 fere
1601 4726 1701 4782 sub
1733 4727 1943 4782 initiuut

339 4815 706 4883 calamitatum
758 4815 824 4872 ab
871 4817 988 4886 ipso
1041 4815 1240 4872 Severo
1280 4818 1346 4872 Δ.
1401 4815 1550 4873 CCII.
1598 4817 1946 4875 excitaturum

339 4908 648 4978 scriptum,
693 4917 1026 4978 caeterosque
1077 4907 1344 4979 Psyclticis
1392 4909 1637 4966 consulto
1666 4913 1942 4982 oppositos

342 5001 672 5072 posxeriores
713 5015 833 5056 esse
875 5015 942 5056 eo
983 5001 1045 5054 de
1099 5000 1430 5072 Monogauu’a
1453 5019 1472 5067 ;
1504 4996 1683 5073 itaque
1727 5021 1948 5063 necesse

343 5104 429 5149 est
457 5093 682 5150 credere
703 5135 718 5158 ,
749 5104 988 5149 nostrum
1014 5093 1080 5149 de
1113 5092 1481 5150 Exltortatione
1496 5097 1740 5152 castitatis
1757 5096 1948 5153 librum

349 5184 482 5241 illos
500 5193 659 5241 aetate
675 5186 786 5241 fere
805 5200 1082 5256 superare.

299 5307 306 5312 ’
389 5320 419 5392 ς
452 5321 510 5376 4.
534 5350 607 5362 --
630 5319 772 5376 Libri
818 5321 882 5376 de
907 5319 1240 5392 Monogatnia
1261 5365 1277 5390 ,
1300 5323 1527 5395 Jejuniis
1548 5334 1595 5380 et
1621 5324 1883 5381 Pudicitia
1905 5369 1921 5396 ,

856 5429 976 5468 ann.
1007 5412 1116 5470 205
1153 5415 1353 5487 scripti.

426 5551 745 5608 Devolvitur
767 5567 894 5623 ergo
919 5553 1091 5608 oratio
1128 5564 1311 5611 nostra
1358 5556 1424 5610 ad
1459 5556 1604 5611 illum
1649 5557 1716 5613 de
1766 5556 1950 5614 Mono-

349 5645 522 5719 gamia
551 5644 778 5699 librum:
800 5645 852 5700 itt
879 5661 986 5716 quo
1006 5649 1130 5701 eum
1150 5646 1322 5704 ubivis
1344 5646 1627 5720 Psyclticos
1645 5649 1950 5722 redarguat,

331 5736 688 5804 ,Paracletttm
715 5747 988 5794 auctorem
1007 5755 1162 5796 suum
1195 5740 1267 5813 (c.
1295 5740 1352 5797 4.
1385 5742 1505 5797 ittit.
1532 5758 1651 5814 cap.
1685 5743 1774 5801 14.
1801 5749 1964 5823 eaet.)

350 5848 484 5892 cum
515 5847 652 5888 nova
692 5831 966 5905 pr0phetia
993 5834 1274 5907 decantet,
1305 5851 1538 5910 suosque
1581 5849 1764 5912 crepet
1793 5840 1956 5914 spiri-

2048 4639 2276 4696 Tertull.
2305 4655 2472 4711 seque
2493 4641 2722 4695 alienum
2741 4657 2769 4694 a
2801 4641 3057 4697 societate
3078 4641 3456 4714 Psychieorum
3489 4643 3651 4713 proli-

2051 4735 2337 4789 tetur.c.l.
2367 4748 2414 4787 c.
2433 4733 2485 4789 6.
2510 4733 2663 4788 c.IO.
2682 4748 2731 4789 c.
2757 4733 2844 4790 10.
2873 4744 2926 4789 et
2946 4734 3348 4807 czet.)Suntque
3371 4734 3536 4790 multa
3563 4733 3650 4790 vel
3750 4811 3752 4813 ν

2051 4826 2310 4896 libroipsi
2338 4827 2595 4898 impressa
2632 4828 2719 4898 (c.
2741 4825 2985 4900 2‘2.)vel
3013 4829 3229 4886 aliunde
3279 4837 3423 4884 certa
3474 4830 3650 4901 signa,

2051 4918 2226 4990 qualia
2249 4915 2428 4974 Orsius
2451 4907 2542 4992 (In
2565 4921 2688 4975 diss.
2715 4921 2778 4974 de
2797 4937 2921 4991 pace
2943 4934 2990 4976 et
3006 4921 3220 4976 absolut.
3241 4922 3536 4992 capitalium
3556 4925 3654 4979 cri-

2054 5013 2250 5066 minum
2277 5029 2309 5065 a
2331 5011 2582 5068 catholica
2609 5011 2842 5068 Ecclesia
2865 5013 3022 5068 tribus
3051 5013 3301 5082 prioribus
3322 5015 3521 5069 seculis
3543 5032 3646 5072 non

2057 5103 2319 5176 denegata,
2350 5105 2425 5174 (c.
2455 5104 2506 5158 4.
2534 5103 2757 5175 digress.
2791 5105 2842 5161 5.
2874 5121 2928 5177 p.
2956 5105 3210 5176 Iz‘0.sq.)
3240 5105 3509 5176 produxit,
3535 5124 3656 5180 qua:

2059 5211 2164 5250 non
2183 5195 2468 5251 admodum
2488 5199 2844 5254 recentiorem
2869 5199 3007 5254 hunc
3030 5199 3224 5255 librum
3247 5201 3642 5256 calamitatibus

2059 5303 2089 5343 a
2116 5289 2314 5343 Severo
2341 5287 2754 5344 christianorum
2782 5289 2994 5345 familiae
3023 5282 3256 5357 inﬂictis,
3276 5308 3474 5348 annum
3495 5293 3658 5364 igitur

2061 5379 2291 5437 natalem
2307 5381 2463 5454 hujus
2475 5383 2595 5440 libri
2611 5382 2719 5439 fere
2729 5381 3004 5439 CCIV.aut
3016 5395 3330 5455 sequentem
3344 5386 3667 5442 ostendunt.

2064 5564 2092 5637 §
2133 5566 2189 5622 5.
2223 5565 2451 5622 —Libri
2491 5570 2730 5624 adversus
2754 5568 3034 5635 Praxeant,
3063 5558 3432 5644 Hermogenem
3459 5616 3473 5643 ,
3509 5583 3557 5630 et
3595 5576 3660 5631 de

2348 5662 2558 5729 Anima,
2592 5679 2728 5718 anno
2764 5663 2890 5721 204.
2937 5665 3014 5721 vel
3058 5665 3185 5725 205.
3210 5667 3349 5722 editi.

2143 5843 2251 5902 llos
2279 5843 2512 5903 nondum
2556 5845 2669 5905 fere
2707 5845 2877 5907 libros”
2912 5859 3097 5912 contra
3131 5851 3424 5912 Ecclesiam
3464 5856 3655 5915 ortho-
