4106 6330
510 280 615 342 163

1465 307 1472 315 ’
1570 297 2017 367 DISSERTATIO
2056 302 2145 366 DE
2181 301 2369 370 VERA
2408 310 2665 377 ΑΞΤΑΤΕ

3701 284 3875 398 164-

437 417 455 431 ·
500 395 695 454 doxam
726 398 1057 471 confecerat,
1089 415 1210 461 cum
1241 405 1331 465 alii
1360 423 1419 466 se
1442 414 1629 482 generi
1668 416 2093 490 disputationum
2122 420 2178 484 Α
2201 431 2416 496 exstat,
2443 432 2686 490 adversus
2715 431 3034 497 Marcionem
3055 442 3315 517 secundo,
3342 460 3392 505 c.
3421 448 3500 520 6.,
3530 456 3808 526 occurrit;

503 491 760 526 ηιῖιιηιιρηα
795 496 1068 526 numnum...
1115 498 1330 526 .I...a..-...
1388 503 1617 526 in-..___,-
1674 510 1685 526 .
1912 514 1927 526 .
2003 523 2011 526 _
2050 515 2062 526 .
2281 519 2294 526 -

500 491 764 549 adversus
794 496 1071 554 haereticos
1112 498 1354 558 dederet.
1386 503 1628 589 Namque
1671 510 2095 572 horum~doctri-

500 597 597 639 nas
643 584 797 641 libris
837 588 1019 643 statim
1066 589 1168 645 sibi
1217 584 1880 665 subjectiszertuIlianum
1910 607 2098 678 exagi-

501 684 683 745 tasse,
714 693 820 731 non
858 678 1114 738 abhorret
1149 698 1180 738 a
1227 701 1397 756 vero,
1428 692 1681 762 quoniam
1728 696 1829 767 ipsi
1872 697 1925 753 hi
1973 699 2096 757 libri

499 767 741 825 eamdem
782 768 900 828 fere
928 783 1142 831 tetatem
1186 786 1377 851 magna
1423 784 1526 854 sub
1564 786 1753 843 Severo
1792 790 2095 849 calamitate

494 860 911 921 Christianorum
941 868 1098 938 paulo
1134 875 1486 941 posteriorem
1524 875 1796 950 prudunt;
1827 892 1885 940 et
1909 887 1952 941 si
1975 888 2095 958 quis

493 951 815 1024 conjectura:
841 956 1049 1015 dandus
1077 972 1161 1018 est
1188 963 1337 1023 locus
1356 1009 1371 1035 ,
1403 984 1511 1026 non
1537 971 1716 1045 inepte
1742 976 1861 1045 quis
1883 951 2093 1033 feriat-

458 1028 690 1101 ’lianum
719 1060 1042 1108 concentum
1074 1069 1197 1111 cum
1241 1073 1366 1115 vera
1396 1060 1632 1120 Ecclesia
1659 1081 1815 1122 suum
1846 1068 1898 1123 iu
1931 1069 2094 1126 rebus
2128 1076 2129 1079 ‘

490 1137 557 1192 ad
577 1136 734 1194 Iidem
756 1142 1149 1211 pertinentibus
1170 1149 1299 1218 ipsis
1320 1150 1407 1207 bis
1423 1152 1681 1213 doctrinis
1703 1157 1969 1218 adversus
1990 1162 2092 1218 bte-

488 1231 686 1287 reticos
702 1231 1055 1293 defendendis
1078 1241 1401 1302 continuare
1424 1249 1660 1309 voluisse
1689 1251 1909 1310 diceret.
1934 1255 2010 1312 Ac
2034 1256 2089 1314 in

488 1320 571 1377 his
588 1322 737 1380 libris
758 1327 901 1383 nulla
922 1328 1132 1388 videtur
1147 1337 1416 1407 antiquior
1447 1339 1738 1412 disputatio
1760 1345 1848 1400 illa
1871 1363 1991 1417 quae
2006 1358 2090 1405 est

486 1412 747 1471 adversus
771 1419 1069 1488 Praxeam;
1095 1440 1217 1482 nam
1246 1439 1301 1482 et
1331 1430 1544 1488 videtur
1568 1435 1725 1504 paulo
1748 1448 1871 1494 ante
1890 1439 2088 1497 librum

484 1518 662 1564 contra
691 1510 1070 1573 Valentinianos
1092 1523 1424 1593 conscripta,
1451 1532 1880 1599 nusquamgenim
1903 1534 1957 1588 in
1984 1534 2088 1592 hoc

482 1600 797 1673 Antipraxea
817 1648 832 1671 ,
864 1611 1108 1679 quamvis
1133 1626 1511 1682 srepenumero
1541 1618 1922 1682 Valentinianus
1939 1640 2089 1682 com-

483 1707 774 1761 memoret,
801 1698 868 1753 ad
887 1699 1466 1763 librumValentinianis
1482 1713 1785 1781 Oppositum
1811 1727 2085 1786 provocat,

482 1798 640 1856 quem
659 1802 859 1844 morem
882 1791 1044 1861 alias,
1070 1793 1120 1849 id
1149 1797 1289 1866 quod
1309 1802 1560 1867 omnibus
1583 1804 1757 1874 ipsum
1784 1807 2086 1879 legentibus
2115 1790 2164 1853 Β

481 1890 706 1947 constat,
731 1886 1060 1957 teneresolet
1081 1886 1426 1948 Tertullianus
1441 1910 1462 1960 ;
1476 1905 1529 1950 et
1545 1897 1687 1967 quod
1703 1898 1985 1958 videturad
1999 1920 2085 1973 ea,

479 1988 596 2043 qua:
616 1972 847 2032 diximus
867 2018 883 2044 ,
900 1978 1267 2038 confirmanda
1295 1989 1771 2059 accommodatius,
1796 1991 2025 2051 Praxeas
2044 1998 2087 2054 is

479 2078 595 2125 erat
615 2069 927 2141 hmrcticus,
951 2090 1107 2147 quem
1122 2078 1457 2140 Montanistze
1503 2085 1602 2140 sibi
1633 2085 1791 2159 longe
1822 2090 2091 2149 molestis-

477 2163 671 2218 simum
691 2174 878 2235 putare
896 2166 1193 2237 debebant,
1216 2173 1468 2242 quoniam
1500 2176 1544 2231 is
1573 2176 1711 2248 ipse.
1730 2189 2084 2252 praeterquam

477 2256 617 2326 quod
636 2273 876 2323 errorem
889 2259 1146 2319 doetrina:
1161 2263 1424 2324 deTriade
1439 2270 1777 2326 sanctissima
1795 2272 2083 2331 adversum

476 2346 923 2407 disseminaverat
941 2394 955 2419 ,
976 2366 1314 2425 persuaserat
1343 2360 1506 2415 etiam
1538 2360 1780 2419 Pontifici
1808 2362 2080 2434 Romano,

476 2432 634 2511 quem
652 2444 750 2498 viri
770 2444 912 2502 docti
928 2448 1056 2504 satis
1068 2449 1205 2507 bene
1216 2448 1470 2508 Victorem
1490 2453 1542 2510 fu
1553 2455 1658 2512 isse
1674 2458 2001 2525 existimant,
2026 2472 2084 2518 ut

470 2531 580 2603 jam
614 2546 850 2606 paratam
868 2537 1204 2596 Montanistis
1234 2557 1418 2612 pacem
1455 2546 2079 2623 refringeret(vid.c.l.).

474 2623 659 2696 Neque
676 2643 802 2698 ergo
818 2628 1038 2688 difﬁcile
1059 2640 1142 2688 est
1155 2630 1377 2692 c'redere
1393 2676 1409 2703 ,
1434 2637 1641 2695 initium
1659 2639 2080 2712 disputationum

392 2779 401 2788 ο
475 2730 693 2773 suarum
709 2717 1128 2780 Tertullianuma
1155 2726 1464 2784 velitatione
1478 2744 1600 2785 cum
1633 2729 1834 2789 Praxea
1865 2735 2079 2794 fecisse.

474 2810 645 2880 Quam
691 2829 849 2870 nemo
880 2817 1155 2889 negabit'a
1181 2818 1506 2878 Tertulliano
1550 2824 1869 2883 Montanista
1921 2828 2084 2888 fuisse

472 2914 779 2974 susceptam
810 2924 824 2973 ;
855 2907 1031 2980 ipsum
1076 2911 1219 2967 enim
1261 2928 1457 2970 nomen
1486 2914 1861 2988 Psyclu‘cornm
1891 2920 1963 2990 (c.
1997 2924 2079 2991 1).

473 2995 589 3069 ipse
617 2997 919 3057 Paracletus
939 3045 955 3070 ,
985 3004 1037 3059 in
1064 3020 1170 3075 quo
1191 3021 1251 3062 se
1277 3006 1478 3064 melius
1494 3010 1563 3067 de
1590 3012 1813 3070 veritate
1835 3017 2080 3087 mysterii

472 3079 541 3149 de
569 3107 777 3149 summa
804 3096 1035 3153 maxima
1078 3097 1272 3156 Triade
1298 3102 1546 3160 edoctum
1596 3106 1874 3176 proﬁtetur
1939 3126 1988 3170 c.
2021 3111 2078 3166 2.

472 3198 523 3238 c.
597 3176 668 3252 8,
726 3196 833 3243 etc.
870 3187 931 3260 ),
1000 3188 1114 3261 ipsa
1201 3192 1434 3265 denique
1524 3198 1787 3267 professio
1846 3176 2079 3274 agnitio-

471 3291 595 3331 nem
638 3276 898 3335 Paracleti
940 3291 994 3337 et
1027 3281 1395 3342 defensionem
1437 3288 1737 3359 sejunxisse
1790 3309 1852 3350 se
1876 3310 1907 3350 a
1938 3294 2076 3369 Psy-

471 3368 902 3453 clticis,po_uunt
954 3373 1083 3439 illud
1158 3390 1319 3448 supra
1392 3393 1608 3436 omnem
1665 3382 2077 3453 dubitationem.

471 3458 580 3518 Sed
628 3463 697 3518 de
744 3444 856 3536 ipsa
911 3465 1067 3537 hujus
1117 3444 1240 3524 libri
1291 3479 1451 3528 aetate
1502 3490 1601 3541 nos
1643 3492 1749 3533 non
1802 3452 2080 3540 audemus

470 3568 847 3617 asseveranter
886 3564 1231 3633 pronuntiare
1257 3606 1272 3631 ,
1304 3564 1586 3638 quamvis,
1615 3572 1660 3627 si
1689 3573 1787 3629 ista
1815 3574 2078 3635 adversus

468 3646 729 3705 Praxeatn
774 3651 1068 3724 diSputatio
1118 3657 1289 3727 prima
1334 3670 1420 3716 est
1467 3662 1605 3721 inter
1644 3671 2075 3747 concertationes

470 3759 592 3809 cum
642 3745 934 3814 haereticis,
967 3760 1129 3821 atque
1171 3750 1255 3807 ha:
1299 3766 1500 3812 secuta:
1540 3769 1667 3814 sunt
1694 3764 1875 3818 statim
1905 3764 2074 3825 libros

469 3837 784 3894 orthodoxa:
815 3839 1074 3897 Ecclesia:
1119 3845 1428 3915 oppesitos,
1460 3864 1602 3905 anno
1630 3850 1741 3908 fere
1770 3853 1947 3911 CCIV.
1981 3866 2075 3913 aut

470 3929 537 3986 ν.
569 3931 833 4000 assignari
863 3949 966 3988 non
1008 3936 1145 3990 male
1176 3939 1362 4007 possit.
1393 3939 1543 3997 Hanc
1568 3946 1846 4015 excepisse
1875 3948 2070 4009 librum

469 4023 712 4080 adversus
739 4024 1110 4099 Hermogenem
1138 4044 1243 4086 non
1266 4030 1556 4089 dubitarim
1581 4035 1763 4093 dicere
1783 4081 1799 4107 ,
1823 4050 1906 4096 est
1925 4043 2070 4101 enim

470 4116 570 4171 iste
596 4111 865 4187 antiquior
889 4118 1025 4174 libro
1056 4120 1119 4174 de
1146 4121 1337 4201 Anima
1362 4134 1416 4180 et
1443 4124 1533 4180 illo
1556 4127 1799 4186 adversus
1839 4130 2066 4189 Valenti-

470 4207 685 4274 nianos,
710 4217 768 4267 ut
805 4220 988 4279 postea
1034 4211 1333 4283 docebitur,
1367 4217 1456 4287 qui
1503 4233 1625 4274 cum
1654 4224 1937 4295 compositi
1962 4227 2072 4286 sint

468 4298 581 4357 fere
611 4304 891 4360 transactis
914 4304 1184 4362 furoribus
1212 4308 1504 4367 Severianis
1525 4354 1541 4380 ,
1603 4314 1779 4372 eidem
1808 4333 1930 4377 cum
1960 4322 2072 4378 An-

468 4396 702 4467 tipraxea
762 4412 905 4453 anno
957 4398 1272 4457 tribuendus
1320 4400 1531 4461 videtlir
1575 4417 1759 4466 noster
1810 4411 2064 4486 libellus,

467 4504 629 4559 quem
654 4505 683 4544 a
716 4491 1039 4549 Montanista
1092 4494 1406 4553 Tertulliano
1456 4500 1748 4570 profectum
1775 4521 1897 4580 esse
1940 4525 2064 4581 per-

467 4582 658 4640 acerba
685 4584 734 4638 iu
766 4587 1017 4654 repetitas
1032 4588 1100 4643 ab
1122 4587 1442 4664 Hermogene
1457 4597 1671 4666 nuptias
1693 4600 1865 4655 oratio
1887 4600 1959 4673 (c.
1988 4602 2065 4677 I.)

467 4692 572 4732 non
603 4678 833 4735 obscure
861 4676 1119 4739 declarat.
1170 4683 1303 4741 lluic
1334 4686 1498 4747 veluti
1529 4691 1882 4760 appendicem
1915 4697 2065 4768 adje-

465 4772 571 4838 cit,
601 4772 744 4844 quod
773 4773 982 4830 initium
1014 4774 1139 4832 libri
1170 4785 1223 4833 et
1232 4780 1418 4853 ,rnulta
1443 4781 1547 4837 alia
1585 4782 1701 4839 loca
1746 4785 1940 4842 docent
1963 4830 1979 4856 ,
2005 4789 2067 4845 li-

463 4860 618 4919 brum
667 4866 729 4920 de
767 4867 955 4921 Anima
996 4866 1252 4927 refertum
1277 4873 1501 4929 somniis
1539 4875 2020 4938 innumerabilibus
2045 4923 2063 4950 ,

463 4960 553 5027 qui
586 4959 745 5015 habet
792 4959 934 5017 haud
983 4962 1172 5020 dubias
1216 4962 1560 5033 Montanismi
1607 4978 1766 5025 notas
1793 4971 1920 5044 (I);
1966 4975 2065 5032 sed

462 5053 691 5111 fueritne
717 5056 908 5133 eodem
936 5057 1045 5114 fere
1069 5073 1192 5115 cum
1222 5059 1359 5115 libro
1380 5061 1639 5119 adversus
1664 5064 2062 5140 Hermogenem

464 5161 607 5200 anno
633 5189 647 5215 ,
679 5163 745 5205 an
778 5160 899 5220 post
927 5168 1125 5208 annum
1151 5152 1371 5209 demum
1392 5154 1616 5211 CCVIII.
1640 5159 1873 5231 scriptus
1892 5203 1909 5229 ,
1936 5161 2063 5221 illud

461 5251 593 5293 vero
637 5239 831 5296 cadere
892 5242 944 5297 in
989 5242 1434 5314 disceptationem
1484 5258 1677 5319 potest.
1734 5250 1868 5307 Nam
1924 5269 1974 5312 c.
2003 5255 2058 5312 Ξ.

461 5327 673 5396 Inesse,
728 5332 839 5399 ait,
870 5335 1013 5389 nobis
1051 5347 1105 5391 τὸ
1151 5342 1448 5407 aii-regnem»:
1505 5345 1805 5401 naturaliter
1846 5348 1961 5419 jam
2015 5360 2064 5406 α

461 5421 714 5479 Marciani
766 5428 1116 5498 ostendimus;
1145 5447 1264 5503 qua:
1316 5434 1607 5506 disputatio
1667 5436 1722 5494 iu
1751 5438 1891 5496 libro
1920 5485 1936 5511 ,
1971 5445 2062 5515 qui

521 5629 593 5697 (t)
628 5631 686 5683 Ε.
781 5648 956 5721 cumq.
974 5637 1070 5691 ὅτι.
1091 5638 1246 5721 et
1268 5638 1511 5721 {amisisti
1540 5645 1809 5721 monitaet
1839 5651 2063 5721 testimo-

454 5692 589 5742 niuui
611 5699 817 5774 excitat,
842 5700 1123 5764 ibidemque
1150 5710 1202 5774 et
1219 5715 1269 5774 c;
1289 5703 1338 5751 9.
1362 5692 2057 5774 (1ἴρἰίῐνέιῶξῄὲῖίίὶὶαῖῖἇυέῐᾶ-

454 5763 656 5842 garriam
669 5772 965 5842 agnoscere,
991 5763 1056 5815 ac
1091 5770 1207 5839 post
1233 5765 1473 5820 Joannem
1514 5763 1705 5838 quoqué
1740 5763 2057 5842 Pt'oplteliant

384 5856 389 5859 -
455 5827 690 5879 meruisse
709 5827 956 5891 caueant.

2200 519 2296 574 sed
2327 530 2503 592 potest
2517 529 2680 613 etiam
2707 546 2739 587 a
2767 530 3262 599 Tertulliano'unus
3307 545 3568 621 librorum
3619 519 3809 610 contra

2202 609 2519 678 Nomionem.
2545 621 2943 694 deperditorum
2982 632 3229 707 intelligi.
3262 636 3318 693 Si
3344 639 3474 696 illud
3506 614 3803 715 statueris,

2198 705 2300 759 erit
2316 707 2380 763 de
2397 709 2582 768 Anima
2603 717 2825 790 scriptio
2842 726 3110 791 posterior
3130 705 3273 786 anno
3295 731 3547 803 CCVIII.;
3571 738 3653 793 sin
3678 705 3805 807 hoc,

2201 807 2378 868 potest
2415 806 2577 862 etiam
2625 819 2750 868 ante
2791 814 2941 872 illum
2989 833 3189 877 annum
3240 816 3515 882 collocari.
3567 806 3808 898 Quarum

2200 897 2588 957 sententiarum
2636 904 2770 961 mihi
2816 912 2989 982 magis
3038 918 3309 984 posterior
3345 922 3650 993 probatur:
3682 942 3809 984 nam

2200 996 2256 1041 ut
2297 993 2621 1060 appendices
2669 999 2960 1071 librorum,
2995 1007 3166 1077 qualis
3193 1020 3276 1067 est
3307 1025 3494 1071 noster
3538 1015 3758 1075 libellus
3787 1062 3807 1090 ,

2195 1084 2365 1153 tnagis
2389 1090 2555 1145 moris
2579 1102 2663 1147 est
2690 1097 2871 1152 statim
2897 1139 2913 1165 ,
2946 1116 3053 1156 non
3084 1102 3244 1177 longo
3274 1116 3396 1177 post
3423 1118 3669 1180 tempore
3688 1155 3703 1181 ,
3734 1115 3804 1170 iis

2195 1174 2460 1244 subjicere
2475 1221 2490 1245 ,
2515 1182 2595 1238 sic
2613 1186 2872 1243 eteadem
2894 1191 3056 1267 modo
3075 1193 3128 1248 in
3152 1174 3432 1269 Scorpiace
3449 1202 3677 1259 amissos
3692 1203 3806 1275 jam

2170 1255 2362 1323 libros
2392 1269 2650 1331 adversus
2672 1264 2986 1337 Marcionetn
3006 1285 3238 1355 excitat,
3270 1298 3324 1344 et
3349 1290 3461 1345 erit‘
3477 1291 3613 1349 ordo
3641 1294 3810 1351 libro—

2192 1372 2310 1414 rum
2341 1359 2654 1422 Tertulliani
2683 1409 2700 1437 ,
2729 1371 2774 1427 si
2804 1372 2904 1429 ista
2932 1374 3246 1435 admittatur
3287 1374 3556 1441 sententia
3590 1428 3604 1452 ,
3634 1388 3807 1445 multo
3872 1396 3877 1399 ’

2192 1453 2529 1513 concinnior.
2562 1460 2773 1518 Etenim
2805 1464 2858 1521 in
2884 1466 2986 1524 ista
3014 1470 3326 1542 Scorpiace,
3360 1492 3520 1545 quam
3549 1480 3801 1550 probavi-

2191 1560 2315 1601 mus
2332 1563 2477 1605 anno
2497 1552 2673 1611 CCIV.
2702 1559 2957 1631 scriptam
2983 1558 3149 1621 fuisse
3168 1610 3182 1634 ,
3211 1568 3476 1626 luereticos
3495 1614 3511 1641 ,
3534 1570 3806 1633 Gnosticos

2190 1646 2238 1692 et
2277 1637 2657 1703 Valentinianos
2702 1653 2946 1719 queritur
2992 1656 3308 1729 impugnare
3326 1637 3585 1734 supplicia
3610 1679 3807 1739 sponte

2194 1745 2224 1786 a
2272 1732 2586 1795 christianis
2625 1752 2844 1814 propter
2891 1747 3204 1818 religionem
3291 1732 3538 1828 suscepta
3592 1732 3692 1829 (c.
3738 1763 3796 1819 l.

2193 1839 2242 1881 c.
2279 1828 2332 1882 .t.
2368 1828 2468 1899 5.).
2527 1832 2633 1889 Sed
2666 1837 2717 1891 in
2748 1837 2885 1894 libro
2932 1842 2996 1896 de
3018 1842 3221 1911 Anima,
3254 1862 3303 1903 c.
3338 1849 3454 1919 55.,
3489 1828 3653 1909 multa
3684 1855 3802 1911 dis-

2190 1926 2339 1987 putat
2381 1920 2451 1977 de
2486 1926 2655 1995 gloria
2698 1940 2990 2002 martyrum
3012 1976 3028 2002 ,
3051 1947 3107 1991 et
3158 1937 3282 1995 huic
3320 1942 3491 2011 libro,
3520 1955 3578 2001 nt
3603 1949 3791 2018 postea

2152 2012 2504 2081 .apparebit,
2532 2020 2712 2074 statim
2763 2024 2998 2093 subjecit
3038 2029 3289 2087 adversus
3327 2012 3799 2097 Valentinianosli-

2190 2102 2368 2172 brum,
2400 2107 2453 2163 in
2483 2126 2609 2180 quo,
2638 2129 2691 2169 c.
2723 2116 2813 2172 50.
2846 2118 2988 2189 init.,
3020 2123 3380 2197 impugnatam
3402 2133 3475 2188 ait
3501 2148 3530 2188 a
3566 2131 3800 2192 Valenti-

2190 2196 2358 2253 nianis
2384 2206 2624 2276 martyrii
2654 2212 3046 2270 necessitatem.
3079 2196 3261 2291 Itaque
3290 2224 3420 2279 satis
3450 2225 3671 2284 videtur
3702 2246 3799 2288 ve-

2192 2292 2337 2348 ritati
2386 2309 2843 2372 consentaneum,
2872 2319 3114 2367 nostrum
3157 2314 3220 2369 de
3248 2310 3437 2373 Anima
3473 2328 3522 2375 et
3553 2323 3797 2382 adversus

2200 2381 2584 2450 Valentinianos
2612 2395 2802 2452 librum
2836 2415 2942 2456 non
2972 2403 3141 2461 multo
3169 2417 3289 2478 post
3310 2405 3621 2491 Scorpiacen
3647 2430 3793 2476 anno

2188 2474 2302 2534 fere
2330 2480 2482 2537 CCV.
2513 2484 2676 2543 fuisse
2703 2492 3085 2564 conscriptum.
3169 2474 3184 2478 —

2189 2613 2217 2687 §
2262 2615 2314 2673 6.
2347 2589 2420 2660 -'—
2447 2619 2589 2677 Libri
2603 2625 2845 2683 adversus
2878 2629 3262 2693 Valentinianus
3280 2647 3327 2693 ct
3353 2589 3795 2717 delirauriptio-

2261 2712 2427 2780 nibus,
2462 2715 2627 2775 Carne
2650 2719 2837 2813 Christi
2883 2734 2930 2781 ct
2958 2725 3366 2801 Resurrectione,
3397 2745 3512 2807 post
3535 2712 3793 2800 αηηίῖθὸ

2258 2808 2457 2879 scripti.

2261 2940 2598 3017 Ordorigitur
2620 2948 2876 3009 librorum
2904 2957 3138 3026 postulat
3163 3001 3178 3026 ,
3206 2970 3263 3017 ut
3292 2978 3434 3020 nunc
3457 2963 3526 3022 de
3552 2965 3671 3024 hac
3685 2966 3790 3025 Va“-

2188 3032 2583 3095 tentinianorum
2605 3045 3028 3120 reprehensique
3054 3049 3319 3110 dicamus.
3349 3056 3411 3111 Et
3437 3073 3566 3116 vero
3589 3059 3676 3115 illa
3703 3060 3793 3119 de-

2107 3158 2154 3223 ο
2188 3127 2415 3186 lectione
2460 3132 2767 3192 Tertulliani
2816 3140 2882 3194 ad
2927 3141 3276 3202 Montanistas
3323 3148 3586 3208 inferior:
3637 3153 3780 3225 quod

2186 3220 2398 3291 quidem
2442 3223 2583 3281 dicta
2614 3227 2738 3285 huic
2780 3229 3127 3303 disputationi
3172 3252 3390 3309 aspersa
3442 3256 3549 3298 non
3582 3220 3785 3315 planis-

2184 3313 2320 3369 sime
2348 3314 2544 3372 docent
2571 3335 2586 3383 ;
2617 3319 2746 3376 nihil
2773 3331 2855 3379 est
2897 3327 3041 3382 enim
3081 3326 3136 3383 in
3167 3329 3268 3386 hoc
3298 3330 3478 3390 libello
3505 3313 3782 3392 doctrina-
3855 3408 3865 3413 1

2183 3421 2301 3461 rum
2327 3449 2342 3476 ,
2371 3410 2512 3479 quod
2539 3426 2645 3468 non
2696 3417 2955 3485 potuisset
2994 3421 3154 3477 etiam
3190 3423 3259 3479 ab
3288 3425 3591 3485 orthodoxo
3618 3432 3785 3502 proli-

2181 3501 2348 3569 cisci;
2381 3505 2473 3560 sed
2505 3514 2680 3564 tamen
2712 3509 2763 3565 id
2787 3523 3008 3583 apparet
3033 3514 3338 3587 dupliciter.
3364 3501 3777 3595 Primumquod

2176 3591 2288 3663 jam
2316 3609 2376 3650 se
2405 3595 2567 3667 dicat,
2595 3614 2646 3655 c.
2673 3599 2785 3671 I6.,
2815 3614 3069 3674 extrem.,
3099 3623 3221 3664 cum
3251 3608 3568 3686 Hermogene
3595 3591 3665 3673 de
3687 3630 3791 3674 eor

2178 3687 2301 3743 dem
2330 3698 2641 3760 atquecum
2683 3685 3055 3756 Valéntiniam‘s
3085 3697 3405 3774 argumento
3431 3722 3780 3781 congressum

2178 3778 2346 3837 fuisse
2371 3823 2384 3845 ,
2413 3800 2532 3854 quae
2563 3788 3079 3863 Antihermogeniana
3120 3795 3414 3867 disputatio
3464 3778 3599 3857 estva
3627 3802 3781 3862 nobis

2178 3873 2341 3928 modo
2387 3875 2764 3937 Montanistico
2811 3885 3057 3956 scriptori
3105 3898 3350 3967 asserta;
3396 3890 3593 3951 deinde
3637 3897 3778 3967 quod

2180 3965 2531 4025 vehementer
2548 3982 2718 4042 optat,
2753 3988 2802 4033 c.
2833 3976 2885 4031 5.
2916 3988 3081 4048 extr.,
3116 3964 3179 4036 ut
3200 3982 3299 4039 sibi
3327 3984 3546 4042 daretur
3569 3989 3779 4061 assequi

2175 4057 2460 4117 Proculum
2486 4065 2540 4119 in
2569 4068 2718 4123 omni
2743 4083 2908 4141 opere
2929 4114 2943 4139 ,
2975 4090 3137 4145 quem
3166 4085 3219 4133 et
3246 4079 3458 4151 virginis
3486 4093 3699 4140 senecta!
3727 4092 3778 4142 et

2175 4155 2470 4213 christiana:
2508 4159 2809 4234 eloquentiae
2849 4167 3149 4237 dignitatem
3177 4173 3436 4243 appellat.
3463 4175 3616 4235 Hunc
3642 4177 3776 4236 Pro—

2174 4249 2347 4303 culum
2377 4265 2479 4321 ego
2506 4269 2610 4309 non
2641 4253 2831 4313 dubito
2865 4257 3152 4318 Proculum
3196 4265 3344 4323 illum
3390 4266 3774 4333 Montanist

2173 4340 2359 4412 fuisse,
2380 4346 2533 4418 cujus
2556 4359 2734 4405 exstat
2753 4352 2893 4423 apud
2924 4353 3229 4429 Eusebium,
3253 4360 3295 4419 l.
3323 4360 3409 4419 Vl.
3434 4364 3499 4420 η.
3523 4365 3587 4422 Ε.
3610 4382 3660 4423 c.
3681 4367 3776 4425 20.

2173 4439 2455 4506 memoria,
2479 4456 2600 4497 cum
2624 4454 2847 4515 propter
2865 4447 3082 4507 laudem
3111 4454 3433 4526 virginitatis
3454 4461 3591 4530 ejus,
3615 4477 3774 4533 quam

2088 4528 2146 4591 D
2174 4535 2424 4599 tanquam
2451 4535 2766 4603 prteclaram
2796 4539 2940 4597 in-eo
2966 4541 3219 4601 virtutem
3267 4528 3770 4611 Tertullianus‘col-

2172 4625 2386 4692 laudat,
2417 4636 2528 4684 tum
2559 4641 2842 4704 propterea
2865 4678 2880 4699 ,
2910 4639 3052 4708 quod
3085 4640 3256 4713 ipsum
3290 4656 3535 4703 nostrum
3566 4665 3775 4706 nuncu~

2171 4725 2261 4786 pat
2284 4760 2298 4783 ,
2326 4717 2637 4776 distinctum
2668 4723 2772 4781 hoc
2807 4729 3025 4785 nomine
3053 4731 3120 4786 ab
3151 4733 3215 4787 iis
3262 4749 3399 4806 quos
3441 4738 3604 4795 modo
3652 4739 3773 4797 Iau-

2169 4806 2427 4878 daverat,
2487 4810 2698 4870 Iustino
2763 4815 2999 4892 Martyre
3027 4864 3042 4889 ,
3089 4822 3325 4881 Miltiade
3387 4827 3790 4900 (Ecclesiarum'

2168 4902 2430 4971 sophista,
2466 4912 2523 4960 ut
2546 4908 2621 4961 ait
2649 4907 2786 4965 forte
2834 4909 3090 4970 incensus
3138 4916 3263 4973 odio
3291 4918 3451 4990 hujus
3498 4922 3630 4990 viri,
3680 4926 3771 4997 qui

2169 4995 2251 5068 [ut
2286 4998 2451 5056 refert
2473 4999 2738 5069 Eusebius,
2770 5005 2807 5062 I.
2839 5021 2890 5064 c.
2922 5007 3018 5064 lib.
3044 5009 3108 5065 v.
3139 5011 3252 5085 ιι]
3280 5014 3445 5070 etiam
3475 5032 3532 5074 se
3562 4995 3771 5076 Monta-

2166 5089 2324 5146 nistis
2346 5095 2725 5167 opposuerat),
2750 5109 2909 5171 atque
2937 5101 3137 5160 Irenteo
3156 5148 3171 5172 ,
3203 5107 3557 5179 scriptoribus
3584 5113 3775 5170 ortlto-'

2167 5183 2320 5239 doxae
2349 5186 2626 5245 Ecclesiae.
2656 5189 2761 5248 Sed
2793 5193 2962 5264 ipsam
2997 5197 3156 5269 hujus
3189 5199 3311 5257 libri
3334 5211 3551 5261 aetatem
3578 5206 3624 5263 si
3649 5208 3770 5279 quis
3793 5274 3817 5293 .

2167 5278 2416 5337 subtilius
2461 5296 2879 5355 percunctatur,
2913 5291 3044 5347 satis
3088 5292 3300 5350 videtur
3346 5303 3765 5358 consentaneum

2166 5370 2348 5427 dicere
2374 5414 2388 5439 ,
2414 5388 2536 5428 eum
2560 5390 2679 5432 esse
2707 5393 2811 5433 non
2846 5381 2916 5435 ita
2940 5384 3108 5439 multo
3131 5395 3253 5454 post
3278 5389 3792 5473 sopitamquodam.

2169 5463 2329 5519 modo
2357 5466 2731 5526 crudelitatem
2765 5472 2818 5528 in
2845 5472 3170 5532 christianos
3217 5468 3521 5537 exaratum.
3548 5482 3684 5540 Nam
3711 5494 3766 5542 et

2167 5556 2561 5616 confessionem
2615 5563 2857 5619 veritatis
2902 5566 3209 5626 Christianae
3259 5573 3360 5628 sub
3413 5578 3765 5646 potestatibus

2168 5648 2324 5706 istius
2352 5651 2536 5707 sreculi
2563 5661 2617 5708 et
2658 5655 2795 5724 apud
2825 5657 3105 5717 tribunalia
3139 5662 3428 5732 praesidum
3460 5667 3639 5740 (quam
3673 5686 3765 5726 ur-
3800 5706 3807 5711 ο

2167 5751 2254 5815 get
2282 5758 2332 5800 c.
2364 5743 2480 5815 50.)
2514 5745 2812 5807 defendere
2860 5768 2967 5809 non
3012 5753 3302 5815 admodum
3351 5776 3573 5819 necesse
3616 5766 3781 5833 erat,‘

2162 5837 2271 5900 nisi
2296 5844 2412 5903 tum
2455 5840 2543 5903 vel
2590 5840 2769 5916 Ipsum
2815 5842 2947 5911 illud
2989 5849 3361 5920 calamitosum
3385 5854 3760 5936 tempusnel
