4082 6346
1048 240 1067 253 ’
1159 296 1248 354 ΑΒ
1287 285 1635 353 socrum
1670 276 2107 349 SCRIPTORUM
2142 276 2627 343 TERTULLIANL

247 412 501 485 ejasrira
533 408 801 471 memoria
841 408 1164 479 exstitisset,
1191 419 1250 467 et
1275 417 1391 480 est,
1422 417 1482 465 ut
1509 406 1671 465 modo
1696 406 1843 461 dice-
1873 402 1927 463 A
1951 413 2085 455 mtu-
2110 398 2307 457 Audio.
2338 401 2475 469 Quid
2502 416 2634 474 ergo
2669 399 2791 458 est?
2842 407 3032 455 omnes
3066 404 3196 455 sunt
3240 395 3542 454 Tertulliani

247 508 427 564 bamus
446 550 461 575 ,
498 507 602 563 hic
633 507 762 569 liber
785 505 978 563 eodem
1008 505 1120 561 lere
1146 519 1269 561 cum
1301 503 1576 575 Scorpiace
1605 510 1844 571 tempore

244 601 464 672 scriptus
496 610 793 672 postquam
820 600 970 655 furor
1002 599 1199 655 Severi
1230 597 1518 654 restinctus
1540 595 1715 681 fuerat
1738 635 1752 657 ,
1782 600 1844 648 ut

244 696 453 751 historia
498 696 672 767 hujus
716 694 975 765 temporis
1023 694 1203 753 docet.
1251 692 1433 762 Itaque
1474 690 1652 763 placet
1688 687 1755 765 ad
1773 687 1848 748 .Ιί-

242 786 381 843 hrum
403 788 472 842 de
505 786 992 859 Prmcriptionibus
1012 787 1361 841 ltteretirorum
1384 782 1628 855 progredi
1647 825 1661 848 ,
1684 795 1844 852 quem

242 879 352 935 huic
377 879 664 951 subjicere
689 895 794 936 non
816 879 1157 945 dubitamus;
1181 876 1438 949 quidquid
1459 877 1620 932 etiam
1642 874 1696 929 in
1718 889 1846 929 eon-

240 973 446 1029 trariam
480 985 703 1044 partem
733 973 1088 1029 Tillemontitts
1124 971 1227 1041 (L.
1256 988 1301 1026 c.
1336 980 1472 1043 part.
1514 967 1684 1038 111.11.
1711 965 1840 1022 205.

241 1078 281 1122 n
318 1078 426 1120 not.
461 1066 523 1120 li.
614 1068 668 1120 in
709 1065 1015 1121 Tertullian.
1059 1083 1113 1137 p.
1144 1063 1318 1135 656.)
1355 1070 1399 1118 et
1426 1061 1727 1117 eristomts
1750 1057 1845 1129 (In

239 1161 414 1231 scripto
451 1176 471 1213 :
506 1158 626 1213 Tite
652 1170 764 1214 true
791 1159 955 1231 origin
982 1163 1044 1230 of
1066 1158 1147 1212 tlte
1174 1156 1435 1213 Sabellian
1476 1154 1579 1208 and
1608 1141 1842 1206 Athana-

246 1253 343 1307 sint:
365 1250 660 1306 Doctrina
694 1255 760 1323 of
788 1252 876 1306 tlte
924 1250 1145 1321 Trinity,
1181 1266 1234 1320 p.
1265 1250 1319 1305 5.
1375 1247 1486 1318 sq.)
1529 1245 1842 1317 disputare-

238 1344 351 1399 rittt.
391 1344 536 1399 Nam
575 1345 715 1400 libro
738 1343 782 1399 l.
814 1346 1053 1398 adversus
1079 1341 1413 1419 Marciorum,
1444 1355 1494 1395 c.
1520 1340 1597 1402 1.,
1624 1353 1684 1393 se
1739 1338 1841 1391 ali-

240 1435 829 1507 quandoexarat-nrum
857 1436 1124 1507 promittit
1150 1433 1567 1506 disputationem
1595 1432 1660 1485 de
1688 1429 1841 1485 Pro:-

237 1531 505 1601 sa-iptione
552 1531 817 1587 adversus
862 1529 1147 1585 hereticos
1166 1571 1182 1596 ,
1211 1542 1245 1583 e
1272 1540 1380 1598 quo
1408 1525 1511 1581 hoc
1540 1523 1841 1580 necessaria

240 1624 588 1680 conclusione
619 1624 853 1689 elicitur,
883 1622 1099 1679 demum
1130 1630 1250 1691 post
1274 1634 1475 1675 annum
1496 1614 1717 1672 CCVIII.
1748 1629 1845 1669 no-

1949 490 2210 547 adversus
2256 493 2546 551 haereticos
2586 495 2706 551 libri
2752 493 3079 566 posteriores
3120 507 3189 549 eo
3241 492 3335 563 qui
3364 499 3448 548 est
3474 491 3555 546 de.

1950 584 2390 659 Presctiptione?
2418 592 2486 645 At
2512 590 2673 647 istum
2699 590 2876 646 locum
2921 588 3271 645 Tertollianus
3291 629 3306 654 ,
3330 596 3388 642 ut
3412 584 3543 642 mihi

1949 679 2188 748 videtur,
2222 696 2327 736 non
2360 691 2506 738 recte
2536 682 2701 754 cepit.
2728 678 2862 738 Nat'n
2904 683 2956 738 in
2983 697 3050 739 eo
3076 682 3194 737 loco
3228 696 3334 736 non
3376 693 3546 751 gene-
3600 740 3607 747 ,

1950 773 2108 831 ratitn
2153 774 2204 827 in
2244 773 2346 830 hoc
2410 774 2548 831 libro
2620 774 2967 831 Tertullianns
3010 775 3084 830 ait
3146 789 3204 830 se
3261 773 3547 829 haereticos

1949 864 2278 932 conlntasse,
2320 867 2415 922 sed
2447 866 2616 936 addit,
2647 883 2706 923 se
2744 868 2797 922 id
2828 867 3018 923 fecisse
3043 868 3292 923 universe
3316 866 3469 920 certis
3499 871 3556 919 et

1940 959 2101 1029 justis
2142 970 2190 1014 et
2239 962 2540 1016 necessariis
2583 962 3069 1033 pratscriplionibus.
3126 961 3305 1032 Itaque
3334 960 3385 1015 in
3424 959 3552 1015 aliis

1952 1050 2102 1106 libris
2150 1068 2256 1108 non
2300 1068 2360 1109 se
2388 1054 2670 1124 pollicetur
2694 1056 2980 1125 separatim
3006 1053 3547 1110 confutaturumhze-

1949 1147 2241 1203 reticorum
2264 1148 2596 1220 singulorum
2625 1150 2948 1217 doctrinam,
2973 1150 3067 1205 sed
3098 1158 3435 1204 ostensurum
3463 1161 3541 1214 se,

1950 1239 2189 1309 singulos
2208 1242 2370 1297 etiam
2397 1241 2678 1298 haereticos
2702 1257 3000 1314 eorumque
3030 1243 3183 1306 scita,
3224 1250 3384 1296 actate
3413 1240 3560 1295 dva

1950 1329 2106 1384 trinis
2135 1339 2280 1387 recte
2302 1334 2647 1389 sentientium
2679 1333 2898 1390 cedere.
2929 1333 3197 1388 Atdenuo
3217 1320 3560 1397 Whistonus,

1949 1420 1986 1475 l.
2011 1436 2062 1477 c.
2081 1437 2134 1494 p.
2160 1423 2228 1476 vi:
2259 1425 2541 1495 Antiquior
2558 1435 2643 1481 est
2672 1428 2719 1480 is
2746 1426 2809 1480 de
2845 1422 3241 1497 Prwsc'riptione
3258 1423 3560 1479 Commen-t

1916 1502 1919 1505 ’
1954 1516 2118 1569 tarius
2144 1515 2471 1588 Apologctico
2516 1517 2840 1574 Tertulliani.
2881 1519 3242 1587 Quamobrem
3282 1518 3548 1573 obsecro?

1952 1605 2221 1679 Expedite,
2239 1612 2408 1681 inquit
2431 1612 2481 1666 in
2510 1612 2731 1684 Apoleg.
2747 1613 2929 1680 0.47.,
2955 1614 3331 1684 praescribimus
3352 1613 3555 1667 adulte-

238 1726 392 1772 stram
409 1716 628 1772 librum
650 1717 751 1771 luci
772 1716 936 1772 fuisse
955 1715 1279 1786 expositum.
1304 1711 1478 1782 Atque
1500 1710 1627 1767 illud
1644 1710 1837 1779 ipsum,
1874 1740 1931 1786 __-
1949 1699 2021 1754 τῖε
2036 1702 2223 1763 nostris
2244 1744 2260 1768 ,
2308 1702 2453 1758 illam
2491 1720 2601 1760 esse
2623 1705 2853 1778 regulam
2895 1707 3138 1773 ueritatis,
3179 1722 3295 1779 qua:
3322 1707 3487 1762 veniat
3516 1722 3560 1761 au

240 1823 396 1880 neque
424 1819 687 1880 tempore
711 1823 776 1863 εο
792 1850 807 1874 ,
839 1822 948 1878 quo
973 1774 1167 1863 ιξιλτυπι
1197 1774 1439 1861 "esu-uin
1460 1774 1839 1875 pet-scriberet;
1874 1774 1923 1835 Β
1950 1791 2172 1860 Christo,
2207 1798 2504 1859 transmissa
2527 1815 2617 1869 per
2636 1800 2842 1854 comites
2866 1801 3047 1870 ipsius,
3073 1798 3252 1870 quibus
3271 1799 3558 1870 aliquando.

238 1916 451 1956 vacuum
500 1918 534 1955 a
584 1900 1032 1961 Montanistarum
1080 1898 1353 1956 erroribus
1401 1897 1562 1952 fuisse
1605 1896 1843 1949 animum

240 1992 551 2048 Tertulliani
602 1992 899 2049 clarissime
942 1991 1216 2055 ostendit,
1250 1998 1310 2046 ut
1362 2003 1467 2044 non
1521 1989 1695 2044 dicam
1738 1986 1841 2042 bo-

239 2100 341 2139 rum
369 2100 634 2140 errorum
662 2078 886 2156 vestigia
922 2099 1031 2140 non
1058 2084 1283 2140 obscura
1313 2098 1434 2139 esse
1461 2082 1513 2136 in
1542 2081 1641 2136 hoc
1665 2079 1800 2136 libro
1821 2120 1839 2147 ,

240 2177 386 2232 veluti
416 2193 467 2232 c.
503 2176 641 2243 40.,
662 2176 785 2243 ubi,
809 2192 929 2231 cum
956 2176 1146 2232 doceat
1166 2218 1181 2243 ,
1213 2176 1376 2231 etiam
1424 2175 1715 2246 malignum
1744 2187 1843 2243 ge-

241 2270 368 2324 nium
389 2270 650 2326 mmulari
677 2269 1037 2325 institutiones
1059 2269 1268 2324 divinas
1287 2267 1436 2339 :quid
1459 2267 1618 2337 quod,
1645 2266 1840 2336 inquit,

243 2370 279 2415 et
301 2377 561 2417 sumntum
594 2359 901 2430 Pantiﬁcem
929 2362 982 2416 in
1014 2362 1127 2416 unis
1158 2362 1349 2431 nuptiis
1386 2360 1597 2426 statuit,
1625 2359 1772 2413 habet
1795 2365 1847 2412 et

243 2453 442 2525 rirgines
475 2497 493 2522 ,
546 2455 700 2508 habet
741 2462 786 2509 et
826 2453 1167 2519 continentes;
1199 2461 1253 2510 et
1296 2468 1415 2525 qua:
1462 2458 1588 2508 sunt
1631 2450 1845 2524 generis

243 2546 493 2617 ejusdem.
526 2549 648 2605 Sed
690 2564 786 2620 age
819 2549 1122 2619 aperiamus
1164 2563 1225 2604 ea
1257 2549 1427 2618 capita
1448 2590 1463 2614 ,
1495 2546 1636 2602 unde
1668 2546 1845 2602 omnis

245 2639 306 2693 ad
346 2640 486 2696 hanc
538 2655 796 2701 caussam
845 2640 1144 2711 disputatio
1167 2639 1237 2695 ab
1285 2638 1352 2694 iis
1379 2638 1469 2709 qui
1497 2647 1683 2693 contra
1714 2652 1842 2692 sen-

246 2734 366 2788 tiunt
402 2734 651 2791 ducitur.
684 2737 762 2791 Ac
807 2735 1038 2807 primum
1065 2736 1247 2800 aiunt,
1273 2733 1453 2789 locum
1483 2748 1511 2788 a
1539 2733 1697 2789 nobis
1722 2748 1753 2788 e
1775 2731 1843 2786 li-

248 2824 331 2881 bro
356 2827 627 2883 adversus
658 2825 973 2882 Marcionita:
1011 2828 1299 2883 excitatum
1347 2826 1653 2897 signiﬁcare
1680 2826 1849 2881 etiam

251 2932 392 2988 posse
443 2920 654 2976 librum
682 2922 791 2991 jam
834 2922 1094 2992 scriptum
1122 2938 1135 2987 ;
1162 2920 1466 2977 Wistltomts
1494 2921 1656 2976 etiam
1699 2916 1845 2974 aliud

248 3000 543 3084 cxtanplam
571 3014 723 3084 ponit
747 3013 906 3085 hujus
951 3013 1202 3085 loquendi
1245 3013 1389 3068 modi
1415 3053 1430 3078 ,
1460 3027 1560 3068 nec
1590 3026 1847 3067 necessa-

248 3106 367 3160 rium
388 3107 439 3161 in
468 3122 539 3163 re
567 3108 816 3162 omnibus
854 3117 1000 3173 nota,
1021 3121 1123 3163 nec
1148 3107 1256 3163 ullo
1280 3105 1440 3163 modo
1466 3116 1673 3174 aptum,
1699 3120 1729 3160 e
1746 3104 1842 3160 lib.
1873 3140 1919 3206 ρ

253 3195 307 3251 V.
331 3214 376 3253 c.
402 3199 492 3255 t9.
525 3197 636 3254 Sed
662 3198 789 3254 illud
807 3198 1021 3256 delendi
1041 3215 1148 3255 non
1168 3200 1297 3255 satis
1327 3206 1520 3268 potest.
1548 3197 1681 3253 Nam
1711 3212 1842 3267 quo-

252 3290 573 3365 ticscumque
597 3292 943 3348 Tertulliamts
963 3292 1409 3367 aliquemalibrum
1431 3291 1543 3362 jam
1564 3305 1593 3345 a
1616 3305 1680 3347 se
1697 3305 1848 3345 com-

254 3384 462 3453 positum
491 3385 706 3458 profert
730 3427 745 3451 ,
774 3392 1046 3455 nunquam
1072 3385 1307 3442 futurum
1335 3384 1560 3441 adhibet
1590 3384 1845 3457 loquendi

252 3489 429 3546 genus,
459 3480 566 3536 sed
583 3478 762 3535 ubivis
783 3460 1115 3550 praeteritum
1140 3520 1154 3543 ,
1186 3488 1346 3549 atque
1372 3477 1563 3534 eodem
1581 3519 1597 3545 ,
1627 3477 1842 3547 opinor,

255 3570 395 3627 modo
414 3572 680 3643 prateriti
697 3572 952 3644 temporis
974 3570 1256 3627 ﬂexionem
1280 3580 1631 3640 usurpaturus
1661 3570 1848 3625 luisset

255 3660 620 3735 Tertullianus,
648 3675 707 3721 ut
752 3664 878 3721 fecit
898 3665 967 3721 de
1000 3658 1103 3721 hoc
1153 3666 1291 3720 libro
1328 3664 1455 3719 alibi
1487 3662 1587 3736 (1n
1616 3663 1753 3718 libro
1781 3663 1847 3718 de

256 3753 399 3812 Carne
430 3758 685 3824 Christi,
723 3774 773 3814 e.
826 3758 910 3827 2.)
941 3800 955 3825 ,
998 3758 1043 3812 si
1088 3757 1255 3813 .illum
1316 3757 1426 3828 jam
1475 3771 1506 3811 a
1575 3771 1634 3812 se
1696 3771 1849 3812 com-

256 3852 465 3929 positum
502 3851 762 3908 voluisset
790 3850 990 3907 dicere.
1015 3835 1198 3921 Neque
1228 3865 1356 3906 vero
1386 3850 1516 3905 illud
1556 3850 1733 3905 minus
1763 3856 1848 3905 est

258 3953 581 4012 contortum,
608 3959 730 4000 cum
765 3945 941 4001 locum
980 3960 1045 3999 ex
1076 3943 1456 3998 Antimarcione
1489 3941 1847 3997 Tillcmoutitss

257 4042 391 4103 putat
416 4053 706 4094 remanere
736 4038 978 4109 potuisse
1008 4052 1039 4092 e
1068 4036 1219 4092 libris
1261 4037 1357 4100 iis,
1386 4051 1522 4106 quos
1547 4044 1672 4091 ante
1699 4035 1800 4091 hoc
1824 4077 1840 4103 ,

258 4128 381 4196 quod
428 4139 646 4195 exstat,
678 4144 815 4201 opus
860 4129 1101 4184 adversus
1149 4127 1467 4183 Marcionem
1508 4128 1621 4199 jam
1657 4137 1843 4183 contra

260 4233 362 4276 eum
399 4223 717 4294 scripserat.
769 4221 899 4277 Nam
947 4230 1000 4278 et
1039 4220 1172 4277 illud
1217 4236 1363 4276 mera
1410 4220 1718 4291 conjectura
1761 4228 1846 4276 est

262 4313 386 4369 nullo
412 4314 579 4371 modo
615 4314 907 4387 probabilis
938 4325 1215 4386 propterea
1238 4354 1254 4381 ,
1285 4314 1430 4385 quod
1470 4312 1842 4395 Tertqllianus,

261 4418 363 4461 cum
404 4423 471 4464 se
515 4405 583 4462 ad
625 4406 938 4463 scribendos
978 4416 1193 4462 nostros
1241 4406 1481 4461 adversus
1531 4405 1845 4460 Μαγοὶοηεηι

1950 1887 2250 1955 posteriora
2302 1890 2488 1944 diversi
2547 1892 2631 1945 isti
2698 1886 3115 1947 commentatores
3178 1892 3545 1963 probabuntur.

1952 1979 2183 2034 Acutum
2232 1996 2363 2036 vero
2393 1980 2685 2051 hominem,
2736 1984 2824 2055 qui
2854 1999 2989 2039 cum
3040 1984 3108 2040 de
3138 1985 3549 2055 prtescriptione

1950 2073 2117 2141 audit,
2142 2076 2310 2131 etiam
2360 2076 2553 2132 librant
2590 2092 2754 2149 super
2795 2093 2858 2134 ea
2884 2094 2944 2134 re
2982 2077 3242 2149 scriptum
3270 2079 3448 2134 ridet!
3482 2077 3559 2133 Et

1954 2181 2017 2223 ea
2046 2170 2262 2238 quidem
2300 2173 2628 2243 upptignatio
2660 2172 2727 2228 ad
2776 2183 2988 2229 (etatem
3034 2172 3191 2244 hujus
3225 2172 3347 2228 libri
3379 2175 3549 2244 magis

1952 2264 2293 2333 pertinebat;
2326 2276 2519 2323 cmtera
2542 2310 2557 2334 ,
2599 2268 2795 2340 quibus
2834 2283 2893 2323 se
2917 2268 3134 2323 adactos
3160 2283 3226 2325 eo
3246 2267 3458 2357 dicunt,
3491 2275 3552 2322 ut

1954 2356 2097 2411 hunc
2138 2357 2330 2413 librum
2371 2358 2409 2415 e’
2454 2376 2680 2418 numero
2719 2361 3213 2418 Montanisticorum
3246 2361 3556 2433 proscrihe~

1951 2461 2093 2515 rent,
2136 2450 2252 2507 inec
2292 2463 2421 2508 sunt
2451 2454 2720 2509 :Primum
2766 2455 3071 2511 Wltistomts
3116 2455 3381 2526 adjectum
3416 2457 3552 2512 libro

1953 2552 2139 2599 nostra
2161 2545 2426 2615 libellum,
2458 2549 2547 2618 qui
2576 2547 2864 2604 haereticos
2890 2558 3039 2605 ortos
3064 2549 3119 2605 in
3152 2534 3351 2605 familia
3377 2550 3556 2606 chris-

1954 2635 2220 2691 tianorum
2243 2650 2504 2705 recenset,
2538 2640 2748 2710 objicit,
2778 2642 2835 2696 in
2861 2657 2968 2713 quo
2996 2642 3306 2714 planissime
3348 2652 3393 2696 oi
3424 2649 3559 2700 nstra"

1950 2731 2124 2798 φρίηας
2177 2726 2417 2784 haeretici
2478 2730 2942 2800 condemnamur;
2985 2734 3127 2803 quod
3183 2744 3329 2791 esset
3393 2730 3553 2806 argu-

1953 2828 2191 2874 mentum
2214 2820 2363 2875 nullo
2382 2821 2545 2877 modo
2565 2822 2911 2892 eludendum,
2942 2824 3007 2893 si,
3039 2825 3182 2896 quod
3215 2824 3550 2895 probandum

1952 2912 2176 2982 suscipit
2204 2912 2526 2982 Whistonus,
2552 2914 2641 2973 hic
2676 2916 2887 2973 libellus
2928 2919 3187 2974 vindicari
3236 2917 3278 2972 Τ
3278 2920 3550 2974 ertutlians

1953 3015 2161 3075 posset.
2191 3005 2298 3063 Sed
2329 3009 2455 3080 quid
2484 3024 2586 3080 pro
2626 3013 2901 3069 sententia
2950 3013 3110 3069 hodie
3140 3028 3170 3067 a
3205 3013 3338 3068 viris
3374 3013 3557 3070 doctis

1957 3111 2176 3166 prorsus
2202 3098 2484 3171 proﬂigata
2527 3103 2803 3174 disputet,
2855 3104 3137 3161 audiamus
3178 3114 3376 3163 tamen.
3408 3106 3552 3163 Idem

1953 3199 2056 3255 est,
2082 3192 2177 3257 ait,
2205 3192 2257 3247 in
2302 3192 2424 3263 hoc,
2457 3186 2599 3266 quad
2637 3196 2690 3251 in
2726 3196 2941 3268 scriptis
2968 3196 3293 3265 Tertulliani,
3338 3200 3556 3256 dicendi

1952 3300 2143 3355 genus.
2164 3286 2454 3355 Quomodo
2478 3290 2730 3347 tandem?
2760 3291 2946 3349 Graios
2975 3293 3170 3364 saepius
3192 3294 3356 3367 verba
3400 3295 3556 3350 libels

1951 3377 2039 3433 lus
2069 3378 2246 3435 latinis
2288 3381 2510 3449 miscet;
2544 3383 2777 3455 loquitur
2819 3400 2884 3441 eo
2930 3386 3111 3456 modo,
3157 3402 3261 3457 quo
3313 3387 3552 3444 Africani

1953 3470 2150 3539 solent,
2197 3474 2416 3531 horrido
2446 3477 2536 3532 illo
2583 3488 2637 3534 et
2682 3494 2820 3550 pene
2859 3479 3115 3548 barbaro;
3143 3480 3314 3536 acutis
3364 3496 3550 3551 persea

1952 3567 2135 3637 quitur
2187 3567 2470 3626 haereticos
2526 3571 3009 3641 conclusiunculis;
3056 3573 3223 3628 multa
3275 3573 3437 3628 etiam
3483 3588 3552 3629 ea

1953 3659 2156 3715 Irenaeo
2184 3660 2377 3727 sumit;
2407 3663 2638 3734 denique
2668 3666 2953 3721 hmreticos
2974 3675 3155 3722 narrat
3178 3682 3207 3721 a
3234 3665 3552 3722 Tertulliaao

1954 3763 2431 3820 commemoratos,
2464 3756 2629 3811 etiam
2654 3771 2771 3824 eos,
2801 3773 2936 3829 quos
2959 3773 3095 3814 unus
3125 3758 3212 3814 ille
3232 3757 3412 3823 habet,
3433 3739 3549 3814 vela
3570 3796 3584 3809 .

1955 3843 2033 3898 uti
2086 3843 2335 3901 Ebionem
2374 3853 2429 3902 et
2464 3839 2745 3906 Prameant.
2768 3852 2837 3905 At
2865 3849 2946 3916 si,
2990 3852 3081 3923 qui
3126 3851 3266 3908 hunc
3314 3851 3551 3907 libellum

1955 3936 2188 4007 scripsit,
2218 3938 2349 3994 Al'er
2365 3955 2565 4011 genere
2592 3940 2711 4011 fuit,
2742 3944 2826 3998 vel
2851 3941 3222 4000 Tertulliantmt
3242 3944 3552 4016 descripsit?

1953 4027 2096 4084 Nihil
2125 4029 2192 4086 ad
2218 4031 2335 4088 hinc
2362 4032 2690 4091 Wltistomts.
2725 4036 3137 4108 Progrediamur
3174 4055 3324 4111 ergo.
3352 4037 3555 4095 Claris-

1953 4122 2091 4177 sime
2117 4124 2431 4196 Augustinus
2450 4127 2521 4184 de
2548 4128 2755 4186 literas.
2776 4147 2837 4186 τι.
2865 4130 2979 4187 86.:
3008 4129 3356 4187 Tertulliamts
3380 4146 3554 4188 trans-

1952 4212 2111 4277 iitad
2156 4216 2420 4291 Phrygas,
2451 4238 2577 4292 quos
2605 4235 2758 4279 antes
2793 4225 3134 4287 destrumerat.
3166 4225 3395 4282 Ubinam
3426 4236 3554 4283 tan-

1953 4307 2075 4364 dem
2099 4309 2121 4363 ἵ
2142 4310 2440 4384 Nusquam,
2472 4316 2548 4371 ait
2582 4316 2895 4386 Win/tonus,
2925 4332 3033 4375 tam
3068 4321 3248 4392 ample
3300 4337 3459 4391 quam
3500 4322 3554 4378 in

1955 4402 2402 4474 hacappeodice.
2450 4408 2611 4465 Certe
2654 4411 2891 4476 audiam,
2935 4412 3077 4468 unde
3103 4412 3556 4470 litec‘Wistltonus

261 4495 407 4558 libros
427 4500 764 4573 accingeret,
796 4516 958 4556 unam
990 4500 1067 4554 illi
1095 4498 1396 4571 oppositam
1426 4499 1842 4571 disputationem
1868 4508 1926 4571 Ῑ)
1953 4492 2219 4554 didicerit.
2248 4496 2595 4571 Hieronymus
2613 4504 2856 4559 adversus
2878 4503 3232 4576 Luciferith
3252 4523 3315 4562 ex
3345 4507 3466 4572 hoc,
3490 4510 3558 4564 de

265 4595 561 4661 rescissam,
592 4594 816 4651 altorum
840 4593 1109 4649 amissam
1138 4593 1423 4651 conﬁrmat
1447 4605 1547 4659 ;-ct
1575 4593 1717 4650 istud
1758 4608 1847 4648 ar-

262 4697 555 4754 gumentum
584 4686 899 4742 Tillemontii
928 4687 981 4742 in
1011 4701 1071 4743 se
1095 4686 1255 4743 etiam
1281 4686 1520 4756 ineptum
1553 4694 1654 4741 est.
1688 4685 1846 4754 Quod

193 4848 199 4853 ν
266 4794 373 4851 vero
398 4783 527 4840 dicit
555 4781 752 4837 librum
777 4782 840 4836 de
868 4782 1036 4837 Carne
1065 4780 1251 4837 Christi
1278 4795 1400 4837 esse
1434 4780 1668 4850 priorem
1693 4780 1846 4838 libris

265 4876 442 4932 nostris
481 4877 724 4931 adversus
755 4872 1095 4943 Mareionem,
1135 4874 1279 4930 hunc
1316 4888 1446 4930 vero
1484 4875 1842 4945 posteriorem

266 4951 387 5023 libro
427 4970 492 5026 de
536 4969 887 5025 Itwreticorunt
919 4966 1313 5038 Prtescriptione
1338 5009 1353 5034 ,
1409 4982 1472 5024 ea
1523 4984 1630 5023 non
1678 4982 1847 5023 conor

267 5058 533 5132 attingere;
567 5071 650 5117 est
679 5062 822 5117 enim
845 5076 907 5116 ca
936 5060 1006 5116 de
1037 5076 1102 5116 re
1129 5061 1260 5116 satis
1289 5073 1450 5133 supra
1489 5059 1843 5134 disputatum,

268 5151 392 5208 unde
429 5155 781 5226 intelligatur,
819 5156 1054 5227 primum
1083 5162 1329 5212 nostrum
1358 5155 1551 5211 librum
1582 5155 1847 5209 Autimdr-

270 5242 432 5315 cionis,
454 5232 524 5303 de
560 5262 668 5318 quo
694 5247 782 5303 hic
808 5247 1120 5319 quaerimus,
1170 5261 1280 5302 non
1316 5262 1437 5303 esse
1484 5262 1606 5302 cum
1633 5247 1844 5304 caeteris

270 5334 471 5404 editum,
505 5353 604 5395 nec
628 5339 738 5395 ullo
765 5338 925 5396 modo
955 5339 1048 5396 illo
1074 5339 1137 5394 de
1169 5337 1335 5394 Carne
1361 5336 1551 5394 Christi
1580 5339 1843 5409 posterio-

272 5439 389 5486 rem.
408 5432 513 5489 Sed
542 5433 595 5487 in
622 5431 731 5488 line
767 5432 889 5489 libri
914 5432 982 5489 de
1009 5431 1424 5503 Praescriptione
1449 5430 1799 5490 Tertullianus
1824 5450 1845 5490 :

274 5535 388 5580 nunc
426 5528 629 5598 quidem
665 5528 992 5600 generaliter,
1041 5526 1234 5599 inquit,
1276 5539 1460 5583 .actum
1504 5538 1576 5585 est
1618 5545 1651 5583 a
1698 5530 1844 5585 nobis

272 5620 488 5675 adversus
516 5622 730 5676 ltwreses
758 5636 950 5686 omnes,
997 5621 1148 5676 certis
1177 5629 1225 5675 et
1265 5621 1421 5691 justis
1459 5630 1507 5676 et
1545 5621 1843 5679 necessariis

271 5715 713 5784 Maseriptionibns
734 5698 1049 5788 repellendas
1071 5730 1103 5768 a
1126 5714 1399 5770 collatione
1428 5713 1838 5786 Scriptararum.

276 5792 341 5857 De
363 5802 547 5877 reliquo
572 5843 639 5895 ,ν
669 5805 824 5865 etiam
861 5804 1148 5880 specialiter
1182 5805 1483 5878 quibusdam
1506 5808 1839 5881 respondebi-

1862 5993 1890 6009 Δ

1954 4604 2065 4660 quo
2105 4593 2399 4661 quanimus
2423 4635 2436 4659 ,
2472 4593 3198 4670 libello,multa,,tanquam
3236 4615 3306 4656 ex
3335 4601 3558 4671 antiquo

1954 4682 2157 4753 scripto
2188 4686 2372 4753 sumit,
2399 4686 2635 4760 itemque
2660 4687 3006 4761 Epiphanius.
3050 4692 3131 4747 Sit
3185 4692 3255 4747 ita
3280 4707 3428 4760 sane,
3462 4694 3560 4749 de.

1954 4775 2269 4849 scripserint
2297 4777 2458 4850 igitur
2500 4781 2688 4836 multa.
2712 4782 2857 4855 Ergo
2900 4783 2987 4839 hic
3037 4784 3253 4840 libellus
3308 4800 3558 4856 magnam

1954 4871 2117 4929 habet
2142 4874 2538 4945 antiquitatem.
2582 4875 2755 4933 Habet
2783 4876 3058 4948 profecto,
3090 4878 3250 4933 etiam
3284 4876 3561 4934 Tertullia-

1953 4981 2021 5019 no
2052 4964 2191 5022 forte
2218 4970 2480 5038 aequalem
2507 4987 2522 5037 ;
2556 4985 2625 5026 an
2655 4986 2779 5027 eum
2815 4972 2975 5027 etiam
3006 4980 3287 5042 parentem
3319 4974 3556 5045 haheat,

1953 5058 2007 5113 id
2040 5060 2276 5117 nondum
2316 5063 2472 5119 video
2495 5080 2524 5118 a
2558 5063 2829 5121 Whistono
2856 5065 3072 5137 planum
3101 5064 3187 5121 his
3235 5069 3559 5127 testimoniis

1950 5157 2172 5213 factum.
2206 5159 2431 5227 Deinde,
2467 5161 2762 5218 abhorrere
2804 5161 3130 5217 arbitrantur
3185 5163 3327 5234 quod
3362 5162 3563 5218 Tertul-

1951 5254 2121 5309 lianns
2150 5263 2430 5326 separatus
2453 5272 2482 5311 a
2506 5256 2775 5312 communi
2801 5255 3041 5311 Ecclesia
3065 5257 3339 5327 scripserit
3358 5258 3559 5348 librum

1954 5356 2062 5402 tam
2090 5348 2315 5417 bellum,
2346 5358 2453 5404 tam
2485 5348 2681 5426 fortem
2719 5348 2788 5404 ad
2830 5349 3183 5419 exagitandos
3228 5364 3438 5418 omnes,
3468 5351 3561 5421 qui

1951 5453 2015 5494 se
2061 5440 2331 5497 erroribus
2368 5440 2437 5500 ab
2496 5440 2732 5497 Ecclesia
2783 5446 3134 5511 separassont
3162 5456 3175 5492 :
3207 5455 3304 5508 ac,
3344 5441 3557 5498 etiamsi

1952 5538 2100 5587 tanta
2122 5532 2201 5587 vis
2230 5533 2354 5588 insit
2385 5534 2615 5602 veritati,
2648 5542 2711 5590 ut
2733 5533 2896 5589 etiam
2935 5534 3116 5589 invitis
3142 5548 3202 5589 se
3226 5534 3557 5605 conSpicien-

1949 5626 2075 5682 dam
2110 5626 2606 5700 deiendendamque
2644 5627 2882 5699 prmbeat
2908 5668 2923 5697 ,
2944 5628 3072 5700 ipse
3100 5643 3312 5699 quoque
3355 5626 3559 5683 Tertul-

1948 5717 2117 5776 lianus
2160 5720 2356 5790 sapius
2398 5721 2450 5776 in
2502 5721 2654 5779 libris
2696 5722 2840 5780 haud
2885 5723 3047 5780 dubie
3099 5724 3152 5779 in
3200 5720 3561 5780 Montanismo

1946 5810 2268 5884 conscriptis
2295 5796 2683 5887 praiscriptioni
2708 5814 2969 5877 adversus
2998 5813 3293 5880 haereticos
3316 5813 3555 5891 insistit,

3441 275 3549 337 166
3636 266 3685 271 ”
