4106 6330
529 284 634 342 167

1605 288 2053 348 DlSSER'l‘ATlO
2095 288 2182 346 DE
2227 289 2406 350 YERA
2448 293 2703 354 ᾸΞΤΔΤΕ

3717 300 3833 359 168

529 409 707 455 tamen
742 405 887 456 tanto
913 413 1033 458 cum
1079 400 1304 458 consilio
1345 409 1400 458 ct
1447 402 1800 473 amplitudine
1850 420 2113 476 nusquam
2147 408 2201 467 Α
2227 421 2321 461 vas
2349 449 2364 474 ,
2409 401 2503 464 sed
2551 411 2723 479 magis
2761 409 3105 469 conﬁrmatas
3151 423 3363 472 veteres
3403 414 3830 474 christianorum

527 490 631 547 hoc
660 492 767 548 telo
783 509 907 550 cum
931 493 1094 548 fuisse
1123 510 1275 549 usum
1301 494 1733 566 apitnadvcrtere
1755 497 1965 566 juhent.
1989 500 2119 566 Quae

526 583 816 654 disputatio
838 576 925 638 est
963 585 1150 656 magis,
1175 601 1334 654 quant
1365 586 1537 650 decet,
1567 597 1776 658 arguta.
1800 588 1932 643 Nam
1964 588 2116 644 Mon-

527 677 756 742 tanistae,
783 676 894 746 ipse
920 677 1079 732 etiam
1106 676 1471 744 Tertullianus,
1510 679 1559 734 id
1584 679 1723 751 quod
1778 691 1996 752 constat,
2038 692 2114 752 (ν.

525 766 590 823 de
618 767 794 838 Jejun.
822 785 870 825 c.
910 771 962 824 l.
995 769 1062 824 de
1093 769 1240 842 Virg.
1271 772 1372 826 vel.
1397 786 1445 826 c.
1471 771 1576 842 2.),
1605 788 1877 842 nunquam
1901 787 1958 827 se
1987 773 2118 828 alie-

526 875 623 915 nos
648 859 701 915 in
727 860 986 917 doctrinis
1010 862 1076 918 ad
1101 853 1256 919 fidem
1290 849 1678 933 pertinentibus
1708 865 1774 922 ab
1801 866 2116 922 erthodoxis

525 951 752 1023 professi
778 964 924 1016 sunt,
963 970 1137 1026 neque
1181 954 1527 1010 Tertullianus
1571 972 1793 1027 usquam
1831 956 2119 1029 Psychieos

525 1049 678 1120 ponit
706 1049 756 1104 in
789 1065 1016 1105 numero
1055 1051 1452 1114 hmreticorum,
1480 1051 1574 1106 sed
1603 1051 1670 1105 ab
1713 1051 1775 1105 iis
1807 1051 2118 1122 planissime

507 1140 802 1213 distinguit
848 1133 1017 1215 (e.
1052 1143 1102 1198 iu
1136 1143 1230 1198 lib.
1265 1144 1331 1198 de
1362 1142 1575 1212 Monog.
1602 1143 1702 1197 sub
1747 1143 1910 1214 init.).
1963 1144 2118 1200 Modo

522 1234 860 1315 emendatam
915 1235 1130 1291 aiebant
1180 1245 1234 1291 et
1281 1235 1591 1307 perductam
1617 1236 1686 1315 ad
1737 1238 2114 1307 perfectionem
2160 1222 2178 1238 ⁸

521 1309 858 1397 disciplinam
907 1344 1079 1395 suam,
1130 1343 1307 1398 neque
1349 1329 1400 1381 in
1440 1314 1625 1391 rebus,
1662 1345 1782 1398 quae
1813 1330 1912 1383 sub
1958 1330 2115 1385 fidem

473 1412 476 1416 ’
522 1419 720 1474 cadunt
745 1459 759 1482 ,
792 1420 858 1474 de
884 1421 1078 1490 quibus
1107 1420 1376 1476 dissensio
1406 1419 1562 1475 unice
1595 1421 1878 1475 luereticos
1918 1423 2117 1476 consti-

522 1513 641 1579 tuit,
671 1513 1142 1585 sediscrepantes
1171 1530 1199 1569 a
1225 1515 1468 1570 doctrina
1513 1513 1714 1568 Christi
1745 1523 1800 1570 et
1836 1517 2116 1586 Apostolu-

459 1595 470 1605 ’
521 1621 641 1661 runt
673 1608 1083 1664 confirmabant.
1115 1609 1294 1680 Itaque
1338 1607 1467 1663 nihil
1516 1607 1699 1662 mirari
1733 1611 1942 1672 attinet,
1972 1611 2116 1680 quod

521 1713 585 1755 ex
625 1711 780 1757 aetate
820 1703 1102 1759 recentiori
1133 1703 1496 1763 doctrinarum
1534 1703 1602 1758 ab
1631 1704 1896 1759 haereticis
1925 1703 2112 1769 delen-

2227 501 2672 571 propugnabant;
2716 503 2823 558 imo
2870 504 3016 575 ipsos
3055 506 3212 571 ritus,
3245 523 3380 578 quos
3422 512 3694 566 recentius
3737 511 3831 566 in-

2224 588 2416 646 ductos
2462 593 2604 661 apud
2651 593 2888 649 Montani
2938 607 3233 654 sectatores
3284 601 3485 656 rectius
3527 603 3832 659 sentientes

2223 681 2551 750 clamabant,
2585 694 2640 739 ut
2673 687 2864 757 probet
2893 704 2924 744 e
2950 690 3120 744 sacris
3146 691 3360 762 littoris,
3394 694 3632 764 ipsorum
3659 697 3829 752 etiam

2221 774 2602 844 Apostolorum
2635 778 2715 834 vel
2743 766 3134 840 consuetudine
3176 785 3258 845 vel
3305 787 3614 857 praeceptis,
3642 789 3832 844 multis

2224 863 2278 920 in
2323 867 2453 922 locis
2507 867 2852 928 Tertullianus
2903 876 3124 930 laborat.
3184 876 3290 932 Sed
3342 877 3378 932 ii
3399 879 3683 939 bimrctici
3729 879 3833 936 ad-

2222 972 2411 1014 versus
2433 975 2572 1030 quos
2602 961 2905 1020 Tertulliani
2937 967 3178 1024 instituta
3209 979 3296 1025 est
3335 971 3386 1025 in
3409 971 3548 1028 libro
3571 973 3638 1030 de
3657 974 3835 1041 .Prtn-

2227 1053 2522 1124 scriptione
2545 1056 2861 1128 disputatio,
2910 1046 3201 1118 multarum
3233 1063 3429 1142 Christi
3458 1066 3831 1123 doctrinarum

2224 1147 2305 1200 vel
2336 1147 2498 1202 rudes
2523 1152 2809 1220 Apostolos
2853 1153 3170 1211 dictitabant
3214 1157 3380 1214 fuisse
3403 1199 3420 1224 ,
3452 1161 3538 1216 vel
3567 1161 3835 1217 Christum

2224 1239 2544 1298 notomnia.
2567 1246 2820 1302 omnibus
2863 1248 3174 1318 tradidisse,
3199 1261 3258 1306 ut
3291 1252 3489 1310 Noster
3513 1255 3588 1326 ait
3626 1256 3680 1310 in
3709 1255 3835 1326 ipso

2224 1330 2363 1396 hoc,
2411 1350 2570 1404 quem
2631 1347 2954 1408 tractamus,
2997 1341 3136 1398 loco.
3182 1344 3354 1412 Quam
3410 1347 3480 1402 ob
3536 1362 3652 1403 rem
3701 1361 3864 1414 cum,

2224 1423 2374 1479 locus
2402 1426 2469 1491 is,
2514 1428 2581 1482 de
2624 1444 2731 1498 quo
2754 1431 3114 1504 disputamus,
3141 1452 3172 1490 a
3203 1435 3522 1493 Montanista
3567 1454 3675 1494 non
3720 1439 3834 1494 tui-

2224 1533 2326 1575 nus
2368 1521 2604 1590 potuerit
2629 1521 3084 1596 adhiberi,_quam
3129 1543 3162 1583 a
3209 1530 3359 1584 socio
3398 1529 3656 1587 Ecclesiae
3682 1541 3833 1588 recte

2223 1612 2528 1681 sentientis,
2561 1611 2663 1668 hoc
2695 1617 2973 1685 quzrritur.
3007 1628 3124 1672 utra
3145 1621 3221 1674 sit
3249 1623 3513 1676 sententia
3542 1622 3626 1678 vel
3659 1623 3828 1679 inter-

2223 1704 2450 1786 pretatio
2480 1705 2547 1759 ad
2578 1709 2858 1763 veritatem
2889 1712 3251 1781 propensior?
3291 1714 3378 1770 ubi
3408 1731 3510 1786 ego
3549 1731 3656 1772 non
3686 1717 3830 1772 mul-

523 1806 702 1847 sarum
751 1805 1124 1866 argumentum
1174 1794 1239 1848 ad
1296 1809 1390 1850 eos
1444 1795 1836 1867 impugnandos
1877 1795 2109 1850 duxerit.
2147 1785 2194 1844 Β
2225 1785 2336 1850 tum
2377 1796 2565 1852 dubito
2618 1800 2746 1869 quin
2802 1802 2976 1871 ipsum
3017 1802 3160 1858 hunc
3208 1805 3402 1860 librum
3447 1785 3620 1862 dieam
3651 1806 3832 1862 aTer-

520 1885 762 1941 Alterum
815 1903 942 1943 vero
971 1888 1098 1942 illud
1127 1887 1441 1943 Tillemontii
1471 1890 1602 1944 nihil
1635 1900 1738 1945 est.
1777 1890 1989 1946 Etenim
2015 1893 2115 1947 etsi

526 1979 813 2046 suscipiam
864 1979 1006 2050 quod
1062 1980 1148 2035 hic
1194 1983 1440 2049 consilio,
1489 1982 1582 2038 sed
1629 1983 1680 2037 in
1721 1985 1934 2039 caneris
1968 1985 2116 2039 libris

518 2063 712 2135 obiter,
737 2072 803 2127 de
831 2071 931 2128 hac
958 2073 1140 2144 regula
1165 2073 1528 2129 doctrinarum
1555 2075 1965 2144 judicandarum
1990 2075 2089 2130 Ter

519 2164 766 2221 tullianus
806 2166 1180 2237 disputaverit,
1213 2179 1390 2224 tamen
1425 2170 1568 2241 illam
1609 2184 1713 2224 non
1743 2172 1991 2238 obscure,
2018 2170 2112 2225 sed

520 2258 677 2329 plane
715 2260 866 2361 sath,
901 2264 1153 2332 proponit
1181 2264 1230 2317 in
1258 2263 1408 2320 libris
1436 2263 1694 2318 adversus
1725 2265 2028 2326 hatreticos,
2056 2277 2110 2330 et

520 2350 586 2404 ad
611 2351 755 2406 illam
795 2350 907 2408 rem
929 2369 998 2409 ex
1039 2356 1284 2410 instituto
1319 2355 1694 2426 disputandam
1745 2355 1938 2412 librum
1988 2372 2111 2413 nos-

518 2454 662 2502 trum
708 2448 1086 2517 destinaverat,
1132 2450 1347 2522 alioque
1374 2451 1533 2505 modo
1563 2449 1802 2505 confulat
1829 2451 2112 2507 ineteteris

519 2540 895 2617 haereticorum
929 2545 1170 2614 ineptias.
1209 2547 1382 2618 Atque
1412 2543 1662 2626 liaecipSa
1695 2555 1920 2616 possunt
1948 2547 2108 2601 etiam

517 2637 713 2707 opponi
754 2637 841 2691 alii
882 2637 1092 2693 cuidam
1153 2637 1582 2692 adversariorum
1616 2648 1969 2709 argumento,
2004 2655 2109 2696 non

521 2728 628 2785 levi
673 2729 747 2785 illi
795 2730 1050 2800 quidem,
1091 2730 1182 2785 sed
1222 2732 1290 2784 ita
1321 2730 1485 2797 forti,
1529 2740 1586 2786 ut
1629 2746 1766 2801 pene
1799 2747 1900 2787 nos
1944 2734 2112 2788 videri

519 2832 703 2895 posset
731 2825 1044 2894 pertrahere
1073 2823 1122 2877 in
1153 2822 1487 2879 adversarias
1528 2836 1708 2892 partes
1739 2839 1920 2893 posse,
1959 2825 2054 2880 sed
2083 2840 2112 2878 a

523 2913 880 2983 Tillentontio,
911 2915 1052 2986 quod
1085 2916 1272 2980 miror,
1297 2930 1402 2970 non
1431 2919 1563 2971 satis
1592 2917 1878 2971 illustrato.
1909 2915 2112 2971 Videli-

518 3019 606 3064 cet
633 3025 898 3064 sutnmum
922 3009 973 3064 in
1020 3009 1278 3065 doctrinis
1312 3009 1722 3079 apOslolicarttln
1753 3009 2112 3064 Ecclesiarum

517 3117 642 3158 cum
687 3103 803 3158 suis
833 3091 1153 3157 consensum
1181 3145 1196 3169 ,
1226 3103 1320 3158 sed
1345 3101 1719 3158 vehementem
1749 3103 1816 3157 ab
1845 3087 2114 3158 ltmreticis

519 3192 822 3250 dissensum
865 3193 1116 3265 proponit
1158 3209 1276 3264 cap.
1309 3195 1424 3259 56.;
1456 3205 1510 3250 et
1550 3194 1694 3264 quod
1747 3196 1908 3267 longe
1939 3194 2111 3265 majus

519 3295 622 3348 est,
637 3285 1004 3354 vehementer,
1025 3302 1076 3340 c.
1091 3285 1150 3340 3|
1168 3327 1206 3354 .,
1227 3287 1459 3358 exagitat
1487 3285 1788 3352 hmreticos,
1823 3297 2112 3358 propterea

519 3377 662 3449 qttod
715 3389 1108 3434 consueverant
1161 3378 1384 3446 dicere,
1433 3395 1536 3434 non
1589 3379 1767 3434 omnia
1817 3380 2152 3450 Apostolus.

507 3473 708 3539 scisse,
736 3473 878 3545 quod
906 3475 1022 3545 ipse
1042 3475 1150 3529 illis
1173 3473 1451 3532 videbatur
1469 3473 1622 3528 Iesus
1653 3472 1880 3528 Christus
1907 3473 2114 3531 dixisse

520 3566 660 3638 apud
693 3567 948 3622 Joannem
993 3568 1174 3624 verbis
1205 3567 1288 3624 his
1324 3585 1336 3622 :
1369 3563 1536 3622 Μαιιὰ
1562 3567 1698 3623 vobis
1719 3585 1749 3622 a
1776 3585 1854 3622 me
1891 3569 2106 3625 dicenda
2161 3593 2164 3596 ·

521 3670 744 3728 restant,
786 3663 875 3717 sed
913 3663 1166 3734 suscipere
1191 3679 1249 3716 ea
1272 3663 1498 3717 nondum
1525 3665 1751 3726 potestis.
1784 3663 1892 3719 llos
1919 3674 2104 3735 postea

522 3753 760 3808 retundit
781 3754 954 3810 verbis
981 3753 1176 3810 Christi
1206 3755 1290 3820 iis,
1315 3771 1434 3825 qum
1472 3755 1841 3826 superioribus
1863 3756 2114 3826 subjece-

522 3855 606 3902 rat
629 3862 642 3899 :
672 3843 799 3901 Cum
825 3846 1012 3900 venerit
1035 3845 1123 3899 ille
1144 3845 1390 3916 Spiritus,
1427 3849 1472 3902 is
1498 3864 1578 3902 vos
1601 3847 1670 3901 ad
1690 3865 1839 3902 omne
1867 3848 1944 3916 id,
1977 3849 2116 3920 quod

522 3937 694 3993 rerum
734 3950 828 4008 est,
869 3940 1273 4011 cognoscendum
1301 3942 1574 4006 perduret;
1621 3943 1762 3999 unde
1791 3943 1928 3999 effici
1960 3958 2118 4015 posse

525 4043 675 4103 putat
722 4034 901 4089 omnia
957 4032 1124 4091 fuisse
1170 4035 1393 4091 eductos
1433 4035 1754 4106 Apostolus;
1808 4052 1931 4092 nam
1970 4040 2118 4109 ipsos

523 4127 645 4185 illos
672 4127 928 4199 Spiritum
957 4145 986 4185 a
1009 4128 1212 4184 Christo
1237 4140 1416 4200 postea
1447 4131 1670 4186 omnino
1719 4132 1994 4202 accepisse
2032 4134 2121 4189 ait.

522 4235 587 4275 cx
620 4221 765 4277 Actis
814 4224 1194 4294 Apostolorum
1234 4223 1374 4279 haud
1419 4223 1583 4282 dubie
1628 4235 1897 4297 constare.
1952 4229 2115 4300 Atqui

524 4312 640 4369 lia-c
687 4315 939 4393 cogitanti
986 4318 1238 4385 cuidam,
1285 4327 1343 4374 et
1387 4319 1525 4388 apud
1571 4334 1631 4376 se
1671 4322 1938 4392 reputanti
1985 4324 2117 4379 scita

523 4405 986 4478 Montanistarum,
1037 4412 1149 4484 qui,
1201 4410 1312 4469 fere
1360 4412 1426 4469 ad
1466 4414 1713 4470 eumdem
1761 4415 1909 4472 illum
1940 4418 2116 4473 locum

520 4501 741 4560 Joannis
771 4507 1121 4575 posteriorem
1160 4517 1534 4578 provocantes,
1576 4507 1838 4566 Paracleti
1883 4511 2117 4583 discipli-
2144 4527 2197 4587 1)

523 4610 646 4652 nam
679 4596 1052 4671 perfectiorem
1098 4615 1312 4671 quoque
1340 4600 1620 4673 disciplina
1663 4602 1853 4658 Christi
1894 4613 1951 4660 et
1977 4605 2115 4676 Apo-

523 4691 767 4745 stolorum
794 4679 1175 4759 defendebant,
1203 4693 1546 4749 videreturne
1590 4694 1750 4765 igitur
1785 4696 1860 4750 illi
1911 4694 2116 4752 Tertul-

525 4783 691 4838 lianus
721 4793 828 4838 tam
873 4783 1018 4840 clare
1043 4784 1302 4842 adversus
1332 4786 1478 4857 ipsos
1517 4785 1864 4843 Montanistas
1893 4799 2114 4848 sentenc

479 4947 486 4954 .
527 4878 653 4932 tiam
683 4877 888 4944 dicere,
911 4889 968 4934 ut
989 4877 1224 4940 dubitari
1271 4878 1338 4934 de
1393 4884 1636 4952 ὀρθοδιξίᾳ
1675 4880 1833 4951 hujus
1861 4882 1984 4938 libri
2010 4899 2115 4940 non

521 4970 741 5040 posset?
781 4969 899 5027 Non
929 4973 1193 5044 tequidem
1247 4983 1393 5043 puto.
1438 4973 1571 5030 Nam
1605 5017 1620 5040 ,
1677 4976 1776 5032 etsi
1835 4977 1921 5034 hic
1963 4981 2112 5037 locus

523 5078 770 5130 magnam
825 5057 1017 5120 habeat
1076 5066 1377 5131 rationem,
1420 5068 1593 5136 potuit
1652 5079 1827 5124 tamen
1885 5072 2112 5142 proferri

523 5158 689 5212 etiam
710 5158 776 5212 ab
827 5174 892 5213 eo
941 5159 1033 5230 qui
1082 5160 1260 5216 stabat
1299 5176 1328 5215 a
1368 5159 1810 5218 Montanistarum
1855 5166 2115 5236 partibus.

525 5250 760 5316 Etenim,
804 5253 876 5308 uti
917 5253 1147 5311 diximus
1174 5298 1189 5322 ,
1237 5271 1498 5327 nusquam
1554 5255 1916 5314 Tertullianus‘
1947 5260 2112 5316 ullum

523 5344 752 5400 admittit
797 5346 936 5401 inter
961 5347 1308 5404 Montanis-tas
1349 5360 1404 5404 et
1445 5348 1779 5405 orthodoxos
1820 5353 2114 5422 Apostolo-

523 5452 640 5491 rum
666 5446 960 5499 sectatores
980 5440 1282 5497 dissensum
1318 5440 1386 5496 de
1414 5441 1477 5496 iis
1502 5456 1643 5506 esse,
1677 5459 1796 5512 quae
1823 5443 1928 5499 fide
1956 5446 2068 5501 acci
2088 5477 2114 5488 -

523 5531 715 5602 pienda
737 5543 896 5599 sunt;
927 5543 980 5589 et
1029 5535 1170 5605 quod
1199 5533 1398 5589 nullius
1424 5550 1567 5590 verte
1611 5535 1872 5593 doctrina:
1909 5553 2106 5609 exper-

493 5635 604 5681 ‘tes
635 5625 800 5684 fuisse
854 5629 1141 5700 Apostolus
1199 5617 1474 5692 defendit,
1505 5629 1636 5686 illttd
1687 5631 1800 5686 dari
1852 5647 1880 5686 a
1927 5635 2116 5704 quovis

518 5719 960 5778 Montanistarum
997 5732 1227 5794 poterat.
1267 5721 1374 5780 Sed
1427 5725 1852 5782 emendatiorem
1890 5726 2103 5785 demum

515 5825 617 5886 per
645 5810 973 5871 Paracletum
996 5813 1354 5888 disciplinam,
1376 5815 1649 5875 doctrinas
1675 5817 1837 5876 etiam
1867 5833 1976 5879 non
2000 5835 2100 5884 no-

2223 1888 2441 1942 tulliano
2466 1887 2789 1946 Montanista
2817 1893 3102 1963 proficisci.
3121 1894 3253 1953 Nam
3276 1901 3529 1968 primum,
3553 1910 3681 1955 sunt
3701 1900 3828 1956 libri

2222 1980 2532 2050 Septimiani
2579 1999 2610 2038 e
2656 1985 2940 2056 disciplina
3001 1987 3445 2045 Menanistarum
3515 1991 3706 2059 ducti,
3769 1992 3827 2048 iu

2221 2074 2412 2144 quibus
2443 2075 2520 2131 illi
2542 2076 2702 2131 instat
2721 2081 3110 2151 prmscriptioni
3136 2083 3186 2136 in
3209 2098 3398 2138 caussa
3424 2083 3824 2154 luereticorum,

2221 2181 2322 2220 nec
2363 2167 2470 2221 ullo
2502 2169 2662 2224 modo
2685 2211 2700 2234 ,
2747 2169 2890 2239 quod
2931 2186 3028 2226 usu
3076 2174 3174 2241 ipsi
3210 2175 3356 2229 venit
3380 2175 3629 2241 de_libris
3658 2175 3826 2231 omni-

2220 2257 2323 2313 bus
2362 2258 2474 2312 suis
2501 2299 2516 2326 ,
2546 2259 2612 2314 ad
2655 2276 2791 2331 qum
2821 2263 3097 2318 remittere
3141 2265 3370 2321 lectores
3399 2275 3632 2337 poterat,
3665 2283 3824 2340 suum

2220 2348 2284 2402 de
2311 2348 2709 2420 Prtescriptione
2734 2352 3088 2408 haereticorum
3129 2371 3267 2424 Opus
3305 2366 3626 2426 antestatur,
3657 2360 3822 2415 veluti

2219 2442 2274 2498 in
2307 2443 2441 2497 libro
2459 2444 2699 2500 adversus
2719 2444 2996 2512 Praxeam,
3023 2463 3072 2503 c.
3101 2449 3434 2516 2.,udversns
3455 2451 3823 2523 Hermogenem

2219 2551 2268 2592 c.
2301 2538 2352 2591 1.
2389 2522 2610 2603 Deinde,
2643 2539 2689 2594 si
2713 2543 2766 2594 is
2787 2549 2932 2596 esset
2961 2540 3064 2595 loci
3093 2543 3342 2612 superius
3388 2545 3593 2600 tractali
3622 2522 3656 2600 ei
3680 2544 3821 2602 libro

2220 2641 2406 2687 nostro
2453 2649 2646 2688 sensus
2713 2635 2924 2705 qualem
2978 2635 3333 2694 Tillemontius
3381 2639 3550 2709 lingit,
3593 2654 3698 2694 non
3727 2639 3823 2696 ad-

2219 2728 2439 2781 modum
2469 2728 2730 2784 crcdibile
2751 2740 2834 2785 est
2889 2728 3258 2786 Tertullianum
3287 2734 3524 2803 potuisse
3545 2733 3817 2804 postscri-

2219 2829 2367 2891 ptum
2402 2821 2544 2876 hunc
2591 2821 2788 2876 librum
2836 2825 2902 2878 ad
2949 2823 3304 2880 Montanistas
3342 2825 3546 2891 delabi,
3589 2825 3680 2897 qui
3712 2836 3818 2882 tam

2219 2914 2453 2972 dilucide
2475 2918 2798 2972 sententiam
2828 2919 3086 2974 adversus
3113 2917 3364 2991 Montani,
3391 2919 3630 2974 scholam
3671 2920 3820 2976 dixe-

2219 3019 2323 3074 rat,
2355 3011 2439 3064 vcl
2471 3012 2610 3065 hunc
2636 3009 2933 3078 librum,.in
2959 3027 3065 3082 quo
3093 3011 3329 3066 Montani
3367 3011 3675 3067 utolitiones
3706 3021 3823 3068 tunc

2223 3109 2277 3156 to
2306 3101 2508 3171 impetu
2537 3101 2780 3157 damnati
2803 3101 3038 3169 fuerant,
3063 3105 3224 3158 etiam
3249 3104 3299 3158 in
3337 3103 3509 3162 libris.
3533 3118 3669 3174 quos
3699 3113 3818 3158 tan-

2227 3210 2387 3263 quam
2420 3177 2745 3273 Mpntauista
2773 3197 3039 3263 exaravit,
3065 3205 3121 3250 ut
3142 3195 3192 3250 in
3219 3196 3313 3250 lib.
3357 3196 3420 3256 de
3447 3192 3616 3250 Carne
3635 3195 3822 3252 Christi
3863 3265 3866 3268 .

2219 3299 2267 3340 c.
2299 3286 2353 3339 2.
2383 3297 2523 3341 extr.
2579 3287 2818 3343 laudare.
2855 3287 3046 3358 Neque
3075 3303 3205 3344 vero
3237 3289 3418 3343 mirari
3465 3289 3584 3360 quis
3625 3286 3779 3344 debet
3801 3331 3818 3357 ,

2219 3376 2590 3432 Tertullianum
2619 3389 2725 3435 tam
2753 3394 2810 3434 se
2851 3380 3167 3448 adjunsisse
3201 3379 3506 3436 defensioni
3548 3379 3820 3436 doctrina-

2220 3485 2338 3525 rum
2373 3470 2422 3524 in
2455 3469 2869 3540 Christianorum
2902 3471 3161 3527 Ecclesiis
3184 3481 3553 3542 susceptarum
3607 3474 3657 3527 in
3685 3472 3820 3529 libro

2221 3578 2381 3634 quem
2407 3572 2647 3636 tempore
2683 3564 3000 3620 defectionis
3029 3581 3142 3620 suae
3169 3565 3238 3621 ab
3269 3565 3349 3620 his
3377 3565 3630 3621 Ecelesiis
3650 3566 3819 3636 scrip-

2221 3669 2402 3722 serat;
2431 3670 2540 3713 tmn
2563 3660 2707 3714 enim
2735 3660 2846 3729 jam
2875 3660 2992 3730 ipso
3038 3669 3277 3732 tempore
3309 3661 3598 3717 restinctus
3638 3661 3816 3731 aliquo

2223 3751 2386 3806 modo
2408 3763 2518 3806 erat
2555 3752 2643 3807 ille
2669 3750 2979 3806 Tertulliani
3000 3753 3052 3807 in
3074 3767 3228 3808 secus
3249 3753 3546 3808 sentientes
3566 3752 3821 3809 orthodo-

2229 3860 2310 3900 ne
2338 3845 2594 3902 Ecclesia:
2631 3847 2808 3901 socios
2851 3846 3022 3912 furor,
3072 3861 3265 3917 seque,
3309 3846 3519 3917 placato
3552 3847 3822 3917 paulisper

2223 3938 2442 4005 animo,
2473 3940 2523 3993 in
2582 3938 2867 3994 haereticos
2907 3947 3270 4004 converterat,
3315 3938 3455 3994 unde
3500 3939 3671 4009 major
3699 3936 3821 3994 cuin

2223 4042 2372 4088 recte
2413 4032 2771 4088 sentientibus
2797 4047 3093 4089 consensus
3122 4042 3178 4089 et
3202 4033 3384 4090 mitior
3412 4033 3481 4091 de
3505 4031 3569 4090 iis
3602 4039 3820 4090 senten-

2225 4125 2298 4180 tia
2319 4125 2526 4184 exstitit
2553 4125 2653 4198 (1).

2726 4264 2978 4362 ARTlCU
2989 4265 3119 4324 LUS
3149 4264 3236 4323 Vl.

2226 4401 2419 4467 Quinta
2443 4401 2618 4458 classis
2645 4401 2910 4470 librorum,
2936 4419 3151 4475 quorum
3175 4420 3266 4460 nec
3309 4413 3436 4461 setas
3474 4421 3566 4462 nec
3591 4405 3824 4463 doctrina

2870 4507 3006 4550 certa
3032 4504 3123 4554 est.
3425 4552 3429 4554 .
3829 4508 3836 4514 “

2581 4610 2611 4683 §
2635 4610 2688 4666 1.
2715 4639 2786 4654 --
2808 4609 2957 4666 Liber
2978 4611 3042 4666 de
3069 4609 3398 4668 Pcenitentia.
3426 4626 3434 4631 ‘

2295 4722 2413 4779 Jam
2439 4722 2507 4779 de
2533 4723 2705 4792 libris,
2727 4725 2814 4796 qui
2833 4735 2958 4780 suat
2974 4725 3041 4780 de
3059 4724 3224 4781 Carne
3245 4726 3454 4794 Christi,
3471 4729 3631 4799 deque
3654 4730 3821 4784 carnis

2222 4812 2628 4882 Resurrectiane,
2667 4833 2772 4872 non
2804 4828 2886 4874 est
2916 4817 3058 4888 quod
3082 4819 3246 4873 multa
3263 4819 3666 4884 dicamus,cum
3685 4819 3823 4878 hunc

2221 4916 2288 4964 eo
2320 4911 2673 4978 posteriorem
2701 4924 2823 4968 esse
2851 4911 2996 4966 illius
3029 4910 3148 4993 libri
3177 4912 3230 4967 in
3282 4911 3385 4969 hoc
3406 4898 3664 4971 'excitatio
3692 4916 3822 4973 satis

2286 5087 2358 5155 (1)
2393 5085 2552 5155 Ardua
2610 5099 2764 5155 sane,
2810 5090 2848 5138 si
2887 5103 2983 5155 qua
3017 5087 3192 5147 fuerit,
3233 5105 3290 5140 ac
3326 5093 3566 5155 angustiis
3603 5091 3820 5144 intricata

2221 5149 2418 5197 videtur
2459 5149 2662 5216 lurcde
2703 5149 3128 5216 Praescri'ptionum
3168 5149 3758 5216 tempore'controversia
3803 5171 3818 5205 :

2221 5224 2367 5281 quam
2391 5224 2563 5281 rursus
2579 5214 2624 5261 in
2646 5212 2788 5273 hujus
2810 5212 2973 5276 operis
2989 5215 3200 5281 decursu
3226 5212 3510 5281 inprompto
3529 5218 3626 5267 erit
3643 5216 3822 5281 aliqua-

2221 5279 2368 5322 tenus
2400 5279 2672 5339 exagitare,
2692 5283 3034 5339 nostramque,
3060 5279 3153 5328 etsi
3179 5279 3322 5328 nubis
3343 5291 3440 5327 non
3476 5280 3624 5330 liceat
3652 5279 3818 5339 tantas

2221 5348 2516 5403 componere
2557 5335 2720 5403 lites,
2752 5335 3060 5403 sententiam
3088 5339 3500 5403 qualemcumque
3551 5337 3819 5403 erplicare.

2220 5395 2548 5465 Nuncautem
2574 5399 2618 5447 id
2643 5400 2807 5448 obiter
2829 5409 3013 5465 tantum
3033 5395 3203 5451 dicere
3225 5403 3382 5465 juvat,
3410 5395 3505 5452 nec
3522 5395 3631 5465 jam'
3648 5405 3816 5454 videli-

2220 5467 2303 5508 cet
2332 5458 2635 5528 displicuisse
2657 5475 2801 5524 quam
2823 5458 3506 5528 sulwdoraturA'l‘illetnontius
3520 5458 3815 5528 opinionem,

2219 5535 2317 5583 qua
2352 5522 2525 5596 librum
2565 5522 2709 5596 hunc,
2730 5524 2965 5596 equidem
2991 5534 3106 5596 ante
3142 5526 3431 5596 :l‘ertulliaui
3469 5522 3815 5596 defectionem,

2219 5597 2338 5654 cum.
2353 5583 2509 5654 adhuc
2531 5597 2644 5634 sana
2679 5583 3031 5654 lide'lloreret,
3057 5590 3309 5654 acjforsan,
3328 5589 3443 5637 dum
3480 5587 3647 5638 Romae
3668 5583 3819 5654 agens

2219 5647 2506 5716 traditiones
2541 5646 2832 5710 apostolicas
2874 5650 3071 5712 penitus
3117 5652 3489 5716 introspiceret,
3531 5646 3819 5716 conceptum

2219 5708 2452 5777 fuisse_ac
2474 5708 2738 5777 incoeptum
2758 5747 2772 5772 ,
2800 5708 2894 5760 nec
2919 5719 3085 5761 tamen
3108 5715 3198 5763 nisi
3223 5708 3331 5777 post
3354 5708 3507 5777 libros
3543 5715 3590 5763 iu
3618 5708 3818 5777 Marcio-

2220 5785 2352 5838 netn,
2377 5770 2724 5838 haerente'jam
2757 5770 2958 5826 auctore
2994 5770 3376 5838 luimonta'uismi
3411 5775 3559 5838 face,
3584 5776 3821 5830 inluceat

2222 5835 2405 5889 editum
2425 5833 2796 5890 arbitrarentur.
3017 5836 3138 5894 Enn.
