4106 6330
119 117 480 226 Γ-τ

278 360 392 418 ιθθ
1208 355 1295 411 AC
1336 351 1678 410 DOCTRINA
1718 343 2151 405 SCRIPTORUM
2193 343 2673 405 TERTULLIANI.
3490 343 3596 399 I70

278 477 478 534 doceat
507 475 601 544 (c.
672 473 729 543 2,
759 473 812 547 ),
873 485 935 528 ac
985 469 1075 528 ille
1127 469 1342 527 demum
1402 479 1525 540 post
1578 468 1770 523 librum
1829 465 1891 518 de
1922 463 1970 524 A
1998 470 2179 517 essent
2207 461 2536 532 gravissimis
2561 458 2798 530 ﬂagitiis,
2830 457 2969 530 apud
2997 458 3186 539 Detnn,
3215 458 3258 514 si
3298 457 3364 513 ad
3393 460 3590 515 bonam

285 574 651 628 nauticarum
722 567 1120 639 Praescriptione
1185 565 1517 636 compositus
1571 563 1682 627 sit,
1742 559 1885 632 quod
1994 566 2227 611 mentem
2255 555 2562 621 rediissem,
2611 555 2785 610 aditus
2815 569 2920 610 non
2965 563 3110 611 esset
3154 554 3458 625 impeditus.
3509 553 3592 610 Ex

280 666 479 722 eodem
523 663 684 720 modo
742 671 966 735 apparet
1009 660 1028 732 (
1066 659 1184 715 Vid.
1217 669 1320 714 art.
1361 658 1420 725 4,
1453 657 1479 730 §
1519 655 1552 711 6
1586 657 1720 726 );at
1772 669 1889 711 cer.
1994 663 2100 718 quo
2127 647 2286 702 etiam
2315 646 2442 702 illud
2465 646 2712 712 efﬁcitur,
2738 663 2843 703 non
2861 663 3115 704 revocare
3137 646 3511 703 Tertullianum
3533 648 3588 702 in

283 774 376 818 ms
422 762 616 818 horum
678 759 931 816 “brorum
985 771 1158 813 annus
1209 772 1313 811 ηοη
1362 761 1591 810 constat,
1665 751 1890 807 Restant
1995 742 2134 798 libro
2161 742 2224 797 de
2258 741 2518 796 Pudicitia
2547 741 2622 808 id,
2651 741 2792 813 quod
2822 742 2873 796 in
2899 741 3154 813 singulari
3185 741 3365 798 libello
3399 741 3588 798 ortho-

283 857 449 927 igitur
479 856 514 909 ii
541 854 685 921 libri,
709 867 938 925 quorum
969 851 1135 917 nulla,
1160 858 1219 904 ut
1240 848 1370 903 mihi
1393 847 1621 910 videtur,
1648 845 1783 899 ratio
1808 843 1889 899 vel
1995 836 2256 892 doxorum
2290 837 2416 892 olim
2446 835 2730 892 sententia!
2759 835 3004 891 addictus
3029 835 3352 906 scripsisset,
3385 833 3480 891 sed
3507 835 3591 890 ni-

281 949 462 1002 minus
486 946 570 1002 vel
599 945 859 1002 doctrina:
903 943 1038 999 tradi
1069 951 1246 1014 potest
1294 941 1360 1012 (is
1392 940 1534 996 enim
1562 947 1676 994 erat
1705 937 1891 992 tertius
1997 929 2073 985 hil
2102 946 2244 987 nunc
2275 930 2494 998 fatetur,
2531 930 2631 987 nisi
2663 945 2722 986 se
2751 929 2908 986 aliter
2934 932 3132 986 sentire
3154 931 3221 987 de
3249 932 3348 987 ista
3383 933 3538 988 venia
3565 947 3598 988 a

283 1050 489 1095 nostra:
532 1039 840 1108 scriptionis
889 1033 1094 1107 locus),
1145 1033 1210 1090 de
1241 1033 1434 1104 quibus
1477 1048 1597 1087 cum
1642 1029 1754 1096 alii,
1801 1028 1890 1100 qui
1997 1033 2141 1080 ccetu
2169 1038 2329 1079 sacro
2358 1022 2723 1092 concedenda,
2763 1038 2924 1094 quam
2953 1023 3081 1078 olim
3104 1024 3241 1080 inter
3268 1023 3598 1081 orthodoxos

285 1150 409 1189 eam
428 1149 541 1189 rem
568 1149 598 1188 a
627 1149 686 1190 se
715 1133 1003 1203 perfectam
1029 1137 1305 1200 putarunt,
1335 1127 1640 1184 decrevisse
1670 1124 1769 1180 sibi
1795 1122 1892 1177 visi

285 1227 540 1283 sintcum
571 1226 746 1300 aliqua
776 1222 1117 1287 certitudine,
1138 1235 1488 1293 quzecumque
1518 1220 1568 1273 iu
1597 1219 1750 1273 istam
1781 1231 1892 1271 rem

285 1318 738 1388 disputarunt,ea
766 1315 1098 1387 nos,quibus
1129 1313 1296 1384 magis
1325 1312 1502 1384 placet
1530 1310 1580 1365 in
1614 1308 1714 1363 hac
1733 1321 1893 1363 caus-

286 1427 344 1468 Sa
375 1412 728 1468 verecundius
748 1410 1144 1482 loqui,oportet
1183 1407 1450 1478 paululum
1485 1414 1754 1475 postremo
1780 1401 1898 1456 loco

285 1513 563 1560 excutere.
601 1502 698 1558 Est
728 1502 886 1572 hujus
915 1501 1128 1572 generis
1147 1499 1280 1555 liber
1304 1499 1366 1552 de
1385 1496 1716 1560 Paenitentia,
1740 1509 1898 1565 quem

286 1595 600 1651 Tertulliani
643 1611 763 1652 esse
803 1595 937 1651 adeo
967 1595 1194 1666 negabat
1242 1592 1512 1655 Erasmus,
1545 1591 1797 1662 probatus
1847 1590 1897 1643 in

288 1689 394 1744 hac
421 1703 480 1744 re
507 1705 536 1743 a
569 1688 772 1743 Dallazo
795 1687 1106 1758 aliquando,
1139 1688 1301 1741 etiam
1331 1685 1398 1740 ab
1421 1683 1759 1752 Holfmanno,
1788 1697 1903 1738 ma-
1927 1756 1930 1758 γ

289 1783 435 1837 xime
456 1791 678 1852 propter
706 1781 829 1853 styli
858 1779 1346 1836 dissimilitudinem
1378 1778 1559 1852 iulhoc
1583 1777 1899 1846 caeterisque

291 1873 605 1929 Tertulliani
646 1874 831 1942 libris;
879 1889 1034 1943 quam
1067 1860 1167 1944 ego
1188 1914 1200 1938 ,
1233 1872 1405 1927 fateor
1425 1911 1441 1939 ,
1492 1870 1901 1942 deprehendere

294 1981 406 2021 non
435 1967 571 2022 satis
596 1981 758 2038 queo,
790 1965 1000 2022 etiamsi
1028 1964 1116 2019 hic
1147 1978 1253 2018 non
1289 1972 1393 2018 tam
1421 1947 1676 2034 appareat
1724 1963 1896 2034 impe-

288 2058 466 2115 ditum
498 2058 627 2114 illud
658 2067 713 2114 et
741 2058 1017 2114 concisum
1048 2055 1258 2112 dicendi
1283 2072 1472 2127 genus,
1519 2055 1659 2126 quod
1712 2065 1901 2126 regnat

293 2152 346 2207 in
381 2153 617 2208 ceteris.
646 2151 829 2224 Neque
849 2153 989 2206 enim
1016 2160 1156 2206 tanta
1186 2158 1288 2214 est,
1311 2158 1506 2220 quanta
1531 2156 1764 2220 putatur,
1789 2148 1902 2204 haec

296 2245 710 2314 dissimilitudo,
743 2246 837 2302 sed
891 2245 1079 2302 eadem
1127 2244 1292 2300 fracta
1330 2252 1382 2300 et
1407 2245 1702 2312 interrupta
1742 2242 1905 2298 dictio

295 2338 388 2395 hic
414 2348 609 2406 exstat,
641 2353 760 2408 qua:
808 2349 892 2394 est
924 2338 974 2393 in
1001 2337 1120 2392 aliis
1150 2337 1402 2408 mitigata:
1431 2335 1700 2406 paulisper
1715 2335 1906 2390 dictio-

296 2434 386 2489 nis
417 2432 570 2487 libris
592 2431 756 2488 veluti
779 2431 832 2486 in
855 2431 942 2498 iis,
971 2432 1060 2501 qui
1089 2439 1214 2484 sunt
1233 2428 1597 2494 de'Patientia,
1613 2429 1772 2499 deque
1793 2426 1905 2481 Fu-

297 2543 372 2599 ga
409 2527 458 2579 in
489 2527 856 2592 persecutione.
892 2524 973 2578 Sit
1001 2524 1159 2596 igitur
1191 2523 1276 2578 hic
1297 2523 1432 2578 liber
1451 2523 1683 2594 Septimii
1715 2523 1903 2591 nostri,

296 2620 400 2677 sed
426 2636 551 2677 eum
569 2635 689 2676 cum
716 2619 1002 2686 scriberet,
1035 2618 1317 2688 cujusnam
1340 2626 1499 2673 secta:
1521 2615 1699 2683 fuerit,
1729 2615 1909 2672 dicere

301 2727 418 2769 non
443 2711 640 2767 audeo.
675 2710 853 2767 Athic
881 2711 1227 2766 intercedunt
1254 2709 1364 2765 lere
1413 2724 1622 2776 omnes,
1676 2709 1912 2765 certissi-

297 2820 566 2876 mumque
585 2818 705 2860 esse
724 2805 894 2872 aiunt,
914 2818 1034 2859 cum
1059 2802 1384 2858 orthodoxis
1404 2813 1514 2858 tum
1538 2801 1913 2858 Tertullianum

295 2899 568 2963 sensisse,
594 2912 826 2967 namque
851 2905 904 2952 et
921 2912 1043 2951 eum
1069 2897 1228 2952 οωιυί
1253 2909 1410 2951 sacro
1441 2904 1756 2966 potestatem
1788 2911 1917 2951 con-

301 2990 508 3046 cedere
537 2989 731 3061 delicta
749 2989 1088 3045 condonandi
1120 2991 1182 3044 iis
1204 2991 1292 3061 qui
1323 2991 1538 3062 gravius
1580 3001 1912 3060 peccassent,

301 3101 472 3157 quam
503 3100 726 3157 prorsus
755 3084 1108 3140 destruxisset
1147 3084 1198 3138 in
1239 3083 1380 3138 libro
1427 3084 1491 3139 de
1536 3082 1797 3138 Pudicitia
1819 3127 1832 3152 ,
1863 3094 1920 3140 et

308 3179 366 3234 in
402 3159 508 3232 illd
532 3177 668 3232 libro
696 3177 868 3248 ipsum
898 3177 1043 3231 illum
1089 3177 1366 3247 proﬁteri,‘
1403 3192 1462 3233 se
1503 3193 1644 3233 nunc
1668 3177 1915 3233 confuta-
1945 3215 1989 3279 Ο

302 3284 369 3328 re
394 3270 536 3326 velle
564 3269 755 3324 librum
803 3285 961 3340 quem
990 3269 1140 3336 olim,
1171 3269 1366 3324 hzeresi
1397 3270 1701 3326 communis
1731 3267 1918 3324 Eccle-

299 3368 405 3421 sia:
431 3363 679 3418 addictus
698 3379 792 3434 pro
817 3361 918 3418 hac
939 3373 1203 3434 potestate
1223 3363 1550 3433 scripsisset.
1589 3363 1646 3418 In
1669 3379 1770 3434 qua
1797 3363 1918 3418 uni-

303 3473 464 3513 versa
493 3455 856 3528 diSputatione
875 3456 1042 3512 multo
1063 3455 1358 3526 sapientior
1374 3455 1502 3511 mihi
1527 3457 1736 3512 videtur
1757 3457 1916 3526 Half-

309 3568 556 3616 mannus,
583 3565 746 3622 quam
776 3551 828 3604 in
854 3551 1085 3606 cmtcris.
1109 3549 1348 3622 Namque
1374 3551 1410 3605 Ι.
1432 3569 1482 3607 c.
1510 3551 1538 3623 §
1568 3550 1684 3605 XIII
1703 3553 1920 3624 pulchre

307 3655 501 3702 monet
533 3645 601 3711 is,
634 3644 790 3715 longe
823 3643 1089 3700 diversam
1133 3659 1255 3700 esse
1299 3645 1650 3716 quaestionem
1698 3647 1750 3700 in
1784 3646 1922 3702 libro

311 3743 379 3795 de
411 3739 718 3794 Paenitentia
746 3739 1072 3810 propositam
1101 3741 1166 3796 ab
1187 3755 1272 3807 ea,
1305 3756 1462 3812 quam
1493 3740 1843 3798 Tertullianus
1864 3743 1916 3798 in

313 3833 712 3891 commentario
728 3849 880 3906 super
899 3831 1158 3888 Pudicitia
1181 3833 1377 3904 posuit,
1403 3843 1564 3905 atque
1584 3836 1745 3891 etiam
1769 3835 1920 3891 Mon-

312 3929 546 3982 tanistas
575 3941 738 3981 omne
768 3925 897 3980 illud
933 3927 1170 3996 potuisse
1199 3925 1493 3982 defendere
1553 3927 1694 3998 quod
1746 3941 1828 3984 est
1867 3930 1920 3985 in

315 4019 462 4075 libro
491 4019 557 4073 de
588 4015 896 4073 Pwnitentia
931 4019 1285 4089 prepositum.
1315 4018 1581 4076 Videlicet
1626 4036 1732 4076 non
1761 4037 1923 4093 super

315 4129 382 4171 ea
411 4129 470 4169 re
498 4121 615 4168 erat
641 4111 975 4168 orthodoxos
1006 4116 1145 4168 inter
1172 4123 1224 4168 et
1257 4112 1608 4169 Montanistas
1652 4115 1880 4185 quaestio
1906 4135 1918 4171 :

316 4217 617 4278 possentne
643 4207 696 4271 ii,
732 4206 820 4277 qui
847 4205 910 4260 ad
943 4207 1305 4275 impuritatem
1337 4207 1617 4276 pristinam
1659 4209 1922 4278 graviori-

318 4303 424 4356 bus
454 4299 669 4356 delictis
690 4299 990 4366 rediissent,
1015 4299 1329 4371 interposita
1360 4301 1694 4369 poenitentia,
1714 4303 1922 4358 veniam

319 4395 736 4452 malefactorum
765 4409 794 4448 a
817 4395 932 4449 Deo
962 4395 1268 4463 impetrare,
1297 4393 1436 4464 quod
1461 4395 1658 4458 neutri,
1691 4411 1756 4451 ne
1777 4395 1924 4452 Mon-

321 4489 544 4544 lanistae
573 4487 811 4558 quidem,
841 4486 1124 4558 negabant,
1149 4502 1285 4557 quos
1312 4487 1490 4556 potius
1517 4498 1727 4543 constat
1755 4488 1924 4560 ipsam

1999 1133 2106 1175 non
2140 1119 2358 1189 quidem
2407 1119 2734 1190 scripsisset,
2762 1119 2856 1175 sed
2911 1119 3169 1176 sensisset
3209 1129 3409 1176 tamen.
3457 1118 3598 1188 Quid

2007 1229 2136 1286 ergo
2174 1215 2296 1270 est?
2327 1213 2774 1269 Tertullianumne
2800 1222 3109 1283 putaremus
3139 1213 3281 1268 hunc
3323 1213 3517 1268 librum
3545 1214 3601 1269 in

2002 1308 2360 1364 montanismo
2382 1307 2702 1378 scripsisse?
2731 1306 2914 1378 Neque
2937 1305 3038 1362 hoc
3058 1306 3231 1363 audeo
3253 1306 3451 1364 dicere.
3470 1305 3606 1363 Nam

2002 1401 2102 1453 etsi
2137 1400 2508 1469 peccatoribus
2536 1399 2600 1454 ad
2635 1401 2915 1470 pristinam
2945 1415 3170 1470 eamque
3191 1415 3498 1471 perversam
3522 1400 3607 1456 vi-

2009 1501 2115 1545 tam
2144 1491 2493 1548 redeuntibus
2511 1509 2616 1547 nou
2641 1493 2740 1547 nisi
2765 1508 2922 1548 uuam
2941 1509 3164 1565 eamque
3196 1494 3434 1550 ultimam
3457 1510 3610 1566 spem

2009 1585 2185 1642 venia:
2252 1588 2392 1658 apud
2458 1587 2626 1643 Deum
2711 1587 3056 1658 impetrandze
3128 1587 3368 1658 polliceri
3419 1588 3602 1646 videa-

2007 1688 2093 1734 tur
2134 1695 2184 1735 c.
2243 1680 2316 1744 8,
2376 1690 2552 1737 tamen
2603 1691 2656 1736 et
2722 1681 2774 1736 in
2829 1696 2894 1738 ea
2946 1698 3004 1737 re
3051 1681 3180 1736 nihil
3227 1682 3406 1750 docet,
3460 1682 3601 1754 quod

2007 1775 2284 1845 proprium
2333 1776 2498 1833 fuisse
2548 1777 2790 1850 legamus
2836 1778 3294 1848 Montanistarum,
3337 1779 3432 1836 sed
3467 1779 3612 1851 quod

1932 1843 1979 1903 Β
2012 1869 2172 1922 etiam
2199 1869 2267 1924 ab
2293 1869 2414 1925 aliis
2449 1870 2873 1927 orthodoxorum
2915 1873 3263 1930 vehementer
3303 1888 3610 1947 propugna-

2007 1971 2118 2018 tum
2146 1979 2266 2020 esse
2296 1965 2631 2022 inveniamus
2673 1965 2834 2037 (Vide
2862 1965 3088 2035 Hermae,
3137 1965 3407 2023 Pastorem
3451 1969 3612 2024 Man-

2007 2055 2126 2110 dato
2156 2055 2210 2120 4,
2235 2056 2287 2110 in
2318 2055 2545 2110 Fabricii
2585 2045 2904 2130 Apocryphis
2947 2057 3024 2127 Ν,
3052 2067 3088 2113 t.
3117 2058 3178 2114 Τ.
3232 2058 3351 2125 ΙΙΙ,
3385 2078 3437 2131 ρ.
3475 2060 3607 2131 845,

2007 2165 2106 2219 sq.,
2125 2159 2171 2203 et
2200 2151 2312 2204 loca
2339 2150 2406 2204 ibi
2433 2168 2464 2204 a
2483 2150 2721 2207 Fabricio
2749 2152 2952 2226 citata),
2973 2154 3174 2209 nullam
3201 2170 3352 2226 spem
3383 2171 3502 2212 esse
3523 2172 3613 2212 sa-

2009 2240 2136 2296 lutis
2159 2242 2224 2297 iis
2245 2243 2334 2314 qui
2357 2253 2476 2314 post
2501 2254 2809 2316 susceptum
2835 2245 3156 2318 baptismum
3184 2249 3376 2303 iterum
3402 2249 3617 2318 gravius

2011 2344 2067 2392 et
2091 2335 2157 2391 ad
2179 2337 2446 2407 iacturam
2480 2353 2624 2393 vera:
2651 2339 2864 2409 pietatis
2889 2349 3219 2410 peccassent,
3248 2342 3391 2413 quod
3444 2343 3617 2413 pessi-

2013 2445 2152 2485 mam
2188 2431 2433 2501 baptismi
2461 2432 2737 2488 dillereudi
2762 2433 3207 2490 consuetudinem
3235 2435 3288 2489 in
3305 2434 3609 2512 Ecclesium

2011 2530 2200 2593 postea
2233 2521 2442 2591 intulit;
2475 2533 2529 2578 et
2566 2539 2686 2594 qua:
2708 2524 2894 2580 durius
2921 2525 3127 2582 loeutus
3158 2542 3280 2583 esse
3312 2528 3484 2584 videri
3512 2544 3615 2600 po-

2014 2621 2176 2684 terat,
2211 2617 2325 2688 ipse
2371 2617 2455 2672 his
2494 2619 2675 2674 verbis
2710 2619 2963 2690 subjectis
2997 2622 3232 2694 mitigat:
3285 2621 3470 2677 Verum
3512 2639 3616 2678 non

2013 2709 2190 2763 statim
2219 2709 2559 2764 succidendus
2607 2727 2667 2764 ac
2687 2713 3004 2767 subruendus
3047 2723 3117 2769 est
3143 2715 3346 2770 animus
3384 2716 3625 2785 despera-

2017 2802 2172 2858 tione.
2217 2803 2395 2872 Quare
2433 2804 2499 2859 ad
2530 2821 2690 2876 quam
2718 2806 2801 2861 vel
2829 2817 3041 2863 :etatem
3089 2808 3172 2864 vel
3200 2807 3501 2864 doetrinam
3534 2809 3620 2882 hic

2017 2897 2155 2954 liber
2180 2900 2496 2956 referendus
2526 2902 2614 2968 sit,
2649 2916 2772 2956 cum
2813 2902 2931 2957 alia:
2976 2903 3053 2959 rei
3081 2903 3398 2960 dirimenda:
3440 2905 3491 2960 in
3521 2904 3625 2959 hoc

2017 2989 2158 3045 libro
2184 2991 2605 3061 signiﬁcationes
2631 3007 2737 3049 non
2767 3004 3000 3062 exstent,
3033 3011 3118 3051 me
3145 2995 3361 3067 quidem
3395 3010 3616 3067 prorsus

2020 3084 2228 3141 nescire
2257 3084 2534 3156 proﬁteor.

2372 3221 2399 3294 §
2426 3220 2481 3276 Ξ.
2525 3251 2600 3264 -
2621 3221 2774 3278 Liber
2802 3223 3044 3279 adversus
3072 3222 3303 3280 Judteos.

2099 3360 2275 3432 Atque
2305 3361 2468 3416 etiam
2509 3361 2638 3417 illud
2685 3376 2792 3418 non
2841 3377 2928 3417 me
2986 3361 3140 3418 fateri
3180 3362 3344 3432 pudet
3383 3362 3450 3418 de
3491 3362 3629 3419 libro

2025 3471 2185 3528 quem
2215 3460 2463 3511 adversus
2489 3456 2704 3512 Judceos
2733 3458 3074 3530 conscripsit,
3112 3459 3164 3512 in
3196 3474 3303 3528 quo
3332 3441 3464 3514 nihil
3510 3469 3625 3528 est,

2025 3550 2166 3621 quod
2196 3548 2435 3605 Montani
2480 3551 2708 3621 ineptias
2749 3563 2998 3621 saperet:
3033 3551 3129 3608 sed
3163 3567 3335 3623 neque
3364 3552 3494 3608 illud
3529 3553 3628 3608 ad-

2025 3643 2362 3698 mirationem
2387 3642 2580 3710 habet;
2619 3643 2761 3698 nulla
2789 3644 2930 3698 enim
2960 3644 3069 3699 fere
3090 3645 3293 3699 exstitit
3317 3643 3630 3700 Tertulliano

2024 3736 2080 3792 in
2108 3736 2209 3792 hoc
2240 3737 2374 3791 libro
2398 3738 2578 3794 talium
2608 3727 3207 3792 commemorandarum
3231 3737 3629 3807 opportunitas.

2023 3827 2201 3898 Quare
2227 3827 2357 3882 illud
2387 3839 2470 3884 est
2502 3828 2811 3895 videndum,
2846 3817 3094 3884 utrumne
3141 3829 3208 3883 ibi
3252 3829 3427 3900 aliqua
3475 3844 3632 3899 repe-

2023 3920 2192 3978 riatur
2217 3926 2475 3994 temporis
2510 3924 2850 3996 signiﬁcatio.
2886 3924 2952 3980 Et
2995 3939 3058 3980 ea
3106 3932 3190 3980 est
3241 3925 3456 3995 quidem
3505 3925 3633 3980 sub-

2025 4014 2249 4070 obscura
2306 4015 2359 4071 in
2401 4016 2610 4072 duobus
2660 4017 2791 4073 locis
2833 4032 2844 4069 :
2889 4017 3066 4072 Prima
3117 4031 3167 4073 c.
3222 4017 3253 4070 7
3299 4018 3350 4072 in
3380 4033 3486 4089 quo
3515 4017 3633 4072 Bri-

2020 4115 2301 4162 tannorum
2348 4109 2618 4163 inaccessa
2662 4107 2910 4164 Romanis
2959 4109 3071 4189 loca
3136 4121 3519 4179 commemorat,
3576 4122 3633 4168 et

2027 4204 2187 4273 paulo
2217 4213 2334 4274 post
2360 4218 2454 4258 eos
2487 4203 2676 4258 Oceani
2705 4205 2788 4258 sui
2826 4205 3021 4258 ambitu
3049 4205 3336 4258 conclusos.
3379 4204 3511 4272 Qua:
3541 4222 3629 4262 res
3683 4269 3696 4282 ,

2027 4288 2246 4366 quidem
2270 4295 2545 4349 Baroninm
2573 4296 2780 4366 (Annal.
2795 4294 3114 4366 Ecclesiast.,
3140 4297 3208 4350 ad
3229 4314 3315 4354 an.
3340 4295 3516 4370 2l2.),
3537 4299 3633 4353 Αι-

2030 4390 2482 4461 lixium,aliosque
2512 4390 2734 4447 deduxit
2763 4391 2950 4461 injeam
2979 4391 3310 4461 opinionem,
3359 4401 3416 4447 ιιι
3446 4394 3634 4450 crede-

2031 4492 2152 4537 rent
2178 4492 2300 4553 post
2329 4484 2580 4538 victorias
2605 4482 2782 4538 Severi
2803 4497 2831 4536 a
2853 4481 3118 4537 Britannis
3150 4493 3450 4554 reportatas
3477 4487 3638 4557 scrip-

320 4584 662 4648 δξς,αο>.ὂγησιν
691 4594 718 4633 a
740 4579 847 4635 reis
873 4578 1194 4649 postulasse,
1213 4577 1306 4634 sed
1325 4593 1444 4634 eam
1470 4579 1684 4654 quidem
1703 4596 1807 4635 non
1836 4581 1920 4648 ita,

2035 4583 2147 4630 tum
2178 4576 2322 4640 hunc
2374 4576 2566 4632 librum
2607 4591 2761 4639 esse,
2800 4584 2854 4631 et
2882 4577 2952 4631 ita
2981 4592 3122 4633 anno
3146 4577 3256 4633 fere
3282 4577 3471 4644 CCIX;
3497 4579 3640 4649 quod

324 4685 387 4730 ut
410 4676 753 4743 impetraret,
785 4673 875 4742 qui
905 4682 1242 4742 peccaverat,
1277 4671 1489 4726 veniam
1514 4672 1581 4726 ah
1609 4672 1850 4730 Ecclesia
1879 4685 1933 4731 et

322 4766 858 4838 conjunctioniscum
873 4765 960 4820 illa
976 4765 1388 4829 restitutionem,
1403 4765 1497 4820 sed
1517 4766 1935 4834 utjncitarentur

332 4857 496 4932 probi
525 4857 589 4912 ad
608 4856 1014 4932 supplicandum
1044 4857 1174 4918 Deo,
1204 4865 1261 4911 ut
1285 4858 1406 4912 huic
1427 4860 1690 4928 peccatori
1722 4857 1934 4917 tandem

325 4951 628 5025 aliquando
661 4952 873 5008 veniam
924 4952 1284 5016 concederet;
1319 4952 1413 5008 sed
1443 4953 1569 5008 illud
1601 4956 1937 5023 quaerebatur

330 5048 538 5120 potius,
575 5045 831 5100 liceretne
861 5045 1158 5100 Ecclesiam
1187 5061 1448 5116 usurpare
1467 5054 1808 5117 potestatem,
1833 5064 1936 5119 qua

328 5156 397 5197 se
423 5154 536 5194 non
566 5136 873 5192 destitutam
905 5137 1065 5192 etiam
1100 5137 1212 5206 ipsa
1248 5138 1494 5203 sentiret,
1526 5139 1818 5210 recipiendi
1848 5155 1937 5196 se-

327 5235 554 5304 junctas
579 5245 608 5284 a
641 5229 899 5285 societate
920 5244 1014 5284 sua
1044 5238 1357 5300 peccatores
1386 5229 1436 5283 in
1462 5231 1751 5286 amicitiam
1803 5243 1941 5289 vete-

331 5343 454 5386 rem
486 5335 544 5382 et
587 5325 1022 5380 communionem
1069 5338 1381 5390 sacrorum;
1423 5325 1563 5396 quod
1608 5325 1944 5384 Montanistse

334 5423 411 5478 ita
436 5421 710 5490 negabant
736 5419 849 5474 ﬁeri
871 5417 1094 5484 debere,
1113 5418 1209 5474 sed
1236 5417 1520 5475 orthodoxi
1557 5424 1624 5474 ita
1649 5435 1806 5491 posse
1831 5421 1942 5477 ﬁeri

335 5515 578 5572 aiebant.
611 5511 764 5568 Hanc
789 5512 950 5584 igitur
973 5511 1241 5567 licentiam
1264 5524 1573 5582 usurpatam
1596 5513 1663 5568 ab
1683 5514 1943 5570 orthodo-

337 5609 428 5665 xis
455 5604 809 5661 Tertullianns
848 5604 902 5660 in
943 5604 1081 5660 libro
1107 5620 1193 5672 eo,
1227 5605 1318 5676 qui
1341 5615 1422 5661 est
1450 5605 1512 5659 de
1544 5605 1823 5671 Pudicitia,
1853 5624 1946 5665 ve-

2037 4682 2137 4738 ego
2163 4685 2266 4722 non
2293 4667 2518 4723 dixerim
2543 4687 2558 4734 ;
2583 4668 3000 4739 nam'quomodo
3026 4679 3136 4724 tum
3159 4671 3373 4725 tandem
3395 4671 3504 4726 loca
3523 4671 3642 4726 Bri-

2038 4771 2325 4817 tannurum
2354 4763 2458 4818 dici
2488 4765 2761 4819 inaccessa
2795 4764 3118 4833 potuissent,
3151 4780 3376 4834 quarunt
3404 4766 3504 4820 sibi
3526 4766 3646 4822 adi-

2036 4862 2152 4909 tum
2183 4854 2408 4908 Bomani
2449 4855 2724 4922 fecerant;
2768 4864 2822 4910 et
2869 4856 2958 4925 qui
3005 4857 3268 4925 potuisset
3297 4855 3642 4914 Tertullianus

2041 4945 2254 5002 dicere:
2288 4946 2450 5001 Trans
2475 4948 2600 5002 istas
2631 4957 2804 5020 gentes
2835 4946 3095 5002 Romanos
3126 4949 3382 5020 porrigere
3402 4953 3543 5022 regni
3563 4956 3644 5007 sui

2041 5041 2169 5096 vires
2210 5057 2310 5096 non
2336 5039 2498 5112 posse,
2529 5058 2652 5098 cum
2702 5041 2833 5098 illud
2881 5043 3051 5113 ipsum
3084 5043 3221 5096 inter
3249 5042 3533 5100 Britannos
3566 5046 3649 5104 fe-

2041 5137 2260 5192 cissent.
2292 5134 2464 5192 Nimis
2516 5137 2757 5208 profecto
2796 5137 2942 5191 clare
2989 5135 3271 5191 conﬁrmat
3318 5136 3651 5208 Herodianus

2049 5229 2236 5301 (Hist.,
2266 5230 2354 5286 lib.
2387 5229 2474 5298 IlI,
2500 5247 2545 5285 c.
2576 5231 2666 5298 M,
2694 5249 2748 5303 p.
2778 5245 2850 5284 m.
2882 5227 3031 5300 I70),
3061 5227 3302 5284 Severum
3347 5246 3454 5286 non
3489 5233 3654 5289 modo

2050 5325 2228 5381 Getam
2257 5325 2310 5380 in
2339 5326 2405 5380 iis
2445 5326 2824 5381 Britannorum
2858 5323 3170 5394 regionibus
3197 5324 3498 5396 reliquisse,
3529 5343 3653 5397 qua:

2049 5421 2276 5490 imperio
2321 5419 2691 5475 Romanorum
2735 5416 2995 5488 subjecta:
3050 5426 3224 5484 erant,
3271 5417 3365 5472 sed
3413 5419 3656 5475 Severum

2052 5527 2289 5584 quoque,
2321 5513 2515 5584 pergit,
2550 5511 2708 5565 latius
2740 5524 2799 5564 se
2825 5508 3149 5580 profudisse.
3180 5507 3364 5581 Neque
3383 5526 3513 5567 vero
3538 5529 3662 5570 mu-

2053 5622 2148 5661 rus
2176 5623 2204 5661 a
2249 5607 2434 5661 Severo
2481 5606 2532 5660 in
2567 5603 2839 5658 Britannia
2882 5613 3207 5669 exstructus,
3255 5605 3344 5674 qui
3375 5603 3661 5660 Baroniunt

340 5702 632 5757 bementer
657 5698 904 5768 salseque
932 5699 1186 5774 exagitat,
1215 5697 1310 5754 sed
1341 5698 1391 5752 in
1422 5697 1557 5753 libro
1587 5700 1650 5753 de
1685 5699 1950 5756 I’a’niten-

344 5795 420 5852 tia
447 5787 629 5865 neque
655 5791 958 5857 conﬁrmat,
993 5807 1169 5864 neque
1216 5791 1492 5863 impugnat
1533 5793 1714 5852 etiam.
1760 5795 1854 5850 sed
1885 5796 1953 5851 de

347 5889 441 5947 illa
487 5885 646 5942 venia
687 5883 943 5956 loquitur,
977 5883 1043 5939 ad
1071 5901 1232 5956 quam
1262 5885 1428 5941 etiam
1460 5885 1524 5942 iis
1574 5887 1661 5958 qui
1715 5886 1952 5946 immersi

654 5979 1098 6042 Temenum
1140 5979 1192 6042 Ι.

2055 5713 2387 5771 crateresque
2405 5699 2634 5771 decepit,
2667 5699 2714 5753 is
2757 5710 2860 5764 est,
2890 5713 2998 5770 quo
3019 5695 3369 5753 Tertullianus
3402 5700 3669 5771 signiﬁcat

2057 5793 2341 5851 conclusos
2388 5791 2580 5846 ﬁnibus
2608 5791 2718 5846 suis
2767 5791 3052 5848 Britannos
3073 5790 3258 5858 fuisse,
3307 5807 3482 5862 neque
3520 5793 3667 5849 enim

2057 5904 2236 5959 muro,
2269 5887 2362 5945 sed
2393 5889 2528 5944 intra
2561 5886 2753 5953 Oceani
2781 5887 3028 5944 ambitum
3074 5887 3338 5946 conclusos
3384 5886 3676 5945 Britannos

3208 5980 3411 6062 (Βίαν.)
