4082 6346
339 278 347 293 ’
416 320 514 376 m

1482 307 1935 371 DISSERTATIO
1974 308 2064 368 DE
2104 310 2290 368 VEBA
2330 306 2589 370 IETATE

3613 299 3728 358 1⁸72

416 438 728 510 planissime
752 434 900 493 dicit.
930 433 1035 493 Sed
1063 432 1164 489 ista
1192 432 1432 499 demum,
1475 446 1595 504 qua:
1632 431 1700 488 de
1739 431 2012 487 Britannis
2036 432 2090 495 Α
2116 440 2260 487 reret
2279 430 2373 501 (In
2402 430 2487 486 tlte
2509 427 2692 486 sacred
2718 429 2912 500 history
2940 432 3001 500 of
3027 428 3108 483 the
3132 426 3322 483 Jewish
3348 423 3455 480 and
3473 422 3728 478 christian

415 532 598 588 επιετί
654 531 941 605 scriptores
988 526 1343 593 tradiderunt,
1392 534 1519 581 sunt
1568 527 1621 581 in
1672 522 2014 597 expeditione

418 623 601 680 Severi
624 622 885 678 adversus
909 635 1005 676 eos
1032 619 1190 684 facta,
1223 634 1384 691 quam
1411 628 1621 675 constat
1651 618 1816 675 fuisse
1868 632 2015 674 anno

415 713 633 772 CCVII].
666 722 989 783 susceptam.
1033 712 1185 768 Prior
1227 712 1386 784 igitur
1425 710 1509 767 hic
1537 708 1841 767 Tertulliani
1879 710 2017 767 liber

415 807 637 873 exstitit,
666 816 721 863 et
746 805 918 862 multo
940 807 1109 878 .‘prior
1131 804 1367 877 quidem,
1397 807 1441 860 si
1470 805 1598 876 quid
1620 803 1794 869 video,
1836 816 2013 860 recte-

413 916 519 971 que
575 899 922 955 Tertullinus
959 899 1129 955 altero
1175 900 1226 954 in
1259 899 1379 955 loco
1423 898 1744 970 disputavit,
1789 898 1877 969 qui
1930 908 2016 954 est

414 1010 464 1049 c.
493 994 582 1051 15.
610 993 791 1065 Neque
835 993 979 1049 enim
1026 1004 1268 1063 tempore
1305 992 1489 1063 scripti
1530 991 1687 1062 hujus
1731 990 1853 1046 libri
1904 992 2017 1045 cui-

416 1104 575 1160 quam
615 1088 923 1145 ludatorum
950 1087 1240 1159 permissas
1265 1096 1383 1143 erat
1410 1086 1584 1141 aditus
1614 1085 1682 1140 ad
1727 1083 2014 1141 Bethlelte-

418 1197 564 1239 mum
586 1190 677 1239 aut
702 1195 887 1253 agrum
918 1180 1383 1251 circumjecentem
1404 1221 1418 1246 ,
1442 1188 1531 1234 aut
1565 1178 2013 1251 Hierosolymam.

420 1275 712 1333 Enimvero
722 1273 1204 1341 constat,Seuermn
1226 1275 1419 1329 multas
1437 1274 1653 1343 rogasse
1667 1271 1867 1327 Judaeis
1883 1272 2019 1326 ami-

416 1383 508 1424 cas
542 1369 721 1441 leges,
747 1382 880 1439 quas
916 1368 966 1422 in
995 1366 1315 1438 compendio
1350 1367 1591 1422 recitavit
1618 1364 1843 1420 Iacobus
1880 1363 2015 1420 Bas—

416 1463 598 1535 nagiua
628 1460 794 1535 (Hist.
817 1461 905 1517 des
920 1460 1082 1533 Juifs,
1105 1471 1143 1514 t.
1169 1459 1306 1526 VIII,
1330 1475 1382 1530 p.
1404 1458 1494 1527 49,
1517 1457 1675 1529 καφ),
1696 1472 1758 1513 ac
1779 1457 1877 1513 ista
1895 1458 2016 1528 jura

418 1555 732 1626 Spartianus
783 1551 901 1625 (In
953 1551 1072 1607 Vita
1137 1552 1335 1619 Severi,
1384 1568 1434 1607 c.
1494 1551 1614 1618 l6)
1657 1553 1732 1605 ait
1797 1549 2015 1607 fundata

417 1648 548 1715 ipsis
575 1662 696 1703 esse
724 1655 872 1711 tum,
902 1660 1023 1701 cum
1061 1644 1278 1699 Severus
1303 1686 1318 1711 ,
1349 1654 1500 1717 capta
1527 1642 1911 1713 Ctesiphonte,
1960 1642 2014 1698 in

412 1738 705 1811 :Egyptum
730 1734 1183 1808 proficisceretur,
1213 1736 1268 1790 h.
1298 1751 1349 1792 e.
1389 1751 1476 1792 an.
1512 1736 1623 1792 fere
1644 1734 1797 1794 CCII.
1830 1735 2013 1807 Itaque

2119 524 2331 592 church,
2370 533 2511 596 part.
2543 521 2623 590 ll,
2662 522 2768 578 vol.
2797 520 2863 591 6,
2896 534 3016 593 pag.
3063 518 3313 593 477-78).
3346 523 3521 591 Atque
3547 516 3591 572 is
3617 514 3720 573 SS.

2120 617 2237 674 illas
2286 627 2550 690 martyres
2604 632 2709 673 non
2766 615 2982 689 quidem
3028 613 3319 673 arbitratur
3368 629 3399 670 e
3439 611 3727 683 disciplina

2120 710 2564 767 Montanistarum
2597 709 2780 777 fuisse,
2811 708 2952 782 quod
2974 709 3289 781 quibusdam
3319 707 3537 779 placuit,
3558 705 3728 762 veluti

2122 804 2354 861 Samueli
2401 804 2658 876 Basnagio
2693 803 2958 876 (Annalib.
2989 801 3149 859 Polit.
3181 801 3409 870 [ἐσάπη
3476 810 3602 856 tam.
3655 800 3725 867 ll,

2122 916 2241 972 pag.
2265 899 2396 964 224,
2422 899 2557 973 qs.);
2580 900 2676 955 sed
2705 899 2820 955 haec
2845 898 2934 970 qui
2960 898 3197 978 collegit,
3232 912 3356 953 eum
3389 894 3545 968 plane
3575 904 3732 966 putat

2120 1009 2229 1050 non
2261 995 2639 1050 montanistam
2671 993 2853 1062 modo,
2897 993 2989 1049 sed
3040 1001 3096 1049 et
3141 991 3510 1047 Tertullianum
3535 988 3726 1046 fuisse.

2120 1086 2235 1154 Qua
2265 1089 2331 1143 de
2361 1103 2420 1144 re
2445 1086 2599 1143 nobis
2643 1087 2795 1144 sedet
2835 1087 3102 1143 contraria
3140 1085 3428 1142 sententia.
3450 1081 3584 1139 Nam
3619 1083 3731 1154 pri-

2120 1195 2267 1236 mum
2306 1180 2470 1236 multa
2511 1189 2634 1237 sunt
2676 1181 2728 1235 iu
2776 1180 2927 1251 ipsis,
2980 1193 3116 1250 quos
3166 1176 3424 1250 Perpetua
3465 1176 3729 1248 reliquit,

2121 1275 2559 1341 commentariis,
2613 1266 2734 1346 quae
2780 1272 2919 1329 haud
2985 1272 3144 1328 dubie
3194 1285 3313 1326 eam
3362 1268 3653 1325 ostendunt
3697 1284 3732 1324 ο

2122 1367 2572 1424 Montanistarum
2623 1366 2823 1422 familia
2852 1364 3040 1421 fuisse.
3088 1362 3253 1436 quue
3284 1362 3395 1434 jam
3444 1361 3730 1432 occupavit

2121 1460 2431 1532 Basnagius,
2483 1460 2579 1516 sed
2612 1468 2801 1515 nactus
2846 1468 2950 1525 est,
2982 1457 3071 1529 qui
3104 1454 3529 1522 contradiceret,
3574 1452 3728 1509 lose-

2121 1555 2281 1625 phum
2334 1555 2673 1627 Augustinum
2725 1552 2953 1617 Orsium,
3011 1552 3123 1622 qui,
3176 1550 3419 1621 quamvis
3441 1564 3599 1612 eum,
3637 1547 3728 1618 qui

2119 1659 2236 1705 acta
2286 1650 2386 1705 ista
2431 1649 2698 1721 collegit,
2756 1648 3138 1703 montanistam
3192 1644 3500 1712 existimet,
3549 1654 3729 1699 tamen

2123 1750 2346 1797 strenue
2379 1742 2431 1796 in
2480 1738 2820 1797 defendenda
2847 1738 3037 1793 harum
3063 1746 3359 1808 martyrum
3390 1734 3495 1791 fide
3521 1733 3732 1791 laborat

415 1845 525 1887 non
548 1837 633 1885 est
657 1828 949 1896 credibile,
987 1843 1110 1883 cum
1140 1827 1302 1883 multa
1325 1827 1456 1897 ipsis
1483 1827 1605 1897 jura
1648 1827 2014 1895 concesserit,
2046 1811 2096 1873 Β
2125 1832 2217 1907 (In
2266 1835 2391 1891 diss.
2446 1834 2718 1907 Apologet.
2752 1848 2846 1904 pro
2882 1830 2991 1888 SS.
3021 1830 3316 1903 Perpetua,
3368 1826 3652 1884 Felicitatis
3681 1835 3729 1882 et

412 1922 638 1993 amplius
664 1935 985 1992 quemquam
1016 1920 1357 1991 prohibuisse
1389 1920 1458 1975 ab
1499 1920 1645 1975 aditu
1689 1920 1776 1976 vel
1819 1920 2015 1977 Hiero-

410 2017 745 2089 solymorum
788 2015 871 2070 vel
910 2008 1233 2085 cujusquam
1267 2014 1404 2070 alius
1446 2015 1497 2069 in
1547 2014 1828 2069 Palaestina
1874 2013 2013 2082 ldei,

412 2124 512 2164 nec
536 2109 644 2165 dici
672 2116 848 2179 potest
881 2108 1100 2164 exilium
1127 2106 1438 2164 Judatorum
1463 2107 1545 2163 vel
1575 2105 1878 2162 Tertulliani
1915 2108 2017 2162 ad-

411 2217 593 2257 versus
610 2199 827 2256 Iudico;
848 2200 1043 2255 librum
1063 2200 1285 2256 demum
1316 2209 1436 2270 post
1454 2198 1604 2255 illum
1630 2215 1830 2255 annum
1849 2200 2017 2255 exsti-

412 2295 574 2360 tisse,
615 2292 713 2350 sed
751 2300 907 2349 antea
939 2293 1129 2364 magis.
1159 2293 1216 2348 ln
1244 2306 1349 2362 qua
1392 2292 1657 2347 sententia
1706 2292 2017 2348 conﬁrmari

408 2391 594 2447 videor
635 2390 756 2445 loco
793 2388 971 2458 aliquo
1007 2386 1311 2442 Tertulliani
1343 2402 1408 2443 ex
1441 2386 1789 2459 Apologetico,
1827 2402 1876 2443 c.
1920 2388 2012 2456 ‘21,

410 2483 502 2540 ubi
545 2489 740 2554 praeter
788 2476 897 2536 alia
939 2480 1138 2537 Judzeis
1191 2487 1373 2534 narrat
1418 2494 1486 2535 ne
1530 2478 1859 2535 advenarum
1888 2480 2015 2551 quia

408 2576 533 2632 dem
579 2572 700 2645 jure
750 2573 1086 2641 concedi,.ut
1137 2583 1334 2629 terram
1363 2572 1592 2645 patriam
1641 2573 1832 2629 saltem
1859 2573 2018 2629 vesti-

408 2671 505 2741 gio»
550 2671 863 2726 salutarent.
896 2667 1051 2736 Quod
1078 2670 1293 2725 etiamsi
1320 2667 1511 2725 falsum
1541 2669 1613 2723 sit
1650 2668 1718 2724 de
1756 2671 2010 2726 universo

407 2764 708 2819 Palaestinas
751 2770 923 2818 tractu
946 2803 961 2830 ,
1007 2777 1047 2817 e-
1076 2776 1180 2832 quo
1208 2776 1315 2817 non
1342 2761 1594 2817 videntur
1619 2760 1790 2817 Judaei
1821 2778 1886 2819 ne
1919 2777 2014 2832 per

406 2855 695 2910 Atlrianum
744 2854 958 2925 quidem
1009 2854 1200 2924 ejecti,
1251 2854 1393 2923 quod
1421 2853 1609 2909 mlitis
1626 2854 1755 2908 locis
1780 2855 2011 2926 scripto-

412 2962 533 3003 rum
551 2954 799 3003 veterum
818 2945 1082 3017 imprimis
1095 2943 1279 3000 decuit-
1291 2943 1391 2999 Io.
1406 2943 1711 3013 Μαωηιω(
1725 2944 1787 2999 In
1805 2945 2006 3011 collect.

408 3039 589 3092 histor.
630 3037 700 3092 ad
735 3053 821 3108 op.
867 3036 1107 3092 Aristidis
1123 3036 1206 3090 ed.
1241 3052 1272 3090 α
1297 3035 1444 3091 Sam.
1481 3035 1680 3092 Jebtio.
1705 3036 1802 3108 §6,
1830 3054 1882 3092 η.
1909 3037 2006 3110 8);

406 3139 585 3186 tamen
615 3129 991 3185 Tertullianum
1017 3130 1093 3184 ita
1122 3128 1359 3199 oportuit
1384 3129 1721 3185 existimasse
1753 3132 1803 3184 in
1828 3130 2011 3201 Apolo-

406 3225 585 3294 getieo.
615 3223 765 3280 Unde
784 3223 1012 3286 caneris,
1037 3237 1155 3293 quae
1176 3221 1745 3293 dixitnus,assumptis,
1770 3222 2009 3294 ejusdem

402 3315 519 3372 fere
546 3317 719 3372 astatis
745 3331 867 3373 esse
890 3316 1088 3372 librum
1126 3317 1381 3371 adversus
1405 3314 1619 3370 luentes
1656 3316 1832 3388 colligi
1872 3332 2009 3388 quo-

403 3406 526 3469 dam
557 3406 716 3464 modo
746 3416 943 3478 potest.
976 3406 1083 3463 Sed
1108 3422 1229 3463 cum
1266 3422 1442 3477 neque
1476 3406 1651 3462 annus
1700 3408 1867 3479 hujus
1889 3408 2009 3466 libri

401 3511 652 3561 accurate
685 3500 857 3572 possit
880 3498 1124 3565 deliniri,
1154 3515 1330 3571 neque
1355 3501 1698 3572 ‘perspicntun
1730 3503 1835 3570 sit,
1887 3518 2011 3559 sen-

402 3593 605 3659 seritne
624 3593 735 3663 jam
765 3602 883 3648 tum
933 3590 1283 3648 Tertullianus
1320 3608 1441 3648 eum
1477 3592 1813 3650 Montanistis
1834 3637 1849 3663 ,
1890 3597 2009 3667 pla-

402 3686 517 3763 cuit
558 3688 719 3742 etiam
757 3686 901 3742 hunc
932 3686 1135 3742 librum
1174 3687 1240 3740 iis
1281 3686 1601 3757 adjungere,
1642 3702 1867 3758 quorum
1909 3703 2009 3744 nec

402 3790 533 3836 tetas
557 3794 657 3835 nec
684 3779 931 3835 doctrina
956 3787 1247 3850 appareat;
1278 3788 1333 3833 et
1356 3779 1602 3835 collectis
1652 3780 1913 3835 omnibus:
1940 3781 2008 3836 iis

402 3888 524 3943 quae
551 3872 1116 3943 hactenusproposita
1144 3880 1301 3937 sunt,
1325 3872 1396 3926 ita
1428 3871 1538 3927 fere
1569 3872 1825 3929 ormnem
1844 3873 2009 3930 libro-

401 3982 529 4021 rum
556 3966 881 4022 Tertulliani
899 3966 1250 4023 constituere.

1004 4078 1422 4133 [ultroneum

955 4151 1025 4195 De
1046 4143 1248 4195 Corona.

956 4213 1024 4257 De
1048 4205 1182 4267 Virg.
1219 4205 1452 4256 velandis.

956 4277 1026 4320 De
1049 4268 1193 4319 Cultu
1224 4267 1454 4319 feminar.

1511 4080 1823 4145 Scorpiaccn.

1497 4145 1632 4194 Ad».
1658 4145 1906 4197 Valentia.

1511 4206 1635 4257 Adv.
1655 4208 1886 4260 Marcion.
1914 4208 1948 4261 ι.
1970 4209 2009 4260 Ι.

1511 4274 1579 4319 De
1602 4268 1880 4334 Prtescript.
1908 4273 2013 4323 ha:-

434 4085 585 4137 Anle
619 4088 877 4153 augeant;

499 4150 806 4196 montant’sm.

400 4213 471 4259 De
496 4207 745 4257 Oratione.

401 4270 489 4318 Ad.
501 4269 757 4334 Martyres.

400 4339 470 4382 De
495 4330 813 4395 Spectaculis.
922 4330 933 4395 |
957 4338 1025 4383 De
1049 4330 1190 4395 Fuga
1210 4334 1263 4381 in
1281 4344 1456 4394 perse-
1481 4330 1491 4395 |
1540 4393 1555 4395 Α
1572 4334 1714 4384 retic.

398 4392 785 4458 Deldololatria.
922 4392 933 4458 |
1019 4392 1151 4458 cu_t.'_
1282 4392 1295 4394 “
1480 4392 1688 4458 |II,,llI,
1715 4396 1799 4458 IV,
1818 4397 2010 4449 advers.

399 4456 792 4520 Apologeticum.
922 4455 1024 4520 |De
1062 4455 1268 4506 Exhort’.
1309 4458 1457 4508 casti-
1481 4455 1507 4520 Ι»
1572 4457 1723 4508 Marc.

398 4518 469 4569 ne
493 4518 697 4569 Testim.
714 4518 931 4574 animal
1016 4520 1152 4569 tatis.
1481 4518 1580 4574 I»De
1602 4534 1751 4572 carne
1774 4520 1969 4574 Christi.

398 4579 510 4631 Lib.
565 4582 598 4629 2
644 4581 703 4631 ad
742 4579 1020 4655 natio-[9e
1046 4581 1365 4655 monogamia.
1480 4579 1581 4655 [pe
1611 4583 2012 4655 liesurrectipne.

462 4658 570 4695 nes.
920 4643 1021 4707 [De
1044 4643 1274 4707 Jejuniis.
1480 4643 1617 4707 lLih.
1636 4645 1694 4707 V,
1724 4647 1833 4699 adv.
1862 4647 2012 4701 Marc.

393 4687 757 4773 pe'ﬁi'pttsmo.
918 4687 928 4773 Ι
953 4687 1023 4773 δέ
1043 4687 1298 4773 ﬁliiﬁlii.
1479 4687 1774 4773 testans:

394 4768 507 4837 Lib.
525 4768 636 4820 ΞΜ
673 4782 896 4837 uxorem.
918 4768 929 4837 |
952 4769 1159 4837 Advers.
1188 4770 1453 4822 Praxeam.
1479 4768 1601 4837 [(De
1616 4771 1908 4837 Patientia.)

398 4832 898 4897 (adrersustdaaos)
919 4831 929 4899 Ι
951 4832 1075 4899 Adv,
1100 4831 1337 4899 Hermog.
1476 4831 1586 4899 (Ad
1609 4834 1885 4899 Scapulam.

953 4903 1021 4946 De
1044 4895 1233 4946 Anima.
1295 4895 1311 4898 ⁷
1393 4960 1401 4966 ⁸
1478 4895 1602 4959 “De
1625 4895 1965 4967 Painitentia.)

418 4996 448 5068 ᾗ
477 4997 688 5055 5.—-De
713 5000 850 5055 Actia
880 4996 1156 5070 Perpetua:
1175 5009 1223 5054 et
1244 4960 1836 5070 Felicitatisgltarumqne
1859 4960 2010 5061 mon-

1074 5095 1314 5149 tanismo.

466 5204 644 5280 Atq‘ue
698 5206 786 5263 hic
836 5220 1120 5278 possemus
1176 5209 1337 5265 tinem
1388 5210 1568 5268 facere
1624 5210 2005 5284 disputationis

391 5312 631 5370 nostrae;
662 5318 836 5374 neque
864 5303 1005 5358 enim
1048 5311 1239 5359 caetera
1278 5302 1586 5362 Tertulliani
1631 5307 1850 5378 scripta,
1884 5324 2003 5379 quze

391 5394 477 5449 vel
507 5408 791 5464 perperam
818 5402 946 5450 sunt
971 5394 1072 5466 ipsi
1102 5394 1393 5467 adscripta,
1412 5398 1497 5454 vel
1527 5414 1633 5455 non
1665 5409 2002 5467 exslant,ex-

392 5493 576 5540 cutere
620 5484 775 5540 nobis
824 5494 908 5541 est
951 5487 1303 5557 prepositum.
1333 5486 1443 5545 Sed
1483 5491 1535 5545 in
1570 5491 1808 5546 animum
1851 5494 2000 5548 venit

389 5578 634 5647 quaedam
657 5577 726 5634 de
755 5579 903 5634 Actis
927 5577 1033 5635 illis
1063 5578 1160 5635 SS.
1205 5578 1480 5653 Perpetua:
1506 5591 1554 5638 et
1587 5582 1872 5639 Felicitatis
1911 5583 1997 5640 di-

389 5685 533 5737 cere,
574 5686 695 5741 qua:
738 5679 881 5739 sunt,
923 5671 1014 5742 qui
1060 5671 1220 5727 etiam
1257 5672 1575 5730 Tertulliano
1612 5675 1909 5731 tribuerint.
1937 5675 1995 5733 In

397 5764 595 5833 quibus
626 5780 789 5819 unum
823 5765 972 5821 illum
1003 5764 1333 5821 Wln'stonum
1359 5768 1672 5840 impugnare
1692 5770 1886 5841 placet,
1917 5785 1991 5842 qu

383 5868 599 5914 omnem
631 5871 848 5931 operam
878 5856 1045 5927 dedit,
1072 5865 1134 5918 ut
1163 5860 1277 5918 lucc
1318 5859 1450 5919 Acta
1496 5859 1813 5921 Tertulliano
1840 5875 1993 5921 asse-

2122 1928 2375 1984 sociorum
2413 1937 2699 2001 martyrum
2736 1926 3047 1982 orthodoxia
3076 1968 3091 1992 ,
3144 1925 3388 1980 adversus
3414 1921 3562 1979 Sunt.
3593 1918 3727 1976 Bas-

2123 2022 2352 2094 nagimn,
2386 2019 2650 2088 Florent.,
2682 2020 2841 2087 l728,
2869 2016 3232 2091 in-4°);cujus
3263 2025 3583 2093 argumenta
3610 2032 3726 2073 mc-

2121 2117 2253 2172 mini
2285 2116 2414 2172 mihi
2444 2116 2577 2179 olim
2604 2115 2806 2186 legenti
2838 2129 2951 2169 rem
3005 2113 3165 2169 istam
3214 2128 3322 2169 non
3372 2110 3724 2183 persuadere,

2121 2211 2216 2266 sed
2248 2211 2475 2281 plurima
2521 2209 2800 2265 continere
2846 2207 2913 2263 ab
2957 2206 3058 2262 hac
3087 2205 3449 2277 disputatione
3501 2219 3724 2278 prorsus

2121 2302 2317 2358 aliena.
2349 2300 2454 2358 Sed
2499 2316 2642 2356 nunc
2682 2298 2897 2371 quidem
2930 2314 3037 2355 non
3069 2308 3152 2355 est
3185 2297 3252 2354 ad
3282 2313 3512 2365 manus;
3545 2299 3725 2369 itaque

2120 2410 2287 2450 unum
2332 2392 2663 2450 Whistonum
2737 2406 3151 2463 persequamur.
3206 2390 3302 2447 lfle
3368 2407 3437 2448 ne
3486 2390 3723 2447 litteram

2120 2489 2338 2562 quidem
2401 2501 2519 2554 qua:
2561 2478 2982 2542 montanismum
3024 2484 3198 2555 sapiat
3245 2484 3320 2539 ait
3365 2498 3486 2540 esse
3542 2483 3596 2538 in
3637 2480 3721 2537 his

2120 2581 2396 2653 Perpetua:
2419 2591 2466 2635 et
2493 2578 2674 2635 Saturi
2699 2576 3127 2644 commentariis,
3157 2592 3188 2632 e
3243 2575 3437 2648 quibus
3458 2590 3597 2647 pene
3622 2575 3751 2631 ista’

2119 2675 2251 2731 Acta
2278 2673 2575 2745 composita
2603 2678 2763 2737 sunt;
2793 2670 2938 2743 quod
2996 2684 3158 2742 quam
3203 2685 3234 2725 a
3277 2669 3503 2725 veritate
3528 2668 3725 2725 abhor-

2120 2777 2239 2824 reat
2276 2777 2463 2839 postea
2513 2765 2859 2831 docebimus;
2891 2763 3088 2821 deinde
3121 2764 3223 2820 hoc
3267 2778 3431 2818 unum
3471 2761 3722 2819 sufficere

2119 2862 2189 2917 ad
2212 2876 2430 2917 omnem
2462 2861 2610 2916 litem
2658 2858 3086 2931 componendam
3120 2866 3287 2929 putat,
3330 2858 3474 2930 quod
3514 2855 3721 2913 Tertul-

2120 2955 2288 3009 lianus
2320 2956 2524 3025 primus
2554 2953 2714 3009 fuerit
2777 2952 2868 3024 qui
2921 2968 3137 3009 errores
3177 2951 3622 3014 biontanistarum
3667 2952 3721 3007 in

2117 3044 2352 3103 Africam
2380 3056 2622 3117 mmpore
2663 3044 2778 3103 fere
2803 3061 2869 3102 eo
2891 3087 2907 3115 ,
2949 3060 3055 3116 quo
3078 3046 3339 3116 supplicia
3362 3044 3432 3101 ab
3463 3045 3553 3101 bis
3572 3060 3718 3102 mar-

2117 3139 2324 3213 tyribus
2364 3148 2578 3211 sumpta
2609 3148 2755 3208 sunt,
2800 3139 3115 3195 induceret:
3152 3153 3318 3210 quare
3367 3154 3490 3195 cum
3535 3138 3624 3197 vix
3668 3138 3722 3196 in

2117 3236 2353 3291 Africam
2408 3238 2521 3291 tunc
2550 3235 2681 3290 scita
2732 3234 2957 3290 fuissent
3007 3233 3184 3289 delata
3226 3250 3291 3289 eo
3320 3242 3587 3305 tempore,
3613 3248 3720 3289 non

2117 3344 2277 3403 posse
2321 3329 2427 3385 dici
2471 3329 2717 3385 homines
2756 3329 3055 3384 litterarum
3101 3327 3262 3384 rudes
3286 3328 3444 3399 longe
3476 3338 3713 3384 remotos

2117 3440 2148 3480 a
2177 3423 2521 3496 Carthagine,
2555 3423 2743 3495 quales
2770 3424 2857 3479 isti
2890 3423 3121 3491 fuerunt,
3150 3424 3261 3494 jam
3295 3423 3453 3480 istam
3473 3422 3716 3494 discipli-

2117 3535 2242 3575 nam
2269 3523 2592 3591 suscepisse.
2620 3517 2677 3574 In
2700 3534 2807 3591 quo
2836 3534 3087 3576 sermone
3129 3535 3239 3576 non
3280 3535 3419 3576 unus
3444 3508 3598 3576 error
3631 3534 3714 3575 re-

2118 3615 2343 3683 peritur.
2376 3613 2617 3669 Primum
2646 3611 2749 3669 hoc
2775 3612 2941 3668 sumit
2967 3612 3065 3668 sibi
3093 3611 3235 3668 haud
3257 3612 3439 3681 dubie,
3457 3611 3599 3684 quod
3629 3613 3721 3668 isti

2115 3716 2382 3779 martyres
2427 3717 2659 3762 mortem
2716 3705 2984 3762 subierint
3030 3702 3306 3770 Tuburbii.
3365 3708 3520 3777 cujus
3575 3706 3724 3762 urbis

2040 3846 2049 3857 ι
2116 3803 2229 3857 scio
2255 3802 2585 3858 mentionem
2614 3802 2865 3873 injectam
2896 3817 3018 3858 esse
3042 3802 3094 3856 in
3121 3802 3321 3872 spuriis
3351 3802 3541 3858 horum
3562 3802 3723 3857 Acto-

2113 3909 2235 3950 rum
2257 3895 2544 3965 eXemplis,
2573 3903 2627 3951 et
2653 3904 2736 3951 est
2765 3909 2977 3966 quoque
3004 3896 3126 3966 ejus
3154 3911 3352 3959 nomen
3380 3911 3412 3950 a
3445 3895 3721 3977 Wltislono

2116 4002 2452 4059 expressum,
2476 3987 2571 4045 sed
2593 3998 2649 4043 et
2677 4004 2770 4059 per
2798 3989 3021 4045 meliora
3042 4012 3299 4063 απογραφα
3334 3998 3391 4046 et
3422 4005 3717 4061 argumen-

2120 4080 2191 4136 tis
2232 4079 2420 4136 Valesii
2448 4098 2508 4137 ac
2531 4080 2792 4136 Ruinartii
2820 4079 2874 4153 (I
2881 4098 2913 4135 η
2934 4090 3038 4136 not.
3074 4082 3142 4136 ad
3172 4085 3299 4136 Acta
3325 4092 3569 4153 martyr.,
3600 4097 3722 4153 pag.

2121 4171 2213 4240 90,
2241 4174 2331 4240 9t,
2360 4175 2443 4230 ed.
2471 4173 2708 4248 Amstel.)
2753 4175 2884 4232 satis
2908 4175 3211 4246 explosum.
3240 4173 3418 4242 Quare
3443 4173 3491 4230 si
3514 4188 3631 4243 eos,
3665 4183 3724 4230 ut

2119 4265 2197 4322 illi
2228 4268 2331 4322 viri
2358 4265 3010 4339 docuerunt,Cartltagine
3036 4267 3389 4339 interemptos
3411 4266 3720 4335 credamus,

2120 4357 2277 4415 facile
2306 4360 2554 4430 accipere
2600 4359 2655 4415 hi
2703 4360 2949 4416 notitiam
2997 4374 3243 4416 errorum
3272 4359 3719 4416 Montanistarum

2120 4453 2425 4524 potuissent
2455 4495 2469 4521 ,
2534 4468 2656 4509 cum
2724 4448 3097 4509 Tertullianuni
3148 4453 3473 4524 Carthagine
3517 4453 3722 4510 vixisse

2039 4554 2094 4621 1)
2121 4530 2313 4604 omnes
2339 4550 2539 4604 norint.
2582 4546 2739 4607 Unde
2774 4563 2904 4605 vero
2946 4545 3248 4604 Whistonus
3276 4546 3489 4605 docebit
3523 4544 3722 4603 Tertul-

2124 4641 2320 4696 lianum
2348 4640 2581 4711 primum
2609 4639 2809 4707 fuisse,
2839 4641 2930 4711 qui
2964 4640 3019 4695 in
3055 4639 3234 4696 Africa
3264 4639 3362 4696 hos
3405 4655 3620 4697 errores
3668 4651 3723 4696 et

2116 4742 2366 4806 tempore
2409 4734 2525 4791 fere
2555 4733 2940 4807 suppliciorum
2966 4734 3035 4790 ab
3062 4733 3147 4791 his
3184 4734 3509 4807 martyribus
3538 4750 3722 4806 sump-

2122 4838 2299 4885 torum
2347 4828 2643 4899 Sparserit?
2692 4827 2760 4884 Et
2807 4828 2851 4884 si
2902 4828 3021 4884 haec
3050 4828 3212 4884 etiam
3264 4826 3720 4900 dederim,quid,

2120 4923 2368 4991 obsecro,
2391 4921 2706 4978 incredibile
2725 4929 2808 4977 est
2824 4936 3040 4976 errores
3065 4935 3095 4975 a
3121 4919 3439 4976 Tertulliano
3461 4922 3516 4977 in
3541 4920 3724 4978 Africa

2119 5015 2520 5082 disseminatos,
2565 5027 2701 5085 quos
2750 5020 2875 5069 ante
2916 5027 3116 5068 annum
3161 5010 3325 5080 CCV,
3366 5013 3475 5084 jam
3504 5012 3720 5084 scriptis

2115 5107 2436 5166 defenderat
2491 5110 2509 5179 (
2534 5105 2656 5161 huic
2685 5106 2827 5161 cnim
2859 5121 3000 5160 anno
3030 5115 3261 5161 mortem
3291 5103 3388 5161 SS.
3424 5104 3721 5177 Martyrum

2116 5203 2423 5260 Wltistonus
2469 5199 2777 5272 adjunxit),
2809 5208 3096 5271 perceplos
3132 5199 3201 5255 ab
3251 5199 3336 5255 his
3387 5198 3719 5270 martyribus

2110 5296 2299 5364 fuisse,
2328 5293 2592 5365 imprimis
2618 5307 2742 5348 cum
2794 5286 3014 5364 plurimi
3039 5290 3107 5347 ad
3136 5290 3450 5347 societatem
3477 5288 3719 5345 Montani

2110 5386 2454 5453 accedentes,
2484 5392 2734 5455 expertes
2761 5383 3060 5440 litterarum
3096 5381 3317 5461 fuerint,
3345 5392 3400 5439 et
3426 5382 3499 5439 ita
3522 5385 3719 5439 borum

2065 5530 2068 5535 .
2109 5491 2407 5556 martyrum
2434 5480 2659 5537 similes.
2688 5479 2766 5536 Ac
2795 5479 2967 5534 multo
2986 5477 3157 5549 magis
3181 5475 3438 5534 abhorret
3471 5476 3547 5544 id,
3576 5475 3719 5547 quod

2110 5577 2245 5634 nihil
2296 5577 2368 5633 sit
2417 5574 2751 5633 somniorum
2804 5569 3045 5627 Montani
3092 5571 3499 5628 commentariis
3547 5570 3716 5640 ipsius

2112 5671 2391 5745 Perpetua:
2437 5680 2482 5726 et
2529 5667 2707 5725 Saturi
2748 5680 3060 5740 aspersum:
3110 5665 3241 5722 Nam
3273 5666 3498 5737 primum
3526 5679 3717 5736 magna

2109 5774 2196 5824 est
2241 5763 2476 5835 suspicio
2525 5763 2745 5819 humani
2788 5777 2981 5820 sensus
3029 5762 3083 5817 in
3132 5762 3264 5833 ipsis
3316 5761 3599 5833 speciebus
3625 5759 3712 5816 his

2106 5860 2415 5921 hominibus
2461 5857 2707 5931 objectis.
2738 5854 2954 5916 Etenim
2984 5855 3245 5929 Perpetua
3275 5871 3382 5916 non
3410 5853 3569 5915 modo
3599 5863 3712 5912 sta-

2250 5968 2259 5981 \
