4106 6330
335 375 446 430 ι77

1267 373 1354 430 AC
1395 371 1736 430 DOCTRINA
1775 373 2214 432 SCNPTORUM
2254 373 2739 433 TERTULLIANI.

3544 383 3647 440 178

329 489 431 548 sed
464 503 535 547 ne
565 488 787 546 verbum
831 495 915 546 est
959 487 1176 560 quidem
1218 487 1309 556 ibi,
1360 505 1468 560 quo
1512 504 1572 546 se
1620 490 1936 562 scriptorem
1964 490 2018 552 Α
2045 497 2176 556 tant,
2212 498 2268 545 ut
2295 490 2363 547 ab
2391 489 2493 548 hoc
2514 491 2714 560 ordiar,
2745 492 2849 550 viri
2902 494 3046 554 docti
3086 496 3215 568 quid
3253 509 3430 554 causae
3479 495 3646 557 fuerit

334 585 533 642 horum
566 586 822 641 Actorum
851 583 1197 655 significaret,
1222 581 1364 655 quod
1387 583 1526 640 haud
1555 582 1740 640 dubito
1784 583 1932 654 quin,

335 681 413 736 uti
444 678 610 744 solet,
654 676 890 733 facturus
913 685 1079 744 esset,
1110 677 1154 731 si
1186 676 1298 747 ipse
1327 676 1559 747 scriptor
1583 674 1741 746 hujus
1771 674 1938 730 histo-

333 772 434 828 ria:
457 770 788 827 exstitisset.
825 768 1028 826 Deinde
1055 769 1205 834 nihil,
1240 776 1297 824 ut
1322 768 1451 824 mihi
1481 768 1712 836 videtur,
1743 783 1936 839 quem-

331 879 496 936 quam
529 873 743 934 oportet
779 863 980 933 scripta
1017 861 1323 918 Tertulliani
1363 861 1690 930 modumque
1723 859 1936 916 dicendi

331 959 674 1031 cognovisse,
722 957 810 1028 qui
854 957 1034 1014 dicere
1081 956 1242 1023 ausit,
1289 971 1462 1028 genus
1511 955 1724 1012 dicendi
1767 954 1932 1021 illud,

331 1052 479 1124 quod
510 1061 591 1107 est
619 1051 672 1106 in
701 1051 807 1106 line
835 1051 1024 1106 horum
1053 1051 1599 1116 commentariorum,
1630 1049 1788 1104 simul
1817 1065 1936 1106 esse

333 1146 472 1214 ejus,
515 1144 656 1216 quod
683 1145 801 1200 aliis
832 1146 884 1200 in
914 1145 1130 1216 scriptis
1157 1143 1464 1200 Tertulliani
1492 1142 1932 1216 deprehenditur.

334 1237 524 1310 Itaque
567 1237 849 1294 eximenda
895 1246 1022 1293 sunt
1065 1239 1162 1292 ista
1194 1238 1326 1292 Acta
1370 1252 1402 1293 e
1437 1236 1588 1293 libris
1621 1236 1932 1303 Tertulliani,

338 1346 439 1386 nec
462 1345 686 1386 necesse
712 1341 794 1386 est
822 1329 980 1402 igitur
1003 1330 1070 1387 de
1097 1331 1212 1402 ipsa
1243 1345 1430 1386 eorum
1460 1339 1617 1387 aetate
1642 1330 1931 1402 diSputat-e.

376 1464 405 1536 §
463 1464 517 1520 6.
541 1494 612 1504 —
641 1462 777 1519 Usus
805 1464 1050 1518 universa:
1075 1463 1229 1533 hujus
1256 1461 1629 1532 Disputationis
1661 1461 1903 1534 exemplis

533 1572 598 1612 ex
623 1555 835 1610 historia
859 1555 1140 1610 christiana
1167 1554 1334 1608 ductis
1364 1554 1757 1610 demonstratur.

446 1695 652 1766 Atque.
705 1691 832 1749 dum
865 1707 964 1748 nos
1007 1693 1166 1747 linem
1213 1692 1484 1749 scribendi
1531 1691 1789 1762 facimus,
1833 1708 1938 1749 non

330 1787 645 1844 dubitamus
670 1788 802 1851 fore,
820 1788 1014 1858 quibus
1037 1786 1215 1842 omnis
1244 1785 1364 1842 ιιωο
1389 1801 1574 1856 Opera,
1605 1785 1938 1857 diSputandis

2043 592 2100 638 ut
2130 597 2190 640 se
2218 583 2558 646 Montanistis
2598 586 2947 646 Tertullianus
2987 591 3334 664 adjungeret,
3364 592 3418 649 in
3447 591 3645 665 quibus

2043 675 2193 731 multi
2233 675 2558 734 audiendum
2601 677 2974 753 Hieronymum
3003 693 3212 756 putant,
3243 683 3335 756 qui
3361 683 3486 741 odio
3512 684 3644 744 doc-

2045 777 2219 823 torum
2239 768 2497 826 Ecclesize
2516 771 2772 829 Romana:
2788 774 2864 829 ait
2883 774 3160 833 incensum
3182 790 3304 833 eum
3323 775 3646 835 valedixisse

2041 863 2312 916 communi
2344 862 2638 932 Ecclesiae;
2672 867 2839 937 quod,
2870 869 3052 925 utalia
3083 880 3422 941 praiteream,
3449 870 3537 928 vix
3557 879 3646 929 est.

2041 954 2318 1022 credibile,
2345 966 2648 1028 propterea,
2675 958 2819 1029 quod
2843 962 3050 1032 magnis
3079 962 3329 1020 laudibus
3355 962 3639 1020 Romanam

2043 1046 2327 1104 Ecclesiam
2373 1051 2424 1106 in
2475 1052 2614 1107 libro
2660 1053 2724 1108 de
2763 1053 3089 1126 Prazscript.,
3119 1057 3498 1114 montanistico
3524 1057 3638 1126 illo,

2045 1144 2118 1197 uti
2147 1141 2412 1211 diximus,
2446 1146 2784 1218 persequitur
2803 1146 2873 1218 (c.
2904 1147 3052 1220 56.);
3098 1163 3197 1206 nec
3227 1149 3282 1206 in
3308 1164 3374 1207 eo
3399 1150 3647 1205 adversus

2046 1234 2322 1301 Praxeam,
2372 1253 2422 1295 c.
2456 1239 2510 1306 1,
2555 1241 2644 1295 ubi
2687 1240 3035 1298 vehementer
3063 1258 3209 1312 eum,
3250 1244 3644 1303 adulterantem

2045 1329 2191 1385 illam
2214 1329 2509 1388 Ecclesiam
2531 1334 2826 1402 erroribus,
2853 1335 3168 1402 insectatur,
3200 1335 3490 1409 quidquam
3515 1351 3646 1394 eon-

2046 1424 2386 1480 tumeliarum
2419 1426 2473 1480 in
2503 1426 2672 1496 ipsam
2706 1427 2844 1484 hanc
2871 1428 3170 1484 Ecclesiam
3211 1429 3395 1501 ejusve
3420 1429 3643 1501 Episco-

2046 1530 2169 1585 pum
2199 1517 2430 1588 projicit.
2488 1518 2541 1573 In
2571 1518 2793 1575 historia
2822 1519 3016 1576 deinde
3046 1521 3487 1577 Montanistarum
3513 1530 3648 1594 quot

2044 1610 2234 1666 evitari
2266 1622 2506 1681 peccata,
2536 1622 3000 1683 quotargumenta
3020 1613 3296 1670 emendari
3321 1614 3644 1686 potuissent,

2045 1706 2209 1776 siqui
2247 1714 2372 1762 ante
2415 1704 2774 1763 defectionem
2829 1706 3176 1776 Tertulliani,
3219 1709 3423 1782 quique
3460 1719 3645 1782 postea

2047 1798 2169 1854 libri
2211 1799 2394 1868 scripti
2438 1797 2670 1866 fuerint,
2713 1801 3016 1855 accuratius
3042 1781 3650 1858 fuissetconstitutum?

332 1881 420 1937 his
450 1881 614 1937 rebus
644 1881 908 1951 impensa,
946 1880 1080 1936 levis
1111 1881 1356 1951 maleque
1387 1880 1646 1936 collocata
1673 1879 1935 1936 videatur.
1967 1866 2015 1926 Β
2044 1900 2200 1958 sum,
2245 1902 2305 1946 υι
2325 1866 2442 1947 ‘hoc
2468 1902 2607 1960 mar,
2649 1893 2740 1964 qui
2769 1893 2823 1948 in
2855 1892 3068 1964 ﬂagitiis
3097 1893 3335 1950 Montani
3367 1894 3648 1950 ridiculum

330 1973 470 2030 Sunt
497 1975 646 2030 enim
671 1974 760 2046 qui
793 1973 873 2030 vel
903 1973 1348 2031 contemnendam
1376 1983 1565 2047 putent
1590 1989 1804 2031 omnem
1829 1975 1941 2031 dis-

332 2067 669 2138 putationem
718 2084 837 2137 qua:
889 2076 1130 2125 versatur
1184 2068 1236 2123 in
1292 2068 1452 2124 rebus
1485 2083 1670 2139 parum
1699 2067 1860 2124 certis
1887 2079 1942 2124 et

333 2158 703 2230 exsanguibus
749 2157 982 2230 quodam
1029 2158 1225 2226 modo,
1281 2158 1363 2215 vel
1411 2173 1503 2216 eas
1569 2174 1657 2215 res
1714 2174 1941 2230 quarum

335 2270 466 2310 usus
499 2269 560 2311 se
609 2269 714 2310 non
746 2253 915 2326 prima
939 2254 1092 2326 quasi
1119 2252 1294 2309 fronte
1325 2253 1498 2320 ollert,
1526 2252 1622 2309 sed
1652 2268 1942 2324 perrecon-

333 2351 483 2406 ditus
511 2360 588 2406 est
611 2392 626 2419 ,
657 2350 801 2405 omni
835 2349 1064 2405 utilitate
1091 2349 1374 2405 destitutas
1401 2348 1766 2420 pronuntient.
1814 2347 1943 2417 Qui-

336 2444 439 2498 bus
459 2457 748 2498 oecurrere
773 2456 1052 2513 possemus
1070 2441 1635 2512 magnorum'virorum
1657 2439 1940 2509 exemplis,

343 2536 545 2606 quibus
584 2536 637 2590 in
677 2535 778 2591 hoc
813 2551 1010 2607 genere
1060 2535 1480 2606 disputationum
1535 2534 1737 2590 versari
1785 2543 1943 2605 turpe

343 2646 458 2685 non
486 2628 579 2685 iuit
604 2631 806 2699 visum,
851 2640 905 2686 et
936 2630 1204 2702 prwclaris
1253 2646 1436 2686 vener.
1488 2629 1710 2686 Erueslii
1739 2629 1939 2698 verbis,

342 2727 441 2797 qui
470 2726 724 2796 proiecto,
769 2727 814 2783 si
846 2727 967 2798 quis
993 2726 1148 2792 alius,
1181 2728 1282 2783 scit
1329 2738 1587 2797 quantum
1613 2726 1684 2781 sit
1713 2726 1938 2796 pretium

333 2820 513 2875 cuivis
533 2821 846 2893 'disciplinze
887 2820 1264 2886 statuendum,
1311 2829 1470 2890 atque
1515 2819 1602 2890 (in
1644 2819 1847 2883 Rrolus.
1879 2819 1942 2876 de

331 2931 440 2969 usu
473 2915 902 2987 clialcograpltiaz,
935 2934 986 2987 p.
1015 2915 1085 2986 5)
1118 2915 1185 2971 de
1214 2915 1437 2987 singulis
1463 2915 1668 2971 artibus
1697 2916 1767 2970 ita
1793 2915 1939 2986 judi-

334 3007 574 3064 candum
604 3017 822 3076 censet,
871 3019 925 3063 ut
953 3026 1128 3064 carum
1165 3010 1460 3082 dignitatem
1494 3019 1540 3064 et
1570 3011 1937 3083 pra’stuntiam,

332 3117 440 3156 non
464 3110 570 3154 tam
595 3099 824 3155 utilitatis
847 3087 1194 3173 magnitudine
1219 3111 1265 3156 et
1294 3102 1604 3168 necessitate,
1631 3119 1781 3173 quam
1802 3101 1942 3156 inve.

333 3195 517 3249 nieudi
541 3197 900 3268 exercendique
925 3195 1221 3267 difﬁcultate
1254 3196 1542 3264 metiamur,
1583 3213 1740 3270 neque
1761 3214 1940 3268 quan-

330 3297 440 3341 tum
481 3303 692 3358 quicque
713 3290 892 3359 prosit,
928 3289 1016 3344 sed
1036 3289 1213 3359 quanti
1231 3305 1440 3368 quicque
1457 3289 1541 3354 sit,
1567 3289 1939 3360 ponderemus;

333 3381 436 3436 nisi
467 3397 586 3435 vero
621 3381 740 3452 quia
792 3382 954 3453 magis
983 3391 1027 3437 et
1065 3383 1406 3436 necessarium
1433 3392 1506 3437 est
1533 3392 1578 3436 et
1622 3382 1745 3437 utile
1784 3399 1940 3450 panes

332 3474 496 3545 pinsi,
529 3490 682 3544 quam
708 3473 905 3528 tabulas
935 3475 1097 3546 pingi,
1125 3485 1390 3546 prapterea
1412 3475 1656 3544 pistorum
1682 3474 1942 3546 api/icium

332 3568 437 3620 arti
467 3566 698 3637 pictoria:
723 3569 1095 3639 praeferendum
1116 3578 1368 3638 putemus.
1402 3568 1577 3638 Atque
1603 3581 1702 3636 ego
1730 3567 1782 3620 in
1813 3582 1943 3621 cnu-

332 3659 582 3716 cleandis
627 3660 788 3716 rebus
825 3661 1174 3717 subobscuris
1203 3659 1373 3715 multo
1402 3659 1598 3716 rectius
1625 3658 1944 3714 industriam

332 3754 645 3826 ponendam
693 3771 814 3812 esse
857 3755 1110 3823 arbitror,
1155 3771 1316 3828 quam
1363 3755 1415 3811 in
1466 3755 1764 3827 pervagatis
1799 3755 1940 3823 aliis,

331 3850 584 3920 quamvis
627 3865 706 3904 ea:
751 3849 968 3920 quidem
1006 3849 1177 3921 magis
1204 3848 1488 3906 videantur
1517 3849 1582 3903 ad
1609 3865 1764 3904 usum
1795 3864 1943 3904 com-

331 3957 561 3996 munem
604 3941 1057 4008 accommodatzn;
1102 3957 1222 3997 cum
1265 3941 1317 3996 in
1363 3939 1443 3996 his
1484 3940 1786 4012 parum-vel
1812 3940 1945 3995 nihil

334 4035 410 4090 sit
457 4034 604 4106 quod
629 4034 874 4106 elfugerit
902 4036 1189 4092 multorum
1214 4035 1566 4106 diligentiam,
1597 4035 1647 4089 in
1675 4033 1780 4089 illis
1805 4049 1947 4089 sem-

330 4143 436 4198 per
464 4127 536 4182 sit
560 4128 700 4199 quod
731 4127 988 4199 disputari
1043 4127 1272 4201 amplius
1303 4127 1491 4198 possit.
1541 4127 1596 4181 ln
1636 4126 1796 4182 rebus
1816 4140 1946 4182 vero

332 4223 406 4279 iis
451 4237 576 4292 quae
640 4239 748 4278 non
790 4233 953 4280 certa:
1001 4234 1145 4290 sunt,
1201 4223 1295 4279 sed
1347 4214 1946 4295 probabiliter'cmtsti-

335 4316 582 4382 tuenda},
615 4316 770 4386 longe
802 4317 974 4388 major
995 4328 1082 4373 est
1109 4316 1177 4372 ad
1199 4316 1590 4388 impetrandam
1615 4316 1945 4387 intelligendi

334 4408 725 4479 scribendique
745 4407 1054 4464 facultatem
1077 4423 1227 4476 usus,
1254 4424 1414 4480 quam
1445 4409 1495 4464 in
1526 4409 1689 4465 certis
1713 4419 1769 4464 et
1794 4408 1947 4480 quasi

335 4503 704 4570 necessariis,
772 4514 1092 4576 propterea,
1151 4505 1291 4578 quod
1340 4505 1447 4561 illa!
1501 4504 1698 4562 multas
1747 4505 1948 4561 habent

2045 1993 2100 2040 et
2132 1983 2394 2040 muliebre
2423 1985 2627 2051 oculos,
2661 1985 2891 2055 capillos
2921 1985 3130 2054 aliaque
3159 1985 3384 2042 ornandi
3413 1986 3649 2045 studium

2048 2093 2296 2150 posuere,
2321 2077 2465 2134 ducti
2493 2078 2652 2134 rebus
2678 2078 2742 2133 iis
2764 2093 2896 2149 quas
2917 2079 3234 2149 Apollonius
3254 2078 3394 2150 apud
3419 2077 3644 2145 Euseb.,

2047 2172 2114 2227 ll.
2144 2171 2209 2228 E.
2233 2170 2298 2227 V.
2333 2170 2425 2240 18,
2456 2173 2732 2226 memoria:
2759 2169 3026 2242 prodidit;
3060 2169 3211 2241 cujus
3239 2169 3424 2238 verba,
3457 2170 3501 2226 si
3523 2170 3649 2242 quid

2048 2267 2235 2332 video,
2282 2265 2423 2322 hanc
2451 2281 2564 2322 rem
2595 2266 2743 2322 nullo
2777 2264 2937 2320 modo
2967 2263 3323 2330 confirmant,
3365 2273 3558 2337 estque
3582 2263 3650 2320 ab

2049 2360 2298 2418 omnibus
2322 2359 2376 2416 in
2405 2374 2472 2415 eo
2500 2369 2800 2432 peccatum,
2824 2357 2966 2430 quod
2989 2358 3290 2429 praphetam
3316 2356 3388 2413 ibi
3415 2372 3653 2414 comme-

2047 2461 2315 2510 moratum
2342 2451 2650 2508 Montanum
2681 2467 2804 2523 esse
2836 2450 3190 2519 crediderint,
3219 2465 3343 2507 cum
3381 2448 3652 2522 Apollonii

2049 2548 2212 2604 verba
2240 2546 2308 2603 de
2335 2545 2479 2602 vitiis
2505 2546 2758 2602 universe
2789 2545 3128 2616 intelligenda
3159 2543 3266 2600 sint
3286 2586 3302 2613 ,
3343 2559 3463 2617 quae
3497 2560 3528 2600 a
3559 2559 3652 2599 va-

2049 2641 2211 2714 tibus,
2243 2654 2472 2711 quorum
2513 2639 2712 2694 multos
2754 2637 3091 2693 Montanistae
3131 2635 3428 2708 jactabant,
3460 2635 3653 2692 abesse

2047 2734 2333 2791 deberent.
2359 2731 2466 2789 Sed
2493 2731 2770 2803 potestilla
2794 2731 3061 2788 calumnia
3084 2730 3247 2786 etiam
3270 2729 3482 2786 retundi
3501 2745 3652 2786 seve-

2043 2827 2276 2884 rioribus
2297 2825 2400 2881 illis
2422 2824 2763 2892 Tertulliani,
2788 2824 2839 2878 in
2865 2823 3013 2880 libris
3027 2824 3090 2878 de
3119 2821 3260 2894 Virg.
3284 2823 3381 2877 vel.
3405 2819 3657 2894 Cultuque

2046 2920 2248 2992 lentim,
2278 2917 2438 2974 dictis
2480 2917 2739 2973 adversus
2782 2917 3004 2972 nimium
3054 2915 3332 2972 muliebris
3377 2915 3657 2987 elegantia:

2045 3013 2302 3070 studium.
2331 3011 2500 3067 Porro
2522 3009 2874 3081 Epiphanius,
2899 3009 3034 3065 hair.
3058 3008 3152 3076 49,
3178 3017 3310 3064 sect.
3335 3008 3423 3064 M.
3451 3007 3658 3063 Monta-
3705 3009 3710 3018 '

2023 3099 2215 3163 inistas
2230 3105 2358 3161 dicit
2386 3106 2526 3161 inter
2540 3104 2802 3160 orandum
2819 3119 3035 3159 manum
3057 3103 3136 3157 ori
3160 3102 3486 3172 admovisse,
3513 3101 3654 3159 unde

2045 3199 2490 3270 Tuscodrugorum
2505 3212 2699 3252 nomen
2722 3194 3065 3261 meruissent;
3086 3210 3244 3265 quam
3265 3194 3477 3265 culpam
3499 3193 3656 3250 Wer—

2046 3295 2356 3358 nsdorftius,
2380 3293 2465 3348 vir
2494 3291 2849 3358 elarissinms,
2881 3291 2919 3345 I.
2947 3304 3021 3351 c..
3050 3287 3078 3360 ς
3105 3288 3194 3354 Ἥ,
3221 3287 3498 3344 confutare
3544 3287 3658 3342 vult

2048 3389 2169 3446 loco
2203 3387 2439 3459 quodam
2467 3385 2783 3442 Tertulliani
2829 3400 2860 3440 e
2897 3384 3035 3439 libro
3064 3383 3129 3436 de
3159 3383 3330 3449 0rut.,
3358 3397 3408 3437 c.
3445 3382 3532 3447 t5,
3565 3365 3654 3438 ubi

2048 3497 2156 3537 non
2187 3495 2308 3537 esse
2335 3478 2614 3536 modestiae
2643 3479 2720 3532 ait
2747 3491 2940 3532 manus
2983 3477 3123 3530 inter
3153 3488 3339 3546 preces
3368 3473 3655 3530 sublimius

2051 3574 2242 3630 efferre
2271 3588 2290 3630 :
2317 3572 2407 3643 qui
2439 3572 2588 3628 locus
2617 3586 2649 3626 e
2682 3571 2843 3636 libro,
2889 3584 2921 3624 a
2947 3566 3278 3624 Tertulliano
3308 3576 3455 3623 recte
3480 3564 3656 3622 adhuc

2049 3666 2314 3723 sentiente
2357 3663 2698 3734 conscripto,
2764 3661 2966 3717 nullam
3011 3660 3118 3715 vim
3167 3659 3233 3715 ad
3277 3658 3650 3731 depellendam

2047 3761 2257 3829 culpam
2301 3757 2484 3824 habet,
2528 3765 2586 3811 ut
2625 3770 2732 3810 non
2773 3754 2947 3810 dicam
2992 3751 3353 3824 Epiphaniam
3395 3750 3499 3806 hoc
3544 3767 3651 3807 non

2048 3852 2150 3909 nisi
2175 3851 2244 3907 de
2272 3849 2591 3922 quibusdam
2621 3847 2964 3904 tnontanistis
2991 3846 3211 3902 referre.
3245 3845 3515 3902 Praiterea
3546 3845 3660 3902 dis-

2053 3945 2356 4017 putationes
2414 3941 2741 4000 Tillemontii
2781 3941 3115 4010 aliorumque
3153 3937 3222 3994 de
3263 3937 3657 3994 calamitatibus

2052 4039 2482 4095 Christianorum
2512 4036 2612 4092 sub
2643 4036 2846 4092 Severo
2867 4077 2881 4102 ,
2923 4049 3080 4105 quam
3110 4030 3348 4088 confusa:
3390 4040 3514 4087 sunt
3553 4046 3653 4097 car,

2052 4147 2354 4202 omnesque
2383 4145 2567 4186 earum
2593 4129 2696 4185 loci
2724 4143 2882 4200 quam
2911 4126 3217 4198 perturbate
3241 4141 3305 4182 ac
3327 4134 3659 4197 prmpostero

2049 4225 2238 4281 ordine
2303 4222 2495 4294 positi,
2539 4221 2677 4276 hanc
2728 4236 2890 4276 unam
2940 4220 3010 4275 ob
3058 4233 3310 4284 causam,
3357 4216 3500 4289 quod
3562 4232 3657 4290 qui

2051 4319 2310 4392 ﬂagrante
2354 4318 2552 4389 priore,
2602 4315 2904 4387 imperante
2944 4306 3168 4382 Severo,
3198 4314 3502 4381 vexatione,
3529 4327 3653 4369 cum

2051 4414 2239 4469 eadem
2269 4427 2393 4468 cum
2422 4409 2738 4467 orthodoxis
2765 4409 2990 4463 sentiret
3015 4404 3377 4463 Tertullianus
3399 4446 3414 4472 ,
3459 4405 3660 4476 quique

2052 4507 2154 4562 sub
2182 4505 2502 4577 posteriore,
2532 4519 2653 4559 cum
2684 4502 2751 4558 ab
2781 4501 2846 4556 iis
2867 4516 2928 4558 se
2947 4500 3294 4571 sejunxisset,
3318 4498 3505 4570 scripti
3529 4497 3658 4562 sint.

332 4596 511 4653 veluti
554 4597 754 4654 formas
774 4641 790 4667 ,
837 4609 892 4656 et
931 4601 1155 4672 cogitari
1198 4615 1262 4657 ac
1290 4599 1551 4672 disputari
1581 4601 1634 4656 in
1666 4611 1947 4673 utramque
1971 4609 2024 4670 ι)
2053 4597 2218 4653 libros
2246 4611 2350 4652 non
2383 4602 2530 4652 recte
2556 4593 2889 4650 distinxerit.
2942 4593 3181 4664 Denique
3207 4592 3339 4647 nihil
3365 4599 3449 4646 est
3472 4589 3662 4660 dispu-

334 4703 554 4765 partem
587 4701 840 4765 possunt,
868 4693 1010 4764 quod
1037 4709 1285 4765 magnam
1317 4693 1516 4751 habere
1545 4694 1650 4749 vim
1681 4693 1747 4749 ad
1779 4695 1948 4766 impe-

307 4785 595 4842 trandam
623 4786 792 4856 ipsam
834 4786 1162 4858 intelligendi
1202 4786 1550 4844 subtilitatem
1608 4785 1809 4842 dudum
1864 4796 1949 4844 est

336 4878 759 4950 rectissimeque
805 4895 834 4934 a
878 4880 1148 4936 veteribus
1195 4878 1468 4935 traditum.
1527 4878 1636 4937 Sed
1680 4879 1806 4951 quid
1848 4895 1948 4952 ego

335 4974 598 5030 universa
628 4973 965 5045 conquiram,
998 4988 1122 5030 cum
1155 4982 1210 5029 et
1232 4988 1450 5044 operam
1473 4972 1733 5040 dederim,
1763 4983 1821 5029 ut
1847 4972 1948 5044 ipsi

332 5082 576 5134 caussae,
600 5078 854 5137 quantum
906 5066 1023 5123 ﬁeri
1073 5075 1320 5139 poterat,
1369 5066 1570 5135 aliena,
1621 5073 1722 5123 nec
1771 5075 1949 5123 tamen

336 5178 376 5218 a
407 5162 688 5233 proposito
713 5161 870 5216 nimis
890 5162 1152 5231 sejuncta,
1185 5161 1604 5232 interponerem,
1633 5161 1826 5232 quibus
1853 5160 1954 5216 ali-

335 5265 609 5328 quantum
653 5254 884 5310 satietati
933 5254 1192 5311 similium
1237 5247 1416 5309 rerum
1459 5253 1729 5321 mederer,
1777 5262 1832 5309 et
1877 5255 1953 5310 uti

340 5349 514 5404 liceat
542 5347 826 5417 exemplis,
863 5347 1058 5418 quibus
1086 5345 1413 5414 declaretur,
1445 5360 1508 5400 ea
1537 5361 1657 5417 qua:
1682 5345 1950 5413 dedimus,

335 5457 654 5517 quanquam
709 5441 908 5498 leviora
943 5441 1117 5508 forte,
1165 5450 1341 5496 tamen
1377 5453 1500 5496 esse
1528 5439 1863 5507 necessaria,
1906 5439 1954 5495 si

341 5538 472 5608 quis
522 5535 746 5607 majoris
785 5535 1044 5591 momenti
1083 5535 1232 5590 locos
1269 5534 1398 5590 velit
1435 5549 1501 5589 ex
1541 5532 1763 5590 historia
1802 5547 1955 5589 sacra

316 5638 629 5687 excutere.
690 5626 749 5683 ln
793 5626 990 5699 quibus
1034 5626 1297 5698 ponendis
1341 5641 1453 5683 non
1481 5627 1526 5682 is
1553 5641 1655 5698 ego
1683 5641 1820 5692 sum,
1866 5624 1956 5696 qui

337 5728 510 5786 velim
535 5727 681 5784 viros
703 5725 892 5782 doctos
919 5722 1340 5796 reprehendere,
1371 5721 1466 5778 sed
1494 5736 1683 5793 pauca,
1709 5735 1825 5789 qua:
1848 5733 1956 5776 non

340 5824 581 5880 multum
604 5819 867 5893 quaerenti
897 5824 1207 5884 occurrunt,
1253 5814 1494 5879 afferam,
1529 5822 1587 5869 ut
1616 5829 1743 5869 usus
1775 5823 1956 5869 tamen

343 5917 511 5991 hujus
537 5913 915 5988 disputationis
941 5911 1168 5986 quodam
1193 5909 1353 5969 modo
1381 5909 1724 5984 intelligatur.
1758 5908 1947 5979 DESpa-

2055 4692 2258 4748 tatione
2314 4699 2498 4746 nostra
2553 4687 2829 4744 eflicaeius
2879 4686 2948 4742 ad
2994 4683 3346 4743 convellenda
3387 4681 3660 4737 Whistoni

2053 4783 2262 4839 somnia
2316 4796 2435 4852 quae
2467 4781 2518 4835 in
2548 4780 2686 4836 libro
2714 4779 2960 4851 superius
2985 4778 3151 4834 citato
3201 4775 3321 4848 (tlte
3349 4784 3462 4830 true
3489 4773 3661 4846 origin

2054 4876 2115 4947 of
2130 4876 2212 4931 tlte
2243 4873 2506 4931 Subellian
2537 4873 2639 4927 and
2666 4872 2984 4927 Atltanasian
3033 4869 3285 4924 doctrines
3314 4867 3371 4938 of
3390 4867 3472 4921 tlte
3488 4863 3663 4920 Trini-

2055 4981 2106 5042 ty
2129 5013 2144 5038 ,
2165 4969 2334 5030 Lond.
2358 4969 2517 5038 17:20,
2538 4969 2698 5041 iit-8")
2723 4967 3017 5039 preposuit,
3042 4967 3094 5020 in
3116 4979 3221 5035 quo
3235 4962 3663 5019 Sabellianorum

2054 5073 2137 5130 et,
2183 5072 2241 5120 ut
2291 5078 2383 5120 eos
2433 5072 2616 5131 vocat,
2669 5060 3155 5117 Athanasiauorutn
3203 5057 3273 5114 de
3324 5055 3662 5112 sanctissima

2058 5157 2253 5214 Triade
2302 5157 2434 5213 scita
2485 5157 2700 5212 inventa
2746 5171 2840 5226 per
2880 5153 3154 5210 SimOnem
3203 5149 3412 5223 Magum
3458 5164 3522 5206 ac
3569 5163 3664 5220 per

2057 5252 2409 5309 Montanistas
2439 5250 2753 5307 resuscitata
2786 5249 2939 5321 lingit
2959 5289 2974 5316 ,
3024 5257 3186 5319 atque
3215 5253 3502 5317 prepterea
3529 5241 3667 5299 Ter-

2058 5345 2266 5402 tulliani
2296 5360 2360 5401 ea
2387 5345 2440 5400 in
2473 5360 2532 5400 re
2558 5342 2879 5399 sententiam
2928 5339 3191 5410 triplicem
3234 5337 3399 5393 fuisse
3441 5343 3668 5391 conatur

2057 5440 2254 5499 docere
2295 5456 2326 5496 e
2369 5438 2563 5510 triplici
2604 5437 2861 5495 librorum
2898 5448 3099 5505 genere
3151 5431 3242 5503 qui
3295 5438 3480 5486 essent
3506 5427 3574 5482 ab
3599 5441 3668 5483 eo

2059 5536 2300 5603 exarati,
2352 5549 2475 5588 cum
2515 5532 2598 5588 vel
2640 5539 2788 5586 recte
2817 5529 3108 5592 sensisset,
3142 5525 3224 5582 vel
3259 5523 3570 5580 inclinasset
3597 5519 3667 5575 ad

2059 5628 2297 5686 Montani
2329 5639 2564 5691 errores,
2593 5623 2675 5679 vel
2707 5623 2942 5678 imbutus
2966 5621 3031 5677 iis
3057 5619 3278 5676 omnino
3309 5616 3520 5672 fuisset.
3563 5612 3669 5670 Ubi

2061 5723 2116 5778 in
2164 5719 2359 5793 quovis
2409 5717 2667 5773 librormn
2713 5730 2910 5788 genere
2950 5713 3085 5769 tales
3147 5711 3316 5766 libros
3361 5706 3530 5764 refert
3577 5705 3671 5793 qui

2061 5785 2223 5888 plane
2248 5811 2339 5868 alii
2369 5811 2627 5866 librorum
2658 5785 2845 5888 generi
2873 5824 2901 5864 a
2932 5805 3090 5863 nobis
3119 5803 3309 5860 asserti
3339 5800 3488 5859 fuere
3509 5843 3524 5871 ,
3565 5785 3676 5872 quo

2063 5886 2178 5983 ipso
2209 5906 2383 5965 omnis
2410 5903 2790 5961 Wltistoniana
2821 5886 3119 5975 disputatio
3137 5898 3205 5957 ad
3227 5897 3455 5958 nihilum
3473 5893 3681 5968 redigi-
