4106 6330
454 331 558 396 179

1628 337 1771 398 PAR
1787 338 2019 398 ADOXA
2063 341 2524 406 TERTULLIANI

3652 363 3760 424 180

451 455 563 504 tur.
607 447 711 508 Sed
738 457 819 509 est
850 448 1066 520 tandem
1099 449 1389 524 aliquando
1415 448 1789 521 desinendum,
1811 470 1876 511 ne
1902 455 2052 512 nimii
2081 460 2134 522 Α
2159 459 2548 532 disputatarum
2580 464 2798 552 natium,
2825 470 2939 540 vel,
2966 473 3160 545 quibus
3184 478 3427 550 oppressi
3450 477 3502 534 in
3532 478 3598 535 iis
3626 494 3756 552 pro-

454 539 508 598 in
550 540 638 597 bis
673 542 832 598 rebus
870 542 1184 610 videamur;
1215 553 1270 601 et
1305 545 1724 606 committendas
1765 557 1948 606 noster
1987 551 2049 606 li-

455 630 632 690 bellus
656 632 936 690 doctorum
977 635 1252 692 hominum
1276 636 1496 708 judicio,
1529 639 1672 711 quod
1703 649 1851 698 tanto
1876 643 2044 715 magis

449 737 662 796 aequum
706 740 957 798 rogamus
1001 728 1191 796 nobis,
1239 745 1345 800 quo
1393 732 1564 804 magis
1605 732 1686 789 vel
1718 733 1828 804 ipsa
1861 750 2039 791 rerum

460 836 2268 900 W

1956 865 2028 873 ii
2040 865 2347 873 κπ-

432 1148 435 1150 έ
567 1046 620 1091 ο
776 896 2257 1152 PARADOW

2160 557 2420 624 ponendis
2466 544 2936 630 fuimus,'-:,labores
2960 544 3069 637 alii,
3101 570 3395 630 eﬁ‘ecerunt
3435 580 3491 629 ut
3518 588 3625 629 non
3655 589 3757 645 po-

2157 648 2416 706 tuerimus
2439 648 2770 722 accuratoria
2806 657 3029 716 tradere.

2358 870 2771 881 _—.——————-——-__._

2268 888 3599 1196 m

1683 1235 1913 1311 CUM
1961 1236 2515 1318 ANTIDOTO

1457 1387 2003 1535 JACOBI
2051 1415 2772 1595 ‘EAMELII.

1687 1669 2026 1688 ἠ

442 1788 493 1844 1.
525 1788 600 1845 De
631 1785 834 1857 angelis
859 1779 1236 1840 desertoribus
1276 1778 1368 1850 qui
1397 1777 1667 1838 duxerunt
1698 1777 1835 1834 ﬁlias
1865 1776 2041 1836 homi-

2034 1652 2180 1708 0ωο

2192 1678 2504 1696 ἢ

2151 1778 2278 1835 liani
2311 1798 2330 1836 :
2368 1781 2562 1841 Dehinc
2591 1789 2737 1853 scito,
2769 1807 2859 1846 nec
2887 1793 3019 1849 illud
3041 1801 3250 1858 concedi
3277 1801 3402 1872 tibi,
3434 1807 3570 1876 quod
3590 1817 3747 1876 puta-

516 1895 664 1935 num.
690 1879 838 1933 Tum.
870 1875 934 1932 ll.
964 1875 1050 1930 lib.
1078 1873 1142 1928 de
1169 1871 1361 1926 ldolol.
1391 1887 1440 1926 c.
1468 1870 1523 1929 9.
1557 1887 1611 1924 is.
1657 1870 1750 1926 47.
1785 1868 1937 1926 Libro
1983 1869 2047 1922 de
2079 1935 2123 1956 ἢ
2153 1873 2255 1927 lira
2303 1877 2454 1946 fuerit
2485 1881 2681 1951 angelis
2707 1899 2828 1938 caro
2849 1928 2862 1950 ,
2895 1888 2986 1942 sed
3012 1905 3144 1946 uerte
3171 1904 3216 1947 et
3239 1868 3418 1951 solida:
3441 1868 3738 1956 substantia:

527 1971 720 2026 Habitu
750 1969 955 2024 nmlieb.
984 1985 1101 2037 cap.
1128 1966 1180 2021 1.
1207 1982 1348 2020 rium.
1377 1965 1464 2019 17.
1483 1963 1650 2018 blnda
1670 1961 1822 2019 Cultu
1852 1963 2046 2033 (ternm.
2079 1935 2125 1994 B
2157 1935 2414 2025 nutamine.
2435 1970 2538 2027 Sed
2555 1935 2611 2027 in
2629 1974 2747 2030 aliis
2767 1935 2922 2034 libiis
2941 1983 3132 2038 eodem
3155 1989 3480 2058 conseriptis
3499 1999 3603 2046 tem
3615 2008 3745 2064 pore

507 2082 556 2120 c.
575 2064 661 2129 l0,
690 2079 830 2117 rium.
850 2061 941 2128 56,
969 2071 1014 2115 et
1037 2059 1073 2114 l.
1091 2060 1155 2114 de
1176 2056 1418 2113 Velandis
1447 2053 1647 2127 Virgini.
1662 2072 1710 2110 ε.
1726 2055 1777 2121 7,
1795 2071 1934 2112 nam.
1955 2053 2045 2108 5‘2.

513 2129 796 2212 iamiam.
820 2154 906 2210 tu.
941 2154 1028 2210 tib.
1064 2153 1141 2208 v.
1159 2153 1275 2206 adv.
1307 2150 1474 2205 Marc.
1505 2166 1621 2219 cap.
1647 2148 1878 2206 18.2mm.
1899 2146 2027 2204 est.

2156 2061 2226 2115 ita
2253 2062 2488 2152 seipsurn
2507 2067 2738 2138 explicat
2752 2071 2916 2127 sicuti
2939 2075 3308 2134 adnotavimus
3325 2081 3391 2136 ad
3411 2083 3502 2139 lib.
3527 2083 3594 2141 de
3609 2061 3745 2141 Car-

2154 2168 2224 2208 ne
2237 2150 2460 2223 Christi,
2485 2173 2604 2230 cap.
2622 2159 2674 2226 6,
2699 2177 2846 2218 num.
2871 2164 2959 2221 60.
2988 2176 3046 2222 ut
3074 2170 3206 2225 nihil
3227 2173 3357 2228 certi
3383 2189 3444 2230 ea
3474 2175 3542 2231 de
3571 2193 3629 2232 re
3653 2193 3748 2235 vo-

513 2250 706 2321 μαπιη
731 2250 853 2303 εάξε,
880 2245 1120 2314 pomata,
1140 2244 1424 2314 ,Antrerp.,
1443 2241 1613 2307 1579;
1635 2239 1830 2308 Paris"
1860 2237 2048 2309 1585.)
2155 2246 2314 2302 luerit
2333 2264 2596 2319 asserere,
2624 2253 2820 2326 alioqui
2840 2259 2980 2313 enim
3009 2261 3106 2316 sibi
3135 2263 3400 2321 videbitur
3420 2270 3742 2327 contrarius.

522 2365 688 2435 llujns
714 2362 975 2419 Paradoxi
1032 2360 1390 2415 Tertullianus
1440 2357 1645 2428 primus
1698 2365 1883 2409 auctor
1940 2369 2044 2409 non

441 2467 544 2524 est,
570 2472 740 2528 neque
770 2465 1072 2526 postremus
1095 2469 1109 2517 ;
1135 2450 1249 2516 sctl,
1274 2450 1429 2506 sicuti
1454 2449 1646 2520 partim
1667 2447 2042 2502 adtiotaviinus

443 2551 511 2607 ad
539 2551 629 2607 lib.
653 2550 721 2607 de
745 2549 937 2604 Habitu
966 2547 1126 2617 virg.,
1151 2545 1240 2601 ubi
1267 2544 1498 2600 maxime
1521 2560 1583 2598 ex
1611 2543 1886 2614 proposito
1911 2540 2041 2596 illud

441 2655 650 2710 tractat,
685 2652 808 2701 ante
830 2658 950 2699 eum
979 2639 1197 2711 Joseph.
1223 2638 1484 2710 Antiquit.
1519 2637 1612 2692 lib.
1644 2637 1683 2702 Ι,
1712 2637 1770 2692 8.
1799 2636 2039 2693 Justinus

438 2737 595 2792 Mart.
629 2735 855 2807 Apolog.
885 2743 1142 2803 utraque,
1199 2730 1462 2803 Athenag.
1495 2731 1546 2785 in
1574 2731 1757 2802 Apol.,
1789 2729 2038 2785 Clemens

439 2827 700 2885 Alexand.
730 2828 825 2882 lib.
854 2825 919 2882 lli
942 2837 996 2881 et
1020 2823 1084 2880 γ.
1105 2823 1342 2878 Stromat
1372 2835 1490 2893 post
1517 2839 1640 2878 eum
1663 2822 1906 2878 Lactant.
1939 2821 2032 2877 lib.

329 2947 336 2954 ε
442 2921 508 2978 ll.
529 2921 701 2979 lnstit.
725 2921 890 2976 divin.
917 2935 1036 2993 cap.
1072 2918 1182 2984 15.,
1213 2917 1272 2974 S.
1304 2919 1555 2990 Cyprian.
1589 2919 1680 2972 lib.
1711 2917 1780 2972 de
1810 2917 1951 2972 Dise.
1983 2926 2036 2973 et

441 3015 578 3070 llab.
610 3016 742 3086 virg.
776 3031 923 3070 num.
957 3016 1070 3080 54..
1108 3013 1303 3070 Euseb.
1336 3013 1505 3070 lib.V.
1540 3013 1741 3084 Evang.
1771 3013 2030 3082 Pramum,

448 3117 504 3164 et
531 3107 766 3164 Method.
802 3124 966 3164 serm.
1006 3109 1072 3167 de
1112 3107 1423 3164 Resurrect.
1456 3107 1683 3161 Causam
1714 3104 1913 3160 erroris
1940 3104 2034 3159 dc-

443 3200 543 3266 dit,
567 3200 708 3271 quod
743 3200 885 3256 LXX
914 3199 1076 3256 editio
1105 3199 1294 3256 Crrcca
1339 3209 1490 3255 vetus
1522 3239 1537 3264 ,
1570 3213 1730 3268 quam
1758 3197 1834 3251 illi
1863 3198 2029 3252 secuti

2152 2339 2388 2409 Constat,
2411 2341 2586 2413 inquit
2628 2346 2698 2402 ibi
2721 2387 2736 2414 ,
2763 2351 2971 2421 angelos
2994 2370 3195 2409 carnem
3218 2358 3478 2427 propriam
3508 2377 3608 2416 non
3633 2379 3746 2433 ges-

2146 2443 2298 2502 tasse,
2331 2446 2505 2508 utpote
2545 2449 2726 2497 natura
2755 2442 3052 2501 substantiis:
3075 2449 3342 2518 spiritalis,
3372 2463 3417 2507 et
3448 2453 3492 2506 si
3515 2457 3744 2523 corporis

2144 2527 2388 2598 alicuius,
2416 2531 2496 2586 sui
2517 2541 2683 2588 tamen
2711 2537 2929 2606 generis,
2961 2539 3012 2593 in
3040 2557 3245 2597 carnem
3269 2554 3435 2600 autem
3463 2546 3740 2603 humanam

2142 2622 2548 2693 tranﬁgurabilis
2575 2628 2643 2681 ad
2670 2637 2886 2700 tempus,
2907 2643 2961 2686 ut
2991 2634 3150 2690 videri
3180 2647 3226 2691 et
3256 2640 3496 2710 congredi
3520 2643 3745 2698 cumlto-

2142 2714 2359 2770 minibus
2382 2720 2592 2785 possint.
2629 2720 2698 2776 Et
2722 2725 2956 2792 apertius
2978 2727 3075 2781 lib.
3122 2729 3189 2784 de
3219 2729 3523 2790 Rcsurrect.
3560 2750 3738 2803 carm,

2142 2823 2192 2864 c.
2220 2809 2289 2864 62
2315 2828 2329 2864 :
2357 2810 2490 2878 Quia
2505 2824 2553 2868 et
2579 2817 2766 2886 angeli,
2798 2817 2989 2888 inquit,
3013 2821 3290 2892 aliquando
3313 2835 3551 2896 tanquam
3578 2830 3742 2884 homi-

2141 2918 2230 2957 nes
2255 2904 2466 2974 [uerunt
2485 2948 2500 2971 ,
2553 2907 2749 2964 edendo
2782 2951 2797 2976 ,
2830 2911 3042 2968 bibendo
3070 2922 3114 2968 ct
3146 2917 3297 2987 pedes
3325 2919 3529 2976 lavacro
3571 2925 3739 2991 porri-

2138 2996 2305 3066 genda
2329 3014 2350 3062 ,'
2376 2997 2650 3054 [ruinaruina
2677 3003 2810 3057 cnim
2831 3007 3152 3076 superﬁciem
3175 3010 3470 3078 induerant,
3494 3015 3633 3068 salva
3663 3016 3741 3070 in-

2139 3095 2220 3142 tus
2236 3089 2517 3145 substantia
2546 3094 2778 3163 pmpria.
2815 3095 2929 3153 lloc
2950 3099 3198 3157 sufﬁcere
3230 3104 3426 3174 ubique
3449 3107 3618 3162 visum
3647 3119 3737 3164 est

2140 3181 2354 3238 Auctori
2376 3226 2392 3252 ,
2447 3185 2588 3256 quod
2618 3187 2854 3259 dogmati
2885 3189 3092 3261 Apellis
3114 3210 3221 3250 non
3247 3199 3612 3266 consentiret,
3646 3201 3733 3272 qui

435 3255 599 3358 sunt:
630 3303 748 3362 post
779 3292 1054 3348 Philonem
1103 3293 1305 3364 legeret
1336 3309 1349 3345 :
1399 3299 1443 3347 oi
1467 3299 1656 3360 ἄγγελοι
1684 3299 1766 3347 τοῦ
1795 3297 1946 3356 Θεοῦ,
1979 3299 2028 3346 et

2140 3289 2210 3328 ex
2241 3290 2402 3331 aerea
2451 3255 2746 3336 substantia
2792 3284 3014 3354 angelos
3041 3297 3251 3345 creatos
3292 3290 3536 3358 dicebat,
3588 3303 3736 3351 utne

436 3387 622 3443 Latina
645 3385 845 3455 Italica,
869 3386 951 3442 vel
981 3386 1077 3442 SS.
1109 3385 1356 3441 Ambros.
1389 3387 1616 3456 August.
1643 3385 2030 3455 Procopiotes-

439 3480 601 3547 tibus,
633 3480 813 3552 Angcli
850 3478 948 3534 Dei
966 3523 980 3546 ,
1012 3494 1109 3550 pro
1132 3495 1198 3534 co
1224 3479 1364 3551 quod
1391 3488 1572 3550 postea
1595 3479 1789 3537 lectum
1817 3480 2026 3563 inveni-

434 3581 520 3629 tur
545 3582 591 3628 oi
617 3581 711 3628 υῖει
748 3581 832 3630 τσῦ
859 3581 999 3639 Θεοῦ,
1029 3583 1084 3630 et
1109 3573 1298 3628 Latine
1321 3615 1334 3639 ,
1365 3572 1460 3642 filii
1494 3571 1611 3640 Dei,
1638 3587 1796 3643 quam
1821 3581 2026 3628 utram-

430 3682 535 3736 que
559 3678 894 3739 agnoverunt
911 3683 1010 3723 suo
1029 3678 1270 3737 tempore
1296 3668 1352 3723 8.
1374 3670 1599 3739 August.
1627 3676 1682 3724 et
1712 3668 2024 3739 Procopius.

439 3760 632 3816 Verum
663 3761 885 3833 pulchre
917 3776 1034 3816 eam
1060 3761 1382 3817 sententiam
1414 3776 1509 3830 per
1529 3761 1912 3817 absurditatem
1938 3777 2027 3817 re-

432 3851 570 3907 futat
596 3853 653 3908 S.
694 3851 972 3924 Cbrysost.
1023 3852 1170 3907 hom.
1227 3852 1320 3908 22.
1368 3853 1419 3907 in
1468 3852 1726 3922 Genesin,
1778 3869 2029 3910 asserens

437 3956 700 4012 nusquam
725 3943 853 3997 alibi
884 3944 935 3997 in
965 3943 1256 4014 Scripturis
1278 3946 1498 4014 (nempe
1529 3944 1684 4015 juxta
1735 3946 2027 4002 editionem

430 4033 578 4089 LXX
620 4050 777 4105 quam
804 4036 972 4091 solam
1002 4033 1258 4106 noverat)
1290 4037 1467 4090 vocari
1496 4037 1712 4107 angelos
1740 4037 1882 4095 ﬁlios
1907 4039 2023 4108 Dei,

433 4128 562 4182 item
590 4127 648 4182 S.
681 4127 1036 4183 Ambros.lib.
1071 4127 1139 4184 de
1167 4127 1280 4184 Noe
1300 4136 1354 4183 et
1380 4128 1538 4194 Area,
1569 4144 1688 4200 cap.
1720 4130 1800 4198 4.,
1823 4130 1882 4187 S.
1910 4130 2025 4186 Att-

430 4228 574 4290 gust.
598 4234 688 4290 qu.
719 4219 772 4275 5.
798 4220 848 4274 in
879 4219 1013 4277 Gen.
1045 4229 1098 4276 et
1129 4219 1284 4276 latins
1313 4219 1406 4274 lib.
1435 4219 1552 4276 XV.
1574 4220 1666 4292 {de
1714 4222 1872 4278 Civil.
1904 4223 2023 4290 Dei,

435 4325 555 4382 cap.
593 4311 702 4378 15.;
731 4311 789 4368 S.
818 4313 1084 4385 Epiphan.
1113 4313 1256 4384 Epit.
1289 4313 1456 4370 divin.
1488 4313 1722 4386 dogmat.
1754 4325 1809 4372 et
1829 4316 2025 4374 Proco-

436 4405 556 4476 pius
581 4406 634 4461 in
652 4405 955 4464 Comment.
981 4424 1206 4479 quorum
1234 4408 1515 4481 Chrysost.
1538 4420 1593 4467 et
1615 4417 1844 4484 August.
1862 4413 2024 4468 etiam

436 4501 809 4558 auctoritatem
840 4502 960 4559 libri
986 4503 1169 4560 Enoch
1188 4548 1202 4571 ,
1244 4521 1349 4576 quo
1377 4506 1472 4561 niti
1501 4506 1713 4562 videtur
1739 4507 2022 4564 Tertullia-

2140 3369 2410 3427 videretur
2437 3373 2509 3428 illi
2538 3383 2593 3430 et.
2618 3376 2671 3430 in
2699 3376 2804 3433 hoc
2838 3383 3146 3439 consentire
3165 3425 3179 3450 ,
3229 3386 3372 3456 quod
3394 3388 3586 3443 Christi
3617 3404 3734 3444 cor-

2137 3477 2237 3531 pus
2267 3478 2331 3518 ex
2383 3467 2618 3523 tellierea
2647 3471 2870 3526 materia
2899 3473 3162 3545 originem
3195 3476 3416 3535 haberet
3442 3495 3613 3536 suam.
3641 3483 3736 3536 At.-

2133 3557 2224 3627 qui
2251 3558 2428 3630 qualia
2452 3575 2702 3632 corpora,
2733 3572 2787 3618 et
2825 3565 2965 3622 unde
2987 3580 3263 3640 assumpta
3289 3571 3357 3626 ab
3385 3574 3589 3644 angelis
3607 3575 3724 3630 l‘ue-

2134 3649 2242 3703 rint
2261 3692 2275 3714 ,
2327 3652 2490 3707 etiam
2523 3652 2680 3710 hodie
2708 3667 3114 3716 controversum
3135 3672 3219 3718 est
3259 3664 3399 3734 apud
3426 3665 3732 3737 Magistrum

2131 3739 2546 3811 Sententiarum,
2579 3745 2672 3803 lib.
2704 3747 2768 3803 ll.
2790 3749 2916 3808 dist.
2948 3751 3002 3808 8.
3031 3751 3058 3824 §
3088 3756 3120 3810 4
3140 3772 3152 3808 :
3176 3772 3273 3810 nos
3299 3756 3414 3812 loco
3435 3757 3544 3827 jam
3573 3759 3734 3815 citato

2131 3848 2252 3888 cum
2273 3835 2329 3890 S.
2364 3836 2637 3894 Bernardo
2660 3839 2728 3896 de
2754 3841 2854 3898 hoc
2880 3847 3202 3903 sententiam
3230 3860 3468 3904 nostrain
3497 3867 3728 3922 suspen-

2131 3925 2259 3981 dere
2287 3928 2576 3987 maluimus
2602 3947 2761 4002 quam
2805 3935 2937 3991 certi
2967 3938 3094 4008 quid
3143 3939 3390 3996 deﬁnire.
3435 3945 3519 3998 Au
3547 3955 3728 4000 autem

2130 4022 2359 4079 senserit
2386 4026 2608 4093 Auctor,
2654 4029 2796 4098 quod
2827 4029 2902 4085 illi
2931 4033 3147 4102 quidam
3194 4035 3515 4108 impingunt,
3547 4056 3730 4109 corpo-

2130 4129 2241 4168 reos
2260 4131 2366 4170 esse
2390 4118 2598 4188 angelos
2628 4129 2674 4174 et
2721 4121 2982 4180 dcentonas
3003 4167 3017 4192 ,
3054 4142 3159 4184 non
3191 4129 3458 4187 immerito
3484 4131 3730 4189 dubitare

2129 4207 2273 4265 licet.
2305 4210 2534 4269 Maxime
2572 4231 2734 4285 quum
2763 4230 2972 4288 auctor,
2999 4223 3098 4278 etsi
3129 4225 3370 4282 videatur
3400 4227 3487 4283 hic
3515 4231 3599 4284 sui
3642 4246 3729 4302 ge-

2128 4304 2264 4360 neris
2310 4322 2492 4378 corpus
2536 4311 2740 4381 angelis
2783 4314 3018 4373 tribuere
3046 4359 3061 4385 ,
3095 4327 3272 4376 tamen
3295 4309 3458 4377 iaciat
3488 4339 3583 4380 eos
3611 4325 3729 4379 sub-

2126 4400 2333 4455 stantia:
2357 4403 2604 4472 spiritalis
2633 4447 2647 4470 ,
2681 4407 2837 4464 sicuti
2867 4411 3027 4466 etiam
3055 4428 3163 4468 non
3186 4416 3350 4470 semel
3383 4417 3436 4472 in
3458 4419 3756 4489 Apologe-'

2128 4492 2266 4558 tico,
2309 4503 2363 4549 et
2391 4497 2706 4555 nominatim
2731 4516 2780 4556 c.
2826 4501 2918 4558 23.
2946 4504 3213 4573 spiritales
3251 4509 3396 4565 vires
3424 4519 3478 4566 et
3523 4512 3725 4582 angelis

437 4611 560 4665 nus,
594 4597 928 4670 impugnant.
958 4599 1058 4667 Qui
1089 4615 1275 4656 omnes
1300 4609 1354 4657 et
1379 4603 1609 4674 "angelos
1635 4613 1686 4660 et
1712 4604 1850 4661 ﬁlios
1882 4607 1972 4664 Dei
2005 4648 2021 4676 ,

2134 4597 2181 4644 et
2217 4587 2551 4648 daemonibus
2571 4595 2848 4664 attribuit,
2896 4608 2952 4654 et
2991 4600 3212 4672 spiritus
3242 4612 3416 4658 vocat.
3447 4579 3617 4675 Magis
3645 4616 3725 4660 ta-

429 4699 677 4761 posteros
703 4690 833 4748 Seth
861 4735 876 4758 ,
919 4700 1104 4764 utpote
1135 4693 1226 4749 Dei
1253 4694 1519 4763 cultores,
1571 4691 2021 4772 interprcaantur,

429 4787 585 4842 sicuti
615 4787 775 4844 etiam
816 4787 875 4842 Β.
910 4787 1126 4843 Hieron.
1171 4788 1262 4844 lib.
1310 4789 1377 4844 de
1403 4789 1605 4848 Tradit.
1640 4792 1803 4851 Hebr.
1837 4798 1889 4852 in
1919 4797 2025 4856 Gc-

433 4881 624 4947 nesin;
654 4879 882 4954 denique
923 4895 1045 4935 ven.
1078 4879 1221 4936 Beda
1242 4923 1258 4950 ,
1283 4881 1573 4939 Rhabanus
1603 4895 1788 4945 noster
1805 4901 1858 4946 et
1886 4890 2024 4963 l-lay-

447 4989 536 5031 nio
579 4973 728 5029 Com.
754 4975 805 5029 in
851 4973 988 5030 Gen.
1015 4973 1316 5030 scribentes
1340 4987 1393 5031 et
1437 4977 1488 5032 in
1519 4977 1809 5052 Scripturis
1855 4990 2022 5047 sacris

428 5073 734 5140 frequenter
762 5068 1072 5139 angelorum
1121 5070 1337 5125 nomine
1379 5070 1520 5128 viros
1549 5073 1735 5131 ﬁdeles
1763 5087 1818 5133 et
1843 5079 2018 5150 justus

432 5162 710 5234 appellari.
733 5161 869 5231 Quid
896 5203 909 5227 ,
933 5161 1075 5233 quod
1112 5162 1426 5220 Philastrius
1448 5165 1539 5222 lib.
1570 5169 1637 5225 de
1667 5168 1871 5229 Περι-εδ.
1895 5190 2013 5248 cap.

423 5257 549 5318 108.
577 5258 716 5316 inter
736 5259 993 5317 haereseis
1037 5271 1281 5318 recenset
1296 5275 1390 5317 eos
1409 5262 1502 5332 qui
1526 5276 1774 5331 asserunt
1795 5271 2016 5342 angelos

420 5353 703 5410 miscuisse
723 5367 783 5409 se
813 5369 934 5409 cum
965 5352 1198 5411 heminis
1223 5363 1348 5413 ante
1378 5354 1658 5424 diluvium,
1688 5369 1742 5415 et
1765 5361 1890 5420 inde
1920 5379 2015 5421 na-

419 5455 502 5502 tos
531 5461 651 5502 esse
669 5446 949 5521 gigantes?

411 5559 468 5614 2.
513 5559 589 5614 De
615 5559 925 5632 angelorum
948 5561 1373 5632 apparitionibus
1400 5564 1453 5620 in
1484 5580 1608 5621 vera
1641 5567 1868 5626 humana
1888 5588 2014 5630 car-

485 5667 573 5708 ne.
600 5651 750 5708 Tom.
783 5653 869 5720 III,
893 5654 979 5710 lib.
1015 5653 1211 5710 llladv.
1247 5656 1414 5712 Marc.
1448 5675 1564 5731 cap.
1590 5660 1642 5718 9.
1667 5679 1810 5719 num.
1841 5665 1929 5721 (il.

410 5727 450 5774 ’⁵
484 5760 601 5816 cap.
635 5746 722 5814 11,
755 5762 898 5800 num.
922 5746 1011 5803 72.

481 5861 739 5919 Videntur
760 5862 973 5934 quidem
1006 5863 1108 5924 tale
1138 5864 1262 5936 quid
1286 5880 1476 5929 sonare
1497 5870 1657 5930 verba
1674 5874 1763 5934 illa
1786 5875 2002 5936 Tertul~

2129 4695 2251 4736 men
2274 4694 2486 4756 recepta
2529 4696 2650 4754 est,
2686 4688 2924 4762 mihique
2951 4693 3121 4762 placet
3167 4709 3356 4751 eorum
3411 4700 3669 4755 sententia
3701 4742 3718 4768 ,

2126 4775 2215 4846 qui
2238 4775 2583 4848 incorporeus
2613 4780 2842 4850 iaciunt,
2901 4787 3042 4844 inter
3065 4803 3201 4859 quos
3232 4791 3450 4847 veniunt
3475 4808 3718 4850 comme-

2129 4868 2368 4922 ntorandi
2401 4868 2497 4926 SS.
2530 4872 2746 4946 Dionys.
2770 4877 2968 4949 AreOp.
2999 4895 3049 4935 c.
3073 4880 3132 4935 2.
3161 4880 3382 4938 Οωιοει.
3411 4885 3717 4956 llierarcb.,

2125 4959 2383 5017 Atbanas.
2411 4963 2480 5020 de
2505 4963 2789 5023 Continuit.
2817 4969 3028 5028 Essent.
3051 4973 3221 5029 Patris
3249 4986 3305 5030 et
3331 4977 3448 5032 Filii
3478 4988 3530 5034 et
3554 4978 3721 5051 Spiri-

2129 5058 2212 5106 tus
2235 5053 2408 5109 sancti
2437 5055 2687 5128 Chysost.
2717 5059 2905 5117 bomil.
2935 5062 3025 5119 92.
3061 5064 3116 5121 ἱιι
3142 5065 3277 5123 Cen.
3296 5067 3485 5142 Cyrill.
3504 5071 3640 5129 libro
3661 5074 3717 5140 4,

2119 5145 2175 5201 in
2202 5145 2396 5203 Joann.

2120 5281 2174 5337 '5.
2206 5281 2281 5340 De
2323 5285 2500 5341 anima
2529 5288 2684 5358 primi
2713 5290 2945 5349 hominis
2977 5309 3042 5352 ex
3072 5299 3299 5355 materia
3330 5300 3442 5358 Dei.
3478 5312 3599 5361 tam.
3622 5303 3711 5360 III.

2337 5380 2424 5435 lib.
2455 5381 2773 5455 IV._advers.
2805 5386 2968 5446 Marc.
3001 5408 3048 5446 c.
3078 5393 3166 5451 38.
3200 5411 3342 5451 num.
3373 5400 3498 5455 611.
3699 5397 3710 5401 ’

2187 5514 2304 5572 Huc
2329 5517 2544 5587 quidem
2570 5524 2840 5590 pertinere
2885 5526 3130 5585 videntur
3151 5529 3242 5588 illa
3276 5535 3510 5592 auctoris
3551 5537 3712 5596 verba

2113 5609 2429 5678 esplicantis
2460 5613 2588 5670 illud
2612 5615 2744 5675 Luc.
2770 5617 2888 5676 XX.
2932 5620 3150 5680 Reddite
3172 5641 3287 5691 ante
3305 5638 3421 5683 sunt
3446 5628 3540 5686 Dei
3560 5630 3666 5688 Deo
3685 5649 3706 5689 :

1949 5685 2010 5723 ac
2109 5698 2384 5758 Hominem
2411 5705 2568 5777 igitur
2592 5709 2740 5766 reddi
2762 5711 2909 5782 jubet
2939 5685 3198 5783 Creatori,
3226 5718 3280 5772 in
3308 5722 3458 5787 cuius
3486 5685 3710 5797 imagine

2105 5801 2152 5848 et
2177 5793 2505 5854 similitudine
2534 5809 2580 5855 et
2621 5801 2825 5857 nomine
2855 5814 2905 5858 et
2937 5808 3149 5863 materia
3176 5825 3445 5881 expressus
3477 5825 3572 5870 est.
3593 5793 3708 5883 Ἱραὶ

2105 5885 2256 5945 locus
2303 5889 2541 5950 fortassis
2585 5894 2637 5950 in
2667 5909 2826 5954 causa
2867 5897 2964 5956 ﬁtit
3003 5901 3079 5957 uti
3131 5902 3209 5960 sic
3256 5905 3454 5962 scribat
3505 5907 3572 5966 dc
3611 5909 3704 5968 illo
