4106 6330
320 294 421 355 181

1616 296 1761 355 CUM
1798 295 2146 361 ANTIDOTO
2181 304 2476 367 PAMELII.

3531 318 3636 376 182

322 409 573 471 Gennad.
608 409 703 469 lib.
732 410 803 470 de
832 411 1079 486 Dogmat.
1108 412 1341 471 Eccles.:
1364 410 1508 471 Nihil
1546 426 1613 469 ex
1651 412 1927 469 Trinitatis
1951 413 2009 478 Α
2031 426 2115 475 eSt
2141 462 2157 487 ,
2185 422 2277 493 qui
2307 424 2469 480 etiam
2499 424 2673 496 ipsum
2700 433 2999 486 creatorem
3024 428 3216 499 Deum,
3246 412 3353 488 non
3385 448 3507 492 esse
3526 436 3630 492 nisi

330 505 572 563 essentia
587 504 655 561 ad
671 516 1034 563 creaturarum
1060 515 1305 563 naturam
1324 506 1606 564 credamus
1622 505 1928 575 deductum,

323 610 385 657 ut
410 600 569 657 Plato
619 610 674 657 et
698 601 1066 659 Tertullianus.
1098 604 1293 661 Verum
1318 620 1480 676 quum
1502 601 1557 661 S.
1584 604 1805 675 August.
1841 601 1933 673 qui

326 694 490 749 toties
528 692 746 750 deducit
783 694 1018 752 animam
1066 712 1173 752 non
1216 711 1379 769 posse
1425 706 1635 769 partem
1665 696 1761 751 Dei
1788 693 1928 761 dici,

325 784 467 842 nihil
511 787 615 844 tale
657 788 731 844 illi
779 789 1070 859 attribuat,
1114 805 1214 863 ego
1260 790 1422 847 etiam
1466 806 1496 846 a
1546 800 1651 846 tam
1702 787 1933 846 absurda

328 880 529 937 δίει·εεί
562 880 739 953 ipsum
770 882 1099 954 purgandum
1141 884 1412 941 existimo.
1442 886 1617 955 Atque
1642 881 1777 939 adeo
1802 881 1933 937 nihil

324 972 485 1030 illum
532 973 678 1030 aliud
729 974 965 1032 voluisse
1019 976 1202 1032 dicere
1245 992 1407 1049 quam
1451 976 1595 1048 quod
1636 992 1699 1032 ea:
1758 976 1932 1047 afﬂatu

326 1063 426 1121 Dei
474 1065 544 1127 sit
581 1066 775 1122 animae
820 1067 988 1140 origo,
1013 1068 1164 1139 juxta
1203 1068 1332 1125 illud
1386 1067 1521 1126 Gen.
1568 1066 1743 1123 Il:lv.'t
1790 1067 1935 1137 ﬂavit

328 1156 478 1213 Deus
505 1158 687 1228 [latum
717 1160 830 1216 citat
867 1162 919 1215 in
948 1162 1132 1233 facient
1161 1161 1398 1227 hominis,
1426 1171 1473 1216 et
1503 1165 1672 1232 {actus
1691 1169 1763 1215 est
1783 1159 1934 1213 homo

324 1246 636 1315 inaniinani
663 1255 826 1309 vivam
845 1298 861 1324 ,
894 1256 1051 1313 siculi
1082 1255 1512 1329 frequentissime
1539 1256 1653 1328 ipse
1681 1252 1929 1320 inculcat,

326 1344 564 1401 maxime
578 1360 704 1403 vero
725 1347 818 1404 lib.
837 1347 906 1406 de
927 1349 1118 1404 Anima
1133 1363 1183 1405 c.
1204 1350 1293 1405 11.
1308 1348 1429 1417 Quo
1444 1350 1583 1416 loco,
1601 1347 1755 1407 sicuti
1773 1349 1932 1405 etiam

323 1440 426 1506 lib.
454 1440 522 1496 de
545 1439 724 1513 Bapt.,
756 1455 809 1496 c.
834 1441 887 1496 5.
909 1456 1000 1495 nu.
1021 1442 1111 1508 45,
1139 1457 1257 1497 eam
1291 1441 1780 1512 interpretationem
1802 1456 1935 1497 eon-

332 1536 548 1594 sentire
573 1532 909 1590 ostendimus
936 1547 1056 1588 cum
1080 1533 1179 1589 SS.
1223 1533 1386 1600 lren.,
1417 1531 1731 1600 Prudentia,
1761 1531 1938 1603 Chry-

326 1637 496 1698 δαείη
526 1629 755 1697 August.
789 1634 841 1680 et
872 1623 1234 1682 Tbcodoreto.
1265 1624 1501 1695 Quorum
1535 1626 1633 1681 iste
1666 1641 1680 1679 :
1714 1624 1938 1680 Nomine

322 1724 512 1790 ﬂatus,
544 1722 748 1792 inquit,
779 1734 884 1775 non
935 1719 1282 1790 intelligimus
1333 1729 1537 1791 partem
1579 1718 1808 1789 aliquant
1846 1732 1935 1774 es-

328 1815 522 1874 sentia:
569 1814 762 1870 divinze
807 1812 1101 1869 secundum
1131 1812 1392 1869 (Iordanis
1436 1822 1491 1867 et
1519 1811 1804 1867 Marcionis
1844 1826 1932 1865 ra-
1960 1791 2011 1852 Β

328 1908 514 1973 hiem,
559 1905 654 1963 sed
702 1905 896 1961 anima:
926 1912 1171 1960 naturam
1219 1920 1317 1977 per
1368 1904 1417 1958 id
1467 1904 1744 1971 denotari,
1790 1903 1933 1975 quod

332 2003 514 2059 anima
559 1999 780 2071 spiritus
826 2000 896 2054 sit
938 1997 1213 2053 rationalis
1261 2006 1315 2052 et
1361 1997 1757 2053 intellectualis.
1804 1995 1936 2064 ane

336 2095 504 2150 verba
548 2092 678 2148 mihi
720 2092 881 2147 etiam
912 2089 1068 2145 aliam
1108 2089 1474 2160 conjecturam
1520 2088 1755 2152 faciunt,
1789 2087 1934 2158 loqui

332 2189 626 2245 Auctorem
676 2199 782 2240 non
827 2198 894 2240 ex
935 2196 1064 2245 sua,
1093 2180 1187 2238 sed
1215 2197 1279 2237 ex
1315 2180 1596 2236 Marcionis
1635 2180 1894 2235 sententia
1916 2218 1932 2243 ,

331 2278 638 2355 praesertim
658 2291 820 2350 quum
843 2290 906 2330 ex
931 2274 1268 2346 Fragmentis
1313 2272 1404 2327 lib.
1458 2271 1526 2327 de
1575 2271 1751 2328 Cctisu
1801 2270 1935 2325 Ani-

336 2388 443 2437 ma;
506 2371 631 2426 adv.
681 2369 960 2441 Hermog.,
1033 2375 1279 2433 constet,
1322 2364 1557 2420 sensisse
1615 2364 1761 2418 illum
1818 2362 1938 2417 ani-

334 2442 498 2523 mam‘
535 2463 690 2534 longe
737 2461 845 2515 Deo
900 2458 1227 2525 inferiorem,
1257 2464 1439 2527 utpote
1486 2451 1942 2526 passibilem,etsi

333 2554 807 2617 immortalemﬁt
828 2566 960 2611 vero
986 2552 1145 2608 etiam
1166 2548 1703 2624 repetendum,quod
1734 2547 1941 2603 utrobi-

328 2669 449 2728 que
467 2651 834 2708 adnotavimus
850 2654 995 2704 recte
1009 2644 1287 2704 censuisse
1315 2643 1374 2700 S.
1403 2644 1539 2716 Aug.
1575 2641 1713 2697 libro
1738 2639 1805 2697 de
1828 2640 1942 2696 hae~

336 2762 478 2811 res.,
502 2744 639 2816 quod
667 2741 986 2799 Philastrius
1008 2739 1204 2795 multas
1228 2736 1465 2793 haereses
1484 2735 1809 2792 recensuerit
1823 2746 1943 2803 quae

334 2840 596 2897 llzereses
619 2851 723 2892 non
738 2842 864 2891 sunt
879 2875 895 2900 ,
916 2833 1093 2906 qualis
1113 2840 1196 2889 est
1220 2845 1328 2887 nou
1354 2829 1596 2897 haeresis,
1623 2826 1718 2884 sed
1746 2825 1944 2884 Catho-

335 2934 447 2990 lica
469 2932 680 2988 Patrum
703 2928 991 2994 sentcntia,
1020 2925 1252 2991 Flatum,
1276 2940 1370 2981 seu
1392 2923 1718 2995 spiraculum
1740 2922 1862 2977 vitae
1875 2919 1944 2976 de

341 3026 523 3082 anima
553 3021 800 3080 rationali
824 3021 1225 3092 interpretatur.

338 3164 399 3220 ι.
426 3163 502 3218 De
522 3159 816 3217 Animabus
840 3152 1175 3229 posterorum
1194 3152 1322 3208 Adae
1338 3166 1403 3209 ex
1431 3149 1670 3219 traduce,
1685 3147 1833 3204 Tom.
1854 3146 1943 3204 lll.
1968 3158 2018 3224 α

412 3257 504 3312 lib.
554 3256 618 3309 de
644 3253 832 3307 Anima
877 3267 994 3321 cap.
1028 3248 1078 3304 9.
1121 3264 1264 3302 nam.
1331 3243 1457 3301 125.
1513 3260 1627 3314 cap.
1669 3242 1756 3298 19.
1801 3258 1943 3297 num.

417 3350 552 3406 256.
599 3365 715 3420 cap.
743 3344 837 3401 22.
885 3360 1024 3399 nunt.
1055 3340 1188 3399 291.
1233 3349 1278 3395 et
1323 3338 1531 3411 integris
1570 3335 1843 3408 capitibus.
1874 3334 1944 3390 27

414 3454 464 3500 et
492 3442 583 3500 56.

420 3568 737 3639 Paraddxon
792 3574 932 3633 istud
971 3572 1305 3631 Tertulliano
1352 3547 1670 3626 adscribunt
1720 3565 1977 3631 Ruﬁnus

344 3676 580 3748 Apolog.
612 3687 708 3744 pro
745 3670 995 3744 Origene,
1025 3676 1081 3723 et
1117 3666 1175 3723 S.
1223 3665 1442 3721 llieron.
1474 3663 1630 3718 libro.
1664 3660 1731 3717 ll.
1759 3670 1813 3716 et
1858 3657 1947 3715 lll.

346 3766 579 3840 Apolog.
602 3763 728 3819 adv.
761 3759 1046 3827 eumdem,
1072 3772 1297 3829 quorum
1323 3754 1414 3811 ille
1437 3752 1567 3810 nihil
1587 3750 1950 3808 deﬁniendum

356 3872 531 3937 putat,
562 3862 649 3916 hic
697 3858 827 3914 satis
881 3854 1042 3912 dubie
1094 3852 1370 3924 loquitur,
1428 3862 1733 3922 quanquam
1785 3845 1952 3916 magis

350 3955 560 4014 sentire
580 3951 824 4007 videatur
846 3961 966 4005 esse
992 3945 1297 4002 damnatam
1323 3941 1663 3999 sententiam.
1687 3938 1820 3995 Nam
1843 3947 1953 3993 tum

352 4048 592 4106 maxime
612 4044 834 4115 Apolog.
860 4041 925 4098 ad
946 4039 1223 4106 Pamach.,
1238 4037 1494 4094 adversus
1512 4036 1735 4091 Errores
1755 4024 1950 4091 Joann.

352 4142 571 4199 llieros.
603 4137 817 4194 disertis
845 4134 1019 4192 verbis
1044 4132 1194 4198 dicit,
1222 4129 1656 4187 Ecclesiasticam
1684 4141 1806 4183 esse
1834 4141 1955 4181 seu-

356 4238 584 4294 teatiam
608 4233 777 4289 Deum
802 4244 972 4287 novas
997 4225 1236 4298 quotidie
1265 4225 1473 4281 animas
1502 4221 1818 4294 corporibus
1843 4222 1955 4291 jam

356 4326 642 4399 conceptis
680 4322 982 4391 infundere,
1012 4320 1247 4392 allegaus
1273 4317 1340 4374 ad
1368 4316 1420 4372 id
1452 4314 1757 4387 Scripturas
1797 4312 1954 4369 Joan.

358 4421 429 4489 V,
457 4415 782 4486 Zach.,Xll,
802 4415 944 4473 Psal.
976 4411 1197 4480 XXXII,
1217 4424 1519 4485 quanquam
1540 4408 1753 4466 interim
1796 4407 1954 4479 epist.

2035 527 2230 585 corpus
2259 516 2528 588 opinatur.
2564 519 2671 577 Sed
2698 521 2766 578 de
2810 522 2902 578 illo
2928 536 3143 596 quoque
3178 525 3460 583 Paradoxo
3491 529 3628 586 infra

2035 620 2104 663 ex
2144 608 2335 665 eodem
2383 612 2682 683 Augustino
2733 614 2910 671 latius.
2943 614 3254 674 Gennadius
3298 628 3481 676 autem
3534 622 3627 678 lib.

2035 700 2244 760 Eccles.
2269 703 2513 776 Dogmat.
2539 705 2724 780 [quem
2749 710 2835 766 vel
2862 710 2987 766 hinc
3009 721 3154 783 patet
3177 713 3236 770 S.
3264 716 3489 787 August.
3520 731 3626 772 non

2036 795 2198 869 esse],
2220 808 2467 855 enarrata
2497 799 2746 872 Origenis
2774 804 3041 859 sententia
3061 844 3077 870 ,
3109 813 3164 861 et
3204 806 3312 877 jam
3360 806 3502 863 dicta
3526 851 3542 876 ,
3573 821 3631 864 ut

2037 890 2205 958 dicit,
2234 891 2697 950 Luciferianorum
2727 893 2912 967 Cyrilli
2936 938 2949 960 ,
2974 905 3030 953 et
3072 898 3373 968 aliquorum
3405 900 3625 957 Latino-

2038 998 2155 1038 rum
2188 983 2353 1056 (inter
2397 1000 2533 1057 quos
2584 985 2726 1042 haud
2771 986 2932 1042 dubie
2961 987 3369 1063 Tertullianus),
3400 990 3625 1059 deﬁnit,

2030 1074 2267 1139 formato
2282 1077 2391 1148 jam
2416 1092 2642 1149 corpore
2668 1081 2903 1134 animam
2931 1095 2963 1135 a
2991 1080 3101 1136 Deo
3120 1083 3292 1138 creari
3322 1092 3375 1139 et
3398 1083 3629 1140 infundi.

2038 1168 2149 1226 Nec
2175 1170 2329 1227 aliter
2354 1175 2556 1235 fauctor
2584 1171 2788 1244 Dialogi
2816 1172 2885 1229 de
2911 1174 3225 1229 Animarum
3256 1175 3464 1247 origine
3494 1177 3631 1233 inter

2039 1262 2137 1325 SS.
2172 1263 2393 1320 llierou.
2439 1275 2493 1321 et
2545 1265 2772 1337 August.
2826 1265 2936 1325 Nos
2985 1276 3161 1321 tamen
3200 1268 3339 1323 nihil
3383 1278 3631 1340 tanquam

2040 1355 2163 1412 ﬁdei
2184 1355 2379 1412 docere
2400 1356 2706 1424 maluimus,
2734 1357 3168 1429 quandoquidem
3200 1368 3257 1414 et
3287 1359 3523 1416 Ecclesia
3556 1368 3634 1416 tot

2033 1447 2146 1518 jam
2200 1447 2324 1504 inde
2373 1448 2658 1506 celebratis
2696 1447 2949 1525 Couciliis
3005 1449 3140 1506 nihil
3165 1465 3443 1521 expresse,
3490 1453 3633 1524 quod

2038 1540 2255 1613 quidem
2287 1542 2489 1609 sciam,
2523 1542 2802 1599 deﬁnitum
2848 1542 3146 1612 reliquerit.
3161 1530 3417 1600 'Suiﬁciet
3455 1553 3633 1600 autem

2040 1632 2285 1705 quaedam
2327 1635 2379 1689 in
2408 1634 2859 1691 Aunotationibus
2898 1634 3181 1705 adjecisse,
3213 1638 3406 1707 quibus
3435 1648 3551 1697 tum
3576 1638 3634 1695 S.

2042 1728 2260 1790 Hieron.
2287 1729 2605 1784 sententiam
2623 1727 2756 1786 nihil
2779 1729 2947 1799 magis
2967 1728 3179 1799 probari
3198 1729 3635 1802 signiﬁcavimus,

2042 1831 2150 1877 tum
2182 1822 2248 1876 ad
2285 1832 2600 1893 argumenta
2629 1823 2944 1879 Tertulliani
2970 1822 3200 1879 absurda
3222 1866 3237 1892 ,
3269 1827 3359 1895 qui
3384 1825 3635 1883 sentitex

2038 1915 2369 1985 corpulentis
2397 1915 2690 1978 seminibus
2716 1917 2951 1972 animam
2980 1915 3213 1985 exoriri,
3236 1931 3302 1972 ex
3323 1917 3379 1975 S.
3408 1918 3638 1993 August.

2040 2017 2093 2064 et
2117 2006 2397 2065 Lactantio
2419 2008 2598 2078 paucis
2623 2007 3019 2079 respondimus.

2327 2121 2380 2176 5.
2410 2121 2488 2177 De
2515 2121 2711 2177 animae
2736 2136 2888 2177 sexu.
2919 2119 3056 2175 Ibid.
3087 2136 3201 2190 cap.
3236 2119 3330 2177 56.
3414 2172 3421 2177 .

2115 2234 2228 2290 Hoc
2255 2234 2469 2307 quidem
2493 2234 2698 2307 colligit
2723 2234 2951 2291 Tertull.
2975 2251 3038 2291 ex
3059 2220 3637 2307 praedicto'paraduxo.

2042 2327 2098 2385 Si
2121 2328 2265 2384 enim
2292 2328 2470 2384 anima
2495 2328 2655 2384 simul
2680 2329 2976 2384 seminatur
3001 2344 3123 2383 cum
3149 2343 3400 2400 corpore,
3432 2328 3641 2385 videtur

2045 2421 2175 2478 illud
2203 2422 2458 2493 consequi
2485 2438 2500 2489 ;
2530 2421 2625 2477 sed
2651 2421 2869 2477 disertis
2912 2421 3089 2477 verbis
3134 2421 3461 2477 contrariam
3500 2419 3640 2477 deﬁ-

2044 2517 2197 2572 niunt
2223 2516 2544 2571 sententiam
2570 2514 2629 2571 S.
2674 2498 2861 2587 Cy‘rill.
2891 2514 3101 2569 Hieros.
3131 2512 3350 2570 Cathec.
3401 2514 3456 2568 4.
3499 2524 3555 2569 et
3582 2513 3639 2571 S.

2048 2610 2274 2681 August.
2295 2609 2387 2666 lib.
2412 2608 2453 2664 l.
2479 2609 2548 2665 de
2572 2608 2750 2664 Anim.
2779 2616 2834 2664 et
2855 2609 2971 2679 ejus
2999 2609 3205 2680 origine
3222 2608 3288 2664 ad
3307 2608 3645 2665 Vincentium

2047 2719 2165 2776 cap.
2201 2704 2255 2759 8.
2285 2702 2456 2775 Hujus
2487 2702 2650 2759 verba
2681 2702 2924 2774 quaedam
2960 2702 3281 2758 adduximus
3311 2702 3363 2757 in
3401 2711 3644 2759 annotat.

2048 2798 2265 2863 nostris,
2299 2812 2406 2868 quo
2450 2796 2731 2851 Lcctorem
2761 2795 3113 2865 remittimus.
3162 2794 3255 2850 llle
3299 2796 3376 2850 sic
3419 2794 3582 2850 habet
3628 2811 3644 2849 :

2048 2888 2247 2945 Omnes
2272 2888 2480 2944 Anima:
2508 2897 2613 2943 tam
2643 2888 2877 2943 virorum
2904 2903 3062 2959 quam
3088 2886 3371 2943 mulierum
3403 2886 3644 2958 pulchra:

2048 2992 2102 3039 et
2124 2982 2326 3069 similes
2354 2991 2500 3049 sunt,
2524 2980 2618 3037 sed
2658 2982 2898 3037 membra
2927 2990 3132 3036 tantum
3178 2981 3421 3053 corporis
3456 2980 3646 3037 discri-

2050 3090 2173 3135 men
2202 3073 2419 3131 l‘aciunt.
3638 3068 3647 3074 '

2052 3212 2107 3269 6.
2120 3213 2366 3269 Animam
2387 3210 2740 3283 peccatricem
2759 3210 2936 3283 potius
2956 3223 3117 3280 quam
3137 3223 3377 3267 carnem.
3399 3207 3543 3265 Tom.
3558 3209 3645 3266 Ill.

2121 3306 2212 3360 lib.
2245 3305 2308 3359 de
2330 3303 2574 3371 Animal,
2598 3302 2795 3373 integro
2824 3317 2937 3371 cap.
2967 3300 3061 3357 «10.
3080 3310 3126 3357 et
3153 3317 3202 3355 c.
3235 3299 3325 3358 58.
3354 3317 3497 3356 num.
3518 3299 3648 3359 650.

2125 3410 2172 3454 et
2194 3396 2283 3452 lib.
2317 3396 2382 3451 V.
2415 3395 2533 3450 adv.
2563 3393 2735 3448 Marc.
2763 3410 2812 3449 ο.
2848 3394 2937 3449 10.
2970 3410 3116 3448 num.
3149 3392 3272 3450 165.

2053 3519 2074 3573 ε’
2125 3509 2206 3567 Ad
2228 3508 2373 3575 istud
2394 3507 2730 3565 Paradoxon:
2754 3506 2808 3562 iu
2832 3505 2950 3561 hac
2970 3506 3133 3561 verba
3148 3503 3361 3573 alludit,
3382 3512 3439 3561 et
3458 3504 3651 3562 eadem

2053 3618 2218 3676 opera
2268 3602 2511 3659 cantutat
2539 3601 2730 3656 Petrus
2776 3597 3132 3665 Lombardus,
3178 3598 3358 3654 verbis
3399 3598 3563 3652 etiam
3616 3612 3651 3653 a

2052 3697 2209 3756 nobis
2230 3696 2338 3752 illic
2360 3694 2535 3750 citatis
2564 3692 2663 3748 lib:
2684 3691 2747 3748 ll.
2769 3684 3015 3748 Sentent’.
3045 3705 3162 3769 cap.
3190 3690 3278 3745 51.
3300 3691 3647 3759 Putaverunt,

2052 3791 2263 3863 inquit,
2309 3787 2526 3860 quidam
2563 3785 2860 3843 secundum
2909 3784 3157 3840 Animam
3205 3782 3361 3853 trahi
3388 3781 3653 3853 originale

2058 3891 2334 3957 peccatum
2356 3925 2371 3950 ,
2401 3896 2508 3937 nou
2550 3880 2723 3937 solum
2764 3878 3060 3937 secundum
3106 3892 3324 3934 carnem
3349 3919 3362 3944 ,
3394 3876 3514 3948 quia
3541 3890 3655 3933 non

2056 3979 2231 4035 solum
2275 3990 2516 4046 carnem,
2547 3974 2641 4031 sed
2669 3983 2725 4032 et
2753 3974 2985 4029 animam
3031 3987 3099 4029 ex
3126 3970 3379 4043 ,traduce
3410 3969 3657 4026 arbitrati

2058 4081 2203 4129 sunt.
2236 4070 2469 4141 Ideoque
2491 4068 2631 4124 sicut
2647 4067 2716 4125 de
2736 4075 2987 4139 corrupta
3002 4080 3166 4121 carne
3190 4078 3316 4121 caro
3333 4063 3652 4131 seminatur,

2060 4167 2131 4221 ita
2158 4166 2319 4222 etiam
2350 4164 2416 4219 de
2447 4162 2638 4218 Anima
2667 4160 2971 4233 peccatrioe
3009 4158 3262 4215 Animam
3294 4157 3651 4230 peccatricem

2060 4258 2406 4329 corruptione
2446 4255 2693 4328 originali
2742 4251 2997 4310 infectam
3043 4267 3074 4306 a
3114 4251 3459 4323 gignentibus
3488 4249 3651 4306 trahi.

2062 4351 2175 4408 Hoc
2202 4360 2381 4406 autem
2402 4392 2417 4415 ,
2452 4349 2663 4421 inquit,
2694 4346 2827 4403 ﬁdes
2856 4344 3131 4401 Catholica
3167 4344 3402 4416 respuit,
3447 4353 3503 4399 et
3539 4352 3656 4398 tan-

2061 4459 2221 4517 quam
2246 4441 2459 4500 veritati
2484 4441 2770 4498 adversum
2804 4438 3065 4507 damnat,
3095 4453 3217 4509 qua:
3256 4452 3364 4494 non
3403 4435 3661 4507 Animas,

358 4514 458 4573 99‘
483 4529 605 4585 qua
629 4520 716 4569 es"
743 4509 809 4566 ad
836 4506 1204 4564 “moenium”
1232 4514 1286 4561 et
1312 4502 1708 4598 A'iapsycliiam
1728 4543 1746 4571 ’
1772 4500 1956 4598 miti"?
1978 4529 2036 4592 D
2060 4500 2164 4593 sed
2183 4549 2400 4594 carnem
2431 4533 2601 4589 solam
2644 4547 2712 4588 ex
2757 4531 2974 4586 traduce
3002 4500 3129 4586 esse
3151 4528 3405 4585 admittit.
3439 4500 3657 4598 Allega;

357 4609 632 4680 loquatur,
654 4612 711 4662 et
739 4600 869 4659 illud
905 4600 1119 4670 quidem
1154 4599 1254 4655 sibi
1302 4595 1467 4653 videri
1496 4594 1732 4660 scribat,
1763 4594 1858 4650 sed
1884 4591 1952 4648 ad

360 4703 424 4762 Β.
456 4700 808 4773 Augustinum
852 4697 1092 4753 remittat
1120 4700 1306 4765 utpote
1337 4690 1468 4747 nihil
1493 4688 1676 4745 volens
1705 4687 1840 4745 certi
1865 4686 1959 4743 de-

359 4794 542 4861 ﬁnire,
569 4791 711 4867 quod
736 4790 884 4847 illum
918 4789 1135 4862 legisset
1169 4786 1384 4842 dubiam
1432 4781 1607 4841 adhuc
1635 4780 1962 4853 suspendere

359 4886 688 4949 sententiam
715 4899 731 4939 :
764 4881 1008 4941 alludeus
1045 4880 1112 4936 ad
1142 4878 1317 4950 Epist.
1351 4876 1493 4933 illius
1520 4873 1587 4930 ad
1615 4888 1674 4930 se
1711 4874 1959 4944 scriptas,

361 4988 422 5037 et
459 4978 580 5034 l57.
630 4975 698 5032 ad
735 4974 987 5046 Optatum
1036 4970 1103 5027 de
1147 4968 1352 5041 origine
1393 4967 1716 5033 animarum,
1754 4964 1808 5020 in
1857 4977 1962 5035 qua

363 5071 755 5135 Tertullianum
805 5084 913 5125 non
963 5077 1070 5123 tam
1117 5064 1336 5121 damnat
1388 5059 1531 5134 quod
1580 5075 1649 5116 ex
1700 5057 1960 5124 traduce,

362 5182 529 5241 quam
557 5165 699 5239 quod
745 5175 1032 5235 corporeas
1075 5158 1284 5215 animas
1311 5155 1513 5214 laceret
1532 5195 1547 5224 ,
1570 5152 1639 5210 de
1669 5167 1775 5225 quo
1804 5151 1965 5209 Para-

364 5262 512 5320 doxo
542 5260 699 5333 paulo
732 5270 855 5333 post
881 5257 1061 5313 latius.
1103 5252 1238 5315 Nam
1268 5262 1322 5309 et
1353 5252 1431 5308 illi
1456 5293 1471 5319 ,
1494 5249 1700 5321 inquit,
1728 5247 1817 5319 qui
1842 5245 1965 5301 aui-

365 5368 488 5412 mas
506 5369 573 5410 ex
598 5352 686 5409 illa
711 5367 815 5408 una
836 5349 1114 5422 propagari
1140 5356 1406 5414 asserunt,
1435 5359 1597 5416 quam
1620 5344 1760 5399 Deus
1787 5342 1965 5413 primo

368 5446 574 5507 homini
602 5446 750 5504 dedit
773 5488 789 5516 ,
820 5456 981 5516 atque
1009 5443 1080 5499 ita
1110 5457 1203 5498 cas
1239 5456 1306 5496 ex
1337 5438 1649 5511 parentibus
1697 5435 1832 5492 trahi
1880 5434 1965 5491 di-

367 5544 608 5613 cunt,si
655 5539 968 5597 Tertulliani
1009 5537 1319 5609 opinionem
1369 5544 1685 5605 sequantur,
1731 5530 1969 5602 proiecto

368 5655 465 5698 eas
488 5654 595 5695 non
617 5637 854 5709 spiritus,
879 5634 975 5692 sed
999 5646 1228 5705 corpora
1252 5645 1372 5689 esse
1397 5627 1753 5695 contendunt,
1771 5634 1825 5684 et
1850 5641 1970 5681 cor-

368 5731 608 5806 pulentis
632 5729 926 5786 seminibus
964 5725 1181 5785 exoriri.
1212 5725 1331 5795 Quo
1371 5721 1679 5794 perversius
1708 5717 1835 5792 quid
1865 5717 1972 5774 diei

370 5826 590 5903 potest?
613 5824 794 5898 Neque
813 5824 917 5883 hoc
942 5821 1330 5882 Tertullianum
1349 5818 1647 5879 somniasse
1667 5816 1971 5877 mirandum

2064 4630 2237 4695 vimus
2263 4626 2460 4684 ibidem
2490 4624 2792 4682 num.455.
2824 4640 2923 4696 pro
2947 4623 3216 4679 contraria
3256 4622 3520 4680 sententia
3560 4619 3658 4676 SS.

2063 4722 2316 4779 Ambros.
2346 4730 2402 4778 et
2446 4721 2672 4791 August.
2705 4718 2851 4774 locos
2895 4717 2964 4774 ab
2992 4715 3186 4774 eodem
3232 4713 3534 4773 Lombardo
3577 4714 3658 4769 ci-

2067 4827 2227 4874 talos.
2290 4828 2297 4833 ’

2067 4933 2121 4987 7.
2158 4932 2239 4987 De
2265 4929 2457 4985 Anima
2482 4941 2764 4999 corporea.
2793 4925 2946 4982 Tant.
2984 4925 3027 4979 l.
3069 4922 3290 4995 Apolog.
3319 4936 3364 4975 c.
3393 4919 3486 4976 48.
3514 4934 3661 4976 num.

2139 5023 2263 5081 608.
2279 5039 2339 5077 ac
2365 5020 2490 5079 609.
2506 5031 2551 5076 et
2580 5019 2726 5077 Tom.
2750 5018 2835 5073 III.
2862 5019 2950 5074 lib.
2975 5018 3037 5072 de
3061 5016 3267 5082 Anima,
3290 5013 3499 5087 integris
3519 5013 3661 5084 capi-

2141 5117 2273 5171 tibus
2321 5116 2374 5172 5.
2425 5115 2479 5171 6.
2527 5115 2581 5169 7.
2615 5113 2668 5170 8.
2699 5114 2752 5169 9.
2776 5111 2882 5183 22.
2934 5110 3024 5167 56.
3071 5109 3162 5165 57.
3215 5106 3341 5162 libro
3390 5106 3454 5161 de
3499 5106 3666 5163 Carne

2141 5210 2328 5266 Christi
2351 5251 2364 5277 ,
2390 5226 2508 5279 cap.
2539 5209 2628 5263 11.
2656 5223 2794 5262 nam.
2823 5205 2914 5262 98.
2948 5204 3035 5260 lib.
3063 5204 3126 5258 de
3155 5200 3370 5257 Resurr.
3409 5200 3578 5255 carnis
3609 5214 3658 5254 c.

2142 5305 2230 5359 17.
2262 5319 2404 5357 nunt.
2454 5302 2576 5357 151.
2621 5316 2735 5371 cap.
2783 5298 2873 5354 45.
2920 5314 3064 5352 num.
3108 5294 3233 5351 520.
3267 5305 3388 5350 etc.
3435 5293 3524 5349 55.
3575 5308 3668 5346 nu.

2144 5396 2272 5453 581.
2304 5394 2393 5450 lib.
2425 5395 2480 5450 5.
2525 5392 2643 5447 adv.
2675 5390 2841 5444 Marc.
2872 5404 2919 5442 c.
2961 5387 3050 5442 10.
3082 5404 3226 5443 num.
3257 5385 3383 5442 158.
3418 5393 3461 5440 ct
3491 5401 3537 5438 c.
3572 5382 3666 5439 15.

2147 5506 2289 5546 num.
2329 5488 2458 5543 248.
2483 5485 2636 5555 Quod
2666 5482 2889 5554 proinde
2928 5481 3149 5552 proprie
3175 5479 3395 5552 spiritus
3425 5493 3529 5533 non
3560 5477 3672 5545 sit,

2143 5583 2268 5638 ibid.
2306 5583 2395 5637 lib.
2426 5582 2488 5635 de
2523 5579 2695 5633 Anim.
2744 5592 2858 5648 cap.
2893 5576 2980 5630 11.
3029 5584 3075 5629 et
3114 5572 3264 5628 Tom.
3293 5573 3347 5626 4.
3397 5572 3449 5624 in
3488 5567 3665 5640 Frag-

2144 5679 2325 5734 mentis
2352 5676 2442 5732 lib.
2476 5675 2539 5731 de
2566 5673 2731 5737 (ἔδησα
2751 5673 2937 5727 anima:
2962 5670 3202 5725 adversus
3232 5666 3621 5739 Hermogenem.
3665 5700 3672 5735 ι

2124 5802 2471 5862 Paradoxon
2514 5796 2658 5858 istud
2703 5794 2923 5854 Auctori
2962 5792 3260 5866 impingunt
3304 5787 3400 5848 SS.
3430 5788 3663 5862 August.
