4106 6330
506 307 611 363 185

1647 299 2022 359 PARADOXA
2063 295 2526 360 TERTULLIANI

3701 308 3805 370 184

508 421 646 476 libro
678 419 746 476 X.
779 419 847 476 de
872 419 1008 476 Gen.
1032 418 1098 475 ad
1127 418 1255 486 litt.,
1286 417 1496 475 duobus
1523 417 1723 475 ultimis
1748 419 2034 490 capitibus,
2055 425 2109 474 et
2137 419 2189 479 A
2217 424 2392 473 torum
2416 418 2552 490 ejus,
2573 433 2732 492 quam
2762 420 2876 477 vult
2899 421 2967 479 de
2990 423 3196 481 semine
3224 424 3424 497 exiguo
3449 425 3652 498 aequari
3679 441 3806 484 cor-

508 514 646 569 libro
666 512 733 568 de
766 513 992 579 "teres,
1021 512 1337 581 etFulgent.
1371 513 1509 568 libro
1551 512 1611 568 II.
1661 514 1727 570 de
1755 513 1859 569 lide
1887 513 1954 568 ad
2000 513 2106 568 Pe-

510 617 672 662 trum.
713 605 817 660 Sed
838 621 941 660 non
967 617 1070 660 tam
1089 606 1231 677 quod
1253 623 1549 678 corpoream
1570 605 1728 664 iaciat
1745 607 1912 678 (quod
1929 607 2108 678 aliquo

508 714 670 755 sensu
714 697 996 771 commode
1037 698 1091 752 in
1123 699 1344 767 llilario,
1374 701 1648 767 Cassiano,
1684 711 1737 756 et
1778 701 2108 773 Hieronymo

509 791 780 862 adscripta
793 790 1194 848 Commentario
1217 795 1268 848 in
1290 793 1633 865 Job,quidam
1659 793 2102 868 interpret-.mtur)

508 895 666 957 atque
701 886 842 956 quod
870 887 1140 957 eﬁigiatam
1165 897 1220 943 et
1261 891 1540 944 coloratam
1567 890 1750 957 dicat,
1782 890 1874 946 ille
1909 891 2104 962 arguit.

513 977 603 1033 Sic
651 979 792 1033 enim
823 978 942 1035 IoCo
990 981 1151 1049 priori
1186 998 1198 1033 :
1235 981 1472 1051 Denique
1503 981 1870 1049 Tertullianus,
1906 984 2105 1054 inquit,

510 1073 634 1144 quia
678 1088 872 1144 corpus
913 1089 1034 1130 esse
1097 1075 1330 1130 animam
1381 1077 1644 1143 credidit,
1707 1092 1813 1132 non
1857 1077 1926 1132 ob
1965 1077 2107 1131 aliud

509 1165 658 1228 fecit,
689 1165 788 1220 nisi
817 1167 961 1237 quod
985 1183 1101 1223 eam
1128 1169 1493 1238 incorporeum
1518 1170 1756 1240 cogitare
1784 1186 1888 1224 non
1917 1170 2106 1240 potuit,

512 1270 568 1316 et
597 1261 716 1316 ideo
757 1262 931 1317 timuit
981 1279 1047 1318 ne
1096 1263 1224 1318 nihil
1249 1274 1429 1332 esset,
1475 1266 1518 1320 si
1548 1281 1744 1335 corpus
1796 1281 1900 1320 non
1945 1274 2106 1321 esset.

515 1355 616 1423 Qui
661 1371 824 1422 sane,
862 1372 1164 1427 quanquam
1214 1366 1400 1412 acutus
1443 1366 1565 1425 est,
1609 1357 1877 1414 interdum
1925 1368 2112 1413 contra

512 1450 816 1520 Opinionem
845 1466 997 1507 suam
1028 1451 1134 1507 visa
1163 1454 1386 1508 veritate
1413 1443 1714 1522 superatur.
1763 1451 1935 1520 Quum
1966 1452 2110 1507 enim

515 1543 710 1598 animae
738 1546 956 1599 colorem
985 1545 1141 1600 daret
1170 1562 1374 1600 aereum
1401 1562 1460 1598 ac
1484 1545 1710 1599 lucidum
1732 1587 1745 1609 ,
1776 1553 1992 1600 ventum
2033 1554 2114 1600 est

515 1634 582 1688 ad
622 1649 814 1691 sensus
856 1637 1048 1708 quibus
1093 1652 1210 1692 eam
1241 1635 1578 1691 membratim
1609 1638 1758 1708 quasi
1789 1652 1984 1707 corpus
2028 1636 2111 1690 in-

514 1729 736 1784 stituere
769 1741 995 1785 conatus
1039 1738 1149 1796 est,
1183 1740 1236 1785 et
1261 1730 1336 1785 ait
1369 1749 1382 1786 :
1418 1729 1517 1784 Hic
1565 1731 1658 1784 erit
1703 1731 1852 1784 homo
1881 1729 2110 1798 interior,

2213 511 2362 582 poris
2392 513 2703 584 quantitati,
2735 524 2787 570 et
2823 515 2934 571 ait:
2968 515 3077 572 Sed
3105 517 3179 571 vis
3204 519 3335 588 ejus,
3364 519 3418 573 in
3458 535 3557 590 qua
3588 529 3807 574 natura-

2215 605 2284 659 lia
2313 607 2513 676 peculia
2539 608 2735 662 consita
2760 609 3059 676 retinentur,
3085 611 3224 664 salvo
3254 612 3806 696 substant-tceptodula,

2212 715 2312 769 quo
2339 716 2371 752 a
2396 699 2675 768 primordio
2714 701 2897 770 inﬂata
2927 711 2998 757 est
3019 744 3032 769 ,
3068 701 3314 773 paulatim
3355 721 3467 758 cum
3494 721 3646 759 carne
3685 722 3808 777 pro-

2215 791 2417 845 ducitur
2445 793 2498 846 in
2547 793 2802 850 membris.
2845 793 2957 851 IIoc
3009 795 3147 851 forte
3207 813 3314 852 non
3364 797 3810 870 intelligercmus,

2215 884 2317 939 nisi
2346 885 2582 940 adhibita
2629 886 2976 944 similitudine
3015 903 3202 945 eorum
3229 906 3350 961 qua:
3391 890 3654 960 videmus,
3700 893 3813 964 pla.

2216 992 2342 1031 num
2391 978 2590 1033 laceret
2631 980 2773 1050 quod
2812 980 3044 1036 dicebat.
3075 981 3354 1048 Constitue,
3391 983 3585 1057 inquit,
3621 996 3813 1042 certum

2217 1069 2418 1140 pondus
2465 1071 2612 1134 auri,
2646 1072 2725 1126 vel
2761 1074 2957 1144 argenti
2994 1075 3173 1129 rudem
3201 1076 3367 1130 adhuc
3413 1094 3637 1134 massam
3658 1121 3673 1147 ,
3702 1081 3815 1136 col-

2216 1161 2376 1216 lectus
2417 1161 2616 1217 habitus
2664 1173 2735 1219 est
2764 1165 2872 1230 illi,
2916 1175 2961 1219 et
2989 1169 3162 1237 futuro
3191 1169 3392 1222 interim
3431 1170 3615 1236 minor,
3645 1181 3816 1228 tamen

2217 1255 2480 1310 continens
2510 1256 2646 1309 intra
2674 1257 2862 1310 lineam
2897 1257 3092 1312 moduli
3122 1269 3282 1314 totum
3303 1303 3318 1328 ,
3346 1262 3483 1333 quod
3522 1273 3705 1317 natura
3741 1274 3815 1320 est

2217 1349 2331 1402 auri
2351 1349 2427 1402 vel
2470 1351 2666 1421 argenti
2688 1366 2706 1414 ;
2734 1350 2918 1404 dehinc
2937 1367 3093 1421 quum
3127 1353 3180 1406 in
3207 1338 3450 1408 laminam
3472 1372 3640 1410 massa
3663 1355 3816 1412 laxa-

2218 1447 2319 1509 tur,
2351 1445 2516 1515 major
2560 1445 2937 1515 eﬂiciturinitio
2982 1463 3112 1513 suo,
3155 1463 3246 1516 per
3291 1447 3645 1504 dilatationem
3690 1467 3818 1521 pon-

2217 1535 2352 1589 deris
2385 1536 2541 1602 certi,
2567 1552 2668 1590 non
2690 1554 2778 1606 per
2803 1537 3138 1608 adjectionent
3156 1578 3169 1600 ,
3202 1538 3324 1591 (lum
3351 1540 3658 1606 extenditur,
3715 1558 3818 1597 non

2219 1630 2339 1684 dum
2364 1640 2598 1702 augetur.
2620 1629 2736 1686 Etsi
2764 1632 2837 1686 sic
2877 1649 3074 1704 quoque
3097 1643 3332 1704 augetur,
3355 1633 3474 1687 dum
3502 1636 3816 1702 extenditur;

2220 1724 2334 1778 licet
2365 1725 2498 1779 enim
2549 1725 2723 1780 habitu
2751 1727 2948 1797 augeri,
2983 1743 3098 1780 cum
3123 1737 3260 1782 statu
3291 1745 3392 1783 non
3420 1730 3560 1784 licet.
3600 1729 3743 1785 Tunc
3772 1740 3819 1787 et

517 1823 652 1876 alius
680 1824 916 1890 exterior,
949 1825 1221 1894 dupliciter
1247 1841 1401 1889 unus,
1430 1825 1616 1880 habens
1659 1835 1704 1878 et
1740 1824 1830 1880 ille
1870 1827 2041 1879 oculos
2068 1833 2114 1879 et

2221 1816 2461 1886 splendor
2481 1818 2588 1889 ipse
2614 1818 2905 1888 provehitur
2924 1819 3036 1874 auri
3054 1820 3129 1874 vel
3151 1821 3369 1891 argenti,
3391 1823 3474 1889 qui
3497 1824 3639 1891 prius
3654 1823 3820 1889 fuerat

515 1930 663 1968 aures
683 1932 820 1982 suas,
855 1915 1032 1985 quibus
1059 1917 1281 1987 populus
1308 1915 1478 1970 Deum
1517 1917 1686 1971 videre
1726 1927 1773 1970 et
1803 1917 1982 1971 audire
2021 1917 2114 1971 de-

516 2007 710 2072 buerat,
742 2008 930 2063 habens
959 2019 1004 2064 et
1045 2020 1252 2064 cteteros
1291 2020 1456 2073 artus,
1487 2027 1578 2081 per
1605 2027 1730 2080 quos
1765 2011 1819 2065 in
1849 2011 2114 2081 cogitatio-

515 2097 664 2153 nibus
686 2101 866 2165 utitur,
887 2101 995 2155 etin
1020 2103 1212 2156 somnis
1228 2101 1480 2173 fungitur.
1510 2102 1652 2158 Ecce
1677 2102 1870 2173 quibus
1899 2103 2118 2159 auribus

514 2201 571 2246 et
598 2192 790 2262 quibus
816 2193 989 2248 oculis
1015 2193 1198 2249 debuit
1222 2195 1409 2251 audire
1434 2204 1488 2251 et
1512 2196 1696 2253 videre
1738 2197 1901 2252 Deum
1942 2213 2114 2269 popu-

513 2282 620 2349 lus,
652 2284 844 2354 quibus
868 2286 1043 2341 anima
1072 2287 1122 2342 in
1155 2288 1359 2343 somnis
1383 2287 1638 2358 fungitur,
1675 2305 1838 2360 quum
1869 2291 1914 2345 si
1943 2291 2114 2361 ipsum

518 2375 891 2432 Tertullianum
919 2380 1198 2450 quisquam
1226 2380 1435 2436 videret
1463 2382 1514 2434 in
1555 2383 1758 2437 somnis
1779 2423 1792 2447 ,
1847 2399 2118 2454 nunquam

517 2484 578 2525 se
603 2469 807 2527 diceret
831 2471 899 2526 ab
925 2485 992 2526 eo
1019 2473 1218 2540 visum,
1242 2481 1297 2528 et
1324 2488 1446 2528 cum
1477 2489 1542 2528 eo
1570 2475 1829 2536 locutum,
1851 2491 2008 2546 quem
2037 2478 2119 2532 vi-

522 2562 704 2617 cissim
751 2563 865 2633 ipse
907 2580 1014 2619 non
1045 2565 1285 2620 vidisset.
1340 2567 1619 2622 Postremo
1664 2568 1710 2623 si
1757 2569 1937 2624 anima
1981 2571 2122 2641 seip-

520 2668 636 2710 sam
677 2654 822 2710 videt
852 2657 904 2710 in
939 2660 1160 2722 somnis,
1196 2674 1360 2728 quum
1387 2658 1687 2728 jacentibus
1717 2661 1902 2732 utique
1933 2677 2039 2716 uno
2066 2663 2121 2717 in

515 2749 638 2804 loco
666 2749 924 2818 membris
963 2751 1206 2821 corporis
1235 2752 1337 2818 sui,
1382 2752 1494 2824 ipsa
1536 2769 1630 2824 per
1656 2754 1830 2834 varias
1860 2755 2120 2826 imagines

521 2851 794 2913 evagatur,
844 2858 975 2914 quas
1005 2845 1188 2914 videt,
1248 2847 1368 2918 quis
1411 2862 1530 2902 eam
1562 2847 1692 2903 vidit
1740 2849 2027 2920 aliquando
2067 2851 2120 2906 in

519 2936 725 2992 somnis
768 2937 902 2991 aerei
931 2938 1114 2993 coloris
1154 2955 1216 2992 ac
1249 2939 1438 3007 lucidi,
1489 2941 1588 2996 nisi
1628 2940 1764 2997 forte
1796 2951 1856 2997 ut
1883 2954 2076 3000 caetera
2102 2987 2117 3014 ,

519 3045 638 3100 qua:
663 3030 907 3086 similiter
932 3029 1068 3086 falso
1097 3031 1282 3088 videt?
1318 3032 1451 3088 Nam
1491 3044 1546 3090 et
1571 3034 1673 3091 boc
1712 3045 1889 3106 potest
1916 3037 2119 3107 videre,

519 3121 615 3177 sed
650 3121 818 3190 absit,
856 3109 918 3178 uti
939 3138 1057 3179 eam
1089 3126 1275 3191 talem,
1303 3141 1468 3197 quum
1514 3129 1872 3200 evigilaverit,
1912 3132 2118 3199 credat;

488 3215 758 3285 .alioquin
801 3216 1014 3287 quando
1060 3232 1120 3273 se
1163 3219 1318 3275 aliter
1361 3220 1588 3289 viderit,
1621 3222 1764 3292 quod
1793 3226 1959 3295 magis
2003 3240 2123 3282 cre-

520 3308 677 3364 brum
705 3318 817 3376 est,
848 3321 940 3365 aut
980 3320 1178 3367 mutata
1207 3315 1309 3368 erit
1332 3315 1508 3369 anima
1552 3315 1692 3385 ejus,
1720 3327 1814 3372 aut
1855 3333 1954 3374 nec
1999 3328 2124 3378 tunc

529 3403 725 3459 animae
746 3403 959 3460 videtur
985 3407 1278 3462 substantia
1299 3451 1314 3475 ,
1346 3408 1440 3464 sed
1469 3410 1642 3482 imago
1667 3413 1910 3480 corporis
1939 3413 2122 3471 incor-

521 3512 718 3569 porea,
737 3514 856 3571 qua:
883 3501 1022 3556 miro
1049 3500 1208 3558 modo
1237 3502 1376 3558 sicut
1407 3504 1459 3558 in
1491 3506 1813 3576 cogitatione
1836 3506 2117 3566 formatur.

536 3591 666 3660 Quis
690 3594 834 3649 enim
860 3592 1108 3665 [Etltiops
1136 3609 1241 3650 non
1265 3611 1401 3666 pene
1424 3613 1639 3669 semper
1666 3615 1724 3656 se
1746 3601 1953 3672 nigrum
1976 3603 2122 3660 videt

526 3683 580 3739 in
613 3687 852 3752 somnis;
882 3695 974 3741 aut
1015 3686 1057 3740 si
1092 3687 1142 3740 in
1169 3687 1274 3742 alio
1303 3689 1484 3744 colore
1512 3707 1570 3744 se
1602 3691 1774 3759 vidit,
1805 3695 2121 3766 uonmagis

524 3776 749 3831 miratus
790 3785 873 3833 est
895 3817 910 3844 ,
938 3777 982 3831 si
1015 3776 1115 3832 luit
1161 3793 1282 3833 cum
1314 3779 1406 3834 illo
1437 3783 1736 3850 memoria;
1767 3801 1913 3840 aereo
1942 3795 2121 3844 tamen

526 3868 694 3921 colore
723 3882 786 3922 ac
811 3865 980 3922 lucido
1009 3869 1193 3923 nescio
1220 3879 1396 3925 utrum
1432 3886 1492 3927 se
1519 3888 1748 3943 unquam
1781 3875 2000 3932 vidisset
2021 3919 2034 3939 ,
2074 3878 2119 3932 si

523 3974 796 4029 nunquam
847 3961 1005 4016 istum
1036 3961 1250 4032 legisset
1276 3963 1359 4017 vel
1390 3964 1646 4020 audisset.
1675 3967 1812 4033 Quid
1843 3970 1983 4039 quod
2021 3970 2121 4025 du-

529 4057 724 4104 cuntur
749 4049 999 4106 homines
1029 4053 1222 4108 talibus
1267 4055 1417 4121 visis,
1446 4064 1502 4110 et
1529 4055 1594 4111 de
1622 4056 1918 4129 Scripturis
1965 4063 2120 4118 nobis

523 4143 712 4198 volunt
757 4145 1107 4213 pra'scribere
1141 4146 1243 4202 tale
1273 4147 1470 4217 aliquid
1524 4162 1646 4204 esse
1697 4165 1804 4204 non
1849 4152 2117 4220 animam,

524 4235 620 4290 sed
649 4235 822 4304 ipsum
855 4237 1023 4292 Deum
1044 4280 1058 4304 ,
1101 4238 1275 4309 qualis
1328 4240 1618 4312 liguraliter
1662 4240 1982 4300 Sanctorum
2011 4247 2120 4318 spi-

524 4327 716 4383 ritibus
760 4329 1160 4387 detnonstratus
1200 4341 1316 4400 est,
1347 4334 1520 4402 qualis
1562 4336 1721 4390 etiam
1770 4335 1824 4390 in
1870 4353 2119 4395 sermone

483 4483 489 4490 ι
525 4419 816 4490 allegorice
847 4422 1078 4491 ponitur.
1115 4421 1318 4490 Similia
1347 4426 1544 4497 quippe
1574 4437 1698 4482 sunt
1722 4428 1812 4483 illa
1858 4429 1967 4486 visa
1996 4432 2118 4485 tali-

2221 1913 2421 1979 quidem
2451 1924 2498 1967 et
2535 1915 2586 1968 in
2621 1931 2788 1969 massa
2809 1955 2823 1980 ,
2853 1914 2941 1968 sed
2983 1915 3260 1982 obscurior,
3296 1933 3396 1970 non
3428 1927 3593 1971 tamen
3624 1918 3817 1974 nullus.

2225 2003 2368 2059 Tunc
2397 2015 2443 2059 et
2467 2005 2556 2059 alii
2603 2017 2752 2075 atque
2773 2006 2974 2060 habitus
3019 2008 3263 2062 accedunt
3296 2025 3388 2073 pro
3431 2010 3675 2080 facilitate
3711 2028 3823 2065 ma-

2224 2099 2394 2164 teriae,
2427 2115 2526 2168 qua
2551 2099 2752 2154 duxerit
2793 2117 2904 2154 eam
2931 2101 3017 2171 qui
3063 2101 3202 2172 agit,
3236 2102 3366 2155 nihil
3411 2106 3673 2174 conferens
3713 2121 3825 2159 mo-

2223 2191 2345 2246 dulo
2375 2193 2472 2247 nisi
2499 2195 2726 2264 eﬁigiem.
2758 2193 2842 2248 Ita
2882 2205 2927 2248 et
2967 2196 3152 2249 anima:
3202 2205 3452 2250 crementa
3505 2199 3814 2266 reputando,

2226 2299 2325 2337 non
2364 2283 2675 2339 substantiva
2695 2327 2710 2352 ,
2734 2287 2823 2340 sed
2867 2287 3208 2358 provocativa.
3238 2288 3368 2356 Quis
3408 2287 3551 2343 hunc
3579 2289 3826 2346 crederet

2223 2390 2345 2430 cum
2374 2377 2474 2430 isto
2502 2377 2666 2432 corde
2692 2387 2797 2432 tam
2839 2375 3098 2434 disertutn
3144 2394 3264 2434 esse
3291 2380 3558 2450 potuisse?
3585 2381 3679 2436 sed
3713 2390 3823 2438 tre-

2225 2466 2420 2522 menda
2465 2468 2563 2522 ista
2611 2481 2774 2537 sunt,
2806 2486 2911 2525 non
2961 2471 3218 2536 ridenda;
3248 2472 3313 2527 ad
3344 2472 3444 2528 hoc
3483 2474 3628 2529 enim
3683 2491 3821 2531 nun-

2226 2577 2385 2632 quam
2431 2573 2733 2633 cogeretur,
2763 2565 2806 2619 si
2838 2565 3038 2636 aliquid
3079 2567 3315 2636 cogitare
3356 2576 3537 2637 posset
3581 2567 3726 2638 quod
3772 2577 3830 2624 et

2226 2652 2329 2718 sit,
2367 2661 2422 2707 et
2465 2668 2660 2724 corpus
2691 2671 2798 2709 non
2841 2655 2931 2714 sit.
2965 2656 3100 2723 Quid
3129 2668 3308 2712 autem
3341 2658 3626 2715 absurdius
3663 2676 3828 2731 quam

2228 2754 2420 2814 putare
2466 2760 2695 2800 massam
2747 2747 3045 2818 cujuspiam
3093 2750 3291 2804 metalli
3339 2766 3406 2806 ex
3451 2750 3627 2821 aliqua
3677 2761 3828 2820 parte

2228 2851 2473 2894 crescere
2502 2854 2658 2909 posse
2681 2840 2806 2894 dum
2842 2842 3099 2909 tunditur,
3129 2842 3230 2897 nisi
3252 2842 3607 2899 decrescatex
3633 2844 3826 2912 altera,

2227 2930 2314 2985 vel
2363 2932 2544 3001 augeri
2596 2933 2912 2999 latitudine,
2963 2935 3066 2990 nisi
3111 2935 3469 2993 crassitudine
3518 2939 3830 2994 minuatur?

2230 3025 2334 3079 Aut
2365 3025 2529 3080 ullum
2566 3041 2686 3082 esse
2715 3043 2911 3099 corpus
2941 3039 3193 3085 manente
3236 3041 3440 3086 natura:
3469 3048 3579 3086 sua:
3611 3034 3827 3104 quanti-

2229 3129 2337 3176 tate
2361 3163 2376 3188 ,
2410 3120 2554 3192 quod
2597 3121 2831 3191 undique
2855 3134 3063 3180 crescat
3106 3124 3206 3178 nisi
3253 3127 3518 3180 rarescat?
3549 3127 3832 3195 Quomodo

2230 3214 2392 3286 igitur
2434 3215 2680 3286 implebit
2703 3218 2890 3272 anima
2919 3233 2986 3273 ex
3028 3217 3114 3272 illa
3144 3217 3286 3272 stilla
3315 3219 3535 3276 seminis
3565 3221 3833 3292 magnitu-

2230 3308 2410 3365 dinem
2451 3311 2693 3380 corporis
2730 3310 2874 3381 quod
2903 3312 3106 3365 animat
3130 3299 3226 3379 [εἰ
3255 3321 3311 3367 et
3347 3312 3459 3383 ipsa
3485 3329 3680 3386 corpus
3707 3325 3790 3372 est
3812 3357 3830 3384 ,

2231 3401 2382 3472 cujus
2405 3401 2705 3458 substantia
2727 3404 2873 3458 nullo
2903 3418 3121 3459 accessu
3153 3406 3399 3460 crescat?
3427 3407 3718 3477 quomodo,
3744 3409 3830 3466 in-

2226 3510 2407 3565 quam,
2439 3495 2680 3566 implebit
2708 3511 2924 3552 carnem
2958 3513 3120 3568 quam
3154 3499 3402 3566 viviﬁcat,
3433 3501 3535 3555 nisi
3567 3511 3713 3557 tanto
3740 3519 3831 3559 ra-

2225 3588 2339 3642 rior
2385 3587 2571 3655 fuerit,
2605 3599 2806 3660 quanto
2835 3589 3050 3660 gravius
3080 3590 3222 3660 quod
3254 3594 3607 3648 animaverit?
3634 3594 3835 3652 Timuit

2226 3683 2511 3746 videlicet,
2549 3700 2616 3740 ne
2640 3684 2893 3741 deﬁceret
2926 3687 3084 3740 etiam
3115 3688 3408 3742 minuendo
3453 3689 3496 3744 si
3525 3700 3826 3760 cresceret,

2225 3787 2279 3830 et
2309 3792 2414 3831 non
2440 3778 2614 3832 timuit
2638 3790 2696 3832 ut
2720 3778 2976 3834 deﬁceret
2998 3780 3340 3846 rarescendo,
3365 3797 3524 3852 quum
3548 3796 3654 3836 non
3681 3798 3832 3839 cres-

2226 3880 2394 3925 ceret.
2423 3869 2532 3926 Sed
2584 3870 2710 3940 quid
2743 3873 2977 3941 amplius
3018 3873 3293 3938 immorer,
3327 3872 3539 3943 quando
3569 3883 3623 3929 et
3645 3889 3831 3931 sermo

2225 3963 2394 4035 pergit
2413 3964 2464 4018 in
2484 3965 2826 4034 prolixiorem
2845 3966 3085 4034 modmu,
3110 3983 3270 4037 quam
3291 3969 3488 4036 patitur
3503 3967 3828 4024 tertninandi

2227 4057 2544 4123 necessitas,
2573 4068 2625 4112 et
2667 4059 2930 4114 sententia
2981 4074 3098 4114 mea
3146 4060 3256 4129 jam
3299 4060 3431 4114 satis
3472 4061 3542 4116 sit
3585 4069 3708 4115 nota
3740 4061 3827 4117 vel

2226 4148 2354 4219 quid
2407 4158 2614 4204 certum
2663 4159 2908 4232 teneam,
2952 4150 3034 4206 vel
3080 4152 3220 4206 unde
3258 4151 3436 4206 adhuc
3474 4151 3741 4217 dubitem,
3771 4162 3828 4208 et

2224 4257 2389 4310 quare
2415 4242 2681 4298 dubitem.
2715 4243 2857 4298 Loco
2889 4245 3015 4299 item
3060 4244 3343 4315 posteriori
3378 4263 3390 4298 :
3424 4244 3659 4298 Animam
3697 4244 3828 4300 dicit

2224 4335 2560 4390 intmorlalem
2617 4335 2832 4405 quidem
2855 4378 2869 4402 ,
2922 4337 3017 4392 sed
3048 4353 3165 4392 cam
3190 4337 3460 4408 cﬁigiatum
3499 4354 3683 4408 corpus
3705 4352 3828 4396 esse

2225 4428 2521 4484 contendit.
2558 4429 2827 4484 llactenus
2872 4429 2929 4486 S.
2965 4431 3312 4500 Augustinus.
3340 4428 3448 4484 Nos
3497 4429 3660 4485 etiam
3709 4431 3818 4486 An-

485 4558 488 4561 .
523 4513 627 4569 bus
651 4512 828 4579 dictis,
854 4515 933 4570 sic
959 4527 1176 4584 errant,
1209 4521 1597 4576 constituentes
1627 4522 1682 4577 in
1711 4522 1873 4579 corde
1903 4541 2000 4580 suo
2041 4527 2115 4581 si-
2143 4540 2196 4600 D
2227 4520 2590 4576 notationibus
2623 4522 2821 4577 nostris
2849 4523 2902 4576 in
2947 4537 3070 4593 cap.
3121 4522 3174 4576 6ο
3207 4532 3262 4576 et
3291 4537 3354 4576 ex
3395 4527 3452 4577 ὃ.
3485 4520 3744 4593 Gregorio
3770 4532 3826 4579 et

524 4607 761 4662 mulaera
796 4622 947 4664 vana:
969 4611 1257 4680 opinionis,
1293 4629 1392 4670 nec
1417 4615 1775 4687 iutelligentes
1797 4618 1866 4672 ita
1889 4619 2116 4678 Sanctos

524 4701 594 4758 de
634 4703 745 4758 suis
773 4704 900 4758 visis
943 4704 1137 4760 talibus
1179 4705 1470 4775 iudicasse,
1507 4709 1736 4778 qualiter
1768 4711 2038 4780 judicant,
2072 4715 2116 4768 si

522 4794 649 4849 talia
676 4795 934 4851 divinitus
975 4798 1025 4851 in
1056 4799 1236 4869 ﬁguris
1276 4801 1414 4854 dicta
1456 4801 1693 4870 legerent
1724 4804 1802 4857 vel
1833 4804 2112 4870 audirent,

486 4966 488 4969 Ι
519 4890 661 4946 sicut
688 4901 894 4961 septem
926 4895 1088 4963 spica:
1113 4935 1127 4958 ,
1156 4902 1211 4948 et
1253 4905 1463 4965 septem
1515 4895 1705 4962 boves,
1736 4877 1940 4967 sepiem
1975 4903 2113 4978 .anui

522 4993 668 5050 sunt,
699 4987 1078 5056 sicut_linteum
1101 5000 1331 5059 quatuor
1351 4989 1506 5044 lineis
1526 4990 1794 5060 alligatum
1819 5034 1832 5057 ,
1857 4993 2001 5049 velut
2028 4994 2113 5050 di-

522 5091 645 5133 scus
669 5077 863 5148 plenus
893 5081 1054 5136 variis
1075 5083 1410 5147 animalibus,
1440 5082 1583 5137 orbis
1606 5093 1863 5141 terrarum
1885 5097 1966 5143 est
1992 5103 2111 5143 cum

519 5175 770 5230 omnibus
804 5177 1052 5246 gentibus
1075 5178 1200 5249 ;;sic
1228 5178 1387 5233 etiam
1419 5183 1634 5242 ctctera,
1668 5190 1721 5234 et
1748 5182 1916 5237 multo
1946 5185 2114 5255 magis

519 5283 639 5338 qua:
669 5267 738 5323 de
758 5269 919 5324 rebus
953 5271 1301 5342 incorporeis,
1332 5271 1702 5342 corporalibus
1723 5274 2109 5345 signiﬁcantur,

520 5377 627 5416 non
658 5361 841 5430 rebus,
877 5363 972 5418 sed
1003 5365 1334 5436 imaginibus.
1368 5364 1435 5419 Et
1467 5365 1593 5420 item
1619 5369 1860 5437 sequenti
1892 5372 2065 5440 capite
2096 5389 2108 5425 :

517 5450 698 5508 Noluit
730 5464 905 5509 tamen
927 5454 1269 5514 Tertullianus
1295 5461 1527 5513 animam
1549 5474 1792 5515 crescere
1811 5462 2106 5518 substantia

515 5550 656 5606 sicut
704 5564 938 5622 corpus;
976 5567 1218 5608 asserens
1263 5555 1421 5610 etiam
1457 5555 1662 5611 timoris
1711 5559 1790 5610 sui
1839 5572 2106 5623 caussam,

512 5663 576 5711 ne
619 5649 770 5704 etiam
799 5646 1084 5706 decrescere
1123 5646 1404 5703 substantia
1446 5649 1666 5716 dicatur,
1702 5649 1916 5722 inquit,
1959 5660 2110 5724 atque

510 5752 562 5803 ta
600 5751 646 5796 et
677 5744 937 5814 defectura
983 5742 1256 5807 credatur;
1288 5751 1340 5798 et
1383 5753 1560 5800 tamen
1603 5744 1726 5813 quia
1772 5759 1866 5817 per
1896 5758 2109 5814 corpus

513 5848 630 5895 eam
661 5835 905 5894 localiter
935 5833 1130 5900 tendit,
1179 5849 1282 5892 non
1316 5835 1513 5893 invenit
1554 5836 1754 5898 exitum
1801 5837 2105 5895 incremen-

2222 4613 2466 4686 Nysseno
2482 4623 2534 4668 et
2555 4612 2911 4683 Nazianzeno,
2928 4632 2990 4671 ac
3007 4615 3320 4682 Claudiano,
3345 4615 3413 4670 de
3436 4616 3585 4670 Statu
3605 4615 3817 4684 anitum,

2222 4717 2538 4779 argumenta
2581 4709 2979 4765 Platonicorum
3020 4711 3086 4766 de
3125 4711 3303 4765 anima
3349 4710 3662 4782 incorporea
3688 4726 3820 4767 con-

2221 4803 2587 4870 ﬁrmavimus;
2619 4813 2674 4858 ct
2707 4805 2760 4858 in
2811 4819 2932 4874 cap.
2989 4805 3042 4858 7.
3092 4819 3155 4859 ac
3195 4804 3386 4874 partim
3417 4803 3471 4858 8.
3506 4812 3819 4875 argumenta

2220 4895 2388 4966 ipsius
2416 4896 2684 4962 Auctoris,
2715 4896 2799 4951 vel
2823 4911 2888 4951 ex
2916 4895 3213 4968 Scripturis
3241 4895 3510 4967 qumdam,
3545 4911 3652 4952 non
3691 4912 3820 4953 con-

2220 4988 2458 5057 cludere,
2505 5005 2571 5046 ex
2625 4989 2724 5046 SS.
2779 4989 2990 5046 Justino
3041 4990 3194 5045 ll'lart.
3247 4990 3508 5062 Gregorio
3547 4989 3816 5062 Nysseno,

2220 5083 2448 5152 August.
2478 5080 2820 5151 Epiphanio,
2851 5081 3072 5137 etdicto
3113 5081 3406 5138 Claudiano
3445 5083 3814 5152 ostendimus,

2220 5182 2275 5229 et
2302 5189 2352 5229 c.
2381 5173 2435 5230 9.
2472 5190 2526 5228 n.
2561 5173 2685 5228 109.
2713 5183 2766 5228 et
2794 5173 2918 5230 110.
2948 5174 3230 5229 citavimus
3249 5183 3438 5230 contra
3467 5175 3661 5230 anima:
3699 5174 3818 5230 clli-

2217 5267 2393 5338 giem,
2422 5275 2476 5321 et
2524 5265 2836 5334 Platonem,
2868 5260 2934 5336 et
2975 5266 3311 5322 Clementem
3365 5266 3812 5323 Alexandrinum.

2219 5363 2421 5418 Deinde
2462 5379 2510 5418 c.
2562 5363 2648 5418 11.
2695 5361 3039 5433 allegavimus
3084 5363 3262 5417 locum
3310 5362 3560 5417 Auctoris
3605 5361 3698 5416 lib.
3745 5361 3815 5420 de

2213 5457 2503 5513 Paenitent.
2528 5473 2578 5512 c.
2603 5457 2656 5511 5.
2691 5475 2747 5512 n.
2777 5456 2864 5511 12.
2892 5456 2980 5510 ubi
3007 5455 3337 5510 contrarium
3364 5464 3521 5510 antea
3544 5466 3810 5523 senserat,

2215 5551 2440 5604 animum
2469 5565 2668 5605 vocans
2712 5549 2984 5620 spiritum,
3035 5546 3131 5601 Dei
3160 5547 3336 5618 aﬂlatu
3378 5557 3807 5601 consummatum.

2214 5643 2396 5716 Neque
2419 5658 2545 5700 vero
2562 5660 2626 5698 ex
2651 5643 2938 5714 Scripturis
2957 5640 3105 5695 Isaiae
3131 5639 3289 5695 XLII.
3316 5650 3372 5695 et
3389 5639 3549 5695 LVII.
3579 5655 3712 5711 quas
3735 5639 3808 5696 ibi

2214 5755 2310 5809 pro
2334 5754 2392 5794 se
2412 5735 2821 5801 citat,concludi
2866 5743 3045 5805 potest
3065 5733 3321 5799 animam,
3354 5733 3598 5803 spiritum
3619 5733 3668 5786 in
3688 5733 3806 5786 aliis

2211 5832 2500 5907 Scripturis
2518 5845 2622 5891 non
2648 5828 2842 5888 vocari.
2861 5827 3123 5887 Caeterum
3153 5843 3256 5905 quo
3282 5841 3443 5887 sensu
3467 5841 3546 5883 co:
3565 5842 3661 5902 pus
3685 5841 3806 5900 pos.
