4106 6330
345 277 470 337 185

1597 268 1738 327 CUM
1777 263 2126 325 ANTIDOTO
2170 265 2468 326 PAMELII.

3563 264 3666 326 186

3079 325 3102 352 1"

351 394 433 451 sit
461 391 572 450 dici
615 391 826 460 anima,
855 403 975 448 sese
1017 356 1247 460 explicat
1291 385 1430 443 libro
1458 383 1714 441 adversus
1741 383 1962 439 IIermo-
1990 384 2042 444 A
2147 382 2324 439 Judic.
2358 385 2565 443 Domini
2605 403 2722 461 cap.
2770 371 3026 446 11.1mm.
3201 389 3320 445 etin
3361 387 3662 459 Fragment.

354 502 580 557 geriem,
609 501 732 556 cap.
757 484 847 540 55.
880 498 1028 539 num.
1058 481 1184 537 124.
1217 481 1269 535 in
1299 479 1415 534 Ιιωο
1459 478 1618 534 verba
1652 495 1665 532 :
1701 476 1767 532 Ut
1793 492 1966 530 conce-

357 580 513 646 dam,
556 579 760 650 inquit,
813 577 1010 648 aliquid
1056 591 1163 630 esse
1207 571 1530 637 incorporale
1567 571 1629 626 de
1675 569 1966 626 substantiis

358 675 620 730 duntaxat
637 716 652 740 ,
692 689 847 744 quum
874 673 986 744 ipsa
1009 669 1287 725 substantia
1308 684 1491 737 corpus
1513 667 1574 720 sit
1601 665 1674 720 rei
1702 666 1962 736 cujusque.

359 769 591 825 Videtur
620 770 798 840 itaque
835 767 900 822 ad
944 765 996 822 id
1025 763 1370 822 absurditatis
1415 762 1482 818 de
1519 762 1692 816 anima
1737 761 1873 815 aerei
1918 768 1966 814 et

358 865 524 920 lucidi
575 864 759 918 coloris
803 862 966 917 fuisse
1031 859 1312 924 seductus,
1361 873 1455 928 per
1501 857 1662 912 falsas
1705 855 1963 926 quasdam

355 957 696 1011 revelationes
725 953 1003 1026 cujusdam
1037 951 1429 1008 montanisticm
1452 950 1694 1013 feminae,
1715 964 1820 1003 non
1849 947 1967 1018 qui-

357 1047 487 1103 dem
512 1046 769 1103 Priscilla:
793 1054 887 1101 aut
915 1042 1218 1100 Maximilla:
1245 1041 1344 1116 [uti
1375 1039 1662 1112 aliquando
1685 1039 1962 1095 existima-

355 1141 584 1214 vimus],
608 1156 729 1213 qua:
763 1139 1078 1211 jamdudum
1127 1147 1283 1192 antea
1315 1135 1620 1207 suspendio
1663 1135 1960 1205 perierant,

353 1234 460 1291 sed
485 1234 761 1304 cujusdam
790 1248 976 1288 earum
1003 1230 1298 1301 discipulae,
1332 1229 1488 1283 siculi
1522 1237 1667 1298 patet
1709 1243 1773 1282 ex
1817 1225 1962 1282 dicto

354 1328 503 1385 libro
543 1328 610 1384 de
652 1329 1010 1396 Anima,cap.
1051 1325 1108 1381 9.
1153 1339 1304 1380 num.
1349 1324 1472 1378 111.
1518 1322 1753 1392 Idipsum
1795 1322 1959 1376 Para-

351 1419 544 1477 doxon
570 1420 813 1475 attribuit
845 1419 1036 1475 alicubi
1064 1416 1281 1488 Origeni
1308 1415 1366 1472 S.
1399 1416 1616 1472 Ilieron.
1643 1427 1802 1486 atque
1827 1415 1962 1472 adeo

353 1519 526 1573 etiam
569 1515 637 1572 ad
666 1515 808 1571 illius
835 1529 995 1585 opera
1045 1512 1150 1569 hoc
1179 1511 1489 1567 Antidotum
1536 1511 1650 1566 usui
1695 1524 1816 1565 csse
1861 1525 1958 1580 po-

359 1610 514 1666 terit.

352 1725 414 1783 8.
459 1727 709 1783 Animam
754 1726 886 1782 nihil
916 1726 1024 1798 pati
1075 1739 1234 1794 posse
1279 1723 1396 1779 sine
1443 1737 1689 1824 corpore.
1727 1721 1882 1824 Tom.
1913 1720 1953 1775 I.
1987 1765 2034 1824 Β

434 1823 655 1893 Apolog.
706 1838 755 1878 c.
801 1821 891 1878 48.
937 1837 1078 1875 num.
1115 1818 1240 1875 609.
1289 1819 1416 1874 libro
1445 1818 1507 1872 de
1535 1816 1746 1873 Testim.
1796 1817 1954 1871 anim.

431 1931 548 1986 cap.
575 1914 630 1969 4.
663 1930 803 1968 nunt.
839 1914 924 1970 11.

430 2027 914 2099 ldagdeburgenses
943 2027 1343 2084 Centuriatores
1367 2041 1470 2083 non
1496 2026 1636 2082 inter
1658 2025 1953 2092 Paradoxa,

353 2122 456 2179 sed
485 2124 626 2180 inter
652 2123 900 2194 dogmata
931 2122 1053 2179 fidei
1084 2123 1212 2178 illud
1240 2121 1528 2190 collocant,
1559 2131 1614 2177 et
1653 2137 1719 2176 ex
1753 2119 1956 2175 Tertul-

353 2215 485 2269 liani
525 2216 636 2286 jam
684 2216 828 2272 dicto
873 2215 990 2271 loco
1033 2215 1388 2279 confirmant,
1435 2213 1528 2270 sed
1573 2213 1788 2268 frustra.
1839 2213 1956 2284 Ipse

357 2310 503 2364 enim
550 2301 773 2377 Auctor,
814 2310 965 2380 quasi
996 2318 1294 2365 retractans
1319 2307 1462 2379 quod
1494 2309 1643 2362 initio
1674 2306 1796 2363 fidei
1847 2323 1954 2362 non

355 2403 491 2458 satis
533 2413 689 2459 caute
719 2403 1190 2473 pronuntiaverat,
1224 2413 1407 2474 postea
1437 2401 1506 2457 de
1548 2401 1652 2457 fide
1679 2401 1954 2456 Catholica

349 2497 548 2554 melius
576 2497 883 2564 institutus,
913 2498 1052 2570 libro
1087 2497 1154 2553 de
1185 2498 1375 2551 Anima
1400 2540 1414 2565 ,
1444 2499 1650 2565 integro
1689 2511 1808 2566 cap.
1830 2495 1950 2561 ult.,

356 2589 474 2645 late
516 2599 566 2645 et
593 2590 812 2661 pulchre
841 2589 1056 2646 deducit
1100 2608 1113 2643 :
1166 2572 1378 2644 Animas
1421 2589 1530 2660 pati
1575 2589 1776 2642 interim
1814 2587 1954 2659 apud

351 2682 566 2752 inferos,
595 2681 646 2738 id
695 2691 814 2750 est,
859 2698 1026 2753 usque
1069 2681 1135 2737 ad
1175 2681 1432 2752 judicium
1483 2690 1784 2736 extremum
1807 2722 1830 2756 ,τ
1863 2678 1953 2735 ubi

350 2774 498 2831 inter
534 2787 722 2832 caetera
757 2794 770 2830 :
817 2775 955 2843 Quid
981 2792 1099 2846 ergo
1144 2776 1232 2844 [iet
1276 2776 1326 2828 in
1371 2783 1592 2844 tempore
1638 2773 1772 2828 isto?
1811 2771 1950 2827 Dor-

348 2868 606 2922 miemus?
629 2867 694 2922 At
746 2869 880 2923 enim
924 2869 1110 2922 anima:
1138 2884 1228 2921 nec
1272 2868 1323 2921 in
1357 2867 1632 2922 viventibus
1669 2865 1946 2921 dormiunt.

347 2958 472 3014 1am
503 2977 616 3016 vero
640 2978 795 3031 quam
834 2961 1204 3030 iniquissimum
1230 2959 1379 3014 etiam
1422 2958 1562 3030 apud
1593 2959 1805 3030 inferos,
1834 2958 1877 3010 si
1903 2968 1950 3012 et

346 3053 639 3108 nocentibus
664 3054 834 3107 adhuc
852 3053 963 3107 illis
992 3054 1112 3108 bene
1143 3062 1214 3107 est
1237 3053 1260 3106 ?
1285 3051 1470 3106 Nonne
1497 3061 1542 3105 et
1569 3051 1634 3106 de
1673 3067 1765 3106 suo
1794 3051 1946 3122 sufﬁ-

346 3145 418 3199 cit
452 3145 548 3199 sibi
587 3146 657 3198 ad
701 3144 906 3199 titulum
947 3144 1244 3215 passionis?
1267 3145 1494 3214 quotiens
1533 3142 1694 3198 illatso
1736 3159 1948 3212 corpore
1973 3139 2016 3202 C

343 3239 522 3292 anima
563 3237 677 3292 sola
729 3247 990 3306 torquetur
1043 3238 1160 3306 bile,
1191 3237 1302 3300 ira,
1339 3237 1488 3290 twdio
1519 3235 1812 3306 plerumque
1857 3251 1947 3289 nec

346 3331 446 3386 sibi
500 3331 661 3386 noto?
703 3331 842 3386 Adeo
891 3332 1026 3385 novit
1071 3341 1117 3385 et
1165 3330 1305 3402 apud
1347 3331 1536 3400 inferos
1565 3330 1738 3383 anima
1777 3330 1948 3384 dolere

341 3425 455 3479 sine
487 3441 656 3488 came,
686 3424 804 3496 quia
833 3433 879 3477 et
922 3424 974 3477 in
1003 3439 1156 3478 carne
1180 3423 1363 3486 illaesa,
1397 3423 1441 3476 si
1462 3421 1610 3487 volet,
1643 3420 1798 3474 dolet.
1832 3419 1945 3474 Hoc

341 3518 390 3572 si
414 3533 476 3572 ex
499 3516 710 3571 arbitrio
739 3533 830 3571 suo
858 3517 909 3570 in
933 3517 1030 3570 vita
1051 3557 1066 3580 ,
1096 3525 1286 3587 quanto
1317 3515 1476 3586 magis
1505 3530 1566 3568 ea:
1601 3513 1801 3584 judicio
1845 3511 1946 3566 Dei

340 3621 457 3680 post
485 3611 738 3665 mortem?
771 3607 910 3662 Nam
952 3619 999 3664 et
1041 3608 1176 3663 solos
1215 3587 1464 3678 cogitans
1493 3616 1538 3660 et
1566 3605 1730 3660 nudas
1759 3605 1939 3659 volun-

341 3712 471 3757 tates
501 3720 716 3758 censura
745 3703 925 3756 divina.
936 3702 1270 3773 persequitur.
1309 3698 1449 3772 Ergo
1479 3710 1684 3771 propter
1709 3699 1803 3753 Itoc
1822 3717 1942 3754 con~

338 3795 755 3866 gruentissimum
783 3805 872 3860 est,
905 3795 1151 3862 animam,
1189 3794 1301 3847 licet
1337 3810 1436 3847 non
1467 3790 1728 3862 expectata
1757 3806 1938 3860 carne,

341 3888 552 3959 puniri,
599 3889 734 3957 quod
761 3905 860 3940 non
890 3888 1080 3941 sociata
1105 3903 1258 3940 carne
1285 3887 1555 3940 commisit.
1601 3885 1666 3939 In
1706 3902 1938 3952 summa,

334 3998 498 4054 quum
552 3997 800 4035 carcerem
845 3981 1022 4046 illum,
1069 3979 1202 4048 quod
1248 3977 1580 4050 Evangelium
1629 3980 1939 4032 demonstrat

338 4076 361 4150 (
397 4075 584 4131 Matth.
618 4074 699 4146 Υ)
731 4075 922 4146 inferos
964 4074 1312 4145 intelligimus,
1357 4085 1400 4128 et
1444 4075 1771 4128 novissimum
1815 4091 1931 4144 qua-

331 4171 600 4233 drantem,
633 4170 887 4223 modicum
928 4169 1158 4239 qttodque
1183 4168 1420 4223 delictum
1451 4168 1556 4223 illic
1583 4169 1824 4223 luendum
1853 4169 1936 4222 in-

332 4271 710 4332 terpretamur;
756 4277 898 4314 nemo
928 4259 1206 4326 dubitabit,
1257 4261 1482 4314 animant
1509 4261 1702 4330 aliquid
1729 4278 1939 4331 pensare

330 4355 476 4424 apud
505 4355 713 4426 inferos.
748 4355 800 4410 Id
833 4356 1004 4425 ipsum
1030 4353 1191 4410 etiam
1225 4354 1453 4408 inculcat
1480 4354 1615 4409 libro
1641 4354 1708 4410 de
1736 4355 1938 4410 Ilesttr-

327 4450 575 4505 rectione
600 4448 795 4514 carnis,
821 4464 939 4518 cap.
975 4448 1062 4512 I7,
1098 4463 1244 4502 num.
1274 4448 1376 4503 155
1405 4463 1467 4501 ac
1500 4446 1624 4504 15-1.
1676 4446 1757 4502 Ad
1795 4447 1934 4516 quod

329 4551 496 4612 caput
533 4541 694 4598 etiam
752 4539 1070 4595 adduximus
1112 4539 1303 4594 similia
1346 4540 1651 4594 testimonia
1684 4539 1936 4595 Anetoris

326 4644 524 4706 quiest.
554 4643 608 4688 et
654 4647 895 4702 reSpons.
925 4633 1063 4686 inter
1092 4647 1252 4702 Opera
1277 4631 1332 4699 S.
1362 4629 1554 4684 .Iustini
1584 4630 1762 4698 Mart.,
1794 4630 1931 4687 Lac-

326 4725 488 4781 tantii
527 4735 583 4781 et
613 4725 671 4780 S.
709 4723 1011 4796 Augustini,
1040 4733 1094 4778 ct
1125 4723 1476 4778 indicavimus
1502 4739 1621 4778 eam
1654 4739 1774 4779 esse
1800 4739 1933 4780 Cott-

321 4818 560 4876 formctn
592 4819 808 4875 Patrum
839 4820 1180 4876 sententiam.

323 4964 383 5021 9.
418 4964 670 5020 Animam
690 4965 1008 5022 Sanctorum
1039 4965 1090 5020 in
1107 4968 1227 5022 sinu
1255 4965 1507 5035 Abrahze,
1535 4982 1626 5022 seu
1655 4964 1927 5032 Paradiso,

410 5061 528 5117 sive
554 5061 655 5116 sub
681 5061 864 5126 altari,
895 5076 986 5118 seu
1015 5062 1133 5116 loco
1175 5077 1280 5117 non
1324 5060 1565 5126 cmlesti,
1599 5062 1694 5116 sed
1749 5070 1926 5115 tamen

407 5153 597 5210 inferis
625 5155 885 5226 superiori
907 5197 919 5217 ,
945 5154 1110 5211 foveri
1141 5165 1194 5210 et
1221 5155 1472 5226 gaudere,
1505 5155 1569 5208 ad
1597 5155 1737 5210 diem
1761 5170 1929 5226 usque

395 5248 583 5320 judicii
615 5249 844 5305 Domini.
869 5247 1016 5304 Tant.
1058 5249 1099 5303 1.
1132 5250 1349 5321 Apolog.
1370 5266 1485 5320 cap.
1506 5249 1609 5303 47.·
1629 5265 1771 5313 num,
1798 5247 1922 5304 601.

401 5341 552 5398 Tom.
577 5341 663 5396 IlI.
699 5342 827 5396 libro
854 5342 916 5396 de
943 5342 1114 5396 Anim.
1143 5344 1308 5413 capite
1333 5343 1544 5396 7.num.
1575 5341 1663 5396 94.
1696 5341 1786 5396 95.
1830 5340 1921 5395 96.

397 5435 493 5491 9'7.
526 5421 640 5504 cap.
671 5434 725 5489 9.
753 5452 804 5488 n.
842 5433 962 5488 121.
993 5435 1157 5506 capite
1181 5435 1268 5490 55.
1302 5451 1354 5489 n.
1387 5433 1477 5489 66.
1515 5433 1605 5489 58.
1635 5433 1758 5489 610.
1797 5435 1920 5490 611.

401 5543 523 5596 cap.
555 5526 645 5581 56.
666 5545 719 5581 n.
751 5525 874 5581 622.
895 5543 952 5581 ac
967 5543 1082 5598 cap.
1108 5529 1201 5580 ult.
1225 5544 1278 5583 n.
1311 5526 1543 5582 6M.lib.
1567 5527 1922 5582 dellesurrec-

392 5622 532 5676 tione
560 5637 664 5675 car.
693 5637 808 5693 cap.
843 5622 930 5677 17.
954 5639 1094 5676 nunt.
1131 5622 1257 5676 152.
1292 5623 1414 5677 151.
1458 5603 1586 5675 libro
1617 5621 1920 5677 II|.advers.

391 5713 563 5772 Marc.
593 5715 758 5785 capite
777 5715 858 5771 54.
883 5733 1022 5770 num.
1052 5715 1175 5771 518.
1194 5715 1318 5773 549.
1347 5716 1471 5774 5ἓ50.
1497 5717 1620 5774 551.
1649 5727 1692 5773 et
1717 5718 1902 5790 Scorp.

387 5807 538 5882 adv._
562 5805 741 5868 (inest.
788 5811 952 5886 capite
989 5811 1075 5873 12.
1114 5825 1254 5872 nam.
1287 5813 1378 5872 95.
1417 5809 1562 5871 Tom.
1596 5812 1649 5870 4.
1694 5810 1819 5870 libro
1849 5811 1912 5868 tle

2153 480 2281 536 libro
2305 482 2366 535 de
2395 479 2594 536 Parad.
2640 482 2869 554 Denique
2897 492 3018 540 tom.
3061 482 3128 539 ν.
3178 481 3458 540 Novatiani
3482 483 3568 539 lib.
3601 481 3666 538 de

2148 572 2337 630 Trinit.
2368 592 2484 647 cap.
2518 578 2568 632 1.
2599 593 2740 632 num.
2770 577 2858 634 10.

2156 754 2286 812 IIuic
2313 755 2589 813 Paradoxo
2620 773 2724 813 non
2769 758 2942 815 solum
2981 758 3119 831 apud
3157 759 3377 816 Tertull.
3403 769 3457 816 et
3486 759 3666 817 Nova-

2075 848 2310 918 tianum,
2355 850 2449 906 sed
2493 852 2654 907 etiam
2707 853 2846 924 apud
2883 854 3016 909 alios
3064 865 3275 910 veteres
3322 854 3660 910 occasionem

2070 943 2372 1010 dederunt,
2418 957 2527 1002 tum
2564 946 2751 1004 Lazari
2795 949 2915 1005 sive
2961 949 3179 1005 historia
3226 950 3338 1004 sive
3379 949 3662 1020 parabola,

2072 1036 2250 1108 (Luc.,
2281 1038 2403 1096 XVI
2433 1043 2451 1110 )
2501 1056 2660 1112 quem
2690 1040 2822 1096 vidit
2851 1041 3003 1096 dives
3032 1042 3085 1096 in
3115 1043 3234 1098 sinu
3261 1041 3520 1108 Abrahae,
3553 1049 3662 1096 tum

2079 1131 2214 1186 visio
2265 1133 2302 1188 S
2351 1132 2504 1188 Joan.
2540 1136 2783 1206 Apostoli
2811 1137 3031 1207 Apocal.
3066 1135 3272 1207 Vl.qua
3315 1135 3664 1190 viditanimas

2069 1221 2364 1295 Martyrum
2405 1226 2506 1281 sub
2525 1226 2677 1281 altari
2706 1227 2918 1283 indutas
2948 1227 3099 1282 stolis
3127 1227 3263 1282 albis
3284 1269 3298 1292 ,
3333 1227 3528 1298 quibus
3553 1225 3664 1280 die-

2070 1323 2178 1369 tum
2202 1325 2284 1370 est
2313 1326 2370 1371 ut
2402 1320 2822 1388 requiescerent,
2864 1319 3035 1376 donec
3073 1322 3383 1391 impleretur
3411 1334 3664 1376 numerus

2067 1422 2450 1466 conservorum
2481 1426 2722 1479 suorum,
2748 1422 2857 1470 tum
2889 1413 3123 1484 denique
3142 1414 3270 1470 illud
3288 1413 3568 1470 Christiad
3589 1415 3665 1470 la-

2073 1511 2280 1559 tronem
2303 1503 2483 1577 (Luc.,
2511 1506 2726 1579 XXIV),
2746 1508 2914 1565 Hodie
2935 1492 3146 1565 mecum
3177 1511 3285 1567 eris
3312 1511 3364 1567 in
3391 1509 3661 1583 paradiso.

2067 1595 2202 1651 Ilinc
2232 1600 2374 1653 enim
2397 1640 2410 1662 ,
2455 1616 2617 1670 quum
2662 1600 2911 1658 viderent
2934 1602 3372 1676 distinguendum
3403 1621 3523 1662 esse
3547 1615 3660 1662 sta-

2067 1699 2180 1744 tum
2212 1691 2512 1749 animarum
2544 1695 2664 1750 sine
2694 1711 2920 1768 corpore
2961 1713 3130 1770 usque
3157 1699 3223 1754 ad
3259 1698 3490 1756 futurum
3516 1699 3662 1771 judi-

2063 1784 2246 1849 cium,
2286 1801 2315 1839 a
2341 1796 2484 1842 statu
2516 1790 2820 1858 perfectiori
2861 1793 3161 1848 animarum
3189 1809 3311 1849 cum
3343 1795 3662 1864 corporibus

2064 1883 2644 1951 posuresurreetionem
2675 1884 3051 1954 universalem,
3075 1887 3233 1942 dictis
3248 1889 3388 1942 sinus
3412 1887 3652 1954 Abrahae,

2061 1975 2242 2046 quietis
2275 1976 2493 2047 placida:
2533 1979 2624 2033 sub
2647 1980 2825 2047 altari,
2873 1991 2918 2036 et
2946 1982 3174 2052 paradisi
3209 1982 3658 2052 appellationibus

2063 2081 2468 2141 nuncuparunt:
2490 2073 2938 2142 quemadmodum
2957 2083 3153 2130 statum
3171 2075 3315 2129 illtnn
3331 2074 3654 2144 secundum,

2060 2167 2353 2233 contrario,
2372 2169 2619 2222 cmlestem
2644 2170 2809 2227 sinunt
2831 2212 2846 2236 ,
2879 2169 3041 2224 altare
3073 2170 3326 2238 superius,
3342 2177 3387 2224 et
3409 2170 3657 2226 cwlestcm

2060 2271 2283 2329 portum.
2309 2259 2423 2315 Non
2457 2278 2606 2330 vero,
2639 2263 2780 2334 quod
2810 2265 3071 2319 sentirent
3096 2265 3304 2321 animas
3348 2275 3653 2320 sanctorum

2062 2352 2324 2422 tantiSper
2370 2369 2554 2409 carere
2596 2355 2758 2410 divini
2790 2355 3015 2412 intuitus
3041 2356 3240 2428 gloria,
3287 2357 3446 2413 sicuti
3498 2357 3657 2414 hodie

2061 2446 2427 2516 Anabaptistte
2455 2458 2512 2504 et
2538 2447 2820 2504 Cornelius
2857 2451 3093 2521 Agrippa
3115 2467 3308 2506 eorum
3331 2452 3533 2508 assecla
3551 2495 3566 2520 ,
3601 2463 3658 2508 ut

2061 2552 2184 2608 pOte
2210 2543 2298 2612 qui
2328 2542 2584 2613 legissent
2609 2543 2746 2614 apud
2776 2545 3089 2615 Apostolum
3114 2543 3377 2618 (Philipp.
3409 2544 3452 2618 I)
3475 2563 3488 2600 :
3509 2546 3658 2602 Desi-

2060 2632 2266 2688 derium
2315 2635 2485 2690 habeo
2526 2636 2776 2703 dissolvi,
2825 2649 2876 2691 et
2905 2652 3027 2693 esse
3074 2654 3194 2692 cum
3243 2639 3476 2694 Christo.
3519 2638 3653 2695 Item

2057 2727 2188 2782 illud
2203 2713 2307 2798 ’(ΙΙ.
2335 2727 2452 2784 Cor.
2487 2729 2554 2802 Υ)
2589 2748 2602 2785 :
2636 2731 2838 2786 Bonam
2858 2732 3188 2788 voluntatem
3224 2732 3486 2789 habemus
3503 2749 3655 2804 perc-

2055 2819 2256 2889 grinari
2288 2836 2316 2874 a
2357 2836 2617 2892 corpore,
2660 2833 2712 2878 et
2746 2835 3040 2894 praesentes
3070 2840 3192 2882 esse
3233 2826 3300 2881 ad
3340 2827 3648 2882 Dominum.

2055 2913 2122 2967 Et
2150 2911 2277 2968 illud
2309 2913 2376 2970 de
2407 2916 2518 2983 ipsa
2549 2915 2640 2970 Dei
2664 2916 2868 2973 visione
2899 2935 2912 2971 :
2945 2915 3101 2973 Nunc
3133 2918 3374 2974 videmus
3408 2935 3650 2990 perspe-

2053 3004 2231 3059 cqum
2275 3007 2326 3061 in
2369 3007 2688 3077 aenigmate,
2743 3018 2866 3065 tunc
2909 3021 3086 3066 autem
3148 3011 3283 3066 facie
3321 3012 3387 3066 ad
3435 3011 3649 3068 faciem.

2053 3096 2211 3153 Certe
2243 3099 2355 3168 ipse
2384 3110 2570 3154 auctor
2597 3117 2745 3158 suam
2792 3104 3114 3159 sententiam
3159 3104 3398 3160 indicare
3437 3105 3648 3160 videtur

2051 3195 2102 3247 in
2133 3192 2247 3249 haec
2266 3197 2424 3252 verba
2447 3197 2575 3252 dict.
2601 3199 2693 3255 lib.
2721 3200 2788 3254 de
2819 3200 3032 3268 Anima,
3052 3216 3169 3271 cap.
3198 3202 3288 3257 56.
3323 3220 3468 3258 ttmn.
3502 3204 3647 3259 6'22:

2056 3285 2323 3359 Usquequo
2370 3295 2648 3362 perfectum
2699 3294 2829 3347 illud
2873 3295 3239 3363 repromittitur
3285 3296 3370 3349 ad—
3400 3298 3648 3368 angelica:

2051 3382 2388 3452 plenitudinis
2438 3402 2726 3440 mensuram
2768 3397 3121 3456 temperatum.
3166 3387 3221 3444 Si
3263 3389 3382 3458 quis
3436 3389 3648 3443 interim

2051 3474 2190 3543 apud
2218 3492 2341 3530 eum
2375 3477 2444 3532 sit
2473 3478 2620 3532 locus
2651 3521 2664 3544 ,
2702 3487 2792 3532 aut
2821 3479 2954 3534 alios
2986 3479 3199 3544 Patres,
3235 3481 3322 3551 qui
3344 3479 3480 3535 hanc
3502 3496 3651 3535 com-

2051 3566 2262 3620 modam
2315 3569 2810 3637 interpretationem
2865 3587 2968 3625 non
3016 3572 3284 3642 recipiat,
3343 3572 3648 3628 meminerit

2048 3656 2277 3726 Lector,
2315 3661 2455 3714 hunc
2478 3677 2716 3716 errorem
2745 3679 2850 3716 non
2891 3662 3112 3720 officere
3140 3664 3428 3719 eruditioni
3456 3675 3512 3720 et
3537 3667 3649 3736 pic-

2049 3751 2141 3806 tati
2173 3761 2281 3806 tam
2307 3752 2590 3808 illustrium
2637 3754 3010 3825 Scriptorum,
3040 3773 3202 3827 quum
3243 3757 3478 3813 Ecclesia
3525 3758 3646 3812 illo—

2047 3860 2164 3898 rum
2193 3846 2522 3915 temporibus
2554 3847 2682 3901 nihil
2704 3847 2879 3904 adhuc
2897 3850 3030 3904 certi
3055 3850 3120 3904 dc
3145 3849 3250 3905 hoc
3276 3850 3503 3905 articulo
3528 3865 3646 3906 cre-

2049 3936 2282 3992 dendum
2304 3941 2596 3994 statuisset.
2626 3939 2730 3996 Sed
2759 3942 2898 3996 circa
2927 3944 3200 4013 Synoduni
3226 3942 3644 4000 0Ecumenicant

2045 4027 2441 4097 Flut'cntinam,
2475 4048 2591 4101 qutc
2615 4045 2734 4102 post
2776 4036 3001 4102 primam
3031 4033 3644 4091 danmatiuncntlaetam

2045 4122 2214 4191 Epist.
2252 4123 2614 4178 Decretalihus
2648 4125 2942 4180 Ittuoccntii
2984 4125 3072 4180 IlI.
3103 4138 3158 4182 et
3189 4127 3463 4183 Benedicti
3523 4127 3640 4183 XII.

2044 4215 2097 4270 id
2142 4215 2410 4280 definivit,
2447 4218 2602 4274 aliter
2656 4220 2857 4274 sentire
2903 4235 3010 4274 non
3038 4220 3180 4276 licet.
3209 4220 3356 4276 Illius
3379 4219 3642 4275 adversus

2043 4324 2258 4364 errores
2289 4313 2649 4367 Armeniorum
2681 4313 2795 4368 haec
2823 4323 2949 4368 sunt
2975 4314 3133 4370 verba
3160 4333 3173 4370 :
3204 4314 3498 4370 Delinimus
3525 4315 3643 4370 illo-

2042 4417 2160 4456 rum
2189 4403 2395 4457 animas
2422 4405 2510 4474 qui
2543 4417 2662 4476 post
2684 4406 2945 4476 baptisma
2968 4419 3278 4479 susceptum
3312 4409 3508 4464 nullam
3533 4425 3645 4464 om-

1961 4511 2014 4571 D
2043 4495 2172 4548 nino
2199 4496 2402 4564 peccati
2434 4499 2694 4552 maculam
2727 4499 3070 4554 incurrerunt
3094 4541 3108 4565 ,
3148 4502 3264 4556 illas
3292 4501 3478 4566 etiam,
3521 4519 3641 4572 qua:

2043 4595 2164 4656 post
2192 4596 2522 4644 contractam
2548 4591 2749 4659 peccati
2781 4591 3046 4647 maculam
3081 4593 3163 4648 ch
3187 4594 3237 4648 in
3264 4595 3371 4648 suis
3391 4594 3633 4662 corpori-

2043 4681 2139 4737 bus
2163 4722 2178 4746 ,
2213 4683 2297 4738 vel
2325 4683 2527 4739 eisdem
2558 4695 2732 4740 exuuc
2777 4687 3095 4757 corporibus
3125 4730 3138 4754 ,
3184 4698 3339 4758 prout
3389 4687 3637 4758 Superius

2037 4776 2238 4832 dictum
2266 4788 2348 4834 est
2370 4821 2384 4846 ,
2415 4791 2541 4834 sunt
2569 4792 2840 4851 purgatae,
2872 4783 2923 4836 in
2970 4783 3164 4838 coelum
3195 4797 3316 4836 mox
3356 4782 3518 4851 recipi
3538 4821 3552 4844 ,
3581 4792 3634 4836 et

2038 4870 2231 4927 intueri
2263 4873 2409 4929 clare
2431 4875 2606 4944 ipsum
2637 4875 2923 4930 Dominum
2948 4878 3143 4930 trinum
3175 4888 3226 4931 et
3257 4890 3444 4937 unum,
3475 4876 3632 4930 sicuti

2035 4973 2117 5018 cst
2140 5005 2155 5029 ,
2187 4979 2282 5034 pro
2308 4967 2621 5022 meritorum
2649 4978 2824 5024 tamen
2852 4967 3164 5024 diversitate
3189 4967 3351 5021 alium
3378 4968 3481 5023 alio
3511 4982 3632 5037 pcr-

2033 5057 2224 5114 fcctius
2255 5081 2267 5114 ;
2296 5061 2506 5116 illorum
2533 5072 2713 5117 autem
2760 5062 2966 5116 animas
2989 5101 3002 5125 ,
3032 5063 3121 5131 qui
3152 5061 3204 5115 in
3234 5060 3430 5115 actuali
3477 5075 3628 5115 mor-

2033 5152 2121 5205 tali
2151 5165 2386 5221 peccato,
2412 5155 2492 5210 vel
2515 5155 2631 5209 solo
2648 5153 2894 5226 originali
2923 5153 3211 5221 decedunt,
3252 5155 3424 5222 taenis
3449 5164 3628 5210 tamen

2030 5244 2356 5314 diSparibus,
2383 5248 2699 5316 puniendus.
2721 5245 3048 5316 Quid?quod
3072 5246 3211 5301 dicta
3233 5247 3628 5318 Scripturarutu

2031 5336 2148 5392 loca
2197 5355 2292 5407 pro
2323 5340 2424 5394 alia
2481 5356 2584 5394 non
2633 5341 2827 5394 faciant
2881 5340 3184 5406 sententia,
3223 5341 3271 5394 si
3320 5340 3631 5411 diligentius

2029 5431 2399 5501 inSpiciantur.
2432 5434 2668 5488 Primum
2703 5434 2845 5488 enitn
2872 5435 2969 5489 etsi
2999 5433 3258 5490 Lazarum
3282 5444 3340 5490 ct-
3363 5435 3499 5489 alios
3527 5435 3625 5490 Pa-

2031 5536 2138 5581 trt's
2169 5526 2375 5582 Veteris
2403 5526 2730 5583 Tcstamenti
2759 5529 2810 5584 in
2830 5529 2949 5584 sinu
2982 5529 3232 5594 Ab'raltaz,
3267 5538 3320 5584 et
3343 5529 3613 5584 latronem

2027 5620 2220 5677 ibidem
2250 5663 2265 5688 ,
2295 5623 2407 5677 sive
2430 5622 2480 5677 in
2513 5621 2760 5693 paradiso
2815 5622 3125 5694 aliquandiu
3157 5624 3320 5680 fuisse
3343 5666 3356 5688 ,
3399 5624 3530 5679 satis
3561 5625 3615 5680 in

2025 5714 2274 5771 confesso
2296 5718 2392 5772 sit:
2415 5727 2590 5774 tamen
2612 5717 2734 5775 inde
2757 5735 2850 5790 per
2879 5719 3147 5775 Christum
3172 5720 3231 5774 in.
3250 5719 3446 5775 eretum
3479 5728 3602 5777 sunt

2027 5809 2260 5880 chuCti,
2291 5811 2442 5886 juxta
2463 5811 2590 5874 illud
2615 5812 2811 5873 Psalm.
2843 5813 3049 5877 LXVlI.
3075 5822 3129 5873 et
3152 5814 3346 5888 Ephcs.
3375 5812 3436 5872 IV
3463 5831 3474 5868 :
3505 5814 3608 5872 As.
