4106 6330
451 263 555 329 18⁸1

1673 256 2052 321 ΡΔΒΔῡΟΧΑ
2089 255 2556 327 TERTULLIANI

3650 267 3758 330 I88

451 382 692 447 condens
719 354 1065 443 ‘Christustin
1094 378 1261 440 altum
1292 378 1561 455 captivam
1581 376 1735 438 duxit
1760 376 2046 453 captivita-
2076 376 2131 441 A
2157 377 2453 436 sacerdotis
2481 387 2536 437 et
2563 376 2847 439 Hieremiae
2865 379 3168 455 Prophetre.
3190 381 3263 440 Ut
3282 382 3445 452 utsit,
3464 384 3520 443 S.
3548 385 3760 461 Augus-

453 485 565 541 tem
601 495 615 533 :
642 476 693 533 id
719 486 824 545 est,
846 476 932 533 vel
964 476 1080 547 ipso
1108 474 1367 547 Apostolo
1388 474 1684 548 interprete
1709 491 1723 530 :
1752 488 1915 545 super
1934 486 2052 529 om-

458 588 555 629 nes
581 571 767 629 ccelos.
798 568 1000 626 Deinde
1045 568 1166 625 loco
1188 568 1279 627 illo
1307 569 1474 626 citato
1505 568 1691 641 (Apoc.
1721 566 1910 637 VI.)S.
1934 567 2047 624 Au-

453 668 699 740 gustinus
715 665 878 721 stolas
898 664 1279 736 interpretatur
1298 663 1471 730 albas,
1490 663 1666 720 Serm.
1690 663 1743 719 4.
1758 662 1825 719 de
1845 661 2047 718 Solem.

459 759 672 827 Sanct.,
704 756 1012 838 mercedem
1034 757 1287 830 baptismi
1313 800 1329 826 ,
1359 756 1638 829 praemium
1680 754 1916 829 Martyrii
1935 797 1951 823 ,
1997 763 2052 812 et

453 851 706 926 gaudium
734 850 974 909 cmlestis
1002 851 1190 924 patriae
1231 868 1247 908 :
1278 851 1516 923 allegans
1537 850 1605 908 ad
1633 849 1738 927 hoc
1761 850 1922 907 verba
1962 864 2051 907 se-

456 947 672 1021 quentia
705 945 892 1022 (Apoc.
924 945 1035 1020 7.):
1061 946 1291 1005 Stabunt
1315 957 1441 1004 ante
1459 945 1775 1004 thronumin
1794 959 2053 1017 conspec-

457 1049 514 1098 ttt
546 1040 706 1114 Agni,
733 1040 912 1097 amicti
928 1039 1084 1097 stolis
1109 1039 1267 1105 albis,
1290 1048 1352 1125 ‘et
1380 1039 1572 1111 palmae
1600 1039 1654 1095 in
1682 1037 1929 1095 manibus
1955 1052 2050 1093 eo-

456 1149 611 1202 rum;
641 1133 784 1191 unde
811 1132 1085 1192 concludit
1114 1150 1127 1190 :
1159 1132 1315 1191 Stant
1342 1133 1398 1189 in
1444 1140 1734 1203 conspectu
1761 1131 1896 1204 Agni
1927 1139 2052 1189 ante

458 1229 714 1285 thronum
753 1226 851 1284 Dei
873 1225 1114 1285 coronati
1138 1268 1154 1293 ,
1184 1225 1331 1283 nulla
1361 1225 1471 1282 illic
1515 1224 1723 1282 ratione
1752 1239 1783 1279 a
1805 1232 2052 1315 eontem-

456 1320 651 1394 planda
676 1319 792 1393 ejus
816 1319 987 1392 gloria
1016 1318 1322 1391 separandi.
1351 1317 1461 1375 Nos
1483 1317 1664 1389 itaque
1684 1317 1836 1375 locos
1849 1316 2053 1373 similes

457 1424 514 1472 ct
550 1413 801 1487 Cypriani
831 1422 886 1470 et
905 1412 1150 1485 ejusdem
1175 1412 1233 1471 S.
1266 1413 1575 1484 Augustini,
1608 1426 1673 1468 ac
1697 1410 1796 1469 SS.
1826 1411 2056 1468 Ambro-

458 1508 524 1566 sii
548 1517 603 1565 et
638 1506 919 1580 Chrysost.
955 1504 1120 1580 (apud
1162 1520 1298 1578 quos
1326 1506 1487 1563 etiam
1518 1506 1634 1562 loca
1683 1504 1933 1578 quaedam
1958 1504 2056 1561 ob-

457 1616 614 1659 scura
651 1599 1018 1673 reperiuntur)
1056 1600 1339 1657 eitavimus
1382 1600 1434 1659 in
1465 1601 1722 1658 Anuotat.
1752 1600 1952 1657 nostris
1988 1598 2056 1656 ad

422 1693 628 1765 .Epist.
681 1692 740 1750 S.
795 1692 1050 1765 Cypriani
1102 1691 1191 1750 16.
1216 1708 1365 1750 num.
1403 1692 1491 1750 l9.
1544 1693 1832 1753 Anuotavit
1892 1692 2054 1750 etiam

458 1757 663 1859 aliquot
692 1801 791 1859 pro
818 1757 972 1844 nobis
1021 1787 1137 1844 loca
1165 1786 1582 1845 Feucardentius
1609 1787 1664 1844 in
1717 1788 1775 1844 S.
1811 1787 2052 1858 lrenmo,
2081 1757 2132 1821 Β

459 1888 648 1936 contra
689 1893 847 1953 quam
879 1878 969 1935 alii
996 1878 1256 1953 septiunt,
1287 1877 1383 1936 lib.
1417 1878 1459 1935 Ι.
1502 1894 1620 1952 cap.
1658 1880 1714 1939 2.
1756 1897 1882 1936 num
1920 1882 1975 1939 3.
2003 1890 2057 1938 et

457 1973 605 2031 alibi.
638 1971 693 2029 Si
724 1971 845 2045 quis
891 1973 1044 2044 plura
1085 1972 1390 2040 desideret,
1415 1972 1604 2047 yideat
1645 1972 1781 2031 Sixt.
1827 1972 2056 2033 Sensus.

458 2064 596 2122 Bibl.
627 2064 840 2123 Sanctae
860 2065 995 2123 libro
1015 2066 1068 2122 6.
1095 2066 1292 2122 Annot.
1314 2064 1440 2123 264.
1465 2075 1521 2122 et
1538 2065 1664 2127 565.
1689 2065 1826 2125 Iline
1845 2066 2060 2124 interim

460 2157 747 2227 addemus,
771 2157 918 2232 quod
945 2163 1151 2216 Auctor
1174 2200 1189 2227 ,
1216 2157 1307 2215 ubi
1344 2158 1438 2215 lib.
1479 2158 1547 2215 de
1600 2158 1781 2216 Anim.
1815 2173 1935 2232 cap.
1967 2159 2057 2218 55.

460 2250 602 2308 Solis
630 2251 946 2325 Martyribus
988 2260 1160 2324 patere
1203 2253 1501 2326 paradisum
1531 2252 1698 2321 dicit,
1744 2270 1907 2327 quum
1933 2254 2060 2313 alibi

473 2346 705 2401 omnium
723 2345 1036 2402 Sanctorum
1063 2362 1331 2403 commune
1371 2348 1746 2420 receptaculum
1775 2356 1963 2405 vocet:
1983 2347 2063 2405 sic

460 2438 693 2509 explicet
714 2437 775 2494 Β.
820 2437 1119 2513 Cyprianus
1163 2438 1281 2513 ejus
1307 2438 1621 2511 discipulus,
1652 2439 1820 2512 Epist.
1870 2440 1963 2498 59..
1992 2438 2063 2495 ad

462 2530 919 2588 Antonin.:Aliud
948 2540 1033 2589 est
1056 2530 1123 2587 ad
1146 2534 1357 2589 veniam
1380 2541 1548 2601 stare,
1571 2531 1714 2589 aliud
1740 2531 1808 2589 ad
1834 2531 2063 2605 gloriam

462 2624 765 2696 pervenire,
797 2623 941 2682 aliud
979 2625 1202 2681 missum
1235 2626 1287 2682 in
1316 2639 1589 2682 carcerem
1620 2640 1730 2683 non
1759 2626 1921 2711 exire.
1937 2624 2064 2683 inde

461 2718 637 2775 donec
678 2716 853 2775 solvat
882 2718 1234 2775 novissimum
1283 2718 1636 2793 quadrantem
1659 2762 1675 2787 ,
1706 2719 1852 2778 aliud
1874 2721 2060 2777 statim

462 2810 587 2867 fidei
613 2820 665 2867 et
687 2811 900 2867 virtutis
926 2811 1171 2884 accipere
1200 2812 1509 2870 mercedem
1545 2829 1561 2880 ;
1593 2813 1734 2871 aliud
1758 2828 1857 2886 pro
1877 2828 2062 2887 pecca-

465 2905 530 2975 tis
557 2904 717 2978 longe
762 2905 954 2965 dolore
1007 2907 1305 2965 crueiatum
1331 2906 1613 2965 emundari
1642 2916 1699 2965 et
1727 2909 1942 2982 purgari
1968 2908 2063 2965 diu

463 2997 586 3070 igne
604 3040 620 3068 ,
645 2997 790 3054 aliud
816 3008 1032 3070 peccata
1058 3000 1310 3072 passione
1347 2987 1638 3074 purgasse;
1660 3001 1804 3059 aliud
1830 3000 2063 3075 denique

464 3093 705 3194 pendere
727 3093 805 3199 in“
829 3093 917 3197 die
948 3094 1138 3166 judicii
1167 3095 1234 3153 ad
1271 3096 1595 3199 sententiam
1626 3096 1838 3199 Domitii
1868 3139 1882 3164 ,
1915 3097 2062 3199 aliud
2085 3134 2133 3199 ρ

461 3181 643 3240 statim
691 3200 723 3241 a
768 3184 996 3243 Domino
1040 3188 1310 3245 coronari.
1364 3188 1518 3259 Quod
1563 3189 1738 3261 ipsum
1770 3188 1948 3247 facere
1992 3190 2061 3247 ad

462 3277 888 3334 conﬁrmandam
923 3278 1269 3338 traditionem
1312 3280 1571 3339 Ecclesiae
1597 3280 1667 3341 de
1706 3280 2056 3354 Purgatorio,

463 3370 660 3426 ibidem
688 3372 1066 3431 annotavimus
1096 3390 1306 3431 numer.
1330 3374 1421 3433 59.
1450 3384 1506 3432 et
1529 3374 1597 3432 ad
1623 3374 1940 3433 Tertulliani
1964 3376 2058 3434 lib.

462 3463 531 3522 de
556 3464 748 3520 Anima
803 3465 966 3536 capit.
999 3467 1088 3524 55.
1121 3483 1268 3524 num.
1318 3467 1441 3525 611.
1495 3468 1771 3527 Craterum
1794 3470 2013 3526 Auctori
2042 3512 2059 3539 ,

459 3557 551 3628 qui
582 3573 753 3614 omnes
799 3560 999 3615 animas
1027 3560 1191 3617 etiam
1241 3561 1472 3630 ﬁdelium
1502 3562 1732 3635 priorum
1756 3564 2065 3634 sequestrari

461 3647 552 3703 vul
591 3663 762 3722 usque
784 3649 853 3706 ad
879 3649 1023 3707 diem
1046 3650 1262 3725 iudicii,
1303 3666 1527 3724 prorsus
1556 3653 1824 3710 contraria
1852 3663 1938 3711 est
1971 3655 2061 3711 illa

462 3739 524 3797 Β.
568 3743 795 3814 August.
843 3742 1152 3811 affirmatio,
1199 3745 1289 3801 lib.
1342 3746 1433 3803 20.
1468 3746 1535 3803 de
1559 3744 1715 3803 Civil.
1764 3746 1860 3804 Dei
1899 3746 2063 3805 :Jam

465 3829 591 3888 inde
615 3847 724 3905 quo
748 3836 965 3907 sanguis
1002 3834 1200 3893 Christi
1229 3837 1481 3911 antiquos
1523 3847 1738 3894 sanctos
1762 3854 1828 3897 ex
1876 3839 2066 3897 inferis

464 3922 639 3992 eruit,
684 3925 940 3997 deinceps
986 3926 1111 3983 boui
1148 3927 1374 3996 ﬁdeles,
1423 3927 1597 3986 ell'uso
1652 3928 1747 3987 illo
1774 3931 1946 4002 pretio
1973 3947 2063 3988 re-

463 4020 669 4094 dempti
707 4037 930 4095 prorsus
955 4012 1158 4084 inl‘eros
1181 4026 1448 4095 nesciunt.
1471 4099 1487 4112 ο

468 4154 557 4214 10.
599 4158 915 4217 Animarum
953 4161 1286 4220 Mortuoruiu
1315 4178 1529 4222 omnem
1557 4163 1945 4222 exhibitionem
1977 4166 2063 4222 in-

537 4251 877 4321 corporalem
902 4255 1198 4328 praastigias
1219 4271 1359 4315 esse.
1381 4256 1528 4314 Tom.
1545 4256 1629 4317 III.
1656 4257 1785 4315 libro
1810 4258 2060 4315 deAnim.

536 4345 704 4418 capite
732 4346 822 4402 57.
852 4356 994 4415 nunt.
1025 4348 1151 4407 643.

2153 472 2299 529 tinus
2326 473 2554 544 pulchre
2586 474 2686 532 hac
2710 476 2777 533 de
2803 491 2864 535 re
2887 477 2965 535 sic
2985 478 3209 551 scripsit
3235 478 3373 535 libro
3396 480 3465 537 de
3490 479 3629 539 Cura
3656 498 3756 556 pro

2150 574 2340 636 mort.,
2371 581 2421 624 c.
2454 566 2651 625 10.11.
2684 569 2772 638 15,
2795 569 2949 627 acI6
2977 588 2990 625 :
3014 569 3310 627 Narrantur
3347 572 3460 629 visa
3487 574 3754 646 quaedam,

2153 659 2399 718 feruntur
2425 661 2622 717 mortui
2653 662 2896 719 nonnulli
2921 663 3006 720 vel
3037 664 3088 718 in
3120 665 3345 730 somnis,
3375 666 3460 721 vel
3486 666 3593 723 alio
3618 683 3756 740 quo-

2152 769 2383 827 cumque
2411 756 2573 814 modo
2600 759 2911 829 apparuisse
2930 758 3251 829 viventibus,
3278 770 3438 835 atque
3458 763 3549 820 ubi
3566 780 3757 822 eorum

2153 862 2379 927 corpora
2405 849 2648 920 jacerent
2676 850 2948 909 inhumata
2979 853 3365 922 nescientibus,
3385 855 3517 913 locis
3533 856 3759 915 demon-

2153 940 2337 997 stratis
2359 938 2746 1012 admonuisse,
2778 952 2835 999 ut
2876 944 2976 1000 sibi
3016 944 3290 1017 sepultura
3329 963 3448 1019 qum
3491 947 3757 1021 defuerat,

2154 1033 2507 1107 prmberetur.
2541 1035 2670 1096 [Ima
2698 1037 2743 1093 si
2775 1037 2905 1094 falsa
2924 1054 3044 1096 esse
3075 1041 3517 1113 responderimus
3571 1055 3764 1103 contra

2154 1127 2516 1198 quorumdam
2542 1129 2740 1201 scripta
2772 1128 3007 1188 fidelium
3039 1132 3266 1204 (utpote,
3303 1135 3535 1207 exempli
3563 1139 3758 1208 gratia,

2155 1219 2216 1275 S.
2276 1219 2547 1277 Ambrosii
2600 1220 2779 1279 Serm.
2822 1222 2890 1280 de
2951 1222 3264 1281 lnvcntione
3315 1240 3602 1297 corporum
3656 1227 3759 1287 SS.

2159 1308 2399 1368 Cervasii
2446 1323 2501 1368 et
2555 1311 2816 1381 Protasii,
2872 1322 2925 1372 et
2968 1314 3026 1371 S.
3074 1315 3298 1373 Luciani
3351 1317 3421 1374 de
3447 1317 3763 1381 lnvcntione

2122 1405 2135 1417 '
2159 1405 2406 1479 corporis
2432 1404 2613 1463 Sancti
2637 1406 2897 1478 Stephani
2923 1408 3338 1484 Protomartyris
3363 1453 3379 1481 ,
3406 1421 3462 1468 ct
3488 1413 3758 1487 aliorum)

2160 1509 2217 1561 et
2244 1509 2433 1558 contra
2461 1516 2649 1559 eorum
2675 1517 2870 1561 sensus
2900 1503 2991 1575 qui
3022 1504 3143 1560 talia
3175 1504 3277 1561 sibi
3320 1506 3583 1564 accidisse
3626 1523 3760 1565 con-

2162 1595 2398 1665 firmant,
2428 1596 2768 1668 impudenter
2789 1597 2972 1654 venire
3002 1597 3324 1655 videbimur.
3357 1600 3630 1672 Angelicis
3655 1588 3759 1674 igi-

2160 1695 2248 1745 tur
2296 1689 2698 1762 operationibus
2739 1689 2893 1758 ﬁeri,
2956 1691 3164 1763 inquit,
3214 1693 3579 1759 crediderim.
3645 1697 3763 1755 sive

2160 1781 2501 1852 permittatur
2520 1780 2771 1854 desuper,
2800 1783 2913 1839 sive
2937 1783 3206 1855 jubeatur.
3233 1783 3288 1840 Id
3315 1795 3492 1845 autem
3516 1788 3760 1860 aliquan-

2161 1871 2231 1927 do
2252 1872 2455 1929 utiliter
2480 1873 2559 1941 lit,
2584 1873 2699 1929 sive
2722 1874 2788 1930 ad
2813 1875 3056 1930 vivorum
3073 1876 3464 1950 qualecumque
3483 1880 3756 1953 solatium,

2162 1964 2278 2019 sive
2308 1970 2365 2018 ut
2392 1963 2475 2019 his
2498 1964 2955 2023 admonitionibus
2981 1969 3166 2038 generi
3194 1968 3429 2027 humano
3470 1974 3760 2044 sepultum

2161 2055 2574 2112 commendetur
2623 2058 2949 2115 humanitas.
3026 2060 3229 2117 Deinde
3292 2072 3415 2141 post
3469 2066 3651 2122 multis
3706 2067 3762 2127 in

2165 2158 2447 2220 utramque
2474 2159 2676 2221 partem
2697 2152 2966 2223 productis
2984 2155 3339 2226 argumentis,
3366 2157 3445 2215 sic
3470 2160 3759 2218 concludit:

2163 2239 2298 2297 Mitti
2322 2257 2535 2329 quoque
2556 2243 2623 2299 ad
2640 2245 2791 2301 vivos
2819 2246 3027 2318 aliquos
3049 2263 3118 2304 ex
3147 2251 3394 2320 mortuis,
3417 2252 3557 2310 sicut
3576 2269 3607 2311 e
3629 2270 3760 2313 con-

2162 2336 2331 2392 trario
2358 2337 2554 2394 Paulus
2573 2354 2641 2396 ex
2668 2339 2804 2397 vivis
2834 2342 2887 2397 in
2914 2342 3225 2414 paradisum
3248 2354 3434 2418 raptus
3458 2357 3559 2417 est,
3582 2349 3763 2407 divina

2163 2428 2446 2502 Scriptura
2476 2438 2722 2489 testatur.
2753 2432 2887 2491 Nam
2914 2433 3136 2493 Samuel
3167 2438 3434 2510 Propheta
3476 2440 3762 2500 defunctus

2164 2524 2288 2579 vivo
2341 2522 2489 2580 Sauli
2518 2524 2649 2598 Regi
2679 2524 2855 2583 futura
2894 2529 3457 2603 prmdixit(quamvis
3496 2536 3762 2605 nonnulli,

2166 2615 2307 2677 inter
2331 2631 2487 2688 quos,
2519 2618 2595 2673 uti
2619 2618 2730 2690 jam
2757 2619 2889 2688 dixi,
2922 2624 3123 2678 Auctor
3152 2633 3335 2680 noster
3361 2666 3377 2693 ,
3431 2639 3540 2681 non
3588 2628 3762 2699 ipsum

2164 2709 2351 2779 fuisse,
2381 2714 2471 2784 qui
2502 2715 2765 2785 potuisset
2792 2717 3016 2790 magicis
3043 2719 3249 2776 artibus
3276 2713 3641 2789 evocarifsed
3663 2723 3762 2780 ali-

2163 2819 2323 2875 quem
2353 2805 2602 2877 spiritum
2629 2816 2736 2864 tam
2756 2811 2911 2866 malis
2936 2812 3190 2882 operibus
3213 2824 3598 2886 congruentem
3621 2816 3762 2873 illius

2163 2896 2476 2953 existiment
2499 2898 2906 2957 similitudinem
2932 2900 3189 2973 ﬁgurasse
3216 2904 3257 2976 ),
3284 2920 3448 2976 quum
3488 2905 3624 2963 liber
3650 2907 3756 2964 Ec-

2164 2987 2516 3057 clesiasticus,
2553 3006 2714 3063 quem
2742 2992 2902 3051 Iesus
2926 2994 3067 3050 Illius
3081 2995 3272 3052 Siraeh
3289 2998 3573 3070 scripsisse
3592 3001 3759 3058 tradi-

2166 3087 2271 3146 tur,
2289 3088 2345 3136 et
2372 3090 2590 3151 propter
2614 3083 2810 3155 eloquii
2838 3086 3149 3142 nonnullam
3177 3088 3583 3148 similitudinem
3608 3091 3761 3150 Salo-

2166 3168 2341 3224 monis
2362 3168 2546 3239 (etiam
2561 3170 2630 3226 ab
2651 3171 2768 3242 ipso
2784 3171 3113 3231 Tertulliano
3137 3175 3357 3250 alicubi)
3372 3180 3762 3248 pronuntiatur,

2162 3259 2437 3318 contineat
2451 3261 2504 3318 in
2520 3263 2677 3321 laude
2688 3264 2902 3321 Patrum
2922 3264 3212 3342 (c.XLVl.)
3226 3270 3369 3341 quod
3379 3269 3593 3328 Samuel
3605 3271 3769 3329 etiam

2165 3365 2409 3413 mortuus
2428 3359 2844 3431 prophetaverit.
2867 3347 2975 3419 Sed
2988 3362 3032 3418 si
3054 3362 3178 3420 huic
3192 3364 3288 3420 lib.
3309 3380 3375 3422 ex
3395 3365 3760 3437 llebmeorum,

2163 3449 2287 3521 quia
2308 3451 2363 3506 in
2385 3465 2452 3508 eo
2471 3465 2576 3507 non
2599 3460 2703 3518 est,
2724 3452 3370 3526 Canonecontradicitur,
3387 3458 3517 3530 quid
3536 3460 3603 3516 de
3622 3459 3768 3518 Mose

2168 3542 2365 3601 dicturi
2387 3560 2595 3615 sumus,
2623 3547 2721 3623 qui
2735 3556 2883 3605 certe
2901 3558 2953 3605 et
2979 3548 3033 3604 in
3057 3549 3474 3609 Deuteronomio
3499 3563 3760 3623 mortuus,

2167 3647 2222 3692 et
2242 3636 2297 3692 in
2321 3609 2605 3710 Evangelia
2619 3609 2743 3695 cuin
2761 3639 2934 3710 Helia,
2949 3642 3040 3714 qui
3057 3653 3302 3700 mortuus
3328 3660 3433 3700 non
3458 3655 3540 3701 est
3552 3645 3571 3717 (
3583 3609 3767 3703 "alth

2167 3729 2381 3803 XVII),
2413 3731 2608 3802 legitur
2622 3734 2937 3804 apparuisse
2954 3735 3257 3793 viventibus
3277 3736 3301 3791 ‘i
3319 3736 3455 3794 Hinc
3476 3750 3529 3793 et
3544 3738 3633 3793 illa
3655 3739 3768 3794 sol-

2167 3823 2308 3877 vitur
2330 3825 2556 3894 quaestio
2576 3840 2810 3896 quonam
2839 3826 3001 3883 modo
3029 3826 3309 3901 Martyres,
3334 3830 3464 3900 ipsis
3487 3830 3764 3888 beneficiis

2167 3931 2289 3987 quae
2335 3915 2531 3973 dantur
2575 3919 2856 3975 orantibus
2909 3919 3150 3978 indicant
3192 3937 3254 3978 se
3294 3924 3560 3979 interesse
3608 3925 3767 3981 rebus

2170 4009 2460 4080 humanis,
2505 4013 2550 4068 si
2596 4004 2843 4070 nesciunt
2893 4016 3090 4072 mortui
3120 4015 3249 4087 quid
3276 4024 3437 4089 agant
3483 4016 3609 4074 vivi.
3649 4016 3768 4076 Non

2169 4106 2313 4162 enim
2364 4107 2495 4162 solis
2557 4106 2943 4167 beneficiorum
2998 4110 3316 4177 effectibus,
3365 4127 3550 4168 verum
3605 4112 3768 4170 etiam

2168 4197 2300 4270 ipsis
2345 4198 2624 4256 hominum
2667 4202 3011 4273 aspectibus,
3043 4202 3418 4260 Confessorem
3458 4204 3769 4276 apparuisse

2169 4290 2402 4348 Felicem
2445 4293 2634 4364 (quod
2671 4294 2846 4365 ipsum
2873 4295 3037 4352 etiam
3075 4296 3134 4353 S.
3166 4296 3419 4353 Paulinus
3471 4296 3769 4355 adtestatur

2168 4383 2420 4443 Carmine
2464 4387 2518 4442 in
2566 4387 2865 4461 Felicem),
2908 4405 3072 4462 quum
3120 4407 3150 4445 a
3196 4390 3447 4449 Barbaris
3488 4391 3621 4449 Nola
3671 4408 3771 4466 op-

545 4480 725 4537 Prima
753 4483 967 4555 quidem
996 4483 1134 4544 facie
1161 4487 1375 4546 videtur
1401 4489 1542 4547 istud
1567 4490 1915 4563 Paradoxon,
1968 4465 2537 4580 sedD'PllS'lal'ellﬂ'.
2594 4483 2934 4552 θυάίνίηιυευ
2993 4500 3098 4541 ηοη
3153 4486 3376 4543 incertis
3432 4489 3768 4557 rumoribus.

468 4573 580 4645 agit
628 4572 949 4633 Tertullian.
996 4593 1061 4635 ex
1110 4579 1357 4639 instituto
1393 4592 1580 4643 contra
1645 4585 1873 4643 Simoni;
1919 4572 2132 4662 Ματρί*
2170 4578 2268 4635 sed
2316 4580 2540 4636 testibus
2569 4581 2752 4637 certis.
2777 4580 2977 4637 Verum
3013 4581 3116 4638 ista
3140 4580 3398 4639 divinitus
3420 4584 3767 4663 exhibentur,

468 4664 771 4739 discipulos
795 4669 1081 4741 haereticos,
1109 4673 1196 4744 qui
1243 4675 1398 4731 etiam
1444 4674 1822 4748 Prophetarum
1866 4680 2065 4736 animas

467 4759 530 4814 ab
561 4761 740 4831 inferis
765 4778 961 4820 movere
985 4781 1039 4821 se
1067 4767 1404 4839 spondebant,
1432 4770 1576 4843 quod
1618 4786 1728 4829 non
1774 4772 1877 4829 nisi
1920 4790 2065 4830 men-

468 4851 616 4909 dacio
658 4852 712 4909 in
757 4857 929 4911 anima
965 4856 1222 4914 Samuelis
1270 4858 1560 4933 Pytltonico
1598 4864 1801 4936 spiritui
1840 4866 2064 4935 licuisse,

468 4944 531 5014 (Ι.
557 4943 684 5018 Reg.
695 4945 911 5024 XVIII.)
925 4949 1216 5022 ipsesentit
1232 4968 1246 5006 :
1264 4946 1365 5011 sed
1382 4956 1804 5029 transﬁguratum
1818 4957 2069 5016 Satanam

467 5037 709 5110 angelum
755 5039 883 5097 lucis
909 5053 928 5092 :
973 5041 1041 5100 de
1090 5059 1198 5117 quo
1240 5045 1402 5101 etiam
1428 5046 1564 5105 alios
1590 5048 1778 5106 Patres
1802 5051 2065 5123 quosdam

469 5128 748 5189 dubitasse
788 5134 985 5192 ibidem
1038 5136 1414 5196 adnotavimus
1465 5155 1619 5197 num.
1676 5140 1801 5200 658.
1866 5143 2068 5202 Deinde

468 5225 703 5297 seipsum
725 5226 956 5300 explicat
974 5229 1232 5303 adjiciens
1256 5250 1270 5290 :
1298 5232 1430 5288 nulli
1452 5234 1639 5291 animm
1657 5234 1845 5306 inferos
1866 5246 2061 5309 patere,

467 5316 629 5388 idque
652 5318 958 5391 adprobaris
984 5338 1050 5381 ex
1080 5322 1239 5381 dictis
1268 5325 1499 5383 Abrahae
1555 5327 1622 5384 ad
1651 5328 1874 5386 divitem
1910 5329 2061 5403 (Luc.

467 5409 657 5487 XVI.).
708 5414 883 5482 Quum
903 5416 1115 5477 interim
1154 5418 1387 5477 fateatur
1405 5422 1653 5492 quasdam
1669 5424 1865 5480 animas
1887 5425 1938 5480 in
1958 5441 2071 5481 cor-

465 5521 595 5578 pora
617 5505 710 5563 Dei
737 5508 918 5566 uirtute
942 5527 1090 5583 posse
1112 5516 1361 5580 reuocari,
1410 5515 1597 5589 quidni
1625 5526 1679 5573 et
1703 5532 1770 5573 ex
1812 5518 2067 5590 peculiari

463 5599 560 5657 Dei
602 5602 884 5678 privilegio
931 5614 1086 5662 extra
1115 5622 1310 5680 corpus
1334 5609 1495 5667 etiam
1520 5609 1806 5669 exhiberi?
1833 5614 2066 5671 maxime

458 5708 623 5765 quum
654 5694 760 5767 (de
785 5712 892 5770 quo
921 5697 1083 5755 etiam
1110 5700 1203 5769 ibi,
1237 5717 1388 5760 num.
1412 5703 1563 5774 615.)
1596 5706 1906 5778 exemplum
1957 5708 2051 5763 hac

460 5784 759 5862 beamusjn
788 5788 963 5848 Libris
986 5789 1413 5853 Macbabaeorum
1440 5796 1508 5856 de
1528 5798 1865 5871 apparitione
1898 5799 2049 5863 Oniae

2164 4673 2329 4747 longe
2368 4674 2524 4731 aliter
2550 4691 2711 4747 quam
2746 4691 2873 4732 sese
2899 4674 3058 4732 habet
3091 4677 3319 4734 usitatus
3339 4678 3505 4745 ordo,
3548 4680 3771 4752 singulis

2169 4775 2538 4823 creaturarum
2593 4767 2882 4839 generibus
2933 4768 3240 4826 attributus.
3303 4769 3617 4842 Quanquam
3670 4771 3771 4829 ista

2170 4861 2415 4931 quaestio,
2485 4860 2692 4931 inquit,
2757 4859 2901 4916 vires
2953 4860 3323 4933 intelligentiae
3371 4878 3506 4918 meae
3554 4864 3767 4930 vincat,

2170 4951 2623 5024 quemadmodum
2676 4953 3005 5026 opitulentur
3050 4954 3314 5027 Martyres
3365 4957 3449 5013 his
3492 4972 3630 5029 quos
3677 4973 3772 5029 per

2172 5060 2267 5103 eos
2293 5056 2500 5103 certum
2526 5053 2612 5103 est
2639 5046 2901 5119 adjuvari.
2943 5046 3052 5103 Res
3082 5046 3199 5104 htec
3226 5048 3385 5105 altior
3419 5060 3502 5105 est
3527 5066 3686 5121 quam
3716 5058 3772 5106 ut

2170 5151 2203 5193 a
2241 5152 2330 5194 me
2372 5139 2541 5209 possit
2582 5138 2804 5212 attingi,
2863 5148 2920 5197 et
2962 5140 3259 5199 abstrusior
3307 5157 3472 5213 quam
3522 5154 3578 5196 ut
3625 5158 3653 5195 τι
3685 5157 3771 5198 me

2174 5230 2350 5287 valeat
2389 5231 2755 5302 perscrutari;
2791 5240 2847 5287 et
2890 5231 3012 5289 ideo
3042 5231 3170 5304 quid
3203 5232 3394 5287 horum
3426 5232 3653 5291 duorum
3682 5234 3768 5301 sit,

2172 5343 2241 5385 an
2266 5342 2399 5386 vero
2443 5325 2689 5382 fortassis
2718 5336 3044 5399 utrumque,
3080 5334 3140 5382 ut
3181 5326 3468 5398 aliquando
3512 5326 3613 5383 ista
3644 5327 3773 5385 ﬁant

2174 5438 2271 5496 per
2296 5423 2465 5495 ipsam
2494 5421 2839 5493 praesentiam
2870 5420 3160 5495 Martyrum
3174 5460 3200 5493 ο,
3231 5419 3517 5492 aliquando
3551 5437 3644 5492 per
3672 5438 3770 5477 an-

2168 5519 2317 5595 gelos
2343 5515 2696 5588 suscipientes
2729 5529 3021 5588 personam
3050 5516 3344 5589 Martyrum
3366 5557 3382 5584 ,
3414 5514 3773 5599 delinire‘non

2170 5613 2342 5671 audeo
2374 5614 2626 5671 :mallem
2654 5628 2683 5668 a
2708 5612 3001 5670 scientibus
3028 5611 3126 5668 ista
3158 5611 3493 5684 perquirere,
3518 5627 3639 5683 qum
3660 5612 3768 5682 ipsa

2168 5708 2224 5765 in
2263 5706 2642 5780 compendium
2681 5706 2950 5763 contraxit
2989 5714 3178 5763 auctor
3225 5704 3348 5762 libri
3389 5704 3457 5762 de
3492 5704 3693 5777 Spiritu
3718 5712 3770 5760 et

2168 5804 2379 5874 Anima,
2412 5817 2532 5878 cap.
2550 5803 2641 5876 26,
2670 5802 2929 5862 exstantis
2954 5801 3092 5861 inter
3119 5815 3283 5876 opera
3307 5800 3366 5857 B.
3396 5798 3701 5874 Augustini.
