4106 6330
306 364 423 429 189

1557 341 1700 403 cun
1735 335 2081 405 numero
2116 334 2414 399 PAMELII.
2493 405 2502 413 ,

3510 325 3625 387 190

314 484 406 545 it.
446 477 676 543 Animos
704 471 984 543 hominum
1007 465 1276 540 pessimos
1303 469 1430 537 post
1454 468 1686 523 mortem
1716 458 1768 519 in
1793 457 1912 515 Dae-
1943 455 1995 520 Α
2021 453 2135 545 ejus
2158 452 2333 545 Opera
2358 447 2548 509 LXXV
2586 463 2600 516 ;
2628 446 2859 521 denique
2886 442 3127 503 adnotat.
3156 450 3367 505 nOStras
3394 440 3448 499 in
3477 439 3615 499 Ter-

311 628 317 642 .
388 585 577 635 manas
603 565 760 626 vorti.
783 564 846 622 S.
874 564 1119 637 August.,
1148 548 1277 613 librb
1315 554 1379 611 de
1399 554 1606 622 lateres,
1636 547 1915 619 ad‘Quod-

388 667 668 728 sulnleum.

389 801 534 860 Istud
564 795 895 872 paradoxum
924 807 1032 850 non
1074 799 1181 848 tam
1213 787 1546 847 Tertulliano
1574 782 1917 841 tribuendum

321 910 481 969 quam
514 886 962 952 Tertullianistis,
1008 898 1171 957 supra
1225 880 1605 938 adnotavimus
1641 876 1709 933 ad
1753 874 1918 932 ﬁnem

326 968 461 1046 Vita:
501 983 784 1048 Auctoris,
833 979 979 1052 quod
1029 977 1134 1033 illis
1171 975 1224 1032 id
1264 973 1580 1031 nominatim
1625 968 1920 1027 attribuant

324 1081 389 1137 Β.
420 1078 685 1142 Isidorus,
719 1073 1023 1140 Honorius,
1054 1070 1350 1127 Rbabanns
1394 1076 1450 1123 et
1492 1065 1781 1122 Gratianus
1805 1106 1820 1131 ,
1864 1062 1921 1118 in

326 1174 711 1233 [hereticorum
742 1167 1036 1240 Catalogis.
1067 1165 1185 1235 Quo
1230 1163 1310 1231 ﬁt,
1343 1170 1402 1218 ut
1453 1161 1618 1217 etiam
1665 1157 1806 1229 apud
1857 1152 1919 1212 Β.

328 1267 611 1342 Augustin.
630 1262 950 1322 censeamus
966 1260 1074 1333 legi
1097 1259 1299 1316 debere
1338 1257 1516 1311 dicunt
1537 1263 1591 1311 et
1618 1252 1778 1325 paulo
1804 1258 1925 1322 post

329 1362 561 1427 credunt,
584 1373 680 1432 pro
735 1356 859 1412 dicit
885 1365 940 1412 et
978 1354 1136 1410 credit
1177 1371 1191 1406 :
1227 1350 1464 1407 maxime
1491 1363 1613 1405 cum
1654 1345 1787 1403 nihil
1820 1346 1925 1401 tale

330 1455 568 1529 reperire
588 1453 660 1509 sit
682 1452 734 1509 in
762 1448 980 1522 scriptis
1000 1445 1352 1512 Tertulliani,
1390 1458 1568 1515 neque
1592 1441 1667 1498 illi
1692 1440 1919 1511 uspiam,

329 1551 427 1607 sed
455 1546 671 1619 Origeni
696 1543 970 1601 adscribat
1000 1540 1151 1597 Beati
1183 1536 1495 1610 Hieronymi
1535 1535 1705 1607 Epist.
1735 1532 1826 1591 59.
1858 1532 1927 1589 ad

329 1626 548 1701 Avifum
570 1682 584 1708 ,
612 1649 665 1696 et
692 1638 789 1695 lib.
811 1636 874 1694 ll.
903 1635 1026 1692 adv.
1056 1632 1257 1690 Rul‘ﬁn.
1292 1631 1367 1687 Ea
1397 1644 1525 1688 vero
1547 1637 1654 1686 tam
1695 1626 1926 1684 absurda

332 1745 436 1802 est,
461 1742 649 1791 utnon
679 1731 783 1787 alia
811 1727 1185 1786 confutatione
1210 1739 1345 1797 opus
1366 1724 1580 1792 habeat,
1603 1736 1760 1793 quam
1784 1719 1926 1793 quod

2020 544 2138 602 tull.
2165 543 2234 601 ad
2263 544 2558 617 fragmenta
2588 540 2683 597 lib.
2714 540 2782 596 de
2812 538 3015 609 Baptis.
3039 546 3094 595 et
3137 536 3191 595 in
3223 536 3344 594 Vita
3374 534 3620 608 ejusdem

2020 641 2181 699 etiam
2222 647 2408 695 nostra
2447 637 2514 693 ad
2560 651 2763 697 annum
2793 635 3005 692 Domini
3033 633 3160 691 201.
3189 632 3394 703 Quibus
3421 631 3621 705 adjicio

2021 749 2127 790 non
2153 732 2349 789 mirum
2368 729 2601 802 cuipiam
2624 728 2825 803 debere
2849 727 3043 796 videri,
3072 727 3115 784 si
3138 726 3465 799 Agrippinus
3495 740 3620 798 cum

2022 826 2133 885 suis
2156 824 2501 896 Coepiscopis
2528 823 2634 879 tale
2660 821 2938 879 decretum
2966 820 3034 877 de
3060 819 3394 891 baptizandis
3421 820 3508 887 iis,
3528 818 3624 892 qui

2022 934 2087 976 ex
2117 917 2310 976 haeresi
2353 916 2421 973 ad
2447 915 2781 974 Catholicam
2812 914 3222 972 revertebantur
3240 956 3256 980 ,
3280 913 3539 979 ediderit,
3566 920 3624 970 et

2023 1010 2247 1069 Tertull.
2287 1008 2489 1083 scripto
2519 1007 2708 1066 Graece
2737 1007 2850 1079 jam
2877 1006 3022 1062 dicto
3053 1005 3189 1062 libro
3215 1005 3618 1077 adprobaverit.

2023 1104 2158 1161 Nam
2186 1103 2423 1175 plerique
2449 1116 2618 1173 usque
2645 1099 2714 1157 ad
2743 1099 2795 1157 id
2820 1100 3079 1171 temporis
3108 1098 3368 1167 haeretici,
3392 1107 3483 1155 aut
3511 1113 3622 1154 non

2025 1195 2274 1253 eumdem
2306 1194 2579 1251 Christum
2619 1192 3013 1250 conﬁtebantur
3036 1234 3050 1259 ,
3082 1202 3240 1263 atque
3278 1190 3414 1247 adeo
3443 1191 3497 1247 in
3527 1189 3625 1248 lie-

2026 1291 2149 1364 gula
2204 1288 2327 1347 ﬁdei
2377 1288 2445 1345 ab
2493 1287 2767 1361 Apostolis
2815 1285 3008 1343 tradita
3060 1286 3255 1358 (quam
3300 1284 3626 1356 posteriores

2028 1384 2215 1447 Patres
2243 1381 2309 1438 ad
2352 1381 2492 1437 hunc
2523 1395 2694 1452 usque
2725 1378 2866 1436 diem
2898 1378 3211 1452 Symbolum
3247 1376 3371 1433 lidei
3397 1375 3625 1450 vocant)

2029 1491 2137 1537 non
2165 1474 2573 1541 conveniebant,
2597 1488 2759 1544 quum
2793 1482 2971 1535 tamen
3000 1471 3241 1529 solemne
3271 1484 3483 1541 semper
3509 1469 3627 1528 lue-

2029 1569 2121 1637 rit,
2153 1568 2424 1641 obsignare
2449 1566 2549 1638 (uti
2580 1567 2816 1638 loquitur
2845 1563 3080 1636 Auctor)
3109 1564 3262 1636 ﬁdem
3288 1564 3343 1619 in
3370 1562 3550 1632 Patre,
3579 1570 3630 1621 et

2032 1659 2210 1730 Filio,
2257 1670 2305 1716 et
2335 1659 2538 1731 Spiritu
2582 1658 2797 1724 Sancto,
2822 1658 3025 1731 adjecta
3066 1657 3348 1715 necessario
3384 1654 3631 1712 Ecclesia:

2032 1756 2314 1823 mentione,
2346 1754 2502 1810 sicuti
2531 1753 2690 1810 latius
2720 1752 2902 1810 videre
2947 1760 3064 1817 est,
3095 1751 3295 1807 Adnot.
3321 1751 3519 1809 nostris
3562 1749 3631 1807 ad

332 1827 557 1921 mles“
581 1824 799 1921 "omnia
823 1822 1075 1921 dum?”
1103 1821 1174 1921 .8“
1193 1861 1207 1884 ’
1386 1832 1414 1871 ³
1443 1815 1795 1921 ﬁ""'3'°"”!’s
1816 1814 1926 1917 33,!"
1956 1833 2005 1897 Β
2035 1850 2128 1909 lib.
2160 1848 2227 1906 de
2265 1814 2467 1921 Baptis.
2496 1863 2645 1903 num.
2672 1845 2725 1902 2.
2760 1846 2920 1902 inter.
2964 1814 3222 1917 Baptismi
3254 1842 3628 1915 caeremonias,

333 1919 512 1988 dictis,
541 1928 653 1974 tum
682 1930 712 1970 a
739 1913 899 1971 Sexta
940 1910 1177 1985 Synodo,
1209 1910 1310 1967 etsi
1353 1910 1510 1981 paulo
1536 1907 1838 1971 obscurius,
1870 1905 1925 1961 in

331 2012 561 2086 Origene
582 2020 637 2067 et
663 2009 782 2082 ejus
805 2006 1177 2079 complicibus,
1203 2006 1320 2060 Aet.
1344 2004 1434 2070 11,
1460 2002 1626 2073 Epist.
1654 2000 1924 2071 Sophron.

333 2104 660 2164 Patriarcha:
680 2100 1038 2171 HieroSolym.
1055 2098 1181 2155 Orta
1200 2098 1399 2169 quippe
1420 2112 1486 2152 ex
1509 2093 1747 2150 Platonis
1771 2091 1931 2148 sebo-

335 2202 412 2269 la,
437 2199 526 2270 qui
550 2197 634 2253 vel
654 2196 885 2252 Auctore
900 2201 1054 2258 teste,
1077 2192 1171 2247 lib.
1191 2190 1262 2247 de
1289 2190 1501 2254 Anima,
1527 2188 1689 2259 capit.
1717 2187 1808 2242 25.
1834 2184 1927 2241 24.

336 2303 393 2351 et
421 2291 511 2348 28.
544 2288 723 2345 aiebat
756 2286 963 2343 animus
990 2284 1114 2339 hinc
1141 2285 1193 2341 in
1221 2284 1387 2340 cados
1412 2281 1560 2337 abire
1604 2278 1745 2335 unde
1770 2272 1933 2335 rene-

333 2394 491 2452 rant,
523 2392 577 2441 et
601 2396 788 2438 rursus
816 2380 920 2436 huc
948 2379 1141 2434 redire.
1167 2375 1264 2434 Cui
1293 2377 1544 2433 nimirum
1571 2374 1699 2446 quid
1727 2372 1930 2428 tribue-

333 2481 467 2538 bant
498 2477 761 2549 Origenes
790 2485 845 2530 et
888 2473 1124 2529 barretici
1156 2471 1380 2543 reliqui,
1409 2479 1468 2525 nt
1493 2467 1833 2525 verissimum
1863 2464 1932 2540 sit

334 2573 482 2647 quod
509 2587 615 2627 non
641 2568 810 2627 semel
834 2569 1034 2623 Auctor
1058 2566 1274 2637 repetit,
1304 2563 1639 2618 Patriarcltas
1664 2559 1930 2616 hwretico-

333 2683 453 2722 rum
476 2681 582 2721 esse
608 2660 965 2731 Philosophos.
985 2659 1099 2715 imo
1126 2657 1269 2729 quod
1296 2656 1485 2712 eadem
1508 2654 1717 2711 ratione
1736 2666 1925 2724 seque-

335 2769 489 2817 retur
533 2757 703 2814 bonos
733 2754 977 2811 homines
1023 2752 1076 2807 in
1105 2750 1327 2821 angelos
1367 2747 1645 2815 converti,
1676 2758 1933 2818 expresse

338 2862 501 2924 negat
528 2852 665 2922 ipse.
697 2848 790 2905 Sic
817 2848 963 2903 enim
994 2845 1086 2901 lib.
1116 2844 1238 2900 adv.
1272 2842 1480 2898 Valent.
1517 2856 1636 2912 cap.
1664 2839 1755 2897 52.
1783 2854 1932 2894 num.

343 2945 452 3002 562
473 2963 487 3000 :
510 2943 576 3000 Et
604 2953 770 2998 tamen
797 2940 922 2996 illuc
951 2940 1108 2994 habeo
1134 2938 1405 3002 devertere,
1424 2935 1508 2990 ubi
1537 2945 1648 3006 post
1677 2949 1935 2990 excessum

341 3040 548 3095 omnino
578 3053 681 3093 non
723 3036 932 3090 nubitur
952 3074 968 3099 ,
1009 3033 1093 3088 ubi
1120 3030 1419 3104 superindui
1447 3029 1615 3101 potius
1642 3043 1797 3099 quam
1816 3025 1934 3081 des-

343 3131 560 3205 poliari,
593 3130 675 3184 ubi
706 3129 797 3184 etsi
827 3126 1087 3199 despolior
1126 3125 1271 3180 sexui
1296 3139 1427 3188 meo,
1463 3123 1677 3193 deputar
1718 3117 1934 3193 angelis,

343 3243 448 3282 itan
474 3225 681 3296 angelus
706 3231 794 3277 aut
823 3220 1024 3293 angelo.
1055 3218 1298 3290 Denique
1321 3217 1359 3271 l.
1389 3215 1456 3272 de
1484 3216 1675 3271 Anima
1700 3229 1820 3285 cap.
1844 3212 1934 3269 56.
1963 3205 2010 3275 C

328 3336 494 3377 1mm.
513 3318 638 3375 622.
656 3334 761 3374 non
779 3316 1093 3388 angelorum
1112 3312 1464 3370 substantiam
1491 3310 1797 3367 hominibus
1827 3308 1942 3380 pol-

342 3415 558 3482 licetur,
587 3413 683 3470 sed
743 3414 1021 3484 perfectum
1066 3406 1198 3463 illud
1227 3406 1296 3460 ad
1324 3405 1569 3478 angelica:
1614 3401 1941 3473 plenitudinis

344 3523 640 3564 mensuram
669 3515 1013 3576 temperatum.
1036 3500 1238 3558 Deinde
1267 3500 1360 3556 lib.
1391 3498 1460 3554 de
1487 3498 1679 3553 Resur.
1712 3510 1859 3552 caro.
1888 3509 1939 3551 c.

344 3601 437 3658 62.
459 3614 608 3656 num.
632 3597 771 3668 428:
797 3596 1042 3668 Denique,
1061 3595 1250 3665 inquit,
1270 3609 1372 3647 non
1393 3592 1543 3656 dixit,
1570 3589 1737 3644 Erunt
1753 3588 1941 3659 angeli,

347 3715 413 3753 ne
454 3696 684 3751 homines
723 3701 943 3765 negaret,
975 3691 1082 3755 sed,
1107 3688 1370 3759 Tanquam
1407 3684 1599 3757 angeli,
1620 3693 1677 3738 ut
1718 3682 1946 3736 homines

352 3789 643 3860 denegaret.
675 3784 800 3839 Non
825 3783 1032 3838 abstulit
1071 3780 1409 3838 substantiam
1452 3778 1534 3832 cui
1560 3774 1947 3831 similitudinem

350 3882 597 3938 attribuit.
628 3880 806 3946 Quare
833 3878 963 3934 satis
992 3877 1174 3932 mirari
1204 3889 1415 3945 nequeo
1445 3871 1625 3946 (sicuti
1654 3870 1818 3924 etiam
1847 3867 1945 3923 ad-

334 3973 536 4043 notavi
557 3972 623 4028 ad
652 3970 746 4027 lib.
774 3971 867 4028 lll.
901 3969 1022 4024 adv.
1052 3967 1353 4038 Marc.cap.
1382 3965 1441 4020 9.‘
1471 3979 1619 4019 num.
1653 3959 1769 4034 68.)
1808 3960 1944 4016 Gui-

352 4070 550 4127 donem
567 4066 909 4125 Carmelitam
933 4064 1025 4120 lib.
1051 4062 1121 4118 de
1145 4062 1352 4118 limes.
1375 4074 1493 4131 cap.
1517 4056 1950 4114 56.Tcrtulliano

353 4175 640 4234 utramque
686 4160 827 4217 hanc
871 4157 1120 4213 ltmrcsim
1174 4154 1518 4220 adscribere,
1570 4167 1705 4225 quas
1751 4151 1953 4207 rectius

355 4254 675 4313 Pliilastrius
700 4254 794 4310 lib.
815 4251 883 4309 de
909 4252 1138 4315 Haeres”
1159 4265 1257 4321 cap
1272 4289 1284 4303 .
1310 4247 1401 4305 56.
1429 4248 1569 4304 inter
1594 4246 1955 4303 innominatas

353 4350 485 4409 sine
501 4355 721 4405 auctore
746 4356 894 4405 certo
924 4345 1174 4403 collocat.

359 4464 451 4522 te.
481 4462 557 4522 De
580 4461 919 4534 baptizandis
943 4459 1235 4527 btereticis,
1265 4442 1332 4517 eo
1359 4456 1502 4531 quod
1528 4454 1668 4527 apud
1694 4454 1819 4511 illos
1842 4468 1957 4507 om-

2033 1951 2086 1997 et
2110 1955 2232 2013 cap.
2255 1939 2307 1997 6.
2335 1957 2389 1999 n.
2418 1940 2507 1996 15.
2530 1938 2621 1995 46.
2652 1954 2716 1994 ac
2741 1939 2831 1994 17.
2861 1936 3027 1994 Certe
3054 1935 3247 1993 eodem
3278 1935 3439 1992 modo
3467 1936 3631 1991 inter-

2035 2046 2272 2110 pretatnr
2298 2033 2522 2093 Carolus
2571 2033 2767 2091 Bavius
2801 2038 2992 2103 Apost.
3036 2045 3300 2087 canonem
3358 2030 3447 2086 47.
3480 2039 3535 2085 et
3573 2030 3628 2086 5.

2033 2130 2297 2187 Clement.
2351 2127 2579 2186 Romani
2629 2127 2858 2184 Constit.
2916 2127 3102 2198 Apost.
3153 2124 3243 2181 lib.
3287 2123 3342 2180 6.
3385 2139 3504 2197 cap.
3538 2123 3628 2180 15.

2038 2224 2173 2281 llinc
2198 2234 2251 2279 et
2273 2222 2524 2296 Synodus
2550 2220 2768 2279 Nicanna
2799 2220 2846 2275 l.
2877 2217 3011 2277 Can.
3049 2217 3137 2275 19.
3170 2217 3485 2289 etejusdem
3513 2224 3635 2273 mta-

2040 2320 2105 2377 tis
2133 2317 2338 2389 Synod.
2363 2315 2664 2373 Laodiceae
2691 2312 2754 2372 C.
2778 2312 2831 2369 8.
2858 2321 2914 2369 et
2939 2310 3146 2368 Concil.
3181 2309 3386 2366 Arelat.
3411 2308 3468 2368 2.
3500 2309 3632 2366 Can.

2036 2412 2124 2467 17.
2178 2408 2534 2466 Paulianistas
2589 2416 2643 2463 et
2697 2403 3065 2478 Catapbrygas
3115 2402 3373 2474 baptizari
3435 2401 3635 2458 debere

2034 2503 2266 2570 deﬁnit,
2296 2502 2511 2575 quibus
2533 2497 2680 2557 addit
2722 2496 2925 2573 Synod.
2957 2495 3019 2551 ll.
3050 2495 3636 2567 Constantinopolimna

2035 2596 2168 2653 Can.
2201 2596 2255 2650 7.
2286 2592 2685 2657 Eunomianos,
2720 2589 3055 2646 Sabellianos
3096 2596 3152 2645 et
3192 2586 3409 2644 Galatas
3455 2585 3636 2642 haere-

2038 2688 2207 2755 ticos;
2232 2684 2486 2758 Synodus
2516 2683 2746 2754 denique
2780 2679 2867 2736 \‘l.
2889 2680 2942 2737 in
2973 2677 3157 2736 Trullo
3182 2675 3641 2744 celebrata,Mani-

2040 2780 2242 2843 chaeos.
2267 2777 2670 2836 Valentinianus
2691 2817 2707 2843 ,
2738 2772 3106 2830 Marcionistas
3128 2783 3183 2829 et
3212 2770 3434 2827 similes.
3478 2769 3639 2842 Atqui

2038 2883 2282 2946 tempore
2319 2868 2633 2928 Tertulliani
2677 2866 3016 2939 potissimum
3057 2864 3322 2922 ﬂorebant
3358 2862 3637 2937 Hernmge-

2039 2967 2181 3023 niani
2218 2965 2389 3043 (quos
2427 2962 2618 3020 eadem
2650 2975 2773 3016 cum
2803 2948 3166 3016 Praxeanistis
3210 2958 3443 3014 sensisse
3480 2937 3648 3014 tradit

2037 3058 2096 3118 ὃ.
2125 3060 2353 3131 August.
2384 3055 2480 3112 lib.
2514 3054 2583 3110 de
2613 3053 2817 3110 llaeres.
2848 3068 2968 3125 cap.
3000 3052 3093 3108 41.
3121 3050 3214 3109 44.
3247 3059 3301 3108 et
3330 3051 3467 3123 45.),
3500 3049 3639 3108 Pra-

2039 3153 2225 3221 xeani,
2256 3150 2627 3223 Catapliryges,
2669 3146 3044 3214 Valentiniani,
3073 3144 3413 3212 Marcionita,
3441 3154 3495 3203 et
3523 3144 3640 3216 ejus

2042 3247 2265 3306 asseclae
2286 3243 2612 3318 Apelletiani,
2636 3241 2867 3316 denique
2889 3250 2944 3298 et
2991 3239 3426 3310 Quintillianistce,
3454 3247 3641 3296 contra

2031 3343 2181 3415 'quos
2212 3355 2278 3396 ex
2309 3326 2555 3411 professo
2604 3336 2826 3395 latinum
2857 3333 3053 3391 librum
3072 3374 3089 3403 ,
3119 3347 3185 3391 ex
3214 3349 3317 3407 quo
3350 3330 3644 3405 fragmenta

2047 3437 2170 3495 libri
2222 3437 2395 3507 graeci
2420 3433 2704 3503 desumpta
2745 3437 2906 3499 sunt,
2937 3443 3056 3501 quae
3089 3427 3159 3484 de
3193 3426 3396 3496 Baptis.
3444 3427 3647 3483 Auctor

2047 3528 2388 3599 conscripsit.
2433 3527 2513 3582 De
2542 3525 2646 3580 illis
2671 3538 2859 3581 verum
2886 3531 2970 3579 est
3005 3519 3140 3579 illud
3167 3514 3417 3577 Auctoris
3448 3518 3544 3574 lib.
3577 3517 3648 3574 de

2050 3621 2246 3680 Praesc.
2274 3619 2398 3677 adv.
2431 3620 2645 3677 bmret.:
2680 3615 2834 3689 Apud
2858 3616 2977 3672 illos
2994 3614 3164 3670 omnia
3186 3622 3427 3668 extranea
3452 3621 3498 3667 ct
3527 3627 3649 3668 con-

2050 3716 2211 3771 traria
2232 3723 2418 3770 nostra:
2446 3712 2660 3776 veritati,
2677 3721 2732 3769 et
2758 3708 2887 3767 illud
2916 3708 3006 3765 lib.
3030 3706 3097 3763 de
3116 3705 3342 3777 Baptis.:
3367 3702 3489 3759 Non
3510 3704 3646 3759 idem

2053 3807 2191 3865 Deus
2224 3805 2481 3863 est'nobis
2524 3814 2570 3861 et
2614 3804 2750 3870 illis,
2797 3818 2887 3856 nec
2925 3800 3059 3856 idem
3104 3798 3371 3865 Christus,
3417 3799 3531 3879 ideo
3560 3813 3651 3853 nec

2052 3900 2348 3974 baptismus,
2378 3899 2499 3971 quia
2525 3913 2627 3954 non
2652 3895 2804 3952 idem.
2841 3892 2995 3965 Quod
3024 3893 3153 3948 satis
3179 3899 3387 3948 constat
3416 3889 3484 3946 de
3513 3889 3652 3945 lier-

2053 3994 2411 4068 mogenianis,
2442 3989 2754 4057 Praxeanis,
2786 3985 3235 4061 Cataplirygibus,
3267 3993 3321 4040 et
3348 3980 3655 4055 Quintillia-

2054 4087 2210 4146 nistis
2232 4127 2247 4154 ,
2277 4085 2365 4158 qui
2394 4094 2486 4143 aut
2514 4083 2724 4141 unicam
2754 4080 3119 4155 agnoscebant
3144 4077 3197 4134 in
3228 4076 3434 4134 Deitatc
3462 4088 3653 4151 perso-

2056 4196 2201 4249 nam,
2236 4190 2329 4237 aut
2354 4176 2738 4251 Patripassiani
2768 4174 3004 4232 luerunt.
3047 4173 3124 4229 De
3149 4169 3474 4228 Marcionitis
3495 4210 3510 4237 ,
3545 4167 3655 4225 Va-

2057 4277 2386 4345 leutinianis,
2410 4283 2466 4334 et
2493 4270 2845 4345 Apelletianis
2863 4310 2880 4336 ,
2910 4267 2992 4324 vel
3019 4267 3134 4339 ipse
3163 4265 3390 4337 August.
3420 4261 3648 4336 dubitat,

2058 4373 2153 4431 lib.
2181 4369 2270 4429 Ill.
2301 4369 2369 4426 de
2399 4365 2648 4440 Baptist.,
2674 4377 2794 4435 cap.
2830 4361 2918 4418 15.
2938 4374 3011 4417 an
3039 4357 3219 4415 verbis
3248 4353 3583 4427 Evangelicis
3600 4352 3657 4409 in

2061 4466 2279 4522 nomine
2303 4462 2475 4518 Patris
2499 4468 2554 4516 et
2576 4458 2696 4514 Filii
2717 4466 2771 4512 et
2786 4454 3017 4527 Spiritus
3037 4449 3219 4509 Sancti
3242 4446 3654 4520 baptizavcrint,

431 4559 518 4653 illa
542 4556 752 4653 νθπξιθιί
781 4554 1113 4653 θξίΐαῑιθδῖει
1145 4553 1434 4653 οο-ηέΐθεδεὶ·
1469 4549 1619 4653 ἴθἠι
1658 4549 1747 4606 ιη-
1777 4549 1864 4605 ml-
1897 4548 1960 4602 αθ
1982 4584 2037 4653 D
2062 4577 2127 4617 eo
2144 4559 2285 4631 quod
2308 4556 2448 4613 etde
2469 4555 2577 4610 Deo
2622 4552 2763 4609 etde
2786 4549 3000 4607 Christo
3021 4546 3161 4602 male
3180 4544 3466 4603 senserint.
3483 4543 3662 4609 Quare

440 4650 739 4721 Prwscript.
764 4648 882 4703 adu.
909 4648 1089 4702 lta'ret.
1117 4662 1169 4703 ε.
1200 4643 1288 4705 12.
1318 4660 1407 4700 nu.
1432 4641 1521 4701 78.
1559 4660 1639 4699 ac.
1671 4641 1762 4700 80.
1792 4651 1837 4697 et
1864 4640 1954 4695 lib.

434 4745 498 4803 de
537 4742 739 4828 Bautis.
785 4758 834 4799 ε.
866 4742 954 4801 15.
1000 4757 1054 4795 rt.
1088 4738 1212 4798 106.
1245 4736 1389 4795 Tum.
1422 4735 1478 4793 4.
1508 4736 1639 4791 inter
1677 4735 1963 4807 fragmenta

434 4837 524 4894 lib.
548 4826 611 4894 de
636 4835 835 4909 Baptis.
861 4832 1049 4902 (ἕτεροί,
1077 4831 1226 4887 Τοιη.
1251 4831 1304 4888 5.
1331 4829 1419 4885 lib.
1443 4829 1505 4884 de
1520 4827 1707 4884 Pudic.
1736 4843 1853 4899 cap.
1871 4826 1961 4882 19.

435 4947 576 4986 num.
608 4927 734 4985 162.

438 5048 515 5104 De
544 5046 647 5102 hoc
666 5042 941 5116 Agrippini
962 5038 1439 5112 Carthaginiensis,
1463 5036 1800 5107 aliorumque
1820 5032 1963 5090 Coe-

365 5142 733 5214 piscqporum,
761 5147 812 5195 et
841 5134 1179 5201 Tertulliani,
1204 5147 1268 5189 ac
1295 5130 1635 5205 postmodum
1667 5128 1966 5201 S.Cypria-

367 5237 458 5303 ni,
490 5235 823 5304 aliorumque
856 5228 1055 5286 Africa:
1101 5237 1153 5284 et
1181 5224 1532 5298 Cappadociae
1576 5223 1965 5297 Episcoporum

366 5328 674 5395 Paradoxo,
704 5314 785 5383 ne.
798 5325 892 5382 hic
918 5324 1020 5381 sim
1047 5321 1333 5394 prolixior,
1361 5318 1538 5374 videat
1562 5318 1757 5374 Lector
1776 5316 1964 5371 Adno-

369 5433 465 5480 tat.
495 5431 708 5481 nostras
730 5421 781 5477 in
804 5420 976 5492 Epist.
1006 5418 1062 5473 S.
1083 5414 1333 5489 Cypriani
1352 5412 1511 5469 LXX.
1540 5411 1608 5469 ad
1633 5411 1966 5477 Januarium,

266 5590 273 5599 .
369 5516 559 5576 LXXI.
592 5516 661 5573 ad
689 5515 967 5587 Quintum,
999 5509 1193 5568 LXXII
1215 5552 1229 5577 ,
1257 5509 1323 5564 ad
1351 5506 1702 5580 Stephanum,
1733 5502 1967 5562 LXXIII.

367 5613 438 5670 ad
465 5611 822 5678 Jubaianum,
868 5605 1105 5663 LXXIV.
1151 5602 1216 5659 ad
1259 5602 1610 5675 Pompeium,
1642 5610 1696 5657 et
1734 5596 1969 5655 LXXVI.

368 5707 437 5765 ad
465 5707 739 5778 Magnum;
759 5704 887 5760 item
925 5700 1220 5758 Concilium
1246 5695 1697 5770 Carthaginiense
1726 5693 1828 5749 sub
1854 5693 1971 5763 ipso

368 5800 722 5867 celebratum;
753 5806 807 5854 et
836 5795 1013 5851 Vitam
1036 5793 1279 5865 ejusdem
1310 5791 1377 5848 ad
1401 5804 1573 5849 annos
1602 5786 1813 5845 Domini
1832 5784 1964 5842 252.

370 5911 433 5954 ac
460 5893 569 5951 256
594 5910 609 5961 ;
638 5894 766 5952 item
806 5890 1103 5950 Firmiliani
1149 5888 1215 5946 ad
1256 5885 1421 5961 Cypr.
1466 5882 1764 5959 Epistolam
1815 5880 1956 5939 inter

2064 4667 2119 4713 et
2141 4655 2295 4711 nobis
2316 4651 2489 4727 (sicuti
2509 4649 2575 4705 de
2590 4646 2858 4705 Paulianis
2880 4644 3063 4699 scribit
3086 4641 3145 4697 B.
3169 4635 3415 4711 August.)
3438 4634 3662 4693 credere

2065 4753 2189 4807 licet
2239 4764 2333 4805 eos
2359 4747 2599 4819 regulam
2626 4741 2959 4816 baptismatis
2985 4754 3089 4793 non
3120 4734 3377 4798 tenuisse,
3406 4740 3460 4787 et
3489 4728 3662 4803 (juxta

2066 4843 2207 4916 quod
2244 4843 2534 4913 loquuntur
2559 4837 2614 4892 2.
2648 4847 2701 4893 ct
2743 4834 2795 4891 6.
2826 4830 3090 4906 Synodis)
3125 4829 3177 4883 in
3209 4839 3369 4883 unam
3404 4822 3664 4877 duntaxat

2068 4940 2392 4999 mersionem
2428 4926 2750 5007 baptizasse’.
2797 4930 3112 4999 Quanquam
3142 4920 3353 4978 interim
3391 4916 3451 4972 S.
3481 4916 3662 4986 Angu-

2066 5038 2259 5102 stinus,
2293 5031 2386 5087 lib.
2420 5028 2474 5085 6.
2505 5027 2573 5084 de
2593 5026 2746 5099 Bapt.
2771 5037 2891 5094 cap.
2908 5020 3002 5084 25,
3029 5018 3189 5073 etiam
3235 5013 3384 5069 illum
3408 5025 3505 5082 pro
3535 5021 3665 5064 vero

2070 5126 2335 5199 baptismo
2353 5129 2628 5195 agnoscat,
2647 5117 2799 5188 cujus
2824 5112 3073 5185 precibus
3092 5105 3334 5179 quaedam
3355 5104 3663 5160 inseruntur

2069 5192 2256 5278 contra
2274 5192 2592 5273 catholicam
2616 5211 2772 5267 ﬁdem
2794 5249 2809 5275 ,
2828 5201 3119 5288 dummodo
3146 5197 3323 5256 verbis
3344 5192 3665 5266 evangelicis

2074 5319 2438 5368 consecretur.
2463 5311 2638 5377 Atque
2660 5301 2795 5358 adeo
2818 5296 2885 5353 ad
2909 5285 3099 5352 similia
3121 5292 3176 5350 S.
3204 5288 3450 5362 Cypriani
3477 5285 3665 5352 verba,

2072 5404 2249 5478 qualia
2270 5400 2503 5458 auctoris
2518 5441 2534 5467 ,
2557 5412 2625 5454 eo
2645 5391 2788 5468 quod
2812 5392 2863 5446 in
2885 5401 3083 5465 genere
3110 5400 3173 5441 ea
3202 5380 3453 5455 allegavit
3477 5388 3668 5435 contra

2076 5471 2359 5555 haereticos
2415 5507 2641 5558 omnes,
2704 5483 3017 5542 Antidotum
3069 5477 3262 5534 aﬁ'erre
3323 5474 3464 5531 solet
3518 5471 3669 5528 libris

2076 5601 2282 5664 septem
2311 5587 2379 5645 de
2408 5585 2682 5656 Baptismo
2713 5587 2900 5635 contra
2927 5572 3231 5655 Donatistas
3251 5611 3265 5636 ,
3295 5567 3385 5640 qui
3426 5564 3670 5621 omnium
3728 5608 3741 5621 .

2075 5656 2450 5746 haereticorum
2479 5678 2742 5752 baptisma
2773 5670 3174 5748 impugnabant.
3215 5660 3483 5735 Imprimis
3512 5656 3581 5713 ad
3611 5656 3667 5713 id

2074 5782 2218 5859 quod
2232 5781 2435 5839 dictum
2459 5785 2542 5834 est
2560 5792 2571 5830 :
2592 5772 2898 5846 baptismum
2915 5781 3069 5822 unum
3089 5777 3216 5828 esse,
3234 5767 3280 5815 et
3307 5753 3666 5859 hereticorum

2074 5841 2379 5947 baptismum
2400 5867 2616 5928 veritatis
2636 5841 2738 5924 non
2757 5878 2882 5931 esse,
2905 5856 3049 5934 quod
3068 5854 3229 5914 habet
3254 5850 3347 5910 lib.
3375 5846 3443 5906 de
3462 5845 3540 5904 Pu
3550 5841 3660 5900 dic.
