4082 6346
510 339 609 400 191

1704 348 2078 410 PARADOXA
2117 351 2581 414 TERTULLIANI

3708 359 3817 420 192

510 455 697 526 ΙίὺίΠ.
722 472 771 516 e.
799 460 854 517 5.
881 459 1169 553 respondet
1189 468 1242 518 et
1264 460 1323 520 8.
1351 463 1512 537 Aug,
1537 464 1628 522 lib.
1659 467 1714 524 5.
1744 482 1796 524 c.
1818 467 1910 525 21.
1939 477 1993 526 et
2015 469 2107 528 29.
2135 470 2191 533 A
2214 482 2429 545 oportet
2467 474 2776 535 humanitus
2805 476 2892 535 hic
2913 477 3113 551 aliquid
3139 479 3366 538 Auctori
3394 478 3608 553 illisque
3633 483 3811 540 conti-

509 546 604 605 lib.
637 549 691 607 6.
722 565 843 621 cap.
875 550 929 607 8.
961 551 1015 608 9.
1048 551 1138 609 12.
1170 555 1258 612 15.
1289 555 1369 612 Ad
1393 554 1522 613 illud
1551 575 1566 613 :
1610 557 1779 615 Nemo
1821 560 1941 617 inde
1981 564 2111 619 strui

510 650 674 711 potest
701 633 839 697 unde
861 642 1139 700 destruitur
1160 661 1180 701 :
1215 647 1382 704 Nemo
1412 648 1475 703 ab
1500 666 1557 705 eo
1584 651 1925 721 illuminalvr,
1953 671 1987 708 a
2012 671 2110 722 quo

514 734 924 803 contenebratur,
956 735 1052 793 lib.
1072 738 1128 794 4.
1161 753 1280 811 cap.
1308 740 1396 797 11.
1423 740 1510 798 12.
1541 744 1630 800 15.
1660 743 1750 801 ﬂ.
1780 744 1869 801 15.
1897 745 1985 800 16.
2018 746 2108 803 17.

471 840 477 847 ·
511 825 669 883 siculi
699 828 867 885 etiam
903 830 971 886 ad
1012 831 1096 888 illa
1135 834 1437 906 supradicta
1471 855 1485 892 :
1526 835 1651 894 Non
1688 839 1824 894 idem
1862 839 1999 896 Deus
2036 851 2110 898 est

506 920 652 977 nobis
671 931 718 976 et
739 923 864 985 illis.
888 941 980 981 nec
998 926 1133 983 idem
1154 928 1405 996 Christus,
1431 931 1562 989 ibid.
1585 945 1639 990 et
1666 934 1758 991 lib.
1783 936 1838 992 5.
1869 952 1989 1008 cap.
2010 938 2103 995 26.

508 1010 590 1068 Ad
622 1012 747 1069 illud
775 1032 788 1068 :
819 1015 973 1086 Apud
997 1016 1263 1075 htereticos
1284 1030 1525 1078 extranea
1544 1034 1631 1078 aut
1656 1026 1949 1083 adversaria
1976 1030 2108 1084 veri-

508 1104 602 1159 tati
629 1108 822 1174 omnia,
851 1108 943 1165 lib.
973 1110 1026 1166 6.
1060 1126 1180 1183 cap.
1211 1113 1301 1170 40.
1331 1114 1414 1173 Ad
1442 1116 1571 1173 illud
1598 1116 1868 1191 denique:
1897 1119 2107 1192 Baptis-

508 1204 671 1265 mum;
687 1216 844 1271 quum
872 1201 969 1256 rite
989 1219 1093 1260 non
1110 1205 1349 1274 habeant,
1369 1224 1458 1262 nec
1485 1221 1693 1278 possunt
1709 1213 1956 1283 accipere,
1984 1215 2108 1282 quia

515 1306 621 1345 non
672 1290 890 1357 habent,
920 1293 1013 1349 lib.
1043 1295 1096 1349 7.
1116 1310 1235 1368 cap.
1265 1296 1357 1354 ‘29.
1387 1300 1479 1356 55.
1505 1290 1600 1357 55.
1631 1309 1685 1357 et
1711 1301 1801 1357 47.
1839 1303 2104 1363 (Σωιετυιη

510 1382 612 1440 hoc
637 1401 798 1441 unum
831 1386 918 1444 hic
948 1391 1329 1460 repetendum,
1363 1394 1505 1465 quod
1547 1395 1775 1452 fateatur
1803 1413 1909 1454 non
1940 1401 2108 1459 semel

507 1477 874 1550 Augustinus,
918 1497 1090 1554 neque
1129 1485 1520 1556 Agrippinum,
1566 1504 1739 1560 neque
1779 1490 2105 1563 Cyprianum

500 1584 630 1628 cum
669 1574 783 1629 suis
816 1575 1110 1632 emissuros
1158 1577 1323 1635 fuisse
1372 1576 1655 1637 Decretum
1702 1592 1807 1638 tam
1856 1586 2107 1653 generale

507 1662 767 1721 adversus
809 1666 1184 1724 litereticorum
1216 1671 1579 1741 baptismum,
1613 1674 1657 1729 si
1699 1675 1897 1746 aliquid
1927 1678 2106 1750 aliquo

508 1755 749 1815 Concilio
777 1761 1015 1830 plenario
1036 1762 1312 1820 definitum
1341 1765 1556 1836 fuisset,
1584 1769 1739 1825 siculi
1768 1781 1983 1842 postea,
2012 1791 2105 1831 ex-

2213 568 2379 641 gisse.
2396 569 2575 639 Quare
2599 573 2797 639 rectius
2815 573 2988 631 Clem.
3006 573 3326 645 Alexandr.,
3345 574 3446 633 sub
3464 574 3624 634 ﬁnem
3650 576 3745 634 lib.
3764 578 3807 635 I.

2213 662 2444 729 Strom.,
2469 665 2667 723 Euseb.
2700 667 2753 723 in
2776 666 3001 734 Chron.,
3023 667 3282 725 Jornand.
3305 670 3356 726 in
3382 669 3577 727 Annal.
3602 670 3809 729 Honor.

2214 753 2360 813 Beda
2385 798 2400 823 ,
2432 756 2721 829 Nicephor.
2752 760 2807 815 in
2849 759 3053 818 Chron.
3109 777 3250 819 anno
3287 762 3486 821 Tiberii
3538 763 3627 820 l8.
3690 780 3813 837 pas-

2213 860 2334 903 sum
2361 846 2637 906 Christum
2666 852 2942 921 scribunt,
2971 855 3145 911 :etatis
3192 870 3387 928 nempe
3433 872 3545 913 suae
3577 859 3669 917 55.
3697 858 3809 931 jam

2212 939 2447 1011 incepto.
2474 941 2549 998 De
2571 944 2849 1002 consulatu
2869 962 2976 1018 quo
2993 949 3172 1020 passio
3196 948 3396 1005 Christi
3426 951 3670 1023 contigit,
3701 967 3808 1009 non

2210 1032 2283 1088 ita
2310 1036 2637 1092 conveniunt
2689 1053 2896 1096 omnes.
2929 1039 2988 1097 8.
3030 1044 3166 1113 Aug.
3200 1041 3293 1098 lib.
3320 1042 3507 1099 XVIII.
3533 1042 3603 1100 de
3647 1042 3806 1102 Civit.

2210 1125 2329 1194 Dei,
2362 1143 2413 1183 c.
2447 1128 2570 1198 uIt.,
2600 1138 2657 1187 et
2695 1130 2929 1188 Severus
2959 1133 3216 1205 Sulpitius
3244 1135 3382 1192 Hist.
3411 1152 3578 1194 sacra:
3606 1137 3701 1194 lib.
3735 1137 3805 1196 II.

2210 1217 2456 1278 fortassis
2480 1224 2800 1281 auctoritate
2821 1225 2966 1283 ducti
2991 1226 3328 1296 Tertulliani,
3353 1244 3459 1284 non
3486 1230 3807 1288 examinatis

2211 1311 2388 1370 Fastis
2415 1314 2800 1375 Consularibus
2821 1361 2835 1384 ,
2878 1320 2978 1375 sub
3002 1319 3215 1377 duobus
3240 1321 3480 1382 Geminis
3514 1323 3802 1392 collocant,

2211 1404 2367 1462 sicuti
2392 1408 2550 1464 etiam
2578 1412 2928 1483 suprascripti
2979 1414 3101 1469 loco
3151 1413 3314 1485 priori
3355 1415 3640 1472 Auetores.
3704 1418 3807 1474 lle.

2209 1501 2481 1559 centiores
2523 1504 2760 1576 aliquot,
2808 1507 2898 1579 qui
2964 1506 3249 1564 Dominum
3296 1522 3439 1565 anno
3485 1509 3659 1565 anatis
3708 1511 3800 1568 54.

2211 1606 2426 1663 passum
2454 1597 2715 1664 scribunt,
2745 1597 3007 1656 Consules
3035 1601 3308 1672 assignant
3349 1600 3574 1658 Galbam
3604 1610 3659 1658 ct
3682 1600 3807 1675 Syl-

2212 1682 2360 1752 lam,
2404 1688 2496 1758 qui
2531 1704 2676 1746 anno
2727 1690 2926 1748 Tiberii
2982 1692 3069 1749 I9.
3120 1694 3457 1751 consulatum
3497 1704 3798 1767 gesserunt.

2213 1776 2409 1835 Verum
2433 1780 2722 1854 Evangelio
2753 1785 2924 1857 magis
2944 1786 3238 1844 conformis
3262 1798 3348 1847 est
3375 1804 3561 1846 eorum
3584 1800 3805 1848 senten-

506 1852 677 1921 ceptis
707 1853 838 1909 solis
871 1854 1226 1925 Paulianistis,
1245 1874 1273 1914 a
1303 1859 1523 1918 Nicmno
1549 1864 1789 1934 generali
1813 1866 1865 1921 1.
1892 1868 1966 1923 uti
1990 1860 2101 1940 jam
2133 1848 2182 1909 Β
2214 1874 2305 1937 tia,
2329 1885 2385 1931 et
2406 1878 2722 1934 nominatim
2748 1879 3054 1937 Cassiodori
3078 1882 3454 1954 castigatioris,
3484 1885 3572 1954 qui
3602 1899 3801 1942 annum

510 1943 710 2002 dictum
745 1958 849 2005 est.

513 2037 602 2094 15.
640 2038 717 2096 De
742 2037 957 2098 Christo
985 2043 1079 2112 Dei
1111 2044 1330 2116 Spiritu.
1363 2047 1509 2104 Tom.
1541 2049 1581 2105 l.
1615 2051 1836 2126 Apolog.
1865 2071 1980 2126 cap.
2008 2055 2103 2113 21.

578 2147 723 2187 num.
756 2134 882 2190 3M.
933 2135 1076 2192 Tant.
1108 2138 1177 2194 II'
1220 2140 1307 2196 lib.
1350 2142 1415 2197 de
1447 2142 1592 2199 Orat.
1635 2162 1749 2212 cap.
1784 2148 1838 2203 1.
1876 2165 2015 2204 num.
2044 2148 2101 2206 2.

577 2223 728 2280 Tom.
757 2226 840 2283 Ill.
891 2229 1092 2285 advers.
1126 2231 1295 2288 Marc.
1328 2234 1417 2290 lib.
1455 2237 1495 2291 l.
1539 2255 1654 2310 cap.
1684 2240 1773 2296 19.
1810 2258 1950 2296 num.
1979 2243 2102 2299 127.

578 2318 667 2373 lib.
684 2315 965 2390 lll.,cap.6.
990 2339 1129 2379 num.
1146 2324 1340 2382 38.59.
1361 2343 1422 2383 ac
1463 2329 1677 2401 cap.16.
1700 2329 1789 2386 lib.
1813 2333 1868 2388 4.
1886 2333 2101 2405 cap.2I.'

579 2425 720 2464 num.
747 2411 874 2468 5M.
904 2423 949 2468 et
979 2415 1068 2470 lib.
1101 2417 1301 2474 advers.
1331 2418 1496 2475 Prom.
1524 2438 1641 2492 cap.
1670 2423 1763 2478 26.
1797 2442 1938 2480 num.
1964 2427 2100 2483 155.

580 2501 658 2558 De
690 2505 792 2559 hac
832 2507 1012 2576 phrasi
1042 2517 1312 2576 veterum,
1344 2513 1507 2568 verba
1537 2512 1593 2570 8.
1621 2513 1839 2571 llieron.
1875 2516 2100 2574 adnota-

504 2593 679 2651 vimus
703 2596 753 2652 in
768 2597 991 2669 cap.lV.
1012 2600 1182 2673 Epist.
1200 2602 1265 2658 ad
1292 2601 1407 2659 Gal.
1432 2614 1488 2661 et
1510 2606 1681 2677 Epist.
1706 2607 1770 2664 ad
1793 2607 2099 2666 Pammach.

506 2696 561 2742 et
584 2687 784 2744 Ocean.
808 2689 875 2745 dc
890 2692 1161 2748 erroribus
1183 2693 1449 2765 Orige‘nis,
1477 2696 1528 2751 in
1554 2698 1747 2754 librum
1771 2699 1825 2755 S.
1847 2700 2102 2772 Cypriani

507 2778 574 2835 de
604 2780 738 2836 Idol.
761 2782 1022 2853 vanitate,
1055 2787 1298 2842 num.7I.
1331 2787 1500 2852 Multi,
1534 2791 1725 2861 inquit,
1754 2806 1850 2863 per
1872 2792 2098 2864 imperi-

512 2874 637 2928 tiam
668 2875 1064 2946 Scriptnrarum
1096 2880 1115 2951 (
1147 2882 1367 2952 quodet
1399 2883 1702 2940 Firmianus
1739 2886 1790 2940 in
1818 2896 2007 2943 octavo
2032 2887 2101 2944 ad

509 2966 721 3023 Demet.
762 2968 1123 3041 Epistolarum
1167 2974 1304 3030 libro
1345 2975 1527 3049 facit),
1556 2987 1807 3033 asserunt
1842 2978 2099 3051 Spiritum

504 3060 757 3117 Sanctum
786 3077 930 3136 smpe
957 3064 1191 3135 Patrem,
1228 3083 1373 3139 saepe
1404 3069 1597 3124 Filium
1629 3071 1915 3127 nominari.
1946 3072 2101 3141 Quod

506 3168 676 3224 usque
697 3154 833 3210 adeo
855 3172 1041 3213 verum
1069 3170 1172 3225 est,
1203 3171 1260 3215 ut
1282 3171 1476 3233 prmter
1498 3162 1834 3220 Lactantium
1856 3167 2099 3222 eamdem

503 3246 575 3301 sit
600 3249 835 3319 reperire
852 3250 992 3321 apud
1014 3253 1277 3309 Auetores
1292 3254 1578 3311 Librorum
1606 3256 1674 3312 de
1699 3256 1923 3313 Montib.
1971 3258 2103 3316 Sina

502 3350 558 3397 et
581 3341 709 3399 Sion
736 3385 754 3413 ,
785 3354 839 3400 et
878 3346 999 3402 adv.
1031 3347 1155 3403 Jud.
1183 3350 1274 3420 qui
1316 3352 1541 3408 insecuti
1588 3361 1716 3409 sunt
1742 3353 2014 3411 Christum
2047 3356 2102 3412 in

503 3436 757 3506 Operibus
779 3438 836 3493 S.
860 3439 993 3511 Cyp.
1022 3443 1241 3497 neSIris.
1271 3443 1473 3500 Eodem
1498 3446 1638 3501 haud
1660 3446 1821 3504 dubie
1844 3450 2100 3520 pertinet,

506 3527 650 3599 quod
689 3531 848 3586 toties
878 3530 1137 3590 Christum
1178 3534 1278 3592 Dei
1319 3538 1557 3609 spiritum
1594 3541 1830 3611 appellet
1871 3541 2098 3598 Tertull.

501 3618 661 3690 idque
681 3622 870 3679 eodem
888 3639 1048 3683 sensu
1071 3642 1177 3698 quo
1200 3629 1339 3685 Deus
1354 3633 1575 3702 spiritus
1590 3643 1810 3690 vocatur
1830 3634 1984 3691 Joan.
2011 3636 2096 3694 Ill.

503 3721 559 3769 et
584 3713 606 3769 ι
632 3713 790 3771 Joan.
821 3716 913 3772 ιν.
947 3719 1161 3793 Alioqui
1201 3722 1481 3780 distinctas
1509 3726 1577 3783 ab
1607 3743 1693 3797 eo,
1708 3730 1865 3786 sicuti
1886 3730 1954 3786 ab
1979 3732 2099 3789 aliis

501 3798 665 3862 etiam
696 3808 998 3877 Veteribus,
1026 3821 1134 3869 tres
1163 3815 1216 3870 in
1243 3816 1525 3874 divinitate
1554 3835 1829 3891 personas,
1862 3823 2095 3892 Patrem,

502 3898 731 3968 Filium,
764 3912 822 3959 et
850 3904 1106 3976 Spiritum
1136 3904 1392 3965 Sanctum
1424 3922 1637 3969 constat
1679 3931 1747 3971 ex
1777 3917 1967 3973 eodem
1999 3918 2096 3976 lib.

503 3993 626 4046 adv.
657 3993 817 4051 Prax.
862 4012 984 4069 cap.
1007 3999 1060 4054 2.
1108 4017 1255 4058 num.
1285 4003 1376 4057 24.
1416 4020 1534 4076 cap.
1566 4007 1621 4060 4.
1657 4024 1802 4063 num.
1833 4010 1926 4065 40.
1959 4025 2008 4066 c.
2042 4011 2095 4067 8.

504 4100 560 4140 η.
588 4086 678 4143 90.
711 4104 760 4144 c.
790 4089 844 4146 9.
892 4099 945 4146 n’.
980 4092 1069 4149 61.
1111 4109 1160 4150 c.
1193 4096 1282 4151 15.
1322 4114 1377 4151 n.
1408 4098 1497 4154 75.
1530 4115 1594 4155 ac
1637 4101 1725 4157 78.
1768 4113 1819 4158 et
1860 4103 1951 4158 illo
1982 4105 2099 4176 ipso

503 4192 553 4232 c.
580 4177 672 4236 26.
702 4197 757 4237 η.
787 4182 910 4239 158.
947 4200 996 4239 c.
1031 4187 1121 4243 50.
1170 4204 1223 4242 n.
1252 4188 1375 4245 185.
1413 4189 1645 4263 denique
1672 4209 1703 4249 c
1751 4195 1842 4252 50.
1884 4213 1938 4251 n.
1975 4197 2098 4253 182.

502 4270 708 4338 Quibus
733 4273 865 4330 locis
886 4277 1013 4333 illud
1033 4279 1190 4352 longe
1210 4283 1629 4353 apertissimum,
1655 4303 1818 4358 quum
1843 4288 2100 4361 Spiritum

504 4362 752 4420 Sanctum
782 4378 974 4438 vocat,
1015 4373 1218 4428 tertium
1246 4390 1433 4432 numen
1464 4378 1775 4450 divinitatis,
1805 4392 1853 4438 et
1898 4386 2102 4441 tertium

502 4471 684 4512 nomen
708 4461 1009 4532 majestatis.

501 4569 591 4626 14.
635 4570 710 4628 De
771 4570 986 4632 Christo
1029 4580 1264 4638 revelato
1310 4598 1406 4654 per
1457 4586 1893 4655 praedicationem
1955 4606 2174 4668 annoD

576 4662 774 4723 Tiberii
796 4666 1023 4726 Cmsaris
1072 4673 1182 4741 l2.,
1212 4690 1372 4745 passo
1396 4692 1541 4735 anno
1561 4680 1801 4751 ejusdem
1826 4684 1915 4742 l5.
1947 4685 2093 4744 Tom.

572 4759 614 4815 Ι.
643 4763 731 4818 lib.
760 4768 876 4820 adv.
907 4764 1038 4822 Jud.
1072 4786 1116 4823 c.
1144 4768 1199 4825 8.
1233 4788 1287 4826 η.
1314 4773 1402 4829 82.
1433 4785 1478 4829 et
1519 4786 1642 4831 tam.
1672 4778 1764 4835 III.
1810 4782 1850 4836 ι.
1878 4784 1932 4839 1.
1974 4784 2093 4842 adv.

574 4855 747 4915 Marc.
767 4875 813 4914 c.
843 4862 932 4918 15.
957 4880 1011 4917 n.
1040 4863 1162 4920 102.

574 4948 886 5024 Quanquam
918 4956 1125 5013 varient
1173 4959 1225 5015 in
1255 4962 1425 5033 priori
1449 4964 1570 5022 loco
1608 4969 1934 5040 exemplaria
1959 4972 2095 5030 Ter-

486 5042 749 5117 tulliani,
782 5057 959 5106 tamen
1003 5067 1121 5108 eam
1161 5056 1277 5125 ejus
1326 5055 1491 5115 fuisse
1530 5064 1851 5120 sententiam
1904 5069 2098 5125 asserit

502 5134 731 5205 Euseb.,
762 5139 816 5195 in
837 5140 1112 5213 Chronic.,
1144 5156 1199 5203 et
1217 5162 1285 5204 ex
1307 5151 1588 5220 posteriori
1618 5154 1735 5211 loco
1776 5166 1922 5229 patet
1947 5177 1963 5227 ;
1985 5160 2097 5219 imo

504 5237 559 5285 et
582 5244 647 5285 ex
675 5232 862 5303 priori,
884 5236 1075 5293 eodem
1102 5254 1178 5310 c.,
1209 5258 1265 5297 n.
1299 5242 1389 5299 92.
1433 5246 1524 5302 ubi
1556 5245 1859 5307 Passionem
1890 5251 2097 5311 Domini

502 5321 731 5411 collocat
778 5325 923 5384 Coss.
963 5329 1198 5389 Rubellio
1247 5334 1459 5394 Gemino
1505 5348 1551 5394 et
1599 5340 1753 5411 Rufio
1796 5360 1885 5399 seu
1930 5344 2095 5404 Fusio

461 5483 471 5493 ί
510 5410 758 5482 Gemino,
804 5433 1031 5488 quorum
1064 5427 1379 5485 consulatus
1442 5430 1628 5488 incidit
1675 5410 1728 5490 in
1759 5450 1956 5494 annum
2000 5440 2089 5498 15.

388 5584 399 5597 ι
503 5505 719 5600 Tiberii.
749 5510 805 5566 In
835 5528 942 5583 quo
962 5514 1110 5573 illum
1135 5530 1260 5577 sunt
1288 5522 1479 5581 imitati
1503 5524 1609 5582 Jul.
1634 5525 2004 5600 African.,tib.
2026 5533 2095 5592 de

504 5597 782 5696 Tempor.,
804 5608 943 5679 apud
996 5608 1052 5664 S.
1079 5612 1227 5672 Hier.
1253 5616 1461 5675 Comm.
1487 5621 1539 5677 in
1582 5597 1890 5691 Danielem,
1913 5624 2093 5696 Lact.,

502 5692 543 5793 ι.
562 5695 653 5753 Iv.
684 5713 733 5754 ο.
763 5700 869 5768 l0;
898 5702 1047 5760 Paul.
1071 5706 1229 5765 Oros.
1256 5710 1294 5766 1.
1326 5712 1436 5768 vn.
1468 5730 1518 5771 c.
1548 5715 1637 5772 10.
1665 5718 1827 5791 Atqui
1849 5736 2014 5793 quum
2043 5692 2096 5780 id

499 5790 571 5849 sit
597 5803 780 5851 contra
805 5813 1063 5869 expressa
1083 5800 1354 5877 Evangelii
1379 5809 1536 5865 verba
1559 5808 1689 5869 an.
1718 5790 1808 5875 III.
1838 5790 1925 5873 ubi
1952 5833 2094 5877 anno

506 5888 593 5949 15.
622 5888 834 5964 Imperii
864 5894 1062 5956 Tiberii
1089 5897 1316 5961 Caesaris
1341 5889 1642 5979 baptizatus
1672 5908 1883 5985 legitur,
1936 5914 2091 5975 lateri

2210 1967 2479 2037 passionis
2517 1970 2792 2041 assignant
2818 1969 3144 2028 Consulibus
3168 1973 3269 2030 Cn.
3302 1974 3534 2031 Domitio
3562 1975 3624 2031 L.
3651 1974 3714 2032 F.
3739 1976 3801 2033 L.

2208 2059 2573 2117 Ahenobarbo
2597 2072 2653 2119 et
2678 2062 2966 2121 A.Vitellio
2988 2065 3049 2121 P.
3084 2064 3143 2119 F.
3172 2064 3264 2133 0.,
3296 2082 3419 2123 cum
3447 2067 3644 2139 quibus
3670 2083 3804 2125 eon-

2210 2154 2451 2209 sentiunt
2476 2155 2611 2211 adeo
2637 2172 2825 2213 omnes
2850 2159 3299 2229 supranominati,
3325 2160 3415 2232 qui
3444 2176 3587 2218 anno
3607 2161 3805 2220 Tiberii

2213 2246 2303 2302 18.
2334 2262 2553 2318 passum
2608 2248 2885 2306 Christum
2932 2252 3193 2308 scribunt.
3231 2252 3331 2321 Qui
3387 2253 3540 2326 plura
3590 2254 3806 2311 deside-

2205 2350 2309 2406 rat,
2333 2340 2511 2397 videat
2547 2342 2773 2399 Paulum
2795 2343 3302 2422 Midelburgensem,
3335 2348 3660 2420 Episcopum
3704 2348 3808 2406 Fo-

2208 2434 2706 2504 rosempronianum
2735 2436 2888 2493 libris
2932 2439 3022 2494 55.
3055 2438 3123 2494 de
3152 2454 3297 2495 anno
3321 2449 3376 2497 et
3400 2439 3488 2497 die
3526 2441 3806 2499 Passionis

2209 2526 2441 2583 Domini.
2466 2528 2579 2585 Hoc
2600 2545 2761 2587 unum
2787 2531 3206 2607 adjiciam,quod
3229 2534 3458 2590 habelS.
3482 2536 3651 2607 Aug.,
3675 2535 3798 2595 LII.

2207 2617 2274 2675 de
2304 2618 2558 2676 Doctrina
2598 2620 2826 2679 Christ;
2851 2623 3151 2697 Ignorantia
3180 2626 3495 2685 consulatus
3516 2643 3623 2700 quo
3650 2637 3806 2688 natus

2207 2722 2290 2768 est
2328 2714 2586 2771 Dominus
2610 2756 2627 2783 ,
2681 2716 2764 2771 vel
2802 2733 2908 2788 quo
2939 2733 3125 2789 passus
3164 2730 3279 2786 est,
3311 2719 3600 2785 nonnullos
3630 2722 3805 2794 coegit

2206 2820 2425 2876 errare,
2458 2820 2517 2865 ut
2546 2819 2795 2881 putarent
2822 2812 3175 2884 quadraginta
3205 2829 3302 2870 sex
3345 2829 3612 2871 annorum
3645 2823 3825 2873 aetate-

2209 2917 2424 2971 passum
2455 2904 2768 2972 Dominum,
2802 2907 2925 2978 quia
2956 2923 3047 2977 per
3073 2915 3155 2962 tot
3177 2922 3348 2963 armos
3373 2907 3694 2964 aediﬁcatum
3722 2915 3804 2965 est

2209 2994 2494 3066 templum,
2537 2997 2681 3069 quod
2706 2999 2991 3069 imaginem
3027 2999 3290 3055 Dominici
3322 3000 3566 3071 corporis
3590 2999 3800 3056 habeat.

2211 3087 2310 3143 Ubi
2341 3088 2579 3145 fortassis
2607 3092 2766 3148 tacite
2787 3092 3052 3164 significat
3078 3094 3134 3150 8.
3165 3092 3448 3160 Irenazum,
3469 3092 3563 3149 lib.
3595 3092 3657 3161 ll,
3681 3107 3799 3164 cap.

2206 3181 2296 3239 59.
2330 3190 2386 3239 et
2412 3183 2504 3240 40.
2534 3185 2625 3257 qui
2653 3185 2840 3241 nititur
2865 3187 3094 3258 probare
3116 3202 3330 3258 passum
3357 3186 3631 3243 Christum
3660 3199 3803 3244 anno

2208 3276 2321 3332 fere.
2349 3279 2830 3351 quinquagesimo,
2854 3290 2910 3335 et
2951 3280 3141 3336 saltem
3186 3290 3308 3351 post
3335 3280 3799 3354 quadragesimum

2206 3372 2383 3427 aetatis
2407 3387 2628 3441 annum,
2657 3388 2722 3429 ex
2751 3374 2842 3429 illo
2866 3373 3142 3431 Joan.\'lll
3173 3393 3187 3432 :
3213 3373 3606 3448 Quinquaginta
3629 3391 3801 3433 annos

2206 3463 2442 3520 nondum
2470 3464 2654 3521 habes.
2682 3466 2748 3522 Et
2773 3482 2900 3523 vero
2924 3468 3279 3536 ignorantiam
3303 3468 3447 3523 illam
3493 3469 3802 3524 consulatus

2204 3559 2491 3630 contigisse
2518 3560 2809 3617 verisimile
2827 3570 2913 3616 est
2933 3561 3092 3616 variis
3113 3561 3396 3617 Fastorum
3426 3561 3800 3635 Consularium

2204 3653 2626 3724 exemplaribus.
2657 3653 2897 3722 Quorum
2917 3655 3177 3726 quosdam
3208 3657 3399 3723 citans,
3421 3671 3644 3728 prorsus
3669 3657 3803 3715 alios

2200 3761 2362 3817 qttam
2404 3747 2565 3804 hodie
2589 3759 2827 3818 exstant,
2852 3750 3148 3821 Epiphan.,
3179 3751 3311 3809 liter.
3344 3753 3434 3809 51.
3467 3752 3803 3811 Salvatorem

2203 3852 2417 3909 passum
2438 3841 2624 3898 scribit
2644 3842 2891 3900 Vinnicio
2909 3842 3201 3918 Cassioque
3220 3846 3369 3904 Coss.
3384 3889 3399 3913 ,
3422 3863 3649 3920 quorum
3672 3863 3803 3905 con-

2202 3932 2408 3989 sulatus
2450 3935 2637 3991 incidit
2665 3936 2923 3994 duntaxat
2952 3940 3004 3994 in
3055 3942 3147 3997 15.
3180 3956 3380 3996 annum
3409 3940 3609 3997 Tiberii
3650 3941 3803 4013 juxta

2203 4029 2575 4101 castigatiores
2611 4031 2819 4087 Fastos.
2857 4032 3006 4089 Facit
3030 4050 3130 4107 pro
3160 4035 3350 4091 eodem
3383 4037 3521 4093 liber
3545 4035 3635 4091 ille
3660 4033 3804 4093 Con.

2204 4121 2471 4178 sulatuum
2502 4138 2605 4179 ms.
2633 4125 2685 4179 in
2715 4141 2821 4196 quo
2850 4124 3126 4182 adnotavit
3146 4126 3458 4199 CuSpinian.
3485 4127 3537 4183 in
3555 4127 3799 4215 Cassiod.

2204 4214 2465 4273 Consules
2511 4218 2765 4275 collocari
2791 4218 2925 4276 duos
2973 4221 3231 4279 Geminos
3283 4238 3426 4279 anno
3464 4225 3551 4280 18.
3578 4214 3799 4301 Tiberii.

2206 4357 2298 4414 15.
2331 4356 2405 4413 De
2428 4356 2537 4414 Deo
2567 4360 3001 4432 corporeo.quod
3029 4360 3160 4416 nihil
3181 4362 3518 4432 incorporale
3537 4363 3626 4419 sit.
3654 4361 3800 4421 Tom.

2277 4450 2341 4507 II.
2369 4450 2456 4506 lib.
2481 4451 2544 4506 de
2568 4450 2784 4521 Pamit.,
2808 4457 2927 4515 c.5.
2947 4473 3001 4511 η.
3022 4456 3112 4513 12.
3134 4456 3278 4514 Tom.
3296 4457 3385 4514 III.
3410 4458 3501 4517 lib.
3527 4458 3648 4513 adv.
3670 4456 3803 4513 Iler-

2275 4564 2412 4619 mog.
2445 4566 2561 4622 cap.
2584 4549 2675 4607 55.
2699 4567 2840 4607 num.
2868 4551 2990 4607 124.
3021 4552 3112 4608 lib.
3138 4553 3203 4608 de
3229 4551 3397 4610 Carne
3442 4552 3659 4611 Christi.
3682 4572 3799 4627 cap.

2271 4642 2327 4698 2.
2357 4660 2501 4698 num.
2546 4644 2615 4701 97
2635 4661 2695 4699 ac
2717 4645 2806 4702 98.
2834 4645 2922 4702 tib.
2956 4646 3022 4703 ll.
3050 4647 3170 4703 adv.
3196 4646 3364 4704 Marc.
3383 4666 3501 4721 cap.
3528 4650 3616 4707 16.
3654 4665 3797 4707 num.

2277 4738 2402 4796 100.
2421 4750 2467 4796 et
2484 4742 2800 4813 apertissime
2823 4743 2913 4799 lib.
2927 4742 3306 4801 adv.'Pra:cean
3325 4761 3443 4818 cap.
3460 4746 3514 4802 7.
3544 4762 3684 4802 nunt.
3707 4746 3798 4804 54.

2272 4875 2429 4933 Hunc
2454 4892 2693 4935 errorem
2721 4879 3051 4937 Tertulliano
3078 4881 3484 4953 adscripserunt
3512 4883 3625 4954 jam
3670 4882 3798 4941 olim

2200 4968 2257 5026 S.
2286 4972 2510 5043 August.
2542 4972 2674 5029 locis
2701 4988 2824 5028 mox
2853 4973 3110 5043 citandis,
3142 4974 3199 5032 S.
3233 4975 3480 5048 Fulgent.
3512 4976 3607 5032 lib.
3640 4978 3705 5045 II,
3736 4976 3804 5034 de

2200 5063 2292 5122 Iid.
2323 5064 2389 5120 ad
2416 5064 2562 5120 Petr.
2587 5075 2643 5121 et
2678 5065 2924 5123 Gennad.
2958 5067 2994 5123 l.
3028 5068 3098 5126 de
3139 5069 3384 5142 Dogmat.
3416 5070 3566 5127 Eccl.
3599 5070 3801 5126 Verum

2201 5158 2259 5216 S.
2290 5160 2515 5231 August.
2547 5177 2668 5218 eum
2707 5173 2926 5220 excusat
2970 5161 3053 5218 his
3094 5165 3272 5222 verbis
3303 5165 3398 5223 lib.
3444 5165 3513 5221 Χ.
3561 5165 3630 5221 de
3659 5164 3797 5222 Gen.

2200 5251 2266 5307 ad
2313 5253 2413 5308 litt.
2455 5269 2577 5326 cap.
2609 5254 2729 5312 ult.:
2773 5255 2994 5314 Timens
3042 5274 3110 5314 ne
3140 5257 3274 5314 nihil
3316 5267 3504 5326 esset,
3533 5258 3576 5315 si
3605 5273 3803 5329 corpus

2199 5360 2307 5403 non
2334 5352 2510 5417 esset,
2541 5363 2640 5405 nec
2665 5348 2731 5405 de
2756 5349 2866 5405 Deo
2891 5349 3055 5406 valuit
3077 5349 3233 5407 aliter
3268 5366 3479 5422 sapere.
3523 5352 3625 5420 Qui
3666 5365 3802 5409 sane

2199 5453 2503 5511 quanquam
2529 5440 2638 5515 (sic
2661 5441 2806 5498 enim
2834 5441 2976 5513 lego,
3003 5459 3103 5515 pro
3128 5462 3143 5500 :
3166 5443 3441 5518 quoniam)
3482 5453 3671 5502 acutus
3693 5454 3797 5515 est,

2203 5533 2468 5591 interdum
2497 5541 2681 5588 contra
2712 5534 3022 5606 opinionem
3071 5551 3223 5592 suam
3250 5539 3366 5595 visa
3393 5538 3616 5595 veritate
3643 5552 3804 5609 supe-

2202 5647 2364 5695 ratur.
2420 5637 2556 5707 Quid
2602 5638 2746 5694 enim
2801 5638 3212 5701 verius;dicere
3264 5641 3465 5712 potuit,
3525 5656 3686 5715 quam
3738 5633 3794 5693 id

2200 5731 2342 5802 quod
2398 5732 2473 5787 ait
2531 5730 2761 5802 quodam
2818 5732 2870 5786 in
2933 5733 3053 5791 loco
3089 5733 3323 5808 (nempe
3373 5735 3413 5790 l.
3457 5734 3527 5791 de
3575 5736 3794 5804 Anima,

2198 5837 2317 5894 cap.
2374 5824 2438 5890 7,
2498 5823 2661 5896 98.):
2705 5823 2890 5896 Omne:
2915 5825 3181 5897 corporale
3232 5827 3469 5895 possibile
3521 5827 3665 5884 αις.
3693 5827 3798 5885 De-

2199 5916 2314 5975 buit
2333 5931 2462 5992 ergo
2482 5931 2688 5978 mutare
2707 5919 3049 5993 sententiam,
3069 5934 3174 5992 qua
3197 5920 3324 5979 alibi
3345 5920 3553 5980 dixerat
3571 5921 3794 5995 (nempe
