4106 6330
276 305 395 364 195

1563 292 1706 353 CUM
1744 286 2086 349 ANTIDOTO
2125 287 2421 347 PAMELII.

280 420 325 476 l.
376 419 448 476 ad
492 417 679 491 Prax.)
712 414 885 473 'etiam
919 413 1083 470 Deum
1121 427 1307 486 corpus
1345 423 1472 468 esse.
1520 410 1705 482 Neque
1758 409 1898 463 enim
1930 410 1981 468 Α
2010 415 2176 460 motus
2205 407 2362 459 animi
2402 406 2453 460 in
2504 405 2613 461 Deo
2647 404 2857 462 videtur
2895 419 3192 479 agnoscere
3222 446 3237 474 ,
3267 406 3362 463 sed
3395 419 3596 479 printer

280 513 530 568 arbitror
558 525 680 566 eum
731 511 801 564 ita
836 508 1134 579 desipuisse
1158 549 1172 573 ,
1203 514 1262 561 ut
1305 507 1466 561 etiam
1509 503 1601 558 Dei
1651 511 1893 557 naturam

284 605 609 679 passibilem
649 602 927 668 crederet,
956 611 1013 655 ut
1047 599 1158 670 jam
1201 584 1446 655 Christus
1473 640 1488 666 ,
1515 612 1622 651 non
1653 595 1702 650 in
1730 608 1895 649 carne

284 707 530 767 tantum,
563 712 736 768 neque
767 695 820 750 in
847 709 1009 749 carne
1032 703 1086 749 et
1111 693 1284 748 anima
1312 733 1328 755 ,
1355 691 1450 746 sed
1481 690 1531 744 in
1556 690 1670 760 ipso
1691 687 1892 752 Verbo,

284 809 390 864 per
412 792 554 864 quod
577 791 714 847 facta
746 797 872 845 sunt
899 787 1099 852 omnia,
1127 786 1394 858 passibilis
1420 794 1474 841 et
1500 781 1896 840 commutabilis

283 901 414 942 esse
446 885 715 953 credatur,
746 884 888 956 quod
915 883 1054 938 absit
1086 897 1116 936 a
1151 880 1315 936 corde
1345 878 1657 935 christiano.
1690 874 1754 930 Et
1785 889 1897 928 rur-

285 995 413 1035 sum
439 978 635 1034 ibidem
662 977 843 1034 verbis
871 978 1028 1034 etiam
1059 989 1220 1047 supra
1243 973 1419 1028 citatis
1445 988 1457 1025 :
1481 969 1586 1027 Sed
1616 966 1893 1024 tremenda

285 1081 422 1128 sunt
446 1073 566 1139 ista,
597 1086 702 1126 non
730 1070 974 1126 ridenda.
1009 1067 1089 1124 Ad
1116 1067 1229 1123 lucc
1252 1066 1396 1122 enim
1426 1077 1698 1134 nunquam
1728 1074 1890 1130 coge-

288 1177 467 1235 retur,
491 1166 538 1221 si
563 1165 761 1238 aliquid
782 1166 1018 1238 cogitare
1049 1170 1244 1234 posset,
1270 1159 1410 1230 quod
1436 1167 1490 1213 et
1511 1159 1598 1223 sit,
1622 1165 1677 1212 et
1701 1170 1894 1223 corpus

288 1276 402 1317 non
426 1261 516 1315 sit.
549 1259 780 1315 Rursum
823 1259 914 1313 lib.
952 1256 1020 1313 de
1050 1257 1243 1312 hzeres.
1275 1253 1340 1310 ad
1372 1250 1723 1320 Quodvultd.,
1756 1249 1890 1303 haer.

289 1357 385 1413 88.
421 1357 594 1428 ipsum
626 1356 787 1411 etiam
830 1355 996 1410 Deum
1048 1365 1370 1422 corporeum
1414 1363 1535 1403 esse
1573 1347 1738 1410 dicit,
1771 1344 1895 1399 licet

290 1465 405 1505 non
435 1448 726 1520 efﬁgialum
767 1447 878 1520 (ubi
907 1444 1148 1501 alludere
1193 1442 1404 1498 videtur
1444 1439 1509 1494 ad
1540 1439 1634 1493 lib.
1657 1437 1722 1500 ll,
1770 1436 1891 1491 adv.

288 1542 512 1614 Marc.).
544 1541 651 1596 Nec
699 1549 875 1596 tamen
927 1539 1050 1593 hinc
1095 1536 1377 1593 luereticus
1417 1533 1654 1590 creditur
1699 1531 1890 1586 lactus.

290 1637 488 1694 Posset
536 1637 678 1692 enim
723 1649 939 1706 quoquo
978 1632 1136 1688 modo
1185 1633 1359 1706 putari
1388 1672 1402 1696 ,
1449 1631 1617 1700 ipsam
1647 1638 1892 1683 naturam

291 1731 762 1801 substantiamque
791 1729 1022 1784 divinam
1053 1742 1250 1798 corpus
1271 1704 1483 1792 vocare,
1513 1740 1618 1779 non
1644 1724 1748 1780 tale
1775 1738 1894 1778 cor-

293 1839 420 1896 pus,
451 1823 603 1893 cujus
632 1831 808 1894 partes
832 1823 948 1877 alia:
975 1821 1225 1889 majores,
1258 1820 1376 1874 aliae
1405 1819 1662 1884 minores,
1687 1818 1896 1872 valeant

292 1919 382 1973 vel
409 1918 639 1982 debeant
659 1917 877 1987 cogitari
899 1960 915 1984 ,
945 1916 1120 1987 qualia
1148 1924 1272 1970 sunt
1299 1915 1508 1980 omnia,
1537 1929 1655 1984 qua!
1683 1915 1897 1984 proprie

293 2009 529 2066 dicimus
557 2025 781 2081 corpora
811 2010 1078 2081 (quamvis
1108 2008 1174 2064 de
1218 2009 1392 2063 anima
1423 2008 1524 2063 tale
1548 2008 1746 2077 aliquid
1774 2023 1899 2062 seu-

297 2104 444 2174 tiat),
468 2104 560 2160 sed
587 2102 988 2175 potuit,utdixi,
1015 2111 1296 2173 propterea
1323 2102 1492 2170 putari
1515 2099 1711 2170 Corpus
1733 2098 1898 2153 Deum

296 2197 502 2261 dicere,
530 2195 652 2268 quia
682 2213 785 2252 non
813 2205 895 2252 est
918 2195 1074 2260 nihil,
1104 2210 1210 2250 non
1242 2205 1324 2249 est
1360 2194 1588 2248 inanitas
1615 2234 1630 2260 ,
1661 2208 1766 2248 non
1813 2203 1899 2250 est

299 2292 544 2360 corporis
569 2291 654 2346 vel
682 2292 874 2346 anima:
901 2292 1129 2362 qualitas
1151 2333 1164 2358 ,
1197 2289 1292 2345 sed
1320 2290 1516 2359 ubique
1540 2289 1658 2343 talis
1677 2333 1692 2358 ,
1723 2301 1777 2345 et
1803 2307 1898 2360 per

302 2385 542 2441 locorum
573 2387 741 2456 spatia
788 2387 930 2441 nulla
979 2387 1201 2456 partitus
1225 2428 1239 2450 ,
1274 2385 1325 2438 in
1366 2400 1460 2439 sua
1490 2393 1665 2440 tamen
1710 2395 1894 2441 natura

300 2488 465 2550 atque
499 2478 794 2534 substantia
826 2478 1229 2534 immutabilitcr
1261 2487 1554 2548 permanet.
1597 2477 1754 2533 Certe
1784 2479 1898 2550 ipse

300 2574 509 2628 Auctor
554 2574 682 2628 satis
719 2588 777 2628 se
803 2573 1055 2643 catplicat.
1093 2573 1182 2627 Sic
1225 2571 1367 2628 enim
1399 2573 1435 2626 l.
1469 2571 1590 2627 adv.
1620 2571 1896 2643 llcrmog.:

306 2663 380 2719 Ut
408 2665 676 2719 concedam
725 2682 833 2722 esse
871 2665 1067 2736 aliquid
1104 2665 1424 2736 incorporale
1449 2706 1464 2732 ,
1506 2666 1568 2719 de
1607 2666 1898 2720 substantiis

279 2757 593 2825 duntaxat;
619 2775 770 2828 quum
794 2759 906 2829 ipsa
948 2757 1226 2813 substantia
1251 2774 1436 2828 corpus
1457 2759 1520 2812 sit
1543 2758 1611 2812 rei
1637 2760 1896 2827 cujusque,

304 2863 360 2910 et
384 2854 477 2908 lib.
509 2853 575 2908 de
602 2855 791 2909 Anima
819 2896 833 2921 ,
867 2868 986 2923 cap.
1020 2852 1050 2906 7
1073 2894 1088 2919 ,
1133 2868 1186 2907 ιι.
1221 2852 1289 2908 96
1320 2869 1333 2907 :
1361 2849 1508 2905 Nihil
1532 2854 1695 2918 enim,
1725 2853 1770 2906 si
1799 2869 1900 2907 non

303 2963 510 3018 corpus.
541 2946 669 3003 Item
701 2947 793 3002 lib.
823 2945 891 3002 de
919 2947 1090 3002 Carne
1117 2944 1313 3001 Christi
1348 2964 1360 2998 :
1395 2945 1563 3011 Quum
1607 2957 1772 3001 autent
1811 2949 1896 3012 sit,

303 3041 486 3094 habeat
517 3057 714 3095 necesse
733 3051 804 3096 est
828 3040 1042 3111 aliquid,
1068 3057 1156 3107 per
1175 3040 1310 3111 quod
1331 3051 1421 3095 est.
1450 3040 1511 3096 Si
1535 3044 1682 3096 liabet
1703 3043 1900 3111 aliquid

304 3149 398 3205 per
430 3134 564 3205 quod
600 3144 710 3202 est,
744 3134 840 3187 hoc
883 3136 990 3187 erit
1020 3149 1207 3204 corpus
1245 3135 1374 3198 eius.
1428 3133 1590 3188 Omne
1631 3136 1767 3204 quod
1801 3145 1894 3203 est,
1926 3161 1970 3224 ρ

302 3243 492 3299 corpus
519 3237 588 3283 est
616 3229 696 3282 sui
728 3228 965 3298 generis;
989 3227 1115 3281 nihil
1158 3235 1230 3280 est
1272 3227 1610 3298 incorporale,
1644 3229 1742 3282 nisi
1765 3229 1900 3296 quod

304 3332 525 3376 nonest.
562 3322 800 3392 Denique
843 3321 938 3376 lib.
987 3319 1036 3374 ll
1064 3320 1323 3376 adversus
1363 3321 1723 3378 Marcionem:
1760 3321 1899 3378 Nam

301 3422 349 3468 et
373 3414 605 3468 dextram
630 3455 644 3478 ,
671 3414 840 3485 inquit
864 3455 881 3481 ,
917 3421 962 3468 et
989 3414 1160 3468 oculos
1190 3423 1236 3468 ct
1264 3415 1413 3484 pedes
1444 3414 1536 3470 Dei
1565 3417 1775 3488 legimus
1798 3399 1901 3485 ,Ine

297 3507 420 3563 ideo
442 3517 607 3563 tamen
626 3509 860 3564 Immanis
872 3508 1322 3579 comparabuntur,
1348 3513 1466 3580 quia
1485 3511 1546 3566 de
1560 3513 1901 3582 appellatione

301 3604 590 3674 sociantur.
643 3604 847 3670 Quanta
877 3606 970 3659 erit
1001 3605 1263 3660 diversitas
1292 3605 1449 3660 divini
1474 3607 1702 3677 corporis
1727 3617 1770 3660 et
1798 3607 1898 3661 Itu-

302 3698 442 3752 mani
466 3697 560 3753 sub
592 3697 779 3752 eisdem
803 3700 1088 3754 nominibus
1116 3700 1471 3767 membrorum,
1500 3712 1603 3757 etc.
1633 3699 1896 3758 Cinterum

304 3788 471 3844 Deum
516 3791 866 3860 incorporeum
903 3791 1096 3848 docent
1135 3795 1316 3848 caeteri
1364 3794 1549 3849 Patres
1589 3811 1775 3852 omnes
1802 3839 1816 3863 ,
1844 3807 1895 3854 et

303 3881 444 3937 inter
471 3881 704 3938 haereses
733 3883 999 3940 collocant
1031 3885 1357 3940 contrarimn
1403 3885 1673 3944 allirmare
1697 3931 1711 3954 ,
1740 3890 1896 3944 sicuti

302 3985 451 4047 patet
469 3967 532 4032 ex
551 3976 854 4046 Philastrio,
877 3980 933 4034 S.
955 3981 1200 4050 August,
1223 3980 1506 4052 Epiphan.,
1532 3981 1890 4050 Theodoreto,

302 4067 636 4125 Datuasccno
658 4111 673 4139 ,
704 4069 910 4126 Isidoro
936 4112 952 4136 ,
997 4071 1257 4127 Rhabano
1279 4077 1329 4126 in
1361 4073 1631 4145 Catalogis
1654 4075 1891 4132 th-rctic.

301 4176 466 4230 quum
488 4161 850 4220 Audianorum
871 4165 983 4221 sive
1005 4166 1673 4238 Anthropomorphitarum
1697 4169 1896 4228 faciunt

302 4257 650 4315 mentionem.

305 4395 395 4453 16.
430 4396 504 4452 De
536 4397 626 4452 Dei
659 4398 756 4453 ira.
784 4397 931 4453 Tant.
961 4397 1000 4454 l.
1034 4400 1120 4455 lib.
1153 4401 1215 4456 de
1239 4400 1450 4457 Testim.
1484 4403 1658 4486 Anim.
1697 4421 1812 4477 cap.
1839 4405 1894 4462 2.

377 4507 518 4549 num.
552 4491 604 4545 7.
637 4490 785 4546 Tom.
815 4492 900 4548 Ill.
937 4493 1024 4549 lib.
1057 4496 1120 4550 ile
1145 4495 1449 4567 Anim.cap.
1484 4498 1568 4554 16.
1603 4516 1744 4556 num.
1769 4500 1895 4556 211.

383 4585 596 4641 Advers.
631 4585 800 4641 Marc.
829 4587 918 4642 lib.
940 4587 982 4643 Ι.
1001 4605 1114 4660 cap.
1140 4587 1232 4643 26.
1262 4607 1404 4643 num.
1434 4591 1558 4647 181.
1581 4591 1667 4649 lib.
1696 4593 1749 4646 2.
1780 4610 1895 4663 cap.

381 4678 469 4734 10.
496 4696 637 4736 num.
669 4679 761 4736 94.
791 4680 881 4736 lib.
914 4682 968 4737 4.
1000 4697 1117 4754 cap.
1147 4682 1237 4738 15.
1273 4700 1415 4738 num.
1449 4684 1553 4741 195
1589 4696 1639 4740 et
1662 4703 1776 4758 cap.
1807 4689 1897 4743 51.

377 4787 522 4828 num.
546 4771 675 4828 507.

377 4903 555 4962 Prima
587 4905 799 4976 quidem
828 4907 961 4965 lacie
1002 4908 1212 4965 videtur
1232 4909 1588 4969 Tcrtullianus
1613 4913 1905 4972 Deo‘attri-

305 4999 474 5056 bucre
511 5001 640 5055 iram
680 5003 837 5058 dictis
878 5003 1010 5060 locis
1033 5047 1048 5072 ,
1105 5006 1198 5061 sed
1240 5007 1435 5078 ubique
1468 5009 1580 5065 fere
1606 5012 1897 5081 vindictam,

303 5107 400 5148 seu
427 5094 666 5150 ultionem
693 5095 788 5151 Dei
819 5096 1223 5168 interpretatur.
1283 5101 1350 5156 Et
1395 5119 1523 5158 vero
1551 5105 1599 5159 id
1630 5105 1900 5168 inculcare

305 5199 428 5240 eum
457 5188 691 5257 oportuit
720 5189 878 5244 toties
897 5229 912 5258 ,
941 5206 1046 5245 non
1074 5191 1246 5247 solum
1273 5205 1456 5249 contra
1485 5195 1684 5254 Gentes
1710 5241 1723 5264 ,
1747 5199 1899 5255 sicuti

302 5277 482 5348 primo
507 5278 647 5344 loco,
674 5278 769 5336 sed
795 5281 1024 5339 maxime
1049 5283 1170 5338 adv.
1211 5283 1466 5343 Marcion.
1494 5289 1583 5358 qui
1612 5290 1775 5345 Deum
1817 5308 1904 5349 as-

303 5371 520 5427 serebat
549 5374 734 5428 bonum
763 5373 1056 5446 duntaxat,
1090 5394 1196 5435 non
1225 5395 1352 5435 vero
1379 5381 1622 5438 vindicem
1650 5394 1738 5439 ant
1763 5387 1905 5448 iudi-

305 5478 437 5518 cem.
469 5463 586 5531 Quo
616 5465 679 5520 ﬁt
719 5476 777 5522 ut
818 5467 1078 5526 latissime
1102 5470 1357 5527 adversus
1386 5473 1533 5530 illum
1561 5476 1814 5549 disputet,
1845 5489 1900 5537 et

303 5557 634 5616 contrarium
664 5574 727 5614 ex
748 5559 1038 5632 Scripturis
1066 5563 1332 5630 ostendat,
1363 5567 1467 5623 illis
1496 5583 1623 5625 usus
1648 5553 1895 5643 subinde,

301 5662 426 5719 qua:
452 5650 543 5704 ira:
569 5649 686 5720 Dei,
715 5662 876 5724 atque
899 5655 1035 5711 adeo
1063 5657 1298 5714 vindictae
1322 5663 1648 5719 mentionem
1677 5664 1896 5736 faciunt,

300 5741 538 5800 maxime
569 5742 606 5797 ι.
628 5741 748 5800 adv.
775 5743 937 5804 Marc.
957 5762 1008 5802 c.
1029 5747 1122 5803 25.
1143 5748 1236 5805 26.
1259 5749 1350 5807 27.
1372 5763 1428 5809 et
1450 5753 1541 5810 28.
1573 5757 1611 5812 ι.
1643 5757 1708 5814 ιι.
1737 5774 1786 5815 c.
1807 5761 1896 5818 ιι.
1959 5748 1961 5750 ’

300 5833 393 5891 12.
426 5835 516 5892 15.
548 5835 635 5895 lli.
673 5837 741 5896 15
769 5847 822 5898 et
861 5839 948 5895 16.
999 5839 1097 5899 Est
1138 5842 1356 5915 quidem
1405 5846 1554 5908 locus
1597 5864 1732 5911 unus
1760 5891 1776 5922 ,
1807 5852 1899 5911 ubi

2004 515 2167 570 quam
2214 499 2358 571 quod
2404 500 2598 556 ibidem
2629 544 2643 569 ,
2689 501 2920 556 wrnulari
2945 544 2959 563 .
2991 503 3163 568 irasci,
3192 502 3593 574 interpretatur,

2001 592 2248 648 damnare
2270 635 2284 659 ,
2317 608 2498 649 vexare
2522 635 2535 660 ,
2570 603 2840 665 postremo
2884 595 3122 651 omnium
3180 595 3299 652 loco
3342 610 3399 651 se
3427 596 3595 669 magis

2002 687 2256 758 explicat,
2289 704 2450 759 quum
2479 691 2664 743 moveri
2697 687 2881 757 Deum,
2907 701 2958 746 et
2978 701 3144 745 motus
3165 691 3216 745 in
3243 690 3370 760 Deo,
3400 709 3496 764 pro
3517 693 3596 750 ira

1999 782 2218 852 accipit.
2268 782 2506 854 Denique
2551 799 2769 854 prorsus
2811 783 3045 854 seipsum
3090 785 3327 855 explicat
3375 786 3519 843 dicto
3545 802 3595 844 e.

2003 871 2094 937 16,
2122 873 2158 928 l.
2187 872 2255 926 ll.
2287 874 2340 928 in
2371 874 2484 929 lucc
2511 874 2668 930 verba
2699 891 2714 929 :
2748 875 2866 930 Sive
2894 876 2972 930 ira
2997 919 3013 944 ,
3041 878 3145 931 sive
3165 877 3423 934 wntulatio
3447 920 3463 947 ,
3493 880 3598 935 sive

2001 967 2213 1031 scevitia,
2243 967 2407 1022 debita
2428 969 2535 1023 lucc
2564 968 2736 1023 omnia
2760 978 2876 1022 sunt
2899 971 3172 1036 severitati,
3202 972 3333 1025 sicut
3361 973 3597 1028 severitas

2000 1058 2221 1114 debitum
2251 1070 2322 1114 est
2353 1063 2591 1130 justitiaz.
2649 1059 2851 1117 Deinde
2891 1078 3054 1133 quum
3101 1062 3388 1133 objecisset
3430 1065 3595 1122 verba

2002 1151 2286 1209 Marcionis
2310 1171 2324 1208 :
2349 1155 2411 1210 Si
2432 1154 2569 1209 Deus
2596 1155 2830 1210 irascitur
2844 1165 2896 1209 et
2919 1156 3188 1210 tumulatur
3206 1199 3220 1224 ,
3245 1167 3294 1212 et
3315 1158 3593 1228 extollitur,

2001 1257 2048 1302 et
2076 1250 2445 1317 exacerbatur,
2474 1265 2591 1321 ergo
2621 1259 2667 1303 et
2693 1261 3073 1319 corrumpetur,
3106 1267 3223 1322 ergo
3250 1261 3296 1306 et
3335 1253 3593 1308 morietur.

2001 1337 2146 1395 Scite
2181 1341 2472 1396 admodum
2505 1343 2794 1413 respondet
2825 1333 3177 1399 :-Stultissimi
3205 1346 3292 1416 qui
3320 1345 3384 1400 de
3410 1346 3595 1401 huma-

2001 1433 2079 1488 nis
2100 1434 2271 1489 divina
2297 1436 2595 1505 praedicant,
2615 1447 2668 1490 ut
2693 1438 2930 1506 quoniam
2960 1438 3011 1492 in
3038 1438 3239 1493 homine
3263 1442 3598 1510 corruptor-ia:

2007 1528 2314 1582 conditionis
2341 1529 2588 1584 habentur
2619 1530 2907 1600 hujusmodi
2939 1531 3226 1600 passiones,
3255 1532 3444 1587 idcirco
3472 1545 3517 1588 et
3543 1534 3596 1590 in

2003 1618 2110 1674 Deo
2146 1621 2372 1691 ejusdem
2401 1633 2564 1676 status
2589 1623 2958 1678 existimentur.
3001 1623 3242 1680 Discerne
3286 1627 3598 1683 substantias

2001 1722 2048 1765 et
2075 1729 2192 1767 suos
2220 1716 2291 1769 eis
2318 1715 2559 1770 diatribae
2580 1733 2774 1782 sensus,
2800 1729 2901 1772 tam
2924 1719 3165 1787 diversos,
3189 1737 3338 1791 quant
3360 1721 3598 1778 substan-

1925 1787 1972 1847 B
2003 1806 2087 1860 tia:
2141 1808 2383 1878 exigunt,
2436 1811 2550 1864 licet
2596 1811 2847 1866 vocabulis
2889 1816 3259 1869 communicare
3314 1816 3597 1873 videantur.

2003 1897 2142 1953 Nam
2169 1910 2215 1955 et
2243 1902 2538 1969 dexteram,
2564 1913 2609 1957 et
2631 1905 2830 1970 oculos,
2859 1915 2905 1960 et
2931 1907 3079 1971 pedes
3102 1905 3197 1962 Dei
3225 1908 3480 1980 legimus;
3507 1927 3599 1966 nec

2001 1996 2114 2051 ideo
2141 2007 2304 2052 tamen
2334 1989 2569 2055 Immanis
2609 2002 3058 2074 comparabuntur,
3094 2007 3221 2077 quia
3265 2005 3328 2062 de
3366 2008 3597 2081 appella—
3645 2069 3654 2080 ,

2003 2090 2137 2146 tione
2162 2093 2441 2150 sociantur.

2003 2249 2089 2305 17.
2127 2250 2423 2308 Ecclesiam
2455 2268 2576 2311 esse
2618 2255 2670 2311 in
2706 2257 2902 2326 tribus,
2937 2240 3095 2315 etiam
3144 2261 3316 2317 laicis.
3345 2261 3490 2320 Tom.
3521 2262 3586 2321 V.

2073 2345 2164 2400 lib.
2194 2346 2256 2400 de
2290 2346 2561 2402 Exliortat.
2603 2353 2771 2406 castit.
2820 2369 2935 2426 cap.
2963 2355 3014 2409 7.
3045 2371 3185 2411 num.
3226 2356 3296 2413 40
3325 2367 3372 2412 et
3401 2359 3490 2414 lib.
3531 2359 3596 2416 de

2072 2436 2261 2493 Pudic.
2292 2457 2406 2512 cap.
2437 2441 2527 2498 21.
2550 2459 2690 2498 nunt.
2726 2444 2868 2502 19!.-

2073 2573 2188 2629 Non
2218 2576 2355 2631 male
2381 2575 2604 2634 Tertull.
2648 2578 2742 2637 lib.
2771 2578 2839 2638 de
2880 2583 3185 2654 Pmnitent.,
3212 2604 3261 2646 c.
3296 2588 3384 2658 10,
3417 2609 3470 2649 η.
3501 2592 3594 2663 60,

2002 2664 2231 2735 dixerat,
2258 2679 2440 2740 utpote
2460 2681 2586 2727 ante
2616 2687 2829 2729 omnem
2859 2674 3135 2733 haeresim:
3164 2681 3216 2736 in
3240 2699 3340 2738 uno
3366 2693 3411 2739 et
3440 2688 3600 2742 altera

2005 2757 2235 2851 Ecclesia
2261 2772 2352 2827 est,
2385 2773 2565 2834 utpote
2603 2766 2691 2837 qui
2721 2767 2791 2823 ibi
2827 2768 3087 2826 alluderet
3115 2773 3180 2828 ad
3227 2775 3354 2832 illud
3378 2774 3598 2851 (Matth.

2003 2850 2192 2922 XVIII)
2221 2870 2234 2910 :
2262 2853 2360 2909 Ubi
2383 2868 2508 2910 sunt
2534 2856 2639 2912 duo
2665 2859 2748 2914 vel
2783 2869 2893 2916 tres
2924 2867 3231 2938 congregati
3267 2865 3320 2923 in
3374 2850 3593 2929 nomine

2005 2963 2126 3003 meo
2158 2949 2226 3004 ibi
2246 2963 2362 3004 sum
2387 2951 2436 3004 in
2459 2952 2634 3007 medio
2652 2969 2836 3010 eorum
2859 2972 3054 3028 ;quum
3075 2962 3424 3030 praemisisset
3440 2967 3600 3036 paulo

2006 3056 2152 3110 prius
2186 3059 2198 3094 :
2228 3042 2320 3097 Dic
2348 3043 2622 3101 Ecclesiae.
2651 3046 2804 3115 Quod
2833 3059 3007 3106 tamen
3031 3052 3098 3109 de
3124 3056 3388 3125 praefectis
3413 3058 3600 3116 Eccle-

2003 3135 2097 3189 sia:
2150 3134 2468 3206 Episcopis.
2521 3154 2626 3194 non
2682 3157 2812 3198 vero
2862 3142 2930 3197 de
2978 3145 3128 3200 laicis
3175 3148 3598 3220 interpretantur

2004 3237 2215 3284 veteres
2253 3245 2463 3296 omnes,
2517 3231 2630 3302 ipse
2659 3249 2870 3305 quoque
2895 3236 3083 3293 eodem
3117 3238 3236 3296 loco
3264 3241 3490 3315 loquens
3530 3246 3598 3305 de

2005 3321 2410 3390 sacerdotibus,
2454 3324 2648 3394 quibus
2700 3326 2860 3383 ﬁebat
2907 3332 3318 3404 exomologesis.
3371 3337 3600 3397 Prorsus

2007 3416 2168 3471 etiam
2199 3416 2519 3472 catholicum
2565 3427 2646 3472 est
2698 3419 2825 3474 illud
2881 3421 2917 3475 1.
2959 3423 3026 3478 de
3070 3425 3354 3496 Baptism.,
3386 3445 3515 3502 cap.
3539 3433 3595 3501 6,

2005 3524 2153 3564 num.
2183 3508 2285 3565 47:
2313 3509 2410 3565 Ubi
2433 3521 2554 3579 tres,
2578 3513 2632 3566 id
2650 3522 2744 3579 est,
2780 3513 2969 3586 Pater,
3001 3529 3048 3572 et
3075 3517 3260 3588 Filius,
3288 3533 3334 3576 et
3370 3523 3597 3596 Spiritus
3662 3589 3669 3598 ,

2007 3601 2250 3668 Sanctus,
2283 3603 2351 3656 ibi
2377 3602 2626 3673 Ecclesia,
2645 3608 2765 3677 quia
2789 3609 2938 3664 trium
2961 3613 3146 3681 corpus
3181 3624 3274 3670 est.
3301 3616 3494 3675 Verum
3527 3622 3597 3676 ad

2004 3694 2250 3752 haeresim
2293 3699 2550 3768 pertinet,
2584 3701 2720 3755 sicut
2746 3703 2905 3758 etiam
2944 3704 2994 3760 in
3024 3705 3144 3761 Vita
3173 3709 3290 3779 ejus
3317 3700 3598 3770 adnotavi:

2002 3805 2140 3856 mus,
2175 3791 2302 3846 illud
2327 3792 2418 3848 lib.
2443 3792 2508 3848 de
2537 3793 2758 3850 Exhort.
2792 3799 2989 3853 castit.:
3027 3800 3133 3856 Sed
3172 3814 3218 3858 et
3241 3804 3328 3859 ubi
3350 3815 3475 3873 tres,
3507 3805 3586 3863 Ec

2000 3882 2152 3936 clesia
2183 3892 2273 3951 est,
2303 3884 2416 3938 licet
2443 3885 2578 3938 laici.
2613 3885 2968 3960 Unusquisque
2987 3894 3120 3947 enim
3141 3895 3204 3950 de
3223 3896 3326 3963 [ide
3341 3915 3434 3953 sua
3455 3901 3592 3956 vivit.

2000 3972 2236 4030 Maxime
2267 3991 2429 4046 quum
2472 3977 2659 4034 iisdem
2703 3979 2813 4037 fere
2841 3983 3019 4040 verbis
3059 3985 3291 4060 idipsnm
3321 3969 3594 4063 repetat

1999 4066 2066 4122 de
2083 4067 2334 4135 Pudicit.;
2356 4085 2419 4126 ex
2451 4087 2560 4142 quo
2589 4074 2704 4130 loco
2730 4075 2996 4149 colligitur
3024 4095 3090 4135 eo
3120 4085 3330 4141 venisse
3361 4102 3480 4142 eum
3511 4088 3597 4145 dc-

2001 4161 2238 4230 mentia',
2284 4165 2356 4218 uti
2394 4165 3081 4228 existimaveritEcclesium
3130 4174 3293 4234 fuisse
3331 4181 3385 4234 in
3415 4183 3594 4251 tribus,

2002 4269 2193 4324 nempe
2236 4255 2529 4325 Montano;
2562 4258 2741 4316 Prisca
2781 4272 2834 4317 ct
2863 4263 3147 4322 Maximilla
3177 4287 3191 4323 :
3228 4286 3334 4341 quo
3363 4276 3595 4344 pertinet

2002 4349 2144 4420 quod
2166 4350 2235 4406 ibi
2259 4362 2516 4420 praeterea
2550 4367 2728 4425 negat,
2749 4356 3033 4414 Ecclesiam
3055 4379 3160 4417 esse
3176 4381 3439 4422 numerum
3467 4369 3597 4442 Epi-

2005 4457 2294 4511 scOporum.
2325 4442 2519 4502 Verum
2549 4446 2653 4501 late
2680 4451 3004 4510 contrarium
3033 4453 3352 4515 deduximus
3393 4461 3594 4520 Adnot.

1924 4534 1978 4594 D
2005 4537 2202 4591 nostris
2233 4536 2286 4591 in
2330 4538 2501 4594 locum
2551 4542 2780 4608 priorem
2808 4585 2824 4611 ,
2858 4546 2940 4601 vel
2991 4562 3056 4603 ex
3108 4550 3225 4621 ipso
3267 4553 3598 4616 Tertulliano

2003 4631 2178 4686 adhuc
2218 4618 2500 4701 catholico,
2533 4636 2604 4690 uti
2633 4639 2792 4692 etiam
2817 4639 3080 4699 adversus
3098 4618 3597 4720 Magdeburgenses,

2004 4724 2092 4796 qui
2117 4724 2238 4780 inde
2260 4726 2579 4797 colligebant
2613 4729 2906 4787 Ecclesium
2928 4749 3048 4791 esse
3078 4738 3129 4792 in
3162 4742 3364 4809 paucis.
3399 4745 3454 4800 Si
3478 4747 3598 4818 quis

2005 4819 2158 4888 plura
2203 4817 2512 4887 desideret,
2544 4822 2783 4894 perlegat
2836 4824 3001 4884 libros
3027 4871 3042 4896 ,
3086 4841 3344 4904 quotquot
3385 4817 3601 4910 scripsit

2005 4910 2063 4969 S.
2094 4914 2317 4984 August.
2351 4925 2538 4970 contra
2571 4914 2893 4987 Donatistas,
2923 4923 3011 4992 qui
3039 4923 3342 4996 Scripturas
3365 4939 3473 4986 tum
3497 4933 3601 4990 Ve-

2007 5007 2167 5073 teris,
2197 5018 2306 5064 tum
2347 5009 2476 5064 Novi
2528 5009 2859 5069 Testamenti
2906 5018 3259 5092 undequaque
3301 5029 3592 5100 congessit,

2006 5101 2199 5173 quibus
2227 5113 2436 5159 constet
2465 5119 2570 5159 non
2594 5105 2645 5162 in
2680 5122 2785 5162 uno
2813 5109 2930 5164 solo
2955 5119 3216 5169 terrarum
3245 5117 3390 5187 loco,
3417 5130 3602 5194 utpote

2007 5196 2208 5262 Africa,
2229 5196 2523 5252 Ecclesium
2548 5213 2687 5267 esse,
2714 5203 2809 5256 sed
2834 5211 2944 5259 toto
2965 5205 3096 5261 orbe
3118 5216 3378 5269 terrarum
3399 5215 3601 5288 disper-

2007 5301 2144 5357 sam,
2171 5289 2320 5359 juxta
2352 5302 2398 5345 et
2429 5291 2676 5346 vaticinia
2719 5291 3106 5363 Prophetarum
3134 5309 3188 5355 et
3216 5305 3599 5372 Apostolorum

2008 5386 2310 5441 teStimonia
2353 5387 2468 5443 sole
2508 5387 2735 5443 clariora
2768 5404 2782 5441 :
2810 5404 2915 5460 quo
2945 5391 3225 5452 Lectorem
3254 5401 3596 5471 remittimus,

2007 5495 2076 5536 ne
2117 5479 2200 5535 hic
2245 5481 2564 5551 prolixiores
2605 5482 2795 5538 simus.
2846 5484 2959 5542 Hoc
3006 5505 3169 5546 unum
3209 5492 3497 5561 addemus,
3531 5501 3599 5556 ad

2005 5573 2247 5631 eamdem
2267 5575 2384 5646 ejus
2407 5575 2649 5630 haeresim
2679 5578 2965 5647 pertinere,
2986 5582 3128 5654 quod
3154 5586 3229 5641 ait
3256 5595 3384 5644 tom.
3411 5590 3474 5656 ll,
3502 5593 3597 5650 lib.

2003 5666 2072 5722 de
2094 5665 2290 5722 Coron.
2321 5666 2502 5732 milit.,
2531 5681 2630 5738 cap
2664 5668 2718 5734 4,
2751 5674 2983 5728 num.“
3010 5691 3022 5728 :
3052 5676 3133 5732 An
3163 5695 3262 5734 non
3285 5690 3434 5753 putas
3463 5663 3604 5742 omni

2004 5760 2146 5832 ﬁdeli
2176 5760 2325 5814 licere
2346 5760 2606 5830 concipere
2631 5770 2680 5816 et
2705 5765 3008 5822 constituere
3023 5809 3040 5839 ,
3064 5770 3316 5830 duntaxat
3335 5777 3474 5846 quod
3488 5777 3600 5837 Deo

2005 5861 2259 5927 congruat
2283 5853 2311 5908 .9
3571 5857 3577 5860 ’

3492 290 3598 351 tot
3688 272 3697 282 ’
