4082 6346
527 340 633 407 195

527 509 617 566 18.
649 507 723 564 De
751 504 954 562 Eestasi
985 503 1086 558 sive
1114 496 1372 566 amentia,
1402 496 1505 554 sive
1534 493 1725 568 spiritu
1759 491 2080 566 Propbetieo
2103 532 2120 560 ,

599 597 832 658 Montani
851 607 905 655 et
925 598 1236 652 insanarum
1258 593 1451 651 Vatum
1484 589 1746 647 Priscilla:
1776 598 1832 646 et
1859 585 2124 648 Maximil-

601 698 697 763 lae,
749 703 802 750 et
849 692 1128 748 similium.
1157 690 1304 745 Tom.
1340 686 1405 745 Il.
1452 687 1539 743 lib.
1570 687 1632 741 de
1666 684 1864 757 Virgin.
1919 681 2122 738 oeland.

597 802 643 841 c.
681 787 734 841 1.
761 803 814 840 tt.
862 785 950 840 12.
984 783 1126 838 Tom.
1155 782 1243 838 111.
1276 783 1314 838 ι.
1348 781 1410 835 de
1436 779 1638 835 Anima.
1671 794 1718 833 c.
1750 776 1802 833 9,
1837 794 1889 830 η.
1924 775 2046 831 111.
2075 789 2122 828 c.

599 881 688 937 45.
735 896 790 934 n.
821 878 951 935 488.
973 895 1018 932 c.
1050 877 1143 933 d7.
1173 893 1228 931 η.
1263 876 1389 932 515.
1436 873 1522 928 lib.
1556 873 1618 926 de
1647 861 1936 926 Resurrect.
1979 884 2125 923 earn.

597 992 646 1031 c.
673 975 760 1030 11.
792 991 848 1029 η.
876 973 968 1031 98.
1009 988 1071 1027 ac
1098 989 1143 1026 c.
1171 972 1268 1027 ult.
1303 987 1358 1025 η.
1388 968 1523 1026 156.
1557 967 1684 1022 Adv.
1719 965 1886 1021 Marc.
1913 964 2002 1018 lib.
2033 961 2123 1018 IV.

596 1086 644 1124 c.
671 1067 764 1124 22.
789 1085 931 1122 num.
959 1066 1068 1124 525
1107 1075 1152 1122 et
1179 1066 1266 1120 lib.
1296 1063 1362 1118 V.
1386 1079 1502 1134 cap.
1533 1061 1588 1124 8,
1618 1075 1760 1114 num.
1789 1057 1894 1114 155
1917 1072 1979 1110 ac
2001 1054 2124 1121 156,

599 1160 686 1217 lib.
734 1161 801 1216 ad
842 1159 1007 1215 Prata.
1057 1176 1104 1213 c.
1138 1160 1190 1213 1.
1231 1173 1378 1211 num.
1409 1156 1462 1210 7.
1493 1153 1548 1210 8.
1576 1170 1635 1207 ac
1666 1152 1752 1208 10.
1793 1160 1840 1205 et
1889 1148 2005 1220 cap.
2037 1148 2126 1204 15.

597 1271 746 1310 num.
777 1253 881 1320 95,
914 1269 973 1307 ac
1003 1269 1119 1320 cap.
1153 1249 1243 1307 50.
1280 1266 1423 1304 num.
1475 1246 1597 1302 183.
1642 1245 1868 1316 Denique
1910 1243 1964 1297 in
1995 1239 2130 1297 Fra-

611 1349 823 1423 gmentis
851 1347 1091 1403 librorum
1113 1355 1303 1411 septem
1327 1343 1389 1399 de
1412 1340 1631 1397 Ecstasi.

573 1508 758 1564 Istam
792 1507 1040 1563 haeresim
1082 1503 1410 1582 Tertulliano
1458 1502 1567 1572 jam
1616 1498 1742 1554 olim
1795 1499 2134 1568 impegerunt

529 1605 590 1660 S.
623 1602 903 1669 Pacianns,
941 1601 998 1657 S.
1028 1600 1246 1656 l-lieron.
1272 1608 1326 1654 et
1349 1595 1682 1666 Nicephorus
1703 1593 1836 1648 locis
1859 1592 2036 1647 citatis
2064 1588 2130 1644 ad

531 1698 850 1770 Fragmenta
884 1696 1138 1752 librorum
1159 1693 1275 1762 ejus
1307 1689 1384 1746 De
1410 1689 1632 1753 Ecstasi,
1665 1699 1794 1744 tom.
1828 1683 1916 1750 IV,
1947 1683 2035 1738 ubi
2063 1697 2132 1738 ex

528 1792 716 1848 eodem
739 1790 957 1846 Ilieron.
974 1797 1027 1844 et
1043 1785 1306 1857 Epiphan.
1330 1781 1662 1838 ostendimus
1679 1779 1913 1833 Ecstasin
1933 1779 1981 1831 in
1997 1777 2135 1830 Ada-

512 1865 609 1940 lmo
637 1885 794 1958 (Gen.
814 1883 901 1954 ll),
929 1883 1090 1936 fuisse
1112 1877 1422 1950 profundum
1449 1877 1810 1944 soporem,n’on
1834 1871 2010 1924 mentis
2031 1872 2135 1923 evi-

527 1981 760 2042 ctionem,
787 1986 829 2031 et
853 1974 1068 2032 ecstast'n
1100 1974 1153 2028 in
1183 1971 1439 2044 Apostolis
1462 1967 1677 2040 (Matth.
1704 1965 1871 2020 XVIII
1911 1981 1971 2018 ac
1995 1963 2128 2020 Luc.

529 2073 632 2144 IX)
668 2071 840 2138 Petro,
866 2070 1069 2126 Joanne
1089 2111 1104 2137 ,
1133 2085 1192 2122 ac
1211 2065 1427 2132 Jacobo,
1448 2079 1620 2135 neque
1640 2063 1916 2117 amentiam
1943 2061 2128 2130 fuisse,

526 2168 622 2223 sed
650 2165 1016 2221 admirationis
1045 2161 1276 2218 eestasin
1300 2202 1313 2226 ,
1347 2174 1522 2229 neque
1548 2159 1710 2213 etiam
1749 2172 1869 2211 cum
1898 2156 2134 2226 prophe-

526 2263 598 2316 tia
620 2261 790 2331 aliqua
807 2259 1166 2328 eonjunctam.
1193 2253 1394 2310 Deinde
1412 2268 1479 2308 ex
1501 2251 1760 2322 Apostolo
1780 2250 1823 2321 (I
1838 2247 1958 2305 Cor.
1986 2247 2128 2303 XIV.

527 2350 871 2425 quantumvis
897 2348 1225 2404 contrarium
1255 2346 1457 2402 Auctor
1485 2343 1701 2408 eliciat,
1731 2341 1914 2397 addita
1941 2355 2133 2411 perpe-

529 2460 642 2500 ram
674 2443 908 2499 clausula
939 2460 951 2497 :
982 2442 1036 2496 in
1061 2441 1240 2497 ecstasi
1263 2447 1510 2494 constare
1541 2437 1791 2507 spiritum
1820 2435 2122 2506 Propheta-

529 2553 646 2593 rum
704 2535 986 2607 Prophetis
1018 2534 1317 2604 subjectum
1355 2546 1511 2597 esse,
1544 2537 1728 2601 utpote
1767 2543 1931 2599 quutn
1961 2526 2130 2600 (juxta

528 2629 750 2688 llieron.
784 2629 938 2687 verba
967 2629 1038 2685 ibi
1073 2630 1255 2695 citata,
1287 2635 1342 2683 et
1369 2625 1587 2698 Origeu.
1623 2623 1781 2680 Hom.
1817 2621 1868 2678 6.
1905 2623 1956 2677 in
1987 2620 2130 2677 Eze-

529 2723 782 2796 cbielem)
810 2721 1085 2794 pr0phetia
1135 2719 1266 2776 visio
1295 2728 1536 2784 vocetur,
1563 2731 1722 2788 quam
1755 2714 1896 2771 adeo
1928 2713 2128 2770 intelli-

530 2819 727 2891 gebant
755 2819 1036 2889 l’rOplteta:
1056 2859 1071 2884 ,
1101 2825 1383 2888 propterea
1409 2812 1666 2870 Videntes
1695 2811 1944 2882 appellati
1969 2853 1984 2878 ,
2021 2825 2128 2866 non

530 2929 662 2968 vero
686 2923 741 2966 ut
779 2919 1019 2966 amentes
1059 2909 1208 2964 inviti
1238 2907 1628 2979 loquebantur,
1655 2912 1748 2959 aut
1787 2903 1906 2959 sine
1949 2911 2129 2958 mente

530 3020 720 3060 sonum
747 3003 964 3058 dabant.
1017 2999 1171 3058 Unde
1210 3000 1461 3071 colligere
1491 3008 1576 3056 est
1630 2998 1816 3054 revera
1855 2996 2130 3052 amentiam

533 3099 727 3163 fuisse,
757 3113 861 3152 non
897 3095 1228 3168 PrOphetiam
1250 3138 1264 3162 ,
1293 3095 1347 3149 in
1375 3091 1622 3150 Montano
1653 3103 1706 3148 et
1733 3093 1849 3163 ejus
1887 3107 1982 3164 pse
1996 3092 2130 3147 udo-

532 3189 907 3262 prophetissis,
932 3199 1090 3260 atque
1109 3188 1244 3244 adeo
1271 3188 1380 3243 Deo
1405 3187 1727 3258 disponente
1755 3185 1953 3240 factum
1982 3200 2128 3253 esse,
2157 3210 2202 3274 ρ

532 3295 589 3339 ut
620 3287 701 3341 vel
732 3285 832 3341 hac
858 3284 1217 3357 appellatione
1244 3283 1344 3340 sibi
1369 3284 1468 3354 ipsi
1491 3281 1884 3339 contradiceret
1907 3282 2126 3336 Auctor.

529 3377 605 3434 Idi
615 3394 766 3448 psum
785 3378 1004 3448 pulchre
1029 3389 1153 3434 ante
1171 3378 1296 3434 illos
1320 3376 1574 3432 adversus
1590 3374 2134 3432 Monmnum'deduxit

529 3473 572 3529 A
583 3472 896 3544 pollinarius
915 3473 1344 3544 I-Iierapolitanus
1358 3469 1659 3542 Episcopus
1676 3469 1813 3541 apud
1831 3469 2129 3524 Euseinb.

531 3566 584 3623 5.
605 3567 818 3636 cap.15.
841 3565 1080 3622 scribens
1095 3566 1211 3622 illos
1233 3565 1420 3636 spiritu
1439 3563 1670 3635 quodam
1687 3561 1918 3632 maligno
1935 3561 2130 3632 abrep-

532 3667 644 3723 tos,
668 3657 959 3730 derepente
987 3655 1165 3714 lurore
1178 3666 1232 3713 et
1253 3657 1447 3712 mentis
1470 3656 1671 3710 insania
1703 3653 1887 3727 (quam
1913 3653 2132 3708 ecstusiu

531 3754 824 3825 vocabant)
864 3751 1178 3822 exagitatos,
1198 3751 1508 3822 peregrinas
1533 3747 1794 3820 quasdam
1816 3761 1978 3803 voces
2006 3745 2134 3801 fun-

530 3847 658 3902 dere
680 3889 693 3912 ,
723 3855 774 3901 et
799 3856 1147 3916 contraquam
1174 3843 1425 3900 Ecclesia:
1479 3841 1833 3907 consuetudo,
1865 3855 1988 3896 cum
2017 3849 2125 3895 tra-

531 3939 734 3993 ditione
762 3978 776 4004 ,
810 3948 919 3993 tum
948 3937 1286 3993 successione
1315 3935 1606 4005 antiquitus
1631 3933 1700 3987 ab
1748 3931 2129 4004 Apostolorum

531 4032 864 4103 temporibus
892 4045 1127 4102 eousque
1167 4029 1405 4084 derivata
1445 4025 1782 4098 postulabat,
1810 4025 2132 4096 prophetare

529 4125 735 4180 scilicet
759 4123 1006 4195 ccepisse.
1057 4123 1198 4179 Citat
1225 4122 1317 4178 ille
1345 4120 1506 4192 (apud
1538 4117 1740 4174 Euseb.
1785 4133 1837 4174 e.
1871 4119 2049 4190 seqq.)
2080 4127 2135 4175 et

530 4217 779 4273 Miltiadis
809 4217 1004 4272 librum
1035 4215 1294 4272 adversus
1324 4213 1572 4270 eumdem
1594 4255 1608 4281 ,
1644 4212 1700 4266 in
1735 4227 1843 4283 quo
1873 4210 2127 4279 ostendit,

530 4313 751 4368 minime
771 4311 915 4368 credi
947 4319 1216 4382 oportere,
1249 4323 1575 4382 quemquam
1602 4305 1919 4378 Prophelam
1948 4304 2132 4361 furore

528 4407 790 4478 percitum
839 4406 1141 4478 praphetare
1180 4405 1377 4461 solere.
1421 4402 1606 4473 Neque
1643 4401 1784 4458 enim
1815 4400 1912 4474 (uti
1940 4415 2004 4457 ex
2037 4399 2130 4456 illo

529 4501 680 4574 citat)
713 4517 1032 4572 quemquam
1060 4500 1273 4557 Veteris
1321 4506 1412 4554 ant
1441 4496 1572 4553 Novi
1616 4497 1946 4552 Testamenti
1992 4493 2127 4550 Pro-

1731 329 2106 392 PARADOXA
2141 323 2610 389 TERTULLIANI

2149 450 2206 510 Α
2230 444 2521 502 Melitonetn
2539 458 2750 501 suorum
2764 441 3066 514 prophetam
3087 447 3339 514 putatum,
3360 447 3419 496 ut
3435 439 3506 495 ita
3528 438 3688 495 tacite
3703 452 3828 496 suc-

3714 319 3822 380 196

2227 541 2524 596 cessionem
2549 535 2835 609 quamdam
2884 533 3186 607 prophetia:
3232 541 3488 604 tauquam
3522 547 3664 588 verte
3691 532 3827 587 insi-

2229 642 2436 688 nuaret.
2467 632 2705 702 Denique
2736 627 3055 700 Apollonius
3083 626 3220 682 libro
3249 641 3349 682 suo
3379 624 3638 683 adversus
3665 624 3829 680 Cata-

2231 725 2461 797 pbrygas
2492 722 2512 797 (
2537 724 2615 778 uti
2661 723 2854 794 legitur
2898 719 3036 792 apud
3076 719 3271 776 Euseb.
3303 717 3543 789 ejusdem
3575 717 3613 772 l.
3642 733 3693 773 c.
3720 715 3832 789 17)

2232 828 2458 874 testatur
2488 816 2732 872 Zoticum
2765 815 3091 886 Episcopum
3137 811 3429 880 Comanaa,
3458 826 3623 884 quum
3655 810 3838 882 Pepu-

2233 926 2348 965 zam
2378 909 2749 975 adventasset,
2785 907 2855 963 ibi
2899 905 3183 962 Maximilla
3226 903 3550 976 prophetare
3577 918 3637 960 se
3661 904 3836 959 simu-

2232 1005 2375 1060 laute
2397 1047 2411 1072 ,
2439 1006 2682 1060 insanum
2711 1003 2762 1058 in
2791 1003 2880 1058 illa
2912 1003 3158 1074 Spll‘llllm
3189 998 3636 1070 deprehendisse.
3667 997 3835 1055 Simi-

2232 1097 2356 1154 liter
2377 1097 2633 1168 Scrapion
2655 1095 2872 1170 (ibidem
2894 1111 2944 1152 c.
2970 1093 3102 1165 18.),
3131 1092 3493 1148 Antiocltenus
3515 1092 3835 1162 Episcopus,

2235 1192 2457 1249 Beatum
2490 1191 2675 1247 Solam
2708 1190 2760 1246 in
2791 1187 3053 1245 Anchialo
3080 1187 3316 1243 voluisse
3346 1185 3605 1242 Priscillae
3635 1184 3840 1240 daemo-

2235 1303 2357 1343 nem
2385 1287 2582 1358 ejicere
2612 1327 2625 1351 ,
2660 1285 2753 1340 sed
2785 1283 3134 1340 veteratorios
3164 1281 3288 1338 illos
3315 1280 3627 1353 bypocritas
3654 1279 3839 1335 neuti-

2235 1398 2393 1454 quam
2439 1380 2770 1452 permisisse.
2792 1378 3058 1436 Craterum
3105 1375 3240 1432 nihil
3281 1390 3377 1446 pro
3406 1375 3642 1430 Auctore
3663 1371 3790 1428 facit
3817 1413 3835 1441 ,

2235 1477 2378 1550 quod
2409 1477 2501 1534 lib.
2536 1477 2600 1544 V,
2635 1475 2757 1532 adv.
2791 1470 3339 1545 Marc:Prophetandi
3356 1469 3447 1542 jus
3478 1470 3631 1526 etiam
3659 1466 3840 1522 mulie-

2235 1593 2314 1630 res
2341 1574 2528 1630 habere
2548 1571 2875 1640 contendat,
2903 1585 2970 1627 ex
2994 1583 3059 1626 eo
3088 1567 3229 1640 quod
3255 1567 3306 1621 1.
3332 1561 3582 1621 Con-XI.
3608 1563 3841 1635 Aposto-

2236 1669 2319 1724 lus
2365 1667 2574 1722 Mulieri
2617 1661 3122 1737 etianwrophetanli
3164 1660 3391 1715 velamen
3419 1655 3835 1727 imponat:quia

2239 1777 2344 1817 non
2376 1775 2558 1816 veram
2596 1757 2929 1830 prophetiam
2953 1798 2967 1822 ,
2996 1753 3092 1810 sed
3121 1752 3317 1808 mentis
3344 1750 3633 1809 amentiam
3673 1746 3839 1802 fuisse

2160 1831 2209 1894 Β
2239 1857 2290 1913 in
2321 1857 2521 1912 insanis
2550 1855 2655 1910 illis
2676 1853 2887 1908 vatibus
2916 1850 3159 1906 Priscilla
3190 1857 3245 1904 et
3264 1845 3552 1901 Maximilla
3578 1843 3687 1914 jam
3715 1854 3842 1912 pro-

2237 1948 2420 2003 hatum
2452 1956 2534 2003 est
2560 1963 2574 2000 :
2607 1954 2668 2000 ut
2694 1953 2902 1999 taceam
2934 1943 3076 2012 quod
3109 1939 3197 1994 illa
3227 1938 3500 2009 impugnet
3521 1935 3633 2004 ipse
3658 1931 3839 1988 adhuc

2237 2046 2534 2103 catholicus
2555 2087 2568 2110 ,
2601 2044 2695 2100 lib.
2724 2044 2792 2100 de
2830 2043 3056 2098 Prtescr.
3091 2040 3214 2095 adv.
3241 2039 3428 2094 lueret.
3477 2032 3616 2091 XLI.
3647 2031 3700 2087 in
3725 2030 3840 2085 lucc

2238 2141 2436 2198 verba:
2470 2140 2606 2212 Ipsa:
2641 2140 2877 2194 mulieres
2921 2137 3172 2192 haeretica:
3220 2149 3372 2206 quam
3419 2142 3697 2203 procaces:
3727 2139 3840 2196 qua:

2237 2233 2456 2288 audeant
2485 2234 2665 2289 docere
2683 2277 2698 2301 ,
2721 2230 3050 2298 contendere,
3081 2229 3390 2284 exorcismos
3417 2239 3592 2296 agere,
3613 2219 3836 2276 curatio-

2236 2345 2323 2382 nes
2352 2327 2700 2398 repromitlere
2722 2368 2736 2393 ,
2766 2325 2986 2396 forsitan
3013 2332 3058 2377 et
3077 2314 3318 2393 tinguere
3340 2361 3355 2386 ,
3385 2317 3524 2372 sicut
3567 2313 3726 2368 latius
3766 2308 3841 2365 ibi

2235 2421 2553 2478 deduximus
2578 2461 2594 2489 ,
2625 2437 2772 2476 num.
2801 2419 2928 2474 260.
2959 2413 3090 2473 261.
3110 2416 3238 2472 262.
3262 2429 3324 2469 ac
3353 2411 3481 2467 265.
3512 2408 3578 2464 ad
3617 2405 3735 2462 Lib.
3769 2402 3839 2460 de

2236 2514 2387 2585 Bapt.
2421 2497 2545 2570 adv.
2582 2514 2887 2582 Quintilium
2906 2552 2920 2580 ,
2947 2511 3108 2568 etiam
3129 2509 3443 2565 montaniae
3464 2501 3711 2560 factionis
3737 2495 3838 2554 fte-

2237 2607 2437 2660 minam
2458 2649 2472 2674 ,
2505 2622 2655 2660 num.
2685 2604 2770 2658 2..

2239 2698 2325 2756 19.
2371 2699 2564 2754 Filium
2597 2698 2693 2754 Dei
2720 2693 2992 2753 Clu-istum
3011 2738 3024 2764 ,
3053 2708 3278 2766 semper
3304 2691 3476 2747 visum
3507 2687 3575 2742 ab
3605 2683 3838 2742 homini-

2307 2792 2440 2860 bus,
2470 2792 2522 2846 in
2568 2805 2694 2846 vera
2721 2832 2735 2854 ,
2788 2791 2888 2847 etsi
2933 2805 3039 2845 non
3083 2799 3208 2844 nata
3249 2800 3432 2843 carne.
3465 2782 3617 2838 Totn.
3671 2778 3712 2834 1.
3746 2778 3836 2834 lib.

2307 2887 2424 2942 adv.
2447 2885 2576 2940 Jud.
2600 2902 2712 2957 cap.
2736 2877 2793 2942 9.
2816 2885 3016 2940 n.114.
3045 2883 3168 2941 115.
3192 2880 3339 2937 Tom.
3365 2878 3450 2938 III.
3473 2879 3562 2933 lib.
3579 2877 3640 2931 de
3656 2874 3727 2931 Ca
3745 2889 3836 2927 rne

2306 2978 2495 3035 Christi
2521 2995 2566 3034 c.
2590 2979 2643 3047 6,
2673 2997 2725 3034 n.
2750 2979 2838 3035 58.
2864 2979 2981 3034 adv.
3007 2977 3174 3032 Marc.
3207 2975 3296 3030 lib.
3325 2973 3390 3029 Il.
3425 2990 3474 3029 c.
3504 2972 3600 3036 27,
3622 2987 3675 3025 η.
3706 2966 3833 3024 187.

2309 3075 2393 3129 lib.
2422 3074 2503 3129 III.
2528 3091 2643 3145 cap.
2663 3075 2716 3129 6.
2737 3089 2878 3129 num.
2907 3073 2997 3140 59,
3021 3088 3133 3143 cap.
3157 3070 3211 3127 9.
3237 3087 3379 3126 nttnt.
3396 3067 3486 3124 65.
3505 3066 3592 3122 lib.
3615 3063 3680 3120 V.
3704 3079 3832 3133 cap.

2307 3167 2398 3236 19,
2422 3185 2475 3222 n.
2499 3167 2626 3233 296,
2654 3167 2740 3221 lib.
2771 3167 2890 3222 adv.
2923 3163 3086 3220 Prax.
3120 3181 3236 3235 cap.
3258 3164 3326 3218 14
3346 3205 3361 3231 ,
3397 3179 3451 3216 η.
3482 3160 3572 3217 86.
3597 3158 3686 3227 87,
3718 3173 3834 3227 cap.

2309 3259 2563 3330 16,,num.
2595 3260 2685 3316 96.
2719 3259 2808 3316 98.
2839 3257 2963 3315 100.
2999 3257 3120 3314 101.
3150 3265 3196 3312 et
3225 3268 3347 3312 tom.
3383 3253 3475 3311 IV.
3499 3251 3588 3308 lib.
3615 3251 3678 3308 V.
3711 3249 3830 3306 adv.

2310 3355 2476 3410 Marc.
2501 3372 2660 3411 carm.
2684 3371 2801 3425 cap.
2825 3355 2881 3411 5.
2907 3369 3045 3408 num.
3068 3351 3122 3408 8.

2308 3449 2424 3504 Non
2454 3449 2586 3504 illud
2613 3446 2950 3503 Paradoxum
2981 3446 3213 3515 videtur,
3244 3443 3384 3518 quod
3413 3443 3600 3501 scribit
3627 3437 3835 3497 Tertul-

2237 3544 2412 3599 lianns
2430 3586 2444 3609 ,
2482 3541 2676 3596 Filium
2701 3539 2800 3595 Dei
2821 3584 2836 3609 ,
2868 3555 2978 3596 non
3003 3539 3214 3595 Patrem
3235 3580 3250 3605 ,
3285 3537 3496 3609 quoties
3524 3535 3578 3591 id
3607 3535 3660 3590 in
3683 3531 3833 3590 Scri-

2237 3638 2406 3708 pturis
2429 3638 2639 3707 legitur,
2668 3638 2831 3690 visum
2855 3635 2932 3690 vel
2952 3635 3185 3688 auditum
3211 3633 3274 3687 ab
3297 3631 3582 3686 hominibus
3600 3673 3613 3697 ,
3640 3641 3834 3698 nempe

2237 3729 2889 3802 quumapparuitAdamo,
2914 3727 3049 3784 Gen.
3072 3726 3170 3792 Ill;
3211 3721 3346 3791 Noe,
3370 3724 3505 3780 Gen.
3528 3721 3628 3789 IX;
3667 3720 3836 3774 Abra-

2237 3824 2376 3890 ham,
2406 3820 2853 3878 Gen.XlI.XVII.
2902 3819 3099 3886 XVIII;
3136 3815 3436 3885 Loth,Gen.
3463 3813 3619 3879 XIX;
3668 3813 3828 3883 Agar,

2233 3915 2371 3974 Gen.
2426 3913 2608 3982 XXII;
2649 3914 2832 3984 Iacob,
2891 3915 3027 3971 Gen.
3081 3911 3274 3968 XXIX.
3330 3906 3545 3965 XXXII.
3595 3903 3821 3964 XXXV.

2233 4022 2288 4068 et
2328 4009 2515 4081 Moysi,
2552 4008 2727 4064 Exod.
2769 4008 2834 4064 lll
2879 4017 2932 4065 et
2986 4023 3138 4080 sequ.
3196 4003 3392 4064 XXXII
3448 4020 3510 4060 ac
3573 4000 3821 4058 XXXIII.

2238 4121 2400 4176 quum
2427 4105 2481 4161 id
2531 4105 2894 4176 desumpserit
2938 4103 3005 4160 ad
3027 4102 3253 4160 verbum
3303 4099 3420 4157 fere
3464 4115 3530 4156 ex
3551 4096 3834 4156 S.Justino

2237 4199 2417 4266 Mart.,
2448 4199 2667 4271 Dialogo
2695 4199 2815 4254 adv.
2841 4197 3272 4270 Tryphonem,et
3296 4197 3491 4267 partim
3511 4210 3576 4251 ex
3593 4192 3652 4250 S.
3681 4191 3825 4250 Iren.

2237 4293 2332 4348 lib.
2366 4292 2458 4348 111.
2485 4308 2606 4364 cap.
2638 4293 2670 4348 6
2697 4308 2759 4348 ac
2790 4291 2882 4346 lib.
2915 4289 3005 4345 IV.
3047 4305 3166 4361 cap.
3196 4290 3288 4346 25.
3318 4299 3373 4346 et
3414 4304 3508 4346 eos
3529 4296 3820 4360 sequantur

2233 4384 2560 4441 Novatianus
2579 4385 2673 4441 lib.
2696 4386 2764 4441 de
2779 4384 2969 4441 Trinit.
2990 4399 3110 4455 cap.
3132 4381 3223 4439 25.
3250 4384 3341 4440 26.
3369 4383 3460 4451 27,
3491 4381 3551 4438 Β.
3576 4381 3832 4454 Cyprian.

2233 4477 2325 4536 lib.
2347 4477 2414 4532 11.
2440 4479 2662 4535 Testim.
2685 4478 2806 4534 adv.
2837 4477 2939 4535 J-ud
2955 4517 2968 4532 .
2986 4493 3105 4548 cap.
3129 4478 3163 4532 5
3187 4486 3243 4534 et
3266 4476 3303 4534 6
3319 4519 3335 4546 ,
3359 4476 3512 4533 exiis
3536 4475 3666 4530 locis
3686 4489 3831 4530 eom-

530 4571 745 4666 pltetami
782 4571 1016 4665 allegare
1060 4600 1346 4665 poterunt,
1393 4591 1482 4663 qui
1522 4590 1710 4646 insano
1757 4589 1947 4661 spiritu
1990 4585 2204 4659 (perD
2232 4573 2550 4643 Ρῐοιιθηιεες
2577 4571 2853 4628 Christum
2894 4588 3003 4628 non
3035 4573 3310 4627 hominem
3341 4571 3514 4626 εοὶυῐη
3545 4579 3637 4625 aut
3665 4584 3834 4640 ange-

528 4687 764 4758 ccstasin)
791 4685 859 4742 ad
889 4686 1032 4741 hunc
1059 4685 1276 4741 modum
1305 4684 1509 4740 luerint
1538 4683 1827 4754 aliquando
1851 4681 2123 4753 exagitati.

526 4778 711 4850 Neque
738 4779 806 4835 de
836 4780 1019 4850 Agabo
1039 4821 1053 4846 ,
1077 4793 1252 4848 neque
1275 4775 1342 4832 de
1375 4775 1508 4832 Juda
1531 4817 1545 4842 ,
1578 4791 1750 4846 neque
1777 4774 1843 4830 de
1869 4772 1998 4840 Sila,
2034 4789 2130 4830 ne-

527 4889 634 4944 que
658 4873 726 4928 de
766 4871 992 4943 Philippi
1035 4870 1244 4926 ﬁliabus
1267 4868 1413 4943 (Act.
1438 4865 1532 4924 XI.
1563 4867 1650 4924 15.
1679 4867 1805 4937 21.)
1858 4882 2033 4937 neque
2062 4866 2130 4923 de
2189 4936 2196 4940 _

527 4967 739 5021 Ammia
767 4981 833 5021 ex
876 4962 1282 5036 Philadelphia,
1325 4978 1501 5032 neque
1547 4960 1615 5017 de
1640 4959 1909 5030 Quadrato
1947 4959 2129 5033 (cujus

518 5059 771 5113 meminit
807 5057 950 5113 Ilier.
980 5056 1151 5113 Catal.
1181 5053 1376 5126 Script.
1412 5051 1866 5126 Eccles.),neque
1907 5052 1974 5108 de
2008 5052 2128 5108 aliis

515 5151 806 5220 quibusvis
827 5159 1107 5220 prteterea,
1129 5148 1270 5220 quod
1293 5163 1490 5205 vesano
1512 5149 1748 5218 ipsorum
1771 5161 1922 5203 more
1945 5145 2033 5200 illa
2055 5159 2127 5200 ex

526 5254 678 5314 parte
706 5244 993 5316 aliquando
1029 5243 1470 5316 prophetaverint
1493 5284 1508 5310 ,
1538 5241 1758 5297 omnino
1780 5240 1994 5311 gloriari
2027 5255 2125 5310 po-

526 5348 726 5394 terunt.
759 5339 996 5406 Quorum
1045 5340 1260 5395 nomina
1298 5348 1582 5409 prepterea
1628 5351 1747 5392 sese
1786 5337 2126 5392 recensuisse

525 5431 866 5502 postmodum
911 5432 1142 5499 indicat,
1179 5430 1326 5502 quod
1357 5430 1684 5501 jactitarent,
1719 5428 1974 5484 mulieres
2003 5427 2122 5483 illas

520 5523 759 5583 Romani
791 5527 895 5582 illis
925 5527 1172 5583 omnibus
1213 5528 1263 5581 in
1311 5524 1608 5597 prOphetiae
1636 5537 1830 5578 munus
1871 5522 2116 5591 proxime

523 5622 871 5688 successisse,
904 5637 1009 5676 non
1038 5622 1191 5677 aliter
1215 5630 1371 5691 atque
1401 5621 1572 5693 (teste
1607 5616 1826 5672 I'Iieron.
1859 5614 1980 5672 loco
2005 5616 2116 5686 jam

524 5715 712 5786 citato)
736 5715 788 5770 in
818 5715 969 5770 libris
999 5723 1186 5783 septem
1212 5714 1275 5766 de
1302 5712 1502 5768 Ecstasi
1529 5757 1542 5782 ,
1571 5727 1798 5786 quortun
1827 5711 2114 5780 septimum

524 5810 739 5879 scripsit
768 5808 1024 5864 adversus
1055 5805 1393 5876 Apollonium
1421 5806 1797 5872 Tertullianus,
1826 5805 1877 5860 in
1906 5801 2108 5860 contir-

525 5915 815 5977 mationem
838 5905 1078 5977 ejusdem
1097 5901 1308 5961 illarum
1334 5897 1832 5970 pseudoprophetis:
1871 5899 2113 5977 scripsit,

2234 4666 2344 4722 lum
2371 4709 2384 4734 ,
2414 4666 2509 4722 sed
2538 4676 2592 4728 et
2623 4667 2793 4723 Deum
2818 4665 2984 4722 fuisse
3027 4666 3352 4738 appellatum
3379 4683 3394 4718 :
3428 4679 3529 4721 nec
3572 4663 3728 4719 aliter
3771 4661 3830 4719 S.

2232 4769 2421 4824 Ambr.
2469 4766 2683 4824 Prtel'at.
2733 4768 2786 4824 in
2843 4767 3076 4832 Lucam,
3115 4767 3173 4822 S.
3208 4765 3403 4837 Epiph.
3454 4764 3508 4820 In
3537 4765 3829 4828 Ancoratu,

2233 4862 2554 4918 Prudentius
2606 4861 2727 4917 adv.
2782 4859 3395 4933 Anthropomorpbitas,
3424 4867 3477 4914 et
3523 4857 3728 4913 Arnob.
3775 4857 3829 4911 in

2232 4954 2374 5010 Psal.
2398 4954 2534 5012 CIV.
2558 4955 2675 5023 Quo
2701 4954 2950 5011 videntur
2968 4954 3179 5010 adducti
3210 4963 3318 5009 tum
3340 4951 3520 5008 verbis
3541 4951 3645 5007 illis
3667 4949 3834 5004 Deum

2235 5048 2443 5104 Patrem
2475 5050 2493 5119 (
2525 5050 2658 5103 sicut
2688 5048 2817 5120 legit
2842 5051 3042 5104 Auctor
3067 5049 3086 5118 )
3120 5063 3265 5102 nemo
3287 5046 3470 5101 videbit
3500 5061 3754 5114 unquam,
3783 5053 3832 5098 et

2233 5145 2376 5198 vivet.
2410 5141 2831 5198 Exod.XXXlll.
2872 5156 2935 5197 ac
2971 5141 3253 5205 similibus,
3275 5139 3428 5195 Joan.
3456 5137 3523 5193 Vl
3568 5153 3673 5193 non
3704 5138 3831 5207 quia

2233 5239 2443 5294 Patrem
2473 5240 2590 5307 quis
2620 5236 2783 5302 vidit,
2814 5237 2912 5291 nisi
2940 5238 3029 5308 qui
3057 5252 3086 5291 a
3116 5235 3225 5291 Deo
3246 5246 3328 5290 est
3353 5253 3365 5289 :
3401 5241 3452 5290 ct
3477 5249 3508 5288 e
3554 5232 3826 5288 contrario

2232 5333 2332 5389 illis
2349 5328 3411 5396 Christi,Joan.VIII.Abralmmexsultaeit
3429 5335 3480 5382 ut
3498 5326 3682 5380 videret
3697 5325 3832 5379 diem

2229 5444 2426 5488 meum,
2457 5427 2579 5480 vidit
2607 5434 2650 5480 et
2678 5425 2878 5496 gavisus
2907 5433 2999 5478 est.
3028 5424 3344 5492 Quanquam
3388 5419 3602 5475 interim
3625 5419 3686 5475 S.
3720 5419 3831 5473 Au-

2229 5530 2367 5590 gust.
2392 5519 2487 5575 lib.
2520 5517 2608 5573 Ill.
2638 5517 2848 5572 advers.
2879 5514 3096 5569 Maxim.
3145 5531 3269 5585 cap.
3317 5512 3410 5568 26.
3444 5520 3497 5567 et
3547 5511 3640 5566 lib.
3673 5507 3719 5566 II
3760 5508 3830 5564 de

2226 5612 2415 5667 Trinit.
2438 5628 2556 5684 cap.
2588 5611 2790 5667 10.11.
2816 5609 2904 5665 12.
2934 5610 3019 5664 15.
3058 5610 3144 5664 14.
3174 5607 3352 5664 15.16
3373 5621 3435 5660 ac
3459 5606 3546 5672 17,
3574 5601 3824 5658 maluerit

2223 5722 2487 5770 asserere,
2515 5707 2678 5762 Deum
2697 5704 2911 5760 Patrem
2931 5714 2983 5758 et
3005 5712 3168 5758 totam
3194 5701 3510 5757 Trinitatem
3541 5699 3714 5754 visum
3745 5696 3822 5752 di-

2222 5800 2323 5856 ctis
2363 5800 2492 5856 locis
2524 5815 2618 5872 per
2660 5797 2927 5870 subjectas
2965 5807 3271 5864 creaturas,
3301 5804 3359 5851 ut
3387 5811 3454 5850 ne
3483 5791 3826 5850 consentiret

2221 5892 2506 5962 Maximino
2533 5898 2762 5962 Arriano
2785 5937 2802 5971 ,
2831 5899 3056 5958 cuinon
3079 5894 3290 5958 suffecit
3315 5891 3486 5954 dictas
3514 5890 3817 5968 apparitio-
