4106 6330
279 350 400 415 197
1446 348 1587 417 cun
1626 338 1982 415 ANTIDOTO
2021 348 2323 414 manu.
2382 354 2385 359 λ
3502 340 3608 411 198

278 489 392 530 nes
418 472 492 530 de
519 473 735 531 Christo
764 474 1135 547 interpretari,
1170 475 1265 533 sed
1298 476 1420 534 inde
1460 478 1714 551 colligere
1762 477 1897 533 nite-
1930 472 1987 539 Α
2009 476 2332 532 incommoda
2357 477 2494 548 fugae
2521 486 2639 531 caro
2667 468 2900 544 militat;
2929 472 2974 532 si
2997 482 3046 532 et
3074 486 3247 532 carcer
3285 477 3603 548 praeveniat,

281 564 458 622 batur
480 564 749 623 Christum
782 583 879 640 per
898 567 1185 626 divinitatis
1204 585 1317 626 sua:
1338 569 1686 627 substantiam
1708 570 1911 627 visibus
2012 579 2084 624 est
2110 568 2164 623 in
2208 568 2299 623 illa
2347 577 2645 639 paupertate
2692 568 2854 636 lucis,
2885 568 3131 640 patientia
3174 568 3375 624 mundi.
3420 566 3565 638 Quid
3590 608 3609 636 ,

284 657 554 714 humanis
580 660 892 731 apparuisse
916 704 931 730 ,
960 679 990 718 a
1012 678 1115 735 qua
1146 662 1336 718 haeresi
1363 662 1547 734 procul
1572 671 1720 721 certe
1738 662 1911 720 abfuit
2011 663 2156 736 quod
2179 680 2242 719 ex
2264 662 2389 719 dicti
2418 661 2540 717 libri
2566 678 2687 734 cap.
2716 664 2775 718 II
2802 704 2818 732 ,
2847 661 3055 719 videtur
3074 662 3408 735 potissimum
3430 659 3613 734 fugam

286 752 528 821 Auctor,
553 754 951 824 quantumlibet
998 771 1116 812 eam
1146 756 1367 828 quidem
1396 755 1469 811 illi
1498 756 1813 829 impingam.
1839 759 1910 813 At
2011 759 2336 830 improbare.
2395 756 2798 829 Prwpositorum
2867 755 3111 813 Ecclesia
3137 798 3152 824 ,
3192 765 3379 829 utpote
3431 755 3617 827 quibus

289 840 433 900 illud
485 844 821 903 Paradoxum
866 855 982 915 est,
1016 855 1071 904 et
1096 847 1429 904 Tertulliano
1469 848 1737 919 peculiare
1763 848 1907 921 quod

294 938 512 1010 aliquot
558 939 689 996 locis
729 940 906 1011 dicat,
938 943 1101 997 visum
1149 943 1408 999 Christum
1434 944 1487 999 in
1517 962 1673 1000 carne
1697 962 1836 1012 vero,
1862 955 1908 1001 et

294 1034 478 1089 solida
497 1077 512 1102 ,
543 1036 634 1101 etsi
652 1052 751 1090 non
779 1045 901 1091 nata
920 1078 935 1103 ,
958 1034 1119 1108 idque
1144 1038 1261 1094 zelo
1283 1054 1389 1095 non
1417 1039 1711 1096 secundum
1735 1041 1910 1096 scien-

296 1130 437 1184 tiam
456 1171 473 1197 ,
498 1130 572 1185 uti
596 1140 743 1186 tanto
770 1131 940 1202 magis
964 1132 1256 1203 probaret,
1280 1133 1538 1190 adversus
1561 1128 1907 1205 Marcionem,

298 1222 552 1295 aliosque
582 1224 697 1296 ejus
728 1226 965 1281 asseclas
985 1268 1001 1293 ,
1033 1244 1238 1282 carnem
1268 1228 1496 1296 Christi,
1529 1243 1689 1300 quam
1723 1240 1909 1300 postea

302 1331 377 1372 ex
409 1316 618 1388 virgine
645 1318 855 1389 accepit
878 1336 1004 1383 ,non
1052 1319 1429 1388 phantasticam
1470 1321 1628 1392 fuisse
1650 1361 1665 1383 ,
1697 1322 1786 1376 sed
1824 1337 1912 1376 uec

309 1424 430 1465 ram
455 1426 518 1464 ac
540 1412 757 1467 solidam
780 1451 796 1474 ,
828 1413 871 1468 si
897 1411 1009 1483 jam
1034 1413 1161 1470 olim
1192 1420 1318 1469 ante
1343 1413 1395 1469 iu
1422 1424 1586 1470 carne
1608 1428 1732 1470 vera
1765 1416 1911 1472 visus

301 1506 600 1562 diceretur.
634 1507 848 1577 Alioqui
877 1517 1025 1563 certe
1054 1508 1148 1563 lib.
1177 1516 1363 1565 contra
1403 1508 1667 1564 Prsxean.
1694 1506 1751 1565 Β.
1782 1508 1908 1565 Jus-

301 1601 403 1655 tiui
433 1600 585 1655 Mart.
634 1602 956 1657 sententiam
1006 1608 1256 1670 secutus,
1289 1603 1379 1674 qui
1423 1612 1514 1659 eas
1544 1600 1909 1675 apparitiones

300 1693 564 1764 ﬁguratas
596 1693 761 1749 fuisse
806 1694 1040 1750 afﬁrmat
1061 1737 1076 1762 ,
1109 1697 1346 1766 seips'um
1371 1696 1601 1768 explicat
1628 1714 1640 1751 :
1675 1694 1910 1755 Dicimus

304 1786 444 1841 enim
473 1787 667 1857 (inquit
694 1788 860 1858 priori
881 1787 1023 1859 loco)
1050 1796 1098 1843 et
1126 1787 1175 1843 Γ
1176 1788 1322 1843 ilium
1347 1802 1440 1844 suo
1468 1790 1674 1844 nomine
1701 1800 1910 1846 eatenus

300 1842 613 1934 inuisibilem
664 1842 829 1951 (qttod
895 1842 1071 1936 tamen
1149 1842 1377 1952 negabat
1415 1842 1910 1956 —Masiminus)qqu—a
1938 1842 1989 1912 Β

303 1987 479 2025 sermo
501 1989 519 2035 ;
544 1971 788 2025 visibilem
811 1982 982 2026 autem
1002 1973 1161 2042 fuisse
1186 1982 1305 2027 ante
1325 1990 1529 2028 carnem
1558 1991 1615 2028 eo
1638 1974 1788 2030 modo
1807 1990 1909 2046 quo

303 2058 429 2117 dicit
456 2064 526 2117 ad
568 2063 739 2118 Aaron
784 2074 831 2118 et
859 2062 1082 2119 Mariam
1133 2061 1334 2139 (Num.
1365 2065 1509 2137 XII.)
1537 2083 1549 2119 :
1586 2065 1654 2120 Et
1680 2068 1724 2120 si
1753 2068 1910 2139 fuerit

303 2154 579 2227 prophetes
610 2157 664 2210 in
695 2154 830 2210 vobis
854 2197 869 2223 ,
899 2157 953 2211 in
975 2157 1166 2212 visione
1184 2173 1466 2230 cognoscur
1488 2157 1568 2212 illi
1592 2194 1606 2224 ,
1626 2168 1673 2212 et
1698 2159 1750 2213 in
1774 2175 1910 2214 som-

303 2251 396 2303 nio
426 2250 608 2320 loquar
635 2248 735 2304 illi.
765 2248 832 2305 Et
878 2251 1248 2322 postallegata
1283 2254 1442 2306 verba
1473 2250 1561 2307 illa
1590 2251 1761 2308 Exod.
1794 2251 1861 2306 Ill
1890 2268 1904 2305 :

262 2402 273 2418 η
308 2341 386 2397 0s
414 2342 483 2396 ad
509 2360 566 2397 os
597 2342 778 2414 loquar
813 2342 894 2397 illi
917 2344 970 2399 in
999 2344 1193 2415 specie,
1224 2344 1529 2415 subjungit:
1562 2343 1734 2417 Igitur
1755 2362 1911 2417 quum

305 2435 485 2507 Moysi
512 2446 677 2491 servat
701 2447 1023 2509 conspectum
1066 2454 1217 2493 suum
1258 2449 1304 2492 et
1348 2439 1658 2509 colloquium
1684 2440 1818 2511 facie
1843 2440 1915 2494 ad

305 2530 499 2603 faciem
523 2528 577 2584 in
604 2534 836 2601 futuram
863 2531 1006 2603 (nam
1049 2531 1144 2587 hoc
1180 2541 1353 2602 postea
1397 2532 1731 2604 adimpletum
1757 2543 1831 2588 est
1859 2533 1915 2587 in

303 2624 505 2679 "tantis
527 2639 720 2679 secessu
739 2666 753 2690 ,
781 2624 909 2679 sicut
931 2624 1142 2697 legimus
1170 2625 1222 2678 in
1251 2624 1551 2697 Evangelia,
1576 2624 1704 2680 Luc.
1733 2624 1823 2681 IX.
1843 2626 1918 2680 vi-

306 2708 425 2773 sum
451 2733 565 2773 cum
583 2718 675 2773 illo
706 2717 921 2789 Moysen
950 2717 1343 2791 colloquentem)
1374 2728 1588 2789 apparet
1617 2729 1755 2775 retro
1781 2737 1915 2775 sem-

308 2827 404 2883 per
424 2811 477 2865 in
499 2812 705 2882 speculo
728 2852 743 2876 ,
772 2820 818 2866 et
843 2812 1139 2883 amigmate,
1162 2821 1208 2868 et
1233 2813 1426 2868 visione
1444 2821 1491 2867 et
1515 2829 1693 2869 somno
1723 2811 1911 2883 Deum,

308 2905 368 2976 id
391 2914 466 2960 est
507 2903 558 2959 F
559 2905 703 2959 ilium
725 2903 820 2960 Dei
840 2945 857 2972 ,
878 2907 1042 2961 visum
1060 2918 1165 2960 tam
1204 2907 1465 2976 prophetis
1494 2912 1541 2961 et
1570 2904 1914 2974 Patriarchis,

308 3015 467 3069 quam
496 3010 543 3053 et
568 2999 666 3069 ipsi
704 2998 874 3053 adhuc
900 2997 1094 3071 Moysi.
1125 2997 1234 3055 Nec
1258 2999 1572 3055 absimiliter
1595 3000 1714 3055 loco
1738 3009 1919 3071 poste-

309 3091 446 3147 riori
474 3109 486 3145 :
510 3089 631 3161 Ipse
648 3090 782 3144 enim
811 3099 858 3143 et
881 3090 950 3145 ad
970 3090 1197 3144 humana
1215 3106 1413 3161 semper
1432 3090 1687 3161 colloquia
1712 3091 1919 3147 descen-

2014 854 2198 926 (etiam
2239 852 2390 924 justa
2434 851 2492 909 S.
2541 850 2804 907 Albanas.
2836 844 3012 922 Epist,
3041 850 3110 906 ad
3152 849 3616 919 Dracontium,'et

2014 945 2193 1001 locum
2217 945 2439 1000 citatum
2469 944 2529 1000 S.
2554 945 2816 1014 August.)
2843 945 3021 1014 fugere
3046 959 3149 998 non
3171 942 3283 1001 licet
3308 984 3322 1009 ,
3352 943 3450 998 nisi
3469 950 3618 1016 grege

2014 1038 2242 1110 fugiente
2259 1080 2273 1104 ,
2302 1045 2392 1092 aut
2417 1035 2764 1106 Praepositum
2787 1018 2888 1091 non
2911 1034 3228 1091 desiderante
3248 1078 3263 1105 ,
3289 1030 3339 1091 id
3368 1043 3448 1091 est
3469 1079 3482 1102 ,
3509 1051 3616 1092 non

2016 1131 2292 1202 indigente
2321 1131 2437 1200 ejus
2465 1143 2629 1200 opera
2654 1145 2669 1197 ;
2693 1144 2856 1201 quum
2886 1126 3181 1199 personalis
3206 1135 3289 1183 est
3312 1169 3326 1195 ,
3362 1137 3418 1181 ut
3444 1129 3521 1183 sic
3542 1127 3618 1183 lo-

2016 1241 2267 1298 quamur,
2300 1225 2692 1298 Episcoporum
2726 1212 2816 1280 aut
2846 1220 3126 1281 Pastorum
3151 1220 3474 1294 persecutio?
3504 1222 3620 1288 Quo

2017 1332 2145 1374 casu
2171 1320 2331 1375 etiam
2362 1319 2465 1374 illis
2494 1317 2680 1389 fugere
2707 1318 2871 1374 licere
2895 1360 2909 1384 ,
2932 1328 2986 1374 et
3015 1316 3303 1372 multorum
3332 1316 3616 1388 exemplis,

2020 1423 2077 1469 et
2124 1427 2189 1467 ex
2220 1412 2517 1483 Scripturis
2567 1411 2672 1467 late
2702 1411 2918 1468 deducit
2961 1411 3018 1468 S.
3071 1410 3331 1467 Albanas.
3361 1410 3498 1467 dicta
3526 1425 3623 1466 sua

2019 1505 2247 1577 Apolog.
2272 1505 2339 1560 ad
2362 1520 2521 1576 quam
2548 1505 2830 1561 Lectorem
2855 1545 2871 1572 ,
2894 1521 2961 1561 ne
2986 1504 3073 1561 hic
3098 1504 3413 1576 prolixiores
3432 1507 3621 1573 simus,

2018 1598 2360 1653 remittimus.
2384 1598 2567 1669 Neque
2590 1599 2876 1670 quidquam
2902 1613 2998 1668 pro
3028 1599 3265 1655 Auctore
3292 1597 3416 1654 facit
3435 1641 3448 1666 ,
3481 1596 3625 1670 quod

2020 1691 2192 1745 invitet
2222 1690 2454 1747 Christus
2479 1692 2548 1746 ad
2575 1693 2863 1763 passionem
2888 1695 3200 1748 contrariam
3228 1695 3381 1766 fugae.
3420 1692 3518 1761 Qui
3546 1708 3628 1750 me

2021 1787 2267 1855 confusus
2286 1785 2456 1856 fuerit,
2480 1793 2530 1839 et
2550 1800 2642 1858 ego
2657 1784 2946 1858 confundar
2969 1802 3107 1853 eum,
3127 1780 3316 1856 (Marc.
3338 1776 3430 1857 Vl)
3452 1799 3626 1856 quan-

2020 1875 2217 1930 tumvis
2262 1876 2451 1946 Scorp.
2502 1875 2716 1936 advers.
2762 1877 3046 1933 Gnosticos
3087 1876 3211 1934 inde
3263 1875 3518 1948 colligere
3544 1877 3627 1931 vi-

2020 1966 2211 2024 deatur
2240 1968 2493 2041 Martyria
2520 1978 2774 2041 prwcepla
2803 1986 2952 2026 esse:
2978 1970 3103 2043 quia
3134 1986 3287 2042 atque
3315 1978 3624 2043 praceptum

2021 2076 2144 2119 esse
2174 2060 2538 2118 Tertullianus
2557 2065 2803 2136 agnoscit
2854 2060 2985 2120 illud
3011 2082 3025 2119 :
3054 2060 3226 2132 Quum
3250 2066 3492 2137 eruperint
3514 2082 3628 2135 per-

2018 2155 2161 2224 sequi
2186 2164 2274 2210 vos
2292 2197 2306 2221 ,
2338 2157 2498 2228 fugite
2520 2156 2583 2211 de
2603 2158 2802 2211 civitate
2823 2157 2878 2211 in
2904 2157 3155 2212 civitatem
3183 2174 3199 2213 :
3226 2158 3349 2230 quia
3376 2166 3626 2217 neutrum

2022 2250 2352 2317 praeceptum
2378 2248 2609 2316 videtur,
2636 2248 2735 2305 nisi
2761 2247 3054 2306 secundum
3077 2264 3357 2322 personas,
3384 2258 3629 2321 tempora

2028 2352 2087 2394 et
2115 2354 2341 2403 causas,
2373 2338 2476 2396 hoc
2506 2341 2722 2412 quidem
2755 2350 2999 2413 tempore
3037 2344 3428 2413 persecutionis
3459 2343 3529 2399 ob
3570 2344 3629 2397 li-

2022 2433 2147 2489 dem
2176 2433 2405 2502 Christi,
2437 2434 2500 2490 iis
2531 2435 2724 2507 quibus
2778 2453 2872 2508 per
2898 2436 3197 2493 animarum
3230 2446 3412 2493 curam
3442 2438 3632 2495 abesse

2024 2524 2191 2580 licet:
2224 2526 2352 2581 illud
2386 2542 2544 2592 vero,
2578 2528 2622 2582 si
2653 2527 2978 2600 apprehensi
3010 2530 3295 2593 fuerimus,
3326 2529 3408 2585 vel
3443 2530 3493 2584 in
3518 2528 3631 2601 ipsa

2023 2615 2169 2689 fuga.
2206 2618 2568 2691 Praeterquam
2598 2621 2759 2676 etiam
2784 2622 2928 2693 quod
2959 2631 3244 2694 utrumque
3270 2621 3411 2693 apud
3437 2621 3627 2677 Matth.

2025 2710 2219 2766 eodem
2247 2715 2423 2782 capite
2452 2715 2811 2782 contineatur,
2844 2722 3058 2785 oportet
3082 2730 3270 2771 sanam
3300 2716 3530 2787 accipiat
3548 2717 3633 2770 in-

2024 2807 2502 2876 terpretationem,
2541 2822 2613 2864 ac
2659 2807 2762 2864 sibi
2806 2809 3147 2881 Evangelista
3195 2810 3499 2867 contrarius
3543 2810 3630 2867 vi-

2026 2894 2235 2951 deatur.

2025 3028 2089 3086 21
2106 3070 2119 3086 .
2162 3031 2239 3089 De
2265 3032 2402 3103 Job,
2421 3033 2567 3106 quod
2589 3033 2711 3092 ﬁliis
2737 3036 2787 3093 ei
2819 3048 2928 3093 non
2953 3038 3212 3095 restitutis
3232 3078 3249 3107 ,
3272 3039 3631 3098 voluntariam

2100 3125 2385 3183 orbitatem
2415 3130 2485 3183 sit
2515 3143 2723 3201 passus.
2758 3128 2902 3187 Tum.
2931 3130 2995 3200 Il,
3025 3131 3114 3188 lib.
3142 3131 3206 3187 de
3234 3131 3460 3191 Patient.
3495 3151 3612 3207 cap.

309 3182 433 3284 dit,
462 3182 524 3237 ab
550 3181 720 3236 Adam
749 3198 910 3286 usque.
945 3183 1013 3235 ad
1053 3181 1391 3287 Plurim-phus
1419 3193 1464 3287 et
1514 3181 1835 3287 Prophetas,
1865 3185 1918 3239 in
1945 3221 1993 3286 α
2105 3219 2132 3274 ,1
2141 3220 2202 3287 δ’
2237 3181 2379 3278 πλη.

310 3274 509 3329 visione
531 3314 546 3342 ,
575 3275 629 3329 in
653 3291 864 3343 somno,
892 3274 946 3328 in
988 3274 1224 3344 speculo,
1252 3276 1306 3329 in
1335 3276 1623 3347 (enigmata.
1646 3274 1917 3333 Cancrum

311 3370 376 3426 S.
412 3370 707 3441 Augustino
737 3369 870 3425 locis
892 3370 1004 3439 jam
1035 3369 1212 3425 citatis
1246 3369 1413 3449 magis
1446 3370 1649 3440 placet,
1678 3378 1735 3424 ut
1761 3368 1920 3426 dictis

308 3462 616 3518 visionibus
642 3460 885 3518 Christus
925 3459 1141 3533 quidem
1193 3460 1352 3518 fuerit
1383 3464 1672 3532 liguratus,
1701 3461 1796 3519 sed
1825 3478 1924 3533 per

311 3554 543 3626 angelos
597 3553 764 3624 ﬁgura
811 3553 1069 3609 duntaxat
1112 3554 1277 3608 Deum
1323 3554 1670 3624 apparuisse,
1704 3554 1757 3610 id
1789 3569 1917 3624 pro-

310 3648 454 3705 bans
476 3664 542 3704 ex
569 3647 877 3716 Scripturis,
900 3646 1039 3704 Osee
1064 3646 1154 3703 XII
1174 3689 1189 3713 ,
1220 3648 1305 3703 ubi
1331 3647 1567 3720 angelum
1592 3646 1755 3704 fuisse
1784 3647 1923 3704 dici-

312 3749 427 3812 tur,
450 3739 542 3811 qui
563 3753 687 3794 cum
708 3738 871 3795 Jacob
890 3733 1206 3796 colluctatus
1226 3748 1329 3807 εει,
1348 3751 1402 3796 et
1425 3739 1585 3796 llebr.
1600 3737 1739 3807 XIII,
1760 3756 1922 3811 quum

315 3831 573 3890 dicuntur
599 3832 816 3905 quidam
847 3834 1155 3891 nescientes
1180 3835 1399 3907 angelos
1438 3836 1707 3907 recepisse
1734 3836 1922 3907 hospi-

312 3927 420 3982 tio.
452 3924 656 3994 Quibus
685 3927 922 3998 adjicere
951 3928 1111 3996 licet,
1140 3927 1282 3999 quod
1315 3928 1480 3984 Deum
1502 3970 1517 3994 ,
1548 3944 1706 4000 quem
1733 3928 1831 3984 sibi
1865 3929 1921 3983 in

311 4008 459 4076 rubo
494 4029 550 4075 et
577 4019 629 4074 iu
656 4018 782 4076 Sina
814 4020 1131 4090 apparuisse
1160 4017 1335 4075 Moses
1371 4018 1546 4090 dixit,
1579 4021 1720 4075 hunc
1746 4020 1921 4092 ipsum

310 4112 382 4171 S.
411 4108 738 4186 Stephanus,
771 4115 892 4169 Act.
925 4110 1036 4168 VII.
1064 4111 1311 4185 angelum
1344 4110 1508 4169 fuisse
1548 4121 1788 4169 testatur.

310 4252 414 4310 20.
453 4252 533 4309 De
553 4250 695 4324 Fuga
718 4252 771 4307 in
797 4250 1168 4322 persecutione
1191 4263 1296 4304 non
1318 4247 1482 4305 licita.
1508 4245 1658 4303 Tom.
1694 4246 1761 4303 Il.
1791 4247 1878 4303 lib.
1904 4245 1925 4302 I

314 4407 324 4416 ,
395 4346 465 4401 ad
497 4343 661 4403 Uxor.
700 4361 816 4418 cap.
859 4344 912 4400 5.
944 4361 997 4399 n.
1029 4343 1117 4399 I7.
1151 4341 1240 4397 lib.
1273 4341 1336 4398 de
1360 4341 1479 4398 Cor.
1529 4342 1679 4398 milit.
1702 4354 1823 4414 .cap.
1870 4341 1922 4396 I.

307 4452 325 4511 ε
387 4455 539 4496 mum.
594 4438 683 4496 18.
713 4447 760 4494 et
801 4446 923 4492 tom.
952 4434 1019 4492 Ἴ.
1054 4436 1186 4491 libro
1225 4435 1423 4507 integro
1465 4435 1575 4508 ejus
1614 4433 1923 4507 argumenti.

2028 3359 2034 3370 '
2102 3352 2164 3412 In
2206 3354 2602 3431 exemplaribus
2650 3361 2772 3419 libri
2801 3363 2932 3433 .Iob,
2964 3380 3084 3437 quae
3114 3363 3324 3422 viderat
3351 3364 3635 3422 Tertullia—
3723 3416 3731 3423 .

2030 3466 2133 3508 nus
2149 3496 2163 3520 ,
2184 3452 2543 3512 desideratum
2567 3456 2732 3514 fuisse
2762 3458 2993 3526 videtur,
3017 3458 3160 3531 quod
3185 3459 3253 3515 de
3276 3459 3396 3515 ﬁliis
3426 3466 3633 3530 septem

2030 3553 2086 3601 et
2111 3540 2322 3602 ﬁliabus
2343 3548 2511 3604 tribus
2536 3551 2584 3604 ei
2612 3552 2866 3606 restitutis
2889 3551 3078 3622 legitur
3100 3552 3150 3607 in
3174 3549 3416 3609 Hebraeis
3436 3594 3450 3619 ,
3475 3551 3636 3609 Chal-

2030 3639 2197 3705 dans,
2243 3639 2447 3697 Graecis
2490 3646 2544 3699 et
2590 3636 2794 3700 Latinis
2841 3647 3469 3719 exemplaribuszatque
3510 3646 3637 3704 hinc

2031 3724 2232 3787 factum
2263 3734 2476 3804 opinor,
2507 3736 2581 3791 uti
2609 3735 2877 3807 peculiare
2906 3738 3047 3793 istud
3072 3781 3086 3805 ,
3116 3737 3259 3810 quod
3289 3738 3430 3810 apud
3460 3739 3634 3794 nemi-

2030 3838 2156 3878 nem
2190 3823 2444 3881 Veterum
2468 3829 2709 3899 reperire
2737 3830 2884 3900 potui
2911 3871 2926 3896 ,
2956 3829 3276 3887 Paradoxon
3301 3833 3371 3887 sit
3394 3840 3633 3889 secutus.

2029 3913 2190 3973 Certe
2222 3920 2461 3990 pluribus
2487 3920 2538 3976 id
2570 3921 2873 3993 improbare
2903 3923 3235 3994 superﬂuum
3262 3924 3433 3990 foret,
3461 3940 3626 3996 quum

2031 4012 2271 4083 ejusdem
2312 4013 2422 4069 lere
2463 4016 2634 4070 {etatis
2663 4014 2957 4087 Origenes,
2988 4016 3183 4073 Homil.
3217 4017 3251 4073 6
3272 4018 3325 4073 in
3358 4017 3634 4075 Ezechiel.

2030 4103 2164 4160 illud
2194 4106 2389 4177 legisse
2416 4121 2478 4162 se
2502 4107 2797 4179 signiticet,
2828 4114 2882 4165 et
2910 4116 3030 4180 post
3055 4125 3178 4166 eum
3209 4106 3394 4167 Patres
3424 4126 3635 4179 omnes,

2033 4205 2146 4255 tam
2168 4211 2379 4257 veteres
2395 4243 2409 4267 ,
2429 4217 2588 4273 quam
2613 4203 2805 4258 mediae
2826 4205 2999 4260 aetatis
3016 4245 3030 4271 ,
3057 4211 3112 4283 et
3136 4205 3484 4260 recentiores.
3502 4203 3637 4273 ρυε-

2033 4289 2136 4347 bus
2157 4291 2358 4349 Auctor
2376 4296 2737 4361 consentiret,
2761 4294 2805 4349 si
2836 4294 3097 4351 duntaxat
3116 4294 3374 4365 dixisset,
3397 4295 3497 4351 Job
3517 4297 3638 4352 reli-

2033 4394 2134 4457 qua
2163 4401 2278 4456 qua:
2304 4388 2543 4443 amiserat
2562 4430 2577 4456 ,
2600 4388 2920 4459 redupticata
2960 4389 3246 4461 possedisse
3266 4432 3281 4459 ,
3311 4392 3534 4462 exceptis
3565 4386 3636 4462 ﬁ-

2036 4476 2158 4544 liis,
2193 4488 2372 4550 utpote
2420 4495 2556 4551 quos
2596 4489 2802 4551 septem
2861 4481 3125 4537 duntaxat
3186 4484 3392 4553 recepit
3424 4525 3438 4550 ,
3480 4490 3639 4554 atque

314 4584 324 4625 t
391 4577 552 4635 nunc
579 4575 895 4635 Tertulliani
938 4587 1179 4630 errorem
1199 4613 1215 4640 ,
1244 4586 1401 4644 quem
1445 4570 1551 4626 late
1580 4568 1801 4624 deducit
1827 4568 1925 4624 lib.
1954 4588 2011 4656 D
2035 4568 2174 4627 adeo
2202 4571 2425 4628 totidem
2454 4583 2585 4643 quot
2615 4580 2793 4630 antea.
2825 4570 3189 4647 ld-prOpterea
3216 4578 3638 4646 interpretantur

322 4675 395 4733 de
421 4672 567 4746 Fuga
592 4673 644 4728 in
670 4667 1075 4743 persecutione,
1100 4664 1410 4735 conscripto
1431 4664 1582 4735 juxta
1607 4661 1665 4718 S.
1699 4660 1921 4718 Ilieron.

319 4766 592 4841 Sophron.
625 4776 680 4823 et
701 4764 983 4837 Niceplior.
1008 4761 1131 4817 adv.
1164 4758 1490 4823 Ecclesiam,
1527 4766 1632 4810 tam
1663 4753 1768 4811 late
1796 4768 1929 4809 con-

296 4857 625 4930 _futavimus'
660 4857 858 4915 nostris
911 4857 965 4912 in
1008 4855 1157 4911 illum
1203 4848 1688 4916 Adnotationibus,
1722 4856 1777 4902 ut
1815 4860 1926 4902 non

319 4954 513 5016 multis
533 4954 621 5010 hic
646 4954 714 5009 sit
744 4966 901 5024 epus.
924 4948 1061 5006 Vide
1091 4945 1287 5003 ibidem
1306 4987 1321 5011 ,
1348 4943 1490 5016 quod
1515 4940 1582 4997 ad
1603 4940 1807 4997 calcem
1838 4950 1927 4994 ar-

316 5042 1248 5124 gumentisubjecimus,antidotum
1284 5055 1348 5097 ex
1371 5039 1489 5111 ipso
1504 5044 1722 5093 auctore
1751 5034 1929 5091 adhuc
2036 5034 2061 5084 ἶ

323 5145 591 5202 catholico
610 5186 625 5211 ,
653 5150 783 5198 tom.
810 5139 874 5194 Il.
916 5138 1009 5195 lib.
1034 5136 1102 5194 de
1122 5135 1353 5193 Patient.
1381 5146 1501 5204 cap.
1531 5131 1620 5188 15.
1658 5146 1806 5185 num.
1834 5128 1925 5186 88.

314 5239 383 5298 ‘S.
415 5237 667 5313 Cypriani
698 5235 831 5293 locis
858 5234 1051 5307 aliquot
1081 5249 1095 5299 ;
1126 5232 1184 5288 S.
1216 5226 1494 5285 Athanasii
1531 5224 1791 5298 Apologia
1828 5238 1928 5296 pro
2036 5251 2063 5274 υ

313 5348 423 5390 sua
448 5332 569 5405 fuga
596 5373 611 5399 ,
639 5340 693 5387 et
716 5328 774 5387 S.
801 5330 1034 5400 August.
1065 5324 1240 5397 Epist.
1275 5322 1399 5380 I80.
1452 5321 1519 5377 ad
1552 5320 1883 5377 Honoratum
1909 5335 1923 5374 :

313 5443 360 5485 e
388 5426 579 5500 quibus
607 5425 767 5482 etiam
798 5421 865 5479 ad
894 5420 1103 5492 singula
1135 5433 1273 5490 pene
1317 5423 1631 5491 argumenta
1658 5413 1924 5471 contraria

314 5516 731 5591 respondimus:
756 5514 989 5571 maxime
1009 5526 1126 5583 cap.
1151 5511 1206 5567 4.
1236 5523 1383 5565 num.
1406 5508 1498 5565 55.
1532 5520 1651 5578 cap.
1674 5505 1728 5562 5.
1772 5519 1923 5561 num.

321 5610 424 5669 59.
449 5626 566 5683 cap.
596 5609 650 5681 6,
675 5624 824 5665 num.
849 5604 941 5664 45.
969 5603 1040 5661 4⁸1
1067 5619 1129 5660 ac
1152 5602 1245 5671 49,
1272 5616 1391 5675 cap.
1428 5600 1486 5655 7.·
1507 5614 1657 5655 num.
1682 5598 1775 5669 54,
1806 5612 1926 5670 cap.

314 5705 382 5761 8.
415 5722 473 5761 ιι.
512 5703 602 5760 55.
655 5699 724 5759 57
772 5717 836 5758 ac
884 5698 985 5766 58,
1016 5712 1135 5769 cap.
1182 5694 1235 5751 9.
1279 5710 1427 5753 num.
1461 5692 1549 5750 60.
1580 5702 1636 5750 et
1682 5707 1801 5765 cap.
1834 5692 1925 5751 18.

318 5814 478 5855 ριιιιιιι.
506 5794 597 5855 75.
630 5795 804 5853 Verba
834 5792 1083 5851 Auctoris
1110 5789 1270 5848 citata
1301 5798 1424 5847 sunt
1446 5788 1545 5846 ista
1574 5804 1589 5843 ι
1623 5785 1804 5843 Carnis
1830 5801 1930 5860 pa-

316 5890 509 5953 tientia
554 5892 607 5952 in
648 5884 1084 5966 persecutionibns
1132 5885 1418 5961 pmliatttr.
1460 5882 1525 5945 Si
1552 5885 1680 5957 fuga
1707 5889 1885 5954 urgeat
1908 5921 1925 5956 ,

2037 4660 2312 4736 Philippus
2358 4664 2666 4740 Presbyter,
2698 4666 2755 4725 S.
2808 4668 3099 4740 Gregorius
3146 4669 3287 4740 Papa
3312 4711 3328 4738 ,
3369 4668 3550 4737 Beda,
3582 4678 3638 4725 et

2035 4756 2306 4832 Rupertus
2326 4760 2629 4819 Comment.
2652 4763 2705 4819 in
2734 4760 2837 4820 Job
2855 4805 2871 4831 ,
2899 4765 3041 4836 quod
3070 4772 3273 4836 septem
3304 4765 3513 4835 priores
3541 4761 3637 4818 lilii

2034 4852 2212 4910 adhuc
2231 4854 2408 4911 vivere
2437 4866 2787 4912 censerentur
2811 4855 2951 4927 apud
2979 4856 3169 4914 Deum.

2033 4989 2124 5045 22.
2171 4990 2246 5048 De
2275 4990 2435 5047 Maria
2469 4991 2686 5065 Virgine
2709 5034 2723 5062 ,
2753 4993 2898 5065 quod
2927 4994 3198 5051 communi
3245 4993 3361 5067 lege
3389 4996 3636 5066 patefacti

2108 5083 2353 5155 corporis
2381 5082 2654 5142 Christum
2703 5087 2931 5157 peperit.
2965 5085 3109 5142 Tom.
3142 5085 3230 5142 III.
3262 5088 3352 5143 lib.
3379 5091 3443 5145 de
3470 5089 3639 5148 Carne

2109 5178 2327 5248 Christi,
2351 5196 2467 5253 cap.
2512 5182 2564 5237 4.
2591 5198 2732 5236 ηιιιιι.
2765 5183 2869 5250 51,
2889 5197 3005 5254 cap.
3049 5180 3140 5238 20.
3171 5199 3312 5238 num.
3350 5184 3488 5254 I55,
3514 5201 3635 5257 cap.

2106 5272 2195 5331 25.
2219 5272 2361 5330 nuru.
2386 5275 2489 5331 174
2510 5291 2571 5330 ac
2599 5276 2720 5332 I75.
2746 5276 2958 5332 Advers.
2979 5274 3148 5332 Marc.
3176 5278 3264 5333 lib.
3295 5277 3380 5335 III.
3405 5297 3522 5350 cap.
3544 5281 3633 5338 II.

2105 5386 2248 5427 num.
2296 5370 2396 5439 78,
2441 5371 2528 5427 lib.
2564 5370 2651 5427 tv.
2692 5388 2809 5445 cap.
2859 5370 3124 5430 21.ιιιιηι.
3158 5372 3301 5442 511,
3358 5354 3403 5431 et
3447 5373 3536 5432 lib.
3566 5373 3633 5433 ν.

2104 5481 2221 5538 cap.
2250 5465 2338 5523 I9.
2370 5482 2513 5522 num.
2540 5465 2666 5523 504.

2108 5598 2237 5658 Tale
2259 5600 2384 5673 quid
2411 5576 2795 5657 Tertullianum
2820 5603 3107 5677 scripsisse
3130 5606 3261 5663 satis
3289 5607 3632 5666 manifestum

2036 5703 2155 5763 εει,
2186 5693 2324 5750 sicut
2348 5694 2507 5751 etiam
2535 5693 2846 5767 Origenem,
2866 5696 3014 5756 bom.
3046 5700 3115 5757 14
3140 5701 3191 5757 in
3232 5700 3461 5771 Lucam,
3488 5715 3545 5762 et
3571 5700 3632 5763 S.

2036 5787 2290 5843 ambros.
2319 5785 2371 5841 in
2403 5783 2674 5844 eumdem.
2708 5784 2905 5849 Verum
2934 5802 3158 5865 possunt
3203 5793 3427 5870 intelligi
3450 5839 3465 5868 ,
3483 5794 3637 5871 juxta

2035 5879 2178 5954 quod
2194 5880 2575 5955 interpretatur
2593 5876 2651 5944 S.
2670 5878 2911 5947 Thomas
2932 5886 3172 5961 Aquinas
3193 5884 3390 5952 alicubi
3410 5929 3427 5964 ,
3451 5888 3519 5953 de
3540 5889 3638 5953 tali
