4106 6330
509 312 616 373 199

1734 307 2105 367 PARADOXA
2161 308 2621 370 TERTULLIANI

3698 323 3810 383 200

414 468 424 476 ς
510 430 862 504 patefactione
890 428 1058 495 uteri,
1082 441 1201 499 quae
1231 424 1463 483 claustra
1496 426 1820 498 virginitatis
1848 442 1954 482 non
1985 426 2104 482 vio-
2131 429 2184 489 A
2212 439 2385 485 mater
2409 429 2591 487 Jacobi
2638 428 2859 487 Minoris
2879 473 2894 499 ,
2923 439 2979 489 et
3018 431 3247 506 Ioseph,
3280 443 3330 492 et
3369 434 3549 506 Iudae,
3583 454 3719 509 quos
3753 441 3809 499 in

508 523 886 591 Iaverit,sieuti
912 521 1074 579 etiam
1107 536 1203 576 nos
1234 520 1610 576 adnotavimus
1633 520 1701 575 ad
1734 520 1858 575 illud
1882 520 2009 575 Luc.
2034 519 2100 586 Il,

509 632 606 690 pro
637 631 695 672 se
723 616 940 672 citatum
977 615 1044 670 ab
1073 617 1344 671 Auctore:
1382 613 1544 668 Omne
1584 614 1925 669 masculinum
1968 613 2128 684 ada-g

506 710 704 782 perieris
740 709 972 775 vulvam,
997 708 1063 763 ad
1110 706 1240 763 dict.
1287 706 1379 762 lib.
1412 706 1480 763 de
1516 707 1690 763 Carne
1719 706 1917 762 Christi
1949 722 2096 761 num.

506 803 610 859 175
634 845 649 870 ,
675 802 921 857 adductis
946 801 1011 855 ad
1039 800 1139 856 hoc
1168 800 1487 856 testimoniis
1516 800 1688 857 Graeci
1715 799 1990 870 cujusdam
2022 800 2101 853 in-

506 895 756 968 terpretis
778 937 791 962 ,
815 903 868 951 et
890 895 947 953 8.
975 893 1196 949 Hieron.
1226 895 1317 965 qui
1343 905 1641 964 agnoscunt
1665 886 1938 949 Christum
1966 907 2098 948 non-

502 991 631 1049 dum
659 1001 897 1063 apertam
944 990 1156 1046 vulvam
1187 988 1496 1060 virginalem
1537 987 1816 1059 aperuisse
1841 1001 2099 1058 superna-

504 1084 765 1150 turaliter,
813 1090 866 1139 et
907 1080 1203 1139 clausulam
1261 1079 1575 1136 naturaliter
1621 1094 1906 1144 servasse,
1947 1080 2098 1150 juxta

501 1176 800 1234 Ezechielis
829 1177 1136 1231 vaticinium
1159 1218 1174 1241 ,
1208 1173 1276 1230 de
1303 1184 1454 1244 porta
1484 1172 1737 1229 Orientali
1769 1174 1967 1237 clausa,
2001 1189 2099 1244 per

498 1287 659 1344 quam
704 1270 853 1326 solus
923 1266 1171 1324 Pontifex
1225 1266 1499 1338 egreditur
1528 1282 1693 1338 ,qu:e
1750 1266 2095 1321 nihilominus

499 1379 712 1437 semper
737 1364 914 1420 clausa
952 1371 1255 1434 permanet.
1285 1361 1402 1430 Quo
1433 1361 1662 1431 pertinet
1685 1361 1845 1416 etiam
1876 1360 1933 1416 8.
1967 1361 2095 1415 Am-

498 1457 644 1515 bros.
676 1456 1029 1528 comparatio,
1062 1453 1229 1525 Epist.
1252 1451 1315 1508 81
1349 1452 1438 1508 ubi
1466 1451 1683 1518 scribit,
1716 1451 1985 1507 Christum
2016 1452 2096 1507 sic

497 1553 676 1611 exisse
720 1551 789 1607 de
838 1561 991 1607 utero
1045 1549 1301 1621 Virginis,
1337 1548 1475 1603 sicut
1525 1562 1677 1618 aqua:
1731 1546 1996 1603 ﬁnxerunt
2027 1547 2093 1603 de

497 1655 685 1720 petra,
714 1642 944 1716 denique
991 1641 1127 1697 illud
1179 1640 1435 1698 Auctoris
1482 1640 1601 1695 loco
1650 1640 1888 1697 secundo
1930 1640 2125 1711 citato,

495 1743 617 1801 dicti
651 1742 773 1799 libri
800 1760 813 1797 :
850 1740 986 1809 Quid
1016 1738 1167 1811 fuerit
1208 1737 1453 1811 novitatis
1477 1736 1529 1790 in
1559 1733 1760 1792 Christo
1785 1752 1848 1791 ea:
1885 1734 2090 1808 Virgine

495 1834 735 1892 nascendi
781 1833 954 1903 palam
998 1840 1109 1896 est,
1136 1829 1324 1885 scilicet
1374 1810 1469 1882 hoc
1518 1827 1839 1883 solummodo
1865 1829 1999 1895 quod
2028 1844 2091 1883 ea:

494 1927 688 2002 virgine
712 1944 732 1995 ;
759 1925 1064 1998 signiﬁcans
1093 1922 1289 1979 ibidem
1312 1964 1326 1989 ,
1353 1930 1407 1977 et
1446 1920 1564 1976 aliis
1603 1921 1735 1976 locis
1767 1921 1853 1976 hic
1880 1921 2086 1987 citatis,

493 2039 553 2081 se
583 2021 714 2079 illud
760 2034 931 2091 usque
960 2017 1096 2073 adeo
1122 2016 1321 2071 ursisse
1341 2057 1356 2080 ,
1388 2024 1446 2070 ut
1468 2031 1639 2069 verum
1690 2014 1940 2085 probaret
1964 2031 2087 2085 par-

494 2127 599 2174 tum
626 2113 815 2171 Christi
840 2090 901 2167 ea:
934 2107 1173 2182 Virgine,
1197 2090 1383 2164 contra
1415 2107 1736 2164 Marcionem
1760 2149 1774 2174 ,
1804 2107 1892 2179 qui
1923 2107 2090 2178 phan—

491 2211 741 2266 tasticum
781 2204 1014 2262 dicebat.
1043 2200 1390 2259 Postmodum
1433 2200 1681 2266 interim,
1714 2199 1804 2255 ubi
1833 2198 1966 2255 satis
1984 2199 2090 2274 fuit

491 2319 555 2362 ea
584 2300 805 2358 literesis
829 2297 1093 2355 confutata
1116 2337 1130 2362 ,
1153 2295 1456 2350 maluerunt
1474 2292 1659 2349 Patres
1681 2291 1930 2361 deﬁnire,
1965 2291 2085 2348 Vir-

489 2401 668 2473 ginem
702 2394 981 2467 Deiparam
1011 2390 1198 2448 clauso
1224 2396 1376 2445 utero
1417 2385 1898 2459 incorruptibiliter
1927 2400 2093 2459 pepe-

490 2506 646 2551 I'ISSC.

486 2632 579 2691 23.
622 2631 701 2689 De
743 2628 904 2687 Maria
953 2625 1160 2699 virgine
1205 2622 1372 2681 semel
1426 2629 1650 2694 nuptura
1707 2628 1827 2692 post
1849 2628 2081 2692 partum.

559 2724 707 2783 Tom.
744 2724 808 2780 II.
841 2721 927 2777 lib.
953 2721 1016 2776 de
1049 2718 1265 2774 Veland.
1310 2718 1440 2790 virg.
1483 2733 1531 2772 c.
1554 2716 1608 2773 6.
1631 2731 1684 2771 τι.
1709 2713 1964 2772 48.Τοηι.
1994 2713 2078 2772 III.
2108 2779 2116 2789 ο

559 2820 649 2877 lib.
681 2820 744 2874 de
769 2817 934 2873 Carne
957 2814 1145 2871 Christi
1190 2811 1349 2869 c.23.
1395 2810 1601 2868 η.174.
1646 2819 1692 2866 et
1738 2818 1862 2866 tom.
1903 2809 1962 2867 ν.
1989 2808 2077 2866 lib.

557 2915 621 2981 de
646 2913 857 2985 Monog.
888 2928 1003 2983 cap.
1031 2908 1085 2965 8.
1120 2924 1210 2964 nu.
1236 2907 1327 2964 55.

554 3052 694 3112 Satis
723 3049 937 3124 quidem
970 3048 1198 3106 obscure
1223 3045 1275 3102 in
1306 3045 1446 3102 hanc
1489 3044 1740 3103 haeresim
1785 3043 2081 3116 impingere

484 3146 696 3204 videtur
741 3147 959 3208 Auctor,
994 3143 1062 3198 ita
1096 3150 1153 3197 ut
1197 3140 1375 3212 aliquo
1420 3138 1580 3195 modo
1625 3153 1814 3195 sanum
1861 3151 2078 3193 sensum

2209 522 2500 594 Evangelio
2526 525 2711 597 fratres
2740 522 2949 581 Domini
2991 525 3217 598 legimus
3244 529 3582 600 appellatos;
3614 529 3810 592 fratres
3862 549 3872 555 ‘

2208 616 2350 670 enim
2398 617 2753 673 consobrinos
2778 617 2881 674 diei
2912 660 2926 684 ,
2954 618 3128 675 omnis
3144 618 3420 693 Scriptura
3451 621 3805 683 demonstrat.

2208 708 2308 766 Ubi
2336 711 2524 767 alludit
2546 722 2657 768 tum
2681 713 2745 768 ad
2767 714 3069 785 Scripturas
3092 715 3160 771 de
3188 716 3325 772 Loth
3356 718 3518 777 lratre
3543 720 3796 790 Abrahte,

2205 800 2341 859 Cen.
2378 803 2510 872 XIII,
2535 817 2645 861 tum
2664 806 2729 862 ad
2749 806 2933 863 Matth.
2957 807 3156 865 c.XVII
3173 811 3259 867 ubi
3282 818 3431 883 juxta
3463 829 3677 872 erucem
3707 815 3807 873 ad-

2206 897 2409 979 SIitisse
2435 898 2628 956 dicitur
2651 901 2814 957 Maria
2856 903 3039 960 Jacobi
3060 946 3075 971 ,
3104 915 3159 961 et
3183 907 3309 964 Iose
3338 924 3432 965 seu
3460 909 3660 983 Ioseph
3687 929 3806 969 ma-

2208 997 2289 1044 ter
2312 1007 2325 1044 :
2351 991 2493 1062 quod
2521 992 2587 1048 de
2613 1002 2782 1050 matre
2823 995 3034 1052 Domini
3076 1013 3183 1054 non
3214 1014 3373 1071 posse
3403 1001 3627 1076 intelligi
3659 1014 3806 1063 recte

2204 1082 2479 1139 adnotavit
2510 1084 2848 1158 Eutbymius.
2883 1090 3147 1146 Caeterum
3175 1092 3295 1149 vide
3320 1093 3686 1153 deﬁnitionem
3712 1095 3809 1156 Ec-

2203 1178 2557 1234 clesiasticam
2609 1180 2707 1237 hac
2753 1181 2822 1238 de
2867 1197 2926 1239 re
2968 1184 3107 1254 apud
3136 1184 3194 1241 S.
3228 1184 3704 1258 Fulgentium,lib.
3736 1189 3805 1248 de

2202 1266 2333 1325 Fide
2358 1271 2423 1326 ad
2456 1270 2670 1327 Petrum
2694 1273 2831 1329 inter
2859 1289 3021 1346 opera
3048 1276 3109 1331 B.
3134 1276 3440 1349 Augustini.

2198 1402 2291 1461 2t.
2335 1402 2410 1460 De
2440 1405 2585 1461 mille
2630 1406 2788 1463 annis
2828 1417 2948 1480 post
3000 1410 3451 1468 resurrectionem
3491 1427 3795 1487 corporum.

2269 1494 2388 1553 Lib.
2420 1498 2483 1553 de
2520 1497 2734 1556 Restm.
2762 1516 2905 1555 earn.
2952 1516 3071 1572 cap.
3116 1501 3188 1559 25
3210 1542 3224 1567 ,
3257 1520 3399 1560 num.
3442 1504 3570 1562 203.
3598 1508 3799 1573 advers.

2271 1586 2440 1643 Marc.
2469 1588 2557 1644 lib.
2580 1589 2620 1645 Ι.
2647 1608 2762 1663 cap.
2794 1593 2886 1649 29.
2916 1609 3005 1647 nu.
3033 1591 3160 1650 205.
3196 1594 3286 1650 lib.
3319 1594 3406 1652 III.
3448 1613 3564 1671 cap.
3609 1599 3700 1656 24.
3740 1617 3794 1656 tt.

2269 1682 2369 1738 191
2401 1691 2447 1737 et
2475 1700 2580 1755 seq.
2612 1684 2703 1741 lib.
2731 1684 2820 1741 IV.
2853 1702 2970 1757 cap.
3001 1685 3094 1742 29.
3127 1704 3270 1742 num.
3300 1688 3425 1745 471.
3470 1700 3519 1745 et
3548 1699 3670 1747 tam.
3698 1691 3792 1751 IV.

2119 1810 2167 1871 Β
2267 1777 2321 1832 iu
2346 1774 2646 1851 Fragment.
2678 1779 2795 1834 libri
2817 1780 2881 1834 de
2908 1780 3017 1852 Spe
3044 1781 3291 1852 ﬁdelium.

2267 1914 2404 1984 Quid
2436 1914 2794 1971 Tertullianns
2819 1914 2917 1972 hac
2936 1914 3005 1973 de
3033 1931 3092 1973 re
3120 1919 3386 1988 senserit,
3408 1920 3536 1976 satis
3560 1912 3791 1979 arbitror

2194 2006 2480 2065 deduxisse
2509 2022 2599 2063 me
2625 2017 2663 2062 t.
2682 2007 2750 2064 IV
2770 2007 2836 2064 ad
2860 2007 3175 2081 Fragmenta
3195 2010 3289 2065 lib.
3313 2010 3381 2067 de
3401 2010 3508 2082 Spe
3532 2011 3788 2083 ﬁdelium,

2193 2117 2259 2159 ex
2289 2103 2417 2173 ipsis
2441 2102 2556 2174 ejus
2586 2098 2763 2159 verbis
2784 2144 2800 2172 ,
2834 2119 3023 2175 nempe
3043 2146 3059 2172 ,
3100 2105 3153 2158 in
3193 2113 3327 2159 terra
3354 2104 3555 2174 quidem
3581 2120 3790 2178 regnum

2193 2193 2382 2250 Christi
2407 2194 2550 2249 nobis
2575 2196 2939 2267 repromissum
2978 2206 3095 2249 ante
3116 2194 3298 2253 caelum
3328 2206 3440 2268 post
3468 2197 3685 2267 primum
3710 2214 3791 2253 re-

2190 2288 2548 2343 surrectionem
2569 2330 2585 2354 ,
2608 2288 2700 2345 sed
2725 2297 2903 2344 tamen
2932 2289 3000 2343 ita
3027 2331 3042 2356 ,
3065 2299 3119 2342 ut
3147 2288 3200 2345 in
3226 2305 3283 2344 eo
3304 2290 3605 2358 reﬁciantur
3623 2290 3789 2346 sancti

2191 2380 2419 2437 omnium
2460 2380 2772 2452 spiritalium
2825 2381 3070 2436 bonorum
3107 2382 3276 2453 copia.
3307 2382 3475 2450 Quam
3506 2383 3606 2438 etsi
3636 2396 3788 2440 erro-

2192 2491 2386 2544 ncam,
2416 2486 2705 2548 utcumque
2744 2474 3075 2532 tolerabilem
3124 2485 3299 2532 tamen
3348 2475 3543 2532 fatetur
3584 2476 3645 2532 B.
3674 2478 3786 2534 Au-

2187 2580 2354 2645 gust.,
2387 2571 2422 2627 l.
2446 2569 2547 2626 XX
2559 2571 2625 2626 de
2652 2569 2810 2627 Civit.
2838 2570 2953 2637 Dei,
2979 2578 3232 2642 quantum
3260 2571 3471 2642 opinor,
3492 2556 3636 2643 quod
3662 2586 3782 2630 eam

2188 2668 2350 2725 etiam
2378 2667 2447 2723 sit
2484 2666 2722 2739 reperire
2765 2666 2905 2738 apud
2926 2665 2982 2723 S.
3016 2664 3297 2734 Irenmum,
3330 2665 3441 2724 l.V.
3465 2667 3533 2723 de
3559 2667 3780 2739 haeres,

2188 2777 2236 2818 e.
2270 2761 2360 2819 32.
2382 2762 2473 2818 33.
2497 2760 2589 2818 51.
2621 2761 2692 2818 55
2711 2776 2773 2817 ac
2791 2758 2848 2818 8.
2892 2759 3156 2817 Iustinum
3206 2760 3492 2833 Martyrem
3518 2803 3533 2828 ,
3566 2762 3782 2835 Dialogo

2188 2856 2312 2914 adv.
2343 2856 2686 2930 Tryphonem
2725 2866 2780 2912 et
2815 2855 3118 2912 Melitonem
3140 2898 3154 2922 ,
3177 2855 3267 2927 qui
3314 2855 3366 2910 in
3398 2857 3500 2913 hoc
3518 2866 3643 2912 sunt
3664 2856 3784 2912 imi-

2187 2951 2280 3007 tati
2303 2993 2318 3019 ,
2340 2951 2423 3007 vel
2448 2950 2504 3008 S.
2529 2950 2676 3007 lIier.
2701 2961 2920 3006 auctore
2941 2992 2956 3018 ,
2983 2949 3219 3021 Papiam.
3244 2948 3450 3018 Quibus
3480 2950 3782 3006 assentiun-

2189 3054 2275 3100 tur
2313 3042 2477 3099 etiam
2518 3041 2919 3113 Apollinarius,
2956 3041 3045 3114 qui
3090 3042 3284 3096 frustra
3333 3041 3499 3098 libros
3543 3041 3781 3114 Dionysii

2190 3135 2541 3195 Alexandrini
2592 3145 2778 3193 contra
2828 3134 3086 3207 Nepotem
3120 3135 3271 3190 nisus
3299 3134 3396 3191 fuit
3424 3134 3782 3208 impugnare;

1042 3188 1326 3308 reciperel;
1355 3250 1539 3292 verum
1566 3232 2077 3315 quandoquidem
2107 3188 2152 3254 Ο
2186 3231 2434 3289 Lactant.
2466 3230 2503 3285 I.
2532 3229 2598 3298 Il,
2617 3244 2669 3285 e.
2690 3230 2760 3285 15
2786 3244 2849 3285 ac
2872 3188 3031 3298 LIVII,
3057 3243 3105 3285 c.
3130 3228 3196 3286 2t

483 3310 830 3406 IIieronym.,
859 3345 1023 3403 quum
1053 3327 1199 3384 illum
1220 3343 1317 3399 pro
1334 3342 1393 3383 se
1420 3325 1937 3383 citassethmreticus
1957 3310 2079 3382 Hel-

482 3427 693 3492 vidius,
724 3440 829 3480 non
870 3429 1032 3495 neget
1072 3421 1216 3477 illum
1250 3420 1353 3477 tale
1391 3419 1516 3491 quid
1547 3419 1832 3490 scripsisse
1855 3460 1870 3487 ,
1904 3434 2078 3490 neque

482 3506 587 3592 e'go
613 3518 679 3575 ab
729 3524 792 3575 ea
844 3516 1016 3588 ipsum
1059 3512 1422 3570 excusandum
1472 3513 1672 3583 putavi.
1727 3511 2078 3582 Respondere

481 3613 752 3669 sufﬁceret
796 3609 883 3676 id,
912 3606 1055 3681 quod
1101 3607 1159 3662 Β.
1205 3606 1422 3662 Hieron.
1465 3604 1533 3662 de
1562 3604 1891 3662 Tertulliano
1919 3623 1933 3660 :
1962 3602 2076 3660 Non

480 3704 623 3761 aliud
653 3705 773 3760 dico
793 3745 809 3772 ,
838 3717 996 3774 quam
1025 3700 1295 3756 hominem
1328 3699 1582 3767 Ecclesia:
1614 3714 1720 3754 non
1753 3698 1937 3755 fuisse.
1972 3697 2078 3755 Ve-

480 3813 599 3854 rum
626 3797 747 3867 quia
788 3794 1067 3850 seductum
1098 3791 1260 3848 fuisse
1286 3790 1575 3847 verisimile
1600 3802 1682 3847 est
1712 3790 1901 3847 iisdem
1923 3833 1935 3855 ,
1961 3789 2079 3861 qui-

481 3890 581 3946 bus
628 3888 924 3944 llelvidium
948 3929 963 3952 ,
1001 3885 1455 3956 Evangelistarum
1500 3882 1699 3951 verbis,
1734 3882 1921 3938 Matth.
1954 3881 2072 3937 XII.

481 3980 752 4040 Luc.VIIl.
770 3978 1047 4036 Ioan.VIl.
1077 3980 1138 4033 de
1155 3977 1397 4050 fratribus
1421 3974 1646 4040 Domini,
1666 3990 1800 4047 quos
1816 3990 1928 4030 vere
1958 3972 2075 4047 fra-

482 4085 611 4141 tres,
647 4074 720 4130 uti
746 4083 797 4129 et
828 4088 942 4129 aere
983 4080 1196 4126 matrem
1241 4068 1406 4125 fuisse
1433 4067 1655 4135 Christi,
1682 4069 1794 4136 jam
1825 4068 1952 4124 dict.
1980 4069 2074 4125 lib.

479 4170 548 4226 de
577 4169 750 4227 Carne
774 4166 971 4225 Christi
1002 4181 1121 4238 cap.
1154 4166 1208 4221 7.
1247 4180 1394 4220 num.
1426 4164 1494 4221 67
1532 4164 1760 4232 asserit,
1790 4163 1864 4218 uti
1897 4163 2076 4220 carnis

478 4260 680 4317 Christi
709 4260 985 4316 veritatem
1034 4266 1184 4313 tanto
1229 4258 1602 4329 comprobaret
1641 4257 1845 4328 magis,
1875 4256 2075 4329 aliquid

479 4354 550 4411 de
578 4358 694 4424 ejus
725 4352 935 4426 phrasis
965 4352 1237 4409 intellectu
1268 4351 1622 4422 adjiciendum
1658 4361 1760 4407 est.
1791 4351 2072 4423 Origenes,

480 4448 747 4516 Hilarius,
782 4434 1101 4519 Euthymius
1123 4486 1139 4512 ,
1171 4454 1226 4501 et
1269 4436 1568 4517 Theophyl.
1622 4444 1676 4500 in
1726 4443 2032 4500 Mattbteum
2056 4487 2072 4513 ,

2183 3325 2443 3398 calypsin,
2462 3335 2746 3395 antequam
2774 3338 2803 3379 a
2829 3324 2887 3379 8.
2908 3323 3128 3379 Hieron.
3151 3324 3527 3381 emcndaretur
3546 3342 3562 3392 ;
3580 3333 3657 3390 et,
3687 3338 3782 3380 eo-

2188 3418 2309 3475 dem
2339 3426 2493 3484 teste,
2521 3417 2755 3474 Severus
2796 3417 2848 3471 in
2876 3416 3029 3473 Gallo
3063 3417 3280 3488 Dialogu
3309 3418 3375 3474 de
3408 3417 3522 3474 Vita
3551 3417 3609 3475 S.
3636 3416 3779 3474 Mar-

2185 3511 2299 3567 tini.
2349 3511 2662 3581 Quanquam
2710 3509 2870 3565 etiam
2911 3508 3016 3565 illis
3062 3509 3288 3581 imputet
3317 3508 3413 3581 (uti
3468 3518 3522 3566 et
3563 3508 3780 3565 Tertul-

2181 3602 2514 3671 liano,sed,
2546 3611 2802 3673 quantum
2853 3611 3121 3673 apparet,
3166 3617 3269 3658 non
3315 3601 3483 3674 recte)
3533 3601 3775 3659 Gennad.

2182 3696 2281 3753 lib.
2311 3696 2379 3751 de
2414 3696 2659 3767 Dogmat.
2681 3696 2913 3763 Eccles.,
2944 3707 3100 3768 potus
3127 3703 3182 3752 et
3208 3696 3315 3752 cibi
3349 3695 3557 3754 deliciis
3587 3698 3781 3753 fruitu-

2183 3807 2275 3848 ros
2289 3802 2524 3849 sanctos.
2548 3791 2760 3863 Alioqui
2783 3801 2929 3847 certe
2948 3832 2962 3858 ,
2988 3790 3146 3861 longe
3168 3789 3433 3846 diversam
3457 3798 3601 3861 patet
3617 3789 3781 3847 fuisse

2182 3887 2613 3954 Ccrinthi,Marci
2634 3902 2697 3941 ac
2712 3885 2929 3958 Nepotis
2952 3884 3221 3950 haeresim,
3241 3885 3307 3940 de
3328 3885 3521 3957 quibus
3542 3885 3657 3958 ipse
3679 3885 3780 3943 ibi-

2181 3981 2396 4049 dem,et
2419 3981 2638 4048 Euseb,
2666 3981 2705 4036 1.
2731 3977 2815 4035 III.
2845 3978 2985 4037 (ε.Ξὲ
3011 3994 3073 4034 ac
3101 3977 3136 4033 l.
3161 3977 3273 4036 γη.
3297 3994 3347 4039 c.
3367 3979 3460 4035 20.
3490 3988 3611 4051 post
3628 3994 3776 4050 eum,

2180 4085 2235 4130 et
2258 4073 2587 4146 Nicephorus
2616 4073 2846 4141 alicubi,
2879 4072 3216 4144 aliorumque
3263 4072 3642 4128 Chiliastarum
3678 4087 3779 4131 seu

2181 4167 2547 4226 Milliariorum
2570 4167 2872 4234 ,adversum
2896 4182 3032 4240 quos
3058 4169 3165 4239 agit
3188 4167 3246 4224 S.
3280 4166 3498 4239 Epiph.,
3525 4164 3656 4221 haer.
3683 4163 3773 4221 76.

2181 4261 2377 4334 Utpote
2407 4265 2493 4334 qui
2525 4260 2722 4335 (sicuti
2754 4269 2809 4317 et
2838 4260 3082 4317 hodierni
3119 4259 3331 4332 quidam
3364 4258 3775 4331 Auabaptistte)

2182 4356 2234 4411 in
2265 4356 2357 4411 illo
2382 4356 2542 4411 etiam
2590 4355 2895 4426 nuptiarum
2925 4354 3209 4425 copulam,
3235 4353 3345 4409 imo
3389 4351 3679 4410 Corinthus
3722 4361 3779 4411 ct

2180 4449 2388 4506 Marcus
2422 4455 2601 4504 omnia
2644 4447 2922 4504 libidinum
2955 4462 3152 4519 genera
3177 4445 3586 4519 exspectabant,
3614 4456 3670 4503 et
3696 4446 3777 4502 uti

478 4541 677 4598 Euseb.
712 4541 803 4596 lib.
838 4540 899 4596 II.
944 4540 1070 4596 bist.
1101 4537 1251 4596 Eccl.
1280 4554 1329 4596 c.
1379 4540 1431 4594 1.
1465 4539 1523 4595 8.
1556 4538 1822 4611 Epiphan.
1854 4540 1948 4597 Iib.
1984 4539 2070 4595 III.
2097 4565 2152 4625 D
2181 4543 2240 4600 S.
2278 4542 2426 4620 Hier.
2455 4542 2680 4610 asserit,
2699 4541 2851 4612 juxta
2877 4539 3184 4596 Iudaeorum
3216 4545 3511 4613 δευτερώσεις
3545 4540 3777 4597 circum-

478 4636 690 4693 Pauarii
738 4634 994 4691 adversus
1043 4632 1703 4696 Antidicomarianitas,S.
1737 4634 1988 4690 Ambros.
2019 4644 2073 4689 et
2179 4637 2398 4694 cisionis
2441 4636 2689 4707 injuriam
2716 4676 2731 4702 ,
2763 4636 3201 4692 instaurationem
3243 4635 3464 4704 templi,
3500 4644 3776 4692 taurorum

475 4728 701 4786 (Ecum.
735 4729 787 4784 in
815 4728 1023 4785 Comm.
1055 4742 1104 4783 c.
1138 4727 1174 4781 ἓ
1198 4726 1263 4782 ad
1291 4725 1489 4791 Galat.,
1521 4731 1704 4799 fi-atres
1733 4726 1942 4782 Domini
1968 4742 2075 4798 pu»
2178 4740 2230 4786 et
2266 4730 2488 4785 arietum
2532 4728 2781 4784 victimas
2809 4770 2825 4797 ,
2867 4729 3037 4783 otium
3083 4726 3297 4784 Sabbati
3318 4769 3335 4796 ,
3364 4736 3419 4784 et
3461 4736 3774 4784 cunctarum

477 4832 593 4878 tant
620 4821 873 4893 appellari
914 4819 1052 4875 ﬁlios
1078 4818 1284 4891 Ioseph
1314 4835 1378 4876 ex
1408 4819 1571 4874 Maria
1612 4818 1862 4891 Cleophae
1895 4820 2072 4876 fratris
2177 4827 2416 4896 gentium
2463 4822 2775 4879 servitutem
2799 4864 2815 4890 ,
2863 4830 3023 4894 atque
3067 4820 3203 4877 adeo
3250 4820 3388 4877 bella
3422 4863 3439 4890 ,
3471 4821 3770 4890 exercitus,

473 4917 557 4971 sui
586 4914 739 4970 vidua
761 4958 776 4984 ,
806 4930 871 4970 ex
892 4928 993 4984 qua
1019 4911 1220 4969 liberos
1252 4913 1678 4975 sex'sustulerit,
1705 4922 1890 4984 utpote
1915 4913 2073 4969 Iaco-

475 5012 599 5066 bum
655 5007 853 5079 Ioseph
873 5053 884 5071 ,
907 5007 1181 5064 Simonem
1206 5051 1220 5073 ,
1245 5007 1434 5063 Iudam
1456 5017 1510 5063 et
1532 5008 1722 5064 fratres
1743 5010 1881 5079 ejus.
1908 5010 2072 5082 quue

475 5095 580 5167 (vel
611 5104 745 5151 teste
771 5093 1021 5166 Origene)
1041 5094 1190 5164 juxta
1224 5094 1569 5165 Evangelzum
1612 5095 1751 5165 quod
1807 5095 1945 5151 Petri
1974 5105 2068 5151 aut

472 5188 656 5245 Iacobi
688 5187 897 5242 titulum
930 5186 1389 5242 habebat.Vermn
1429 5187 1625 5241 rectius
1648 5186 1705 5241 S.
1738 5185 1983 5256 Hieron.,
2012 5191 2066 5243 in

473 5282 679 5338 Comm.
708 5278 933 5346 Quidam
963 5282 1148 5352 fratres
1189 5276 1398 5332 Domini
1437 5279 1504 5334 de
1541 5280 1642 5334 alia
1674 5274 1840 5336 uxore
1866 5281 2064 5354 Ioseph

471 5373 608 5431 ﬁlios
634 5356 997 5445 suspicantur,
1028 5382 1312 5443 sequentes
1337 5355 1687 5428 deliramenta
1732 5377 2067 5448 apocrypho-

470 5483 611 5533 rum,
635 5476 690 5523 et
709 5482 739 5521 a
761 5465 990 5537 quadam
1014 5464 1185 5520 Eseha
1210 5465 1521 5522 muliercula
1544 5468 1926 5538 contingentes.
1956 5470 2065 5527 Nos

468 5573 669 5629 autem,
704 5563 897 5635 inquit,
927 5562 1066 5617 sicut
1102 5562 1155 5616 in
1198 5562 1336 5617 libro
1360 5603 1376 5631 ,
1407 5578 1564 5633 quem
1597 5563 1854 5619 adversus
1888 5563 2064 5620 IIelvi—

468 5660 616 5716 dium
645 5659 958 5731 scripsimus
980 5698 995 5722 ,
1027 5655 1353 5723 continetur,
1380 5658 1564 5725 fratres
1590 5655 1834 5726 Domini,
1862 5674 1966 5714 non
1997 5660 2063 5714 ﬁ-

466 5752 569 5808 lios
588 5750 789 5824 Ioseph
810 5794 826 5817 ,
849 5750 943 5807 sed
964 5747 1316 5806 consobrinos
1334 5749 1634 5807 Salvatorts
1653 5792 1669 5820 ,
1693 5749 2061 5823 intelligimus,

468 5841 650 5903 Maria:
692 5843 893 5904 liberos
933 5851 1238 5902 matertera:
1287 5841 1538 5914 Domini,
1564 5859 1685 5917 quas
1725 5860 1847 5904 esse
1870 5846 2064 5905 dicitur

2179 4917 2479 4987 triumphos
2498 4958 2513 4983 ,
2540 4926 2911 4986 superatorum
2936 4929 3094 4971 neces
3113 4955 3128 4979 ,
3160 4912 3496 4985 mortemque
3516 4926 3774 4971 centena-

2179 5011 2242 5066 rii
2287 5010 2601 5081 peccatoris.
2653 5009 2821 5065 Porro
2868 5024 3031 5079 quum
3079 5008 3329 5087 omnibus
3368 5007 3432 5064 iis
3463 5007 3776 5079 imposuerit

2173 5102 2299 5158 illud
2333 5103 2732 5176 Apocalypsens
2758 5102 2816 5159 8.
2850 5101 3075 5159 Ioannis
3114 5102 3354 5174 Apostoli
3385 5104 3535 5172 (nam
3577 5101 3651 5157 illi
3678 5099 3775 5156 ad-

2173 5196 2413 5251 scribunt
2439 5211 2626 5251 omnes
2653 5194 2750 5268 illi)
2773 5210 2823 5253 c.
2849 5194 2967 5257 XX.
2996 5193 3123 5248 ch
3147 5205 3223 5249 est
3252 5194 3553 5250 resurrectio
3580 5193 3769 5265 prima,

2172 5292 2357 5347 beatus
2378 5299 2461 5346 est
2480 5299 2728 5358 sanctus,
2751 5291 2839 5362 qui
2874 5289 3035 5347 habet
3063 5296 3267 5367 partem
3295 5289 3346 5344 in
3380 5290 3774 5346 resurrectione

2170 5384 2342 5455 prima
2364 5424 2379 5449 ,
2409 5383 2460 5438 in
2489 5381 2573 5438 his
2602 5394 2761 5440 erunt
2799 5384 3107 5440 sacerdotes
3134 5382 3348 5438 Domini
3374 5391 3429 5439 et
3455 5382 3695 5450 Christi,
3727 5390 3775 5437 et

2171 5478 2454 5546 regnabant
2478 5493 2589 5531 cum
2620 5477 2709 5533 illo
2736 5477 2874 5535 mille
2901 5477 3051 5532 annis
3072 5520 3087 5544 ,
3122 5475 3189 5535 de
3218 5477 3336 5547 ejus
3361 5474 3466 5531 loci
3496 5476 3773 5533 intellectu

2171 5569 2370 5638 aliquid
2398 5570 2484 5626 hic
2503 5571 2860 5643 adjiciendum
2882 5570 3053 5627 est.D.
3088 5570 3236 5633 Ilier.
3259 5568 3419 5626 Pratf.
3455 5570 3510 5625 in
3527 5567 3760 5626 LXVIII.

2170 5664 2316 5731 lsai.,
2348 5666 2729 5743 Apocalypsin,
2765 5683 2870 5724 non
2918 5670 3068 5740 juxta
3123 5670 3393 5735 litteram,
3419 5667 3579 5725 sicuti
3605 5682 3636 5721 a
3664 5663 3767 5720 Iu-

2170 5757 2502 5818 daizautibus
2522 5803 2538 5831 ,
2562 5763 2658 5824 sed
2680 5764 3006 5834 spiritaliter,
3032 5773 3088 5821 ut
3106 5765 3304 5837 scripta
3324 5772 3443 5830 est,
3467 5760 3773 5819 edisseren-

2169 5848 2294 5908 dam
2342 5849 2506 5927 dicit,
2538 5856 2689 5939 quod
2732 5857 2905 5930 ipsum
2948 5856 3163 5915 disertis
3193 5858 3369 5917 verbis
3408 5855 3536 5912 facit
3559 5852 3772 5912 Comm.
