4106 6330
294 268 426 345 {sat
1295 274 1300 279 '
1348 276 1355 284 '
1530 275 1697 355 .cun
1735 273 1945 333 anno

2051 276 2078 336 )
2117 281 2413 341 manu.
2861 274 2895 291 "
3520 293 3627 355 202

308 380 426 439 MS.
462 381 714 484 \lictorini
742 384 794 484 in
824 386 1004 457 Apoca
1030 399 1089 442 se
1108 386 1393 484 emendato
1413 429 1427 456 ,
1458 390 1774 484 Dionysium
1801 392 1936 484 cpi:
1951 394 2005 455 Α
2030 397 2153 466 quia
2181 398 2324 468 loqui
2352 399 2622 457 Christum
2651 403 2719 460 de
2750 404 2848 462 hac
2880 405 2982 461 vita
3006 447 3020 472 ,
3050 422 3153 464 non
3183 409 3270 464 illa
3303 410 3477 467 futura
3504 426 3625 484 post
3706 440 3713 443 -

311 490 422 530 nor
474 475 893 532 Alexandrinum
940 486 1155 534 secutus
1178 521 1194 546 ,
1224 479 1378 535 dictis
1407 479 1619 536 advers.
1667 476 1937 550 Nepotem'

311 566 475 623 libris
493 566 553 625 S.
573 570 800 640 August.
826 571 1062 641 apertius
1092 572 1185 627 lib.
1215 571 1283 627 de
1304 573 1460 628 Civit.
1496 573 1588 638 Dei
1615 573 1682 629 Il.
1714 590 1762 629 c.
1796 575 1849 628 7.
1868 575 1922 631 8.

314 656 374 715 9.
408 660 633 729 primum
654 650 1081 717 resurrectionem
1110 664 1811 734 interpretatur'animarum
1840 682 1924 723 re-

318 752 718 809 surrectionem
739 794 756 821 ,
780 753 942 808 etiam
968 754 1021 809 in
1047 753 1341 827 Scripturis
1360 759 1922 828 agnitam,secundam

315 858 614 915 corporum
639 886 658 910 ,
686 853 741 900 et
783 846 923 901 mille
962 858 1154 912 annos,
1187 857 1281 903 aut
1303 858 1512 920 tempus
1550 851 1741 921 gratiae
1762 893 1777 918 ,
1808 865 1927 922 qua:

312 936 626 992 retnanebit
652 937 718 991 ad
749 938 930 993 satculi
958 938 1143 1005 ﬁnem,
1173 954 1237 995 eo
1272 939 1525 1011 loquendi
1556 957 1752 1011 genere
1771 984 1786 1009 ,
1820 958 1928 1013 quo

316 1042 451 1099 pars
474 1028 808 1100 signiﬁcatur
833 1045 863 1085 a
895 1039 1037 1097 toto,
1065 1040 1158 1087 aut
1186 1048 1283 1102 pro
1312 1034 1467 1088 annis
1493 1035 1742 1089 omnibus
1770 1035 1928 1107 hujus

323 1123 539 1190 saeculi,
567 1132 621 1178 ut
644 1122 883 1194 perfecto
908 1140 1137 1181 numero
1163 1135 1380 1182 notetur
1401 1128 1511 1199 ipsa
1539 1129 1793 1199 temporis
1819 1130 1929 1200 ple-

322 1216 541 1272 nitudo.
569 1216 739 1284 Quem
773 1229 1070 1290 sequuntur
1099 1219 1386 1276 Ambrosio
1432 1220 1735 1291 adscriptas
1760 1223 1927 1278 Com-

320 1308 626 1364 mentarios
649 1351 664 1374 ,
692 1309 1017 1378 Primasius,
1052 1311 1296 1367 Andreas
1315 1352 1330 1379 ,
1362 1326 1426 1367 ac
1467 1312 1610 1368 Beda
1637 1312 1845 1369 Comm.
1876 1314 1928 1369 in

329 1401 719 1474 Apocalypsin.
747 1402 935 1473 Neque
974 1404 1137 1461 etiam
1161 1419 1259 1475 pro
1286 1403 1396 1459 illis
1420 1403 1547 1459 facit
1576 1406 1716 1476 quod
1739 1406 1932 1477 legitur

320 1496 368 1551 A
380 1509 499 1564 poc.
518 1491 661 1551 XXI.
677 1495 746 1552 de
759 1496 971 1551 Ciuitate
989 1496 1277 1552 Jerusalem
1296 1498 1624 1552 descendente
1651 1499 1703 1553 in
1731 1506 1931 1553 terram

319 1604 545 1644 noram.
576 1588 709 1658 Quia
748 1592 862 1661 ipse
895 1591 1185 1661 Apostolus
1212 1590 1447 1647 Joannes
1477 1592 1674 1669 indicat
1698 1607 1756 1648 se
1785 1592 1932 1664 loqui

319 1684 395 1740 de
422 1682 722 1740 Jerusalem
755 1700 861 1740 non
890 1693 1098 1741 terrena
1128 1726 1144 1753 ,
1169 1701 1333 1756 quum
1355 1685 1504 1744 addit
1528 1704 1542 1740 :
1576 1686 1644 1744 Et
1670 1686 1928 1756 templum

327 1792 441 1833 non
472 1776 582 1833 vidi
612 1779 665 1834 in
689 1793 752 1834 ea
784 1778 945 1849 (quod
971 1787 1148 1834 tamen
1175 1779 1338 1849 aliqui
1366 1780 1625 1849 ipsorum,
1650 1779 1725 1833 uti
1754 1793 1935 1849 supra-
1964 1761 2010 1820 Β

324 1872 687 1943 dictumest,
713 1873 876 1927 etiam
907 1873 1210 1928 restitutum
1235 1873 1299 1928 iri
1326 1873 1632 1929 sentiebant
1658 1873 1677 1944 )
1708 1892 1721 1928 :
1752 1865 1959 1929 Domi?

325 1981 433 2021 nus
449 1968 593 2021 enim
610 1964 750 2021 Deus
764 1968 1107 2037 omnipotens
1128 1966 1382 2036 templum
1402 1966 1546 2021 illius
1567 1974 1652 2022 est
1666 1976 1720 2021 et
1736 1981 1926 2036 agnus.
1946 2004 1951 2009 -

326 2057 565 2115 Proinde
583 2057 651 2113 de
673 2057 910 2119 Ecclesia
940 2058 1136 2133 rectius
1159 2058 1348 2113 Patres
1367 2058 1459 2112 alii
1494 2058 1932 2128 interpretantur,

333 2158 394 2206 et
420 2150 681 2205 militante
710 2150 765 2205 in
791 2149 896 2206 hoc
922 2149 1143 2216 saeculo,
1172 2150 1325 2220 cujus
1362 2148 1707 2204 fundamenta
1735 2148 1937 2205 duode-

331 2243 442 2298 cim
466 2242 731 2314 Apostoli,
756 2251 810 2297 et
833 2243 884 2298 in
939 2244 1091 2299 cwlis
1139 2242 1480 2313 postmodum
1514 2251 1795 2314 regnante.
1823 2243 1933 2299 Sic-

330 2334 413 2392 uti
457 2337 616 2391 etiam
656 2334 788 2392 illud
822 2335 942 2393 Gal.
977 2336 1065 2391 iV.
1094 2335 1162 2392 de
1187 2337 1476 2391 Jerusalem
1507 2337 1696 2405 libera,
1726 2346 1841 2408 quae
1868 2346 1939 2393 est

338 2438 506 2484 mater
547 2437 766 2495 nostra;
798 2428 885 2484 ubi
936 2429 1288 2501 repugnantia
1328 2438 1412 2484 est
1444 2430 1495 2485 in
1539 2431 1656 2501 ipso
1684 2430 1933 2500 adjecto:

341 2535 460 2588 qua:
497 2536 698 2575 sursum
727 2529 839 2587 est,
869 2514 986 2590 quae
1033 2523 1194 2576 etiam
1231 2530 1314 2576 cst
1356 2520 1408 2575 in
1451 2520 1545 2576 illo
1575 2521 1804 2592 Philipp.
1841 2520 1927 2577 Ill.

337 2620 606 2681 πολίτευμα
632 2622 859 2667 nostrum
890 2612 943 2665 in
970 2612 1107 2667 caelis
1128 2622 1236 2679 est,
1266 2612 1496 2683 proinde
1523 2628 1629 2667 non
1661 2612 1714 2667 in
1743 2613 1901 2669 terris
1920 2655 1935 2683 ,

341 2714 405 2761 ut
446 2708 639 2762 mirum
667 2705 736 2760 sit
767 2706 882 2761 haec
902 2720 999 2776 pro
1027 2704 1164 2761 dicta
1193 2705 1459 2761 sententia
1487 2706 1555 2761 ab
1577 2708 1810 2761 Auctore
1836 2722 1937 2762 no-

335 2809 461 2856 stro
505 2800 677 2856 citari.
725 2799 892 2869 Magis
940 2798 1259 2854 videbantur
1300 2814 1396 2870 pro
1426 2799 1518 2854 illo
1560 2799 1793 2855 militare
1819 2813 1941 2871 quae

302 2920 307 2921 ν
342 2892 613 2948 habentur
654 2890 777 2946 Isai.
814 2890 977 2946 LXV.
1009 2900 1063 2945 et
1085 2889 1269 2946 LXVI.
1310 2905 1375 2945 ac
1415 2890 1648 2946 Hierem.
1698 2890 1841 2947 XVI.
1881 2906 1944 2948 ac

340 2965 1116 3055 XXXIddeniqueEzechiel.
1167 2982 1285 3038 xx.
1344 2983 1560 3039 xxvn.
1595 2982 1832 3039 xxvm.
1875 2983 1943 3039 de

2030 493 2513 558 resurrectionem,
2548 495 2756 552 initium
2786 499 2901 568 ejus
2929 500 3127 556 Christi
3159 506 3425 559 sermonis
3447 509 3623 562 mani-

2031 579 2224 637 festum
2241 582 2395 639 facit:
2414 583 2540 642 Ideo
2557 587 2677 643 dico
2693 590 2845 646 vobis
2862 612 2874 646 ε
2894 591 3068 647 Nolite
3082 612 3258 650 curam
3275 615 3427 669 agere
3439 601 3626 656 anima:

2031 671 2095 726 de
2122 674 2252 727 uictu
2286 687 2333 729 et
2370 680 2574 748 corpori
2598 680 2662 734 de
2685 682 2882 738 vestitu.
2907 683 3172 740 Caeterum
3205 690 3396 757 partim
3417 705 3485 745 ex
3507 690 3627 748 Pla-

2030 774 2158 848 tone
2184 768 2385 841 Dialog.
2414 771 2483 828 de
2502 772 2639 844 Rep.
2673 784 2727 829 et
2750 776 2803 831 in
2829 776 3055 834 Phaedro
3075 821 3090 844 ,
3119 780 3458 853 desumptum
3483 784 3628 843 hunc

2032 858 2448 921 Millenariorum
2477 883 2716 924 errorem
2734 913 2748 936 ,
2772 874 3148 929 annOtavimus
3177 875 3243 929 ad
3271 876 3308 931 l.
3337 876 3406 934 de
3435 876 3628 939 Anima

2035 967 2083 1007 c.
2113 952 2206 1008 50.
2248 970 2303 1010 n.
2336 956 2462 1013 576.
2496 959 2582 1014 ubi
2625 976 2786 1032 quum
2834 977 2929 1033 pro
2960 962 3157 1023 fabulis
3187 966 3378 1023 habeat
3409 971 3625 1039 Auctor,

2033 1045 2227 1100 mirum
2250 1056 2333 1103 est
2361 1049 2503 1119 quod
2534 1061 2717 1122 postea
2750 1053 2802 1109 in
2843 1056 3093 1112 eumdem
3132 1058 3451 1130 impegerit:
3492 1064 3588 1119 sed
3610 1106 3627 1133 ,

2034 1140 2189 1195 sicuti
2220 1143 2349 1198 satis
2377 1142 2594 1201 deducit
2625 1146 2683 1202 S.
2719 1147 2939 1206 Hieron.
2986 1149 3203 1221 Papiam
3224 1191 3239 1218 ,
3283 1152 3588 1212 Melitonem
3613 1198 3629 1223 ,

2034 1240 2087 1287 et
2111 1234 2249 1289 alios
2279 1235 2614 1305 supradictos
2639 1240 2996 1309 Auctores,et
3021 1242 3256 1299 maxime
3285 1242 3344 1300 S.
3375 1244 3633 1303 lraeneum

2034 1339 2158 1381 SCCD
2166 1332 2249 1382 tus
2285 1334 2387 1382 εει.

2034 1459 2128 1516 ‘25.
2164 1460 2240 1516 De
2285 1461 2494 1533 Nuptiis
2538 1466 2787 1522 secundis
2828 1469 3095 1526 damnatis
3126 1480 3375 1543 tanquam
3414 1474 3633 1545 stupris.

2113 1552 2257 1609 Tont.
2285 1552 2350 1611 ll.
2383 1559 2470 1612 lib.
2501 1559 2538 1613 Ι.
2569 1560 2637 1613 ad
2662 1560 2827 1618 Uxor.
2857 1579 2976 1634 cap.
3013 1566 3077 1619 1.·
3098 1583 3241 1620 num.
3273 1569 3360 1622 ll.
3388 1580 3434 1623 et
3456 1570 3543 1626 lib.
3576 1570 3642 1623 de

2128 1647 2347 1703 Veland.
2405 1650 2606 1724 Virgin.
2656 1670 2773 1726 cap.
2820 1656 2904 1711 10.
2936 1674 3076 1712 nam.
3124 1661 3213 1715 84.
3278 1678 3339 1716 ac
3378 1680 3494 1734 cap.
3549 1664 3655 1719 H.‘
3702 1662 3707 1669 ’

2110 1758 2250 1795 num.
2301 1742 2390 1797 98.
2444 1741 2708 1800 Tom.l1l.
2767 1748 2853 1801 lib.
2907 1750 3026 1805 adu.
3079 1749 3327 1823 Hermog.
3382 1769 3499 1825 cap.
3549 1756 3640 1810 11.

2111 1849 2252 1889 num.
2287 1834 2338 1888 7.
2366 1834 2482 1890 Lib.
2530 1837 2593 1889 de
2617 1837 2805 1893 Resur.
2834 1855 2976 1894 cam.
3020 1857 3137 1910 cap.
3184 1842 3236 1898 8.
3281 1859 3423 1898 num.
3460 1844 3551 1900 82.
3580 1863 3643 1900 ac

2112 1925 2201 1979 lib.
2236 1926 2352 1980 adv.
2382 1926 2549 1984 Marc.
2580 1944 2698 2000 cap.
2733 1930 2820 1985 15.
2851 1947 2992 1987 num.
3017 1931 3144 1988 245.
3178 1933 3394 2005 denique
3419 1946 3544 1990 tom.
3569 1935 3635 1992 γ.

2111 2018 2320 2087 integris
2340 2018 2485 2073 libris
2505 2020 2569 2074 de
2596 2019 2820 2076 Exltort.
2848 2024 3009 2079 castit.
3048 2033 3094 2080 et
3115 2026 3179 2081 de
3206 2025 3557 2099 Monogamia,
3582 2045 3645 2085 ac

2112 2112 2200 2166 lib.
2227 2113 2290 2167 de
2318 2112 2506 2167 Pudic.
2533 2130 2648 2185 cap.
2678 2116 2730 2170 1.
2754 2132 2894 2170 nunt.
2932 2117 3021 2173 15.

2046 2248 2050 2253 ’
2115 2232 2173 2303 ln
2195 2249 2334 2304 hanc
2362 2249 2613 2306 haeresim
2641 2250 3073 2311 Montanisticam
3096 2256 3354 2326 paulatim
3386 2257 3644 2329 delapsus

2041 2351 2125 2399 est
2163 2342 2543 2399 Tertullianns.
2582 2344 2853 2413 Primum,
2887 2349 3151 2405 castitatis
3196 2364 3411 2417 amore,
3447 2351 3643 2407 librum

2042 2435 2255 2506 scripsit
2281 2436 2346 2491 ad
2367 2435 2601 2492 Uxorem
2622 2437 2689 2493 de
2712 2438 2827 2492 unis
2852 2441 3041 2511 nuptiis
3060 2483 3075 2508 ,
3112 2442 3163 2497 in
3192 2458 3300 2512 quo
3328 2443 3544 2513 quidem
3575 2445 3645 2501 ab

2043 2525 2148 2582 illis
2188 2526 2524 2605 dehortatur,
2556 2527 2652 2584 sed
2684 2538 2931 2599 tanquam
2972 2540 3156 2601 stupra
3198 2546 3303 2587 non
3342 2532 3643 2605 improbat:

2045 2620 2158 2675 imo
2181 2602 2343 2690 qmim
2374 2620 2466 2676 lib.
2495 2616 2565 2677 ll.
2592 2621 2658 2676 ad
2699 2620 2863 2677 Uxor.
2918 2623 2963 2677 si
3004 2623 3208 2681 nubere
3235 2602 3435 2695 velint,
3462 2628 3643 2682 saltem

2042 2712 2098 2767 in
2122 2711 2342 2767 Domino
2364 2712 2552 2767 nubere
2579 2712 2777 2780 debere,
2807 2713 2863 2767 id
2881 2724 2977 2783 est,
3001 2714 3314 2785 Christiano,
3346 2717 3451 2774 late
3471 2718 3645 2774 dedu-

2044 2805 2147 2869 cit;
2202 2822 2307 2861 non
2356 2806 2580 2862 omnino
2627 2815 2755 2863 tunc
2796 2807 3085 2866 damnasse
3129 2809 3340 2866 videtur
3381 2812 3648 2869 secundas

2046 2900 2278 2968 nuptias.
2305 2894 2618 2970 Quanquam
2644 2899 2856 2955 interim
2883 2901 3031 2956 omni
3056 2917 3241 2959 errore
3277 2918 3386 2959 non
3428 2915 3649 2962 careant

2047 2990 2102 3046 hi
2131 2991 2252 3046 libri
2292 2990 2419 3046 duo.
2450 2991 2714 3063 imprimis
2739 3009 2903 3064 quum
2943 2995 2982 3050 l.
3010 2993 3051 3049 ι.
3093 3009 3144 3049 c.
3179 2996 3233 3051 1.
3262 3013 3314 3051 ιι.
3347 2997 3435 3053 11.
3463 3014 3648 3055 secun-

340 3078 657 3133 restitutione
718 3075 919 3131 Judtcte
995 3076 1101 3147 (ad
1164 3090 1284 3146 quae
1342 3076 1425 3129 his
1491 3084 1696 3130 tantum
1768 3074 1944 3131 verbis
1970 3120 2015 3183 Ο
2049 3066 2143 3138 das
2158 3085 2362 3155 nuptias
2377 3085 2749 3155 confusionem,
2772 3093 2827 3140 et
2844 3099 2963 3155 cap.
2986 3086 3038 3140 4.
3066 3101 3121 3140 n.
3144 3084 3237 3142 25.
3262 3088 3645 3159 contumeliam,

338 3173 545 3228 Auctor
583 3167 833 3239 alludit),
873 3183 992 3239 quae
1036 3167 1348 3223 nominatim
1375 3167 1633 3232 citantur,
1684 3167 1877 3238 partim
1913 3182 1944 3221 a

337 3275 528 3325 επιειο
598 3265 830 3330 Irenaeo,
862 3263 1052 3335 partim
1100 3277 1129 3318 a
1173 3271 1358 3319 sancto
1393 3262 1603 3318 Justino
1669 3270 1944 3333 martyre;

339 3376 527 3418 verum
547 3357 767 3430 pulchre
798 3356 849 3411 in
864 3354 1278 3412 Commentariis
1298 3355 1793 3427 suisllieronymus
1821 3353 1947 3409 alle-

338 3456 524 3526 gorice
536 3454 604 3511 de
620 3455 863 3512 Ecclesia
877 3454 1150 3512 Christum
1171 3454 1485 3521 conﬁtente,
1504 3455 1727 3525 ejusque
1747 3460 1949 3524 myste-

339 3548 438 3604 riis
452 3549 538 3604 illa
555 3549 1146 3619 omniainterpretatur,
1165 3548 1369 3619 ubique
1380 3547 1608 3604 irridens
1624 3547 1770 3601 mille
1783 3560 1949 3601 anno-

339 3655 464 3697 rum
497 3640 613 3695 illas
638 3640 871 3709 fabulas,
894 3655 1001 3711 quo
1037 3634 1289 3697 lectorem
1317 3639 1623 3711 compendii
1653 3638 1816 3709 gratia
1846 3652 1950 3694 re-

341 3730 958 3789 mittimusFaciliorest
970 3732 1249 3804 responsio
1264 3731 1328 3788 ad
1342 3731 1641 3807 Scripturas
1655 3729 1766 3786 Gen
1777 3767 1790 3783 .
1807 3728 1946 3785 Xlll.

311 3828 411 3879 ‘ac
438 3822 557 3879 XV.
581 3838 715 3897 quas
759 3823 1049 3898 (Irenaeum
1078 3825 1340 3895 imitatus)
1370 3839 1465 3893 pro
1493 3839 1553 3881 se
1573 3825 1701 3879 citat
1725 3824 1945 3890 Auctor,

352 3915 421 3971 de
440 3917 609 3988 prima
636 3926 681 3970 et
710 3917 933 3972 secunda
960 3919 1291 3988 promissione
1319 3917 1540 3972 Abiu/ta:
1567 3916 1744 3971 semini
1774 3918 1911 3987 facta
1928 3956 1945 3981 ,

344 4010 502 4082 prius
530 4011 582 4064 in
607 4010 984 4065 multitudinem
1008 4026 1177 4079 arente
1196 4051 1213 4077 ,
1237 4008 1432 4065 deinde
1457 4009 1526 4062 ad
1561 4009 1724 4063 instar
1751 3999 1989 4079 quoque»

345 4093 614 4159 stellarum
631 4145 646 4171 ,
670 4104 815 4174 quasi
843 4112 1055 4158 terrente
1082 4112 1130 4157 et
1156 4100 1368 4169 scelestis
1396 4100 1744 4169 dispositionis
1774 4100 1947 4169 auspi-

345 4198 453 4266 cia,
478 4198 599 4268 quia
618 4197 843 4267 primam
862 4195 1276 4267 promissionem
1295 4194 1565 4264 impletam
1584 4201 1789 4248 constat
1812 4191 1949 4247 mul-

348 4290 686 4361 tiplicatione
733 4290 964 4346 ﬁliorum
1011 4289 1175 4345 Israel
1208 4288 1428 4342 interra
1477 4285 1903 4340 Chananreorum
1931 4325 1946 4351 ,

351 4382 469 4438 sive
496 4381 760 4436 Palestina
786 4398 800 4437 :
834 4378 1123 4437 secundam
1151 4395 1278 4433 vero
1309 4379 1687 4448 interpretatur
1716 4378 1949 4445 Aposto'

2048 3186 2103 3233 et
2139 3191 2190 3233 c.
2214 3176 2266 3233 5.
2300 3193 2356 3232 n.
2388 3177 2479 3233 51.
2510 3176 2868 3243 detestabiles,
2908 3186 2962 3232 et
3004 3177 3129 3233 alibi
3157 3194 3368 3250 quoque
3400 3197 3647 3251 spurcas,

2050 3278 2124 3333 et,
2153 3268 2368 3323 dedecus
2409 3271 2768 3339 voluptuosum
2803 3268 3067 3340 appellat,
3109 3270 3294 3340 quales
3324 3280 3449 3327 sunt
3485 3274 3648 3328 etiam

2050 3361 2153 3419 loci
2183 3363 2259 3419 illi
2280 3363 2392 3434 jam
2420 3364 2566 3420 citati
2594 3364 2687 3419 lib.
2715 3363 2784 3420 de
2808 3362 3020 3418 veland.
3053 3363 3257 3434 Virgin.
3306 3362 3382 3419 De
3412 3364 3648 3419 secundis

2051 3459 2192 3515 enim
2221 3460 2430 3523 nuptiis,
2462 3458 2546 3512 his
2566 3459 2696 3514 locis
2716 3458 2950 3513 locutum
2974 3456 3160 3523 fuisse,
3192 3471 3296 3512 non
3326 3457 3394 3513 de
3417 3458 3648 3528 primis.

2052 3553 2138 3608 vel
2171 3553 2284 3608 haec
2315 3550 2373 3608 S.
2411 3553 2637 3623 August.
2680 3550 2718 3605 l.
2755 3550 2796 3606 l.
2825 3551 2893 3606 de
2921 3551 3064 3606 bono
3117 3549 3390 3604 viduitatis
3419 3550 3648 3606 convin-

2051 3647 2235 3711 ciunt,
2285 3660 2403 3715 quae
2432 3644 2594 3699 etiam
2632 3642 2856 3699 antidoti
2900 3641 3020 3699 loco
3067 3640 3156 3697 bic
3199 3639 3429 3696 atterunt
3471 3658 3485 3695 :
3528 3641 3649 3697 Non

2051 3738 2207 3809 quia,
2260 3736 2461 3806 inquit,
2513 3736 2856 3805 innuptarum
2912 3733 3120 3797 bonum
3171 3732 3457 3793 honestum
3513 3732 3650 3789 dixit

2051 3828 2366 3899 Apostolus,
2396 3828 2515 3883 ideo
2543 3837 2732 3898 putare
2758 3826 3019 3882 debemus
3051 3834 3206 3896 turpe
3233 3840 3354 3881 esse
3373 3825 3648 3881 vinculum

2052 3921 2351 3992 coniugale,
2376 3920 2611 3985 alioquin
2633 3920 2793 3975 etiam
2816 3918 3017 4003 primas
3034 3918 3245 3989 nuptias
3261 3916 3650 3975 condemnabi-

2052 4030 2194 4082 mus,
2224 4029 2356 4084 quas
2379 4028 2477 4069 nec
2504 4012 2871 4083 Cataphrygas
2898 4025 2997 4066 nec
3020 4009 3320 4073 Novatiani,
3345 4024 3445 4067 nec
3472 4009 3648 4066 diser-

2055 4107 2292 4162 tissimus
2342 4119 2528 4161 eorum
2593 4102 2942 4172 adstipulator
3000 4101 3397 4168 Tertullianus,
3466 4110 3651 4171 turpes

2053 4214 2217 4256 ausus
2244 4208 2325 4255 est
2350 4198 2551 4253 dicere.
2592 4196 2853 4272 Deinceps
2890 4196 2926 4249 l.
2967 4193 3091 4250 adv.
3124 4193 3380 4272 llermog.
3409 4208 3647 4249 errorem

2054 4308 2208 4348 sumu
2233 4291 2402 4361 magis
2425 4291 2599 4361 aperit
2625 4286 2706 4343 his
2731 4271 2909 4344 verbis
2938 4304 2951 4341 :
2979 4285 3164 4358 Legem
3195 4285 3290 4353 Dei
3311 4271 3652 4340 in'libidinem

2057 4384 2290 4457 defendi,
2334 4397 2395 4437 ac
2415 4423 2432 4450 ,
2471 4392 2605 4435 totus
2639 4379 2867 4442 adulter,
2897 4389 2944 4433 et
2973 4379 3350 4449 prtedicationis
3369 4388 3416 4432 et
3444 4378 3648 4447 carnis;

351 4476 438 4533 lus
464 4475 662 4531 Paulus
678 4474 743 4529 de
762 4473 999 4546 gentium
1028 4473 1293 4540 Ecclesia,
1327 4470 1482 4526 Rom.
1518 4469 1609 4525 IX.
1634 4477 1687 4523 et
1710 4468 1829 4525 Gal.
1859 4466 1945 4522 Ill.

2057 4476 2351 4531 nubentium
2378 4473 2611 4543 contagio
2633 4473 2797 4543 (celet.
2820 4470 3060 4540 Denique
3090 4470 3239 4525 libris
3282 4469 3352 4525 de
3378 4469 3648 4526 Exhorta-

351 4583 464 4642 quo
484 4568 647 4624 modo
668 4568 825 4622 etiam
851 4565 1277 4636 utramquehauc
1289 4562 1697 4635 promissionem
1711 4560 1955 4616 distinxit

353 4660 661 4717 Rhahanus'
680 4668 860 4717 noster
884 4659 1187 4713 Comment.
1220 4658 1269 4711 in
1296 4655 1494 4712 Cenes.
1511 4669 1610 4710 nec
1627 4655 1800 4709 minus
1820 4653 1950 4710 faci-

358 4754 429 4811 lis
453 4748 519 4807 ad
547 4751 677 4807 illud
703 4750 1122 4809 Genes.XXVll.
1145 4751 1234 4806 ubi
1251 4750 1316 4806 ad
1341 4734 1526 4806 Jacob.
1549 4749 1701 4819 cujus
1731 4748 1950 4818 ﬁguram

357 4844 698 4904 Christianos
727 4861 790 4900 ex
820 4845 1065 4916 gentibus
1103 4854 1313 4915 gestare
1340 4841 1613 4906 novimus,
1648 4841 1810 4910 prima
1835 4856 1955 4910 pro.

358 4939 535 4995 missio
580 4947 653 4992 est
694 4938 903 4992 ccelestis
945 4938 1077 4992 roris
1113 4979 1126 5002 ,
1176 4934 1400 4991 secunda
1449 4942 1596 4987 terra:
1644 4931 1947 5002 apimitatis,

361 5034 487 5107 quia
512 5033 654 5091 illam
680 5032 1105 5087 benedictionem
1130 5038 1378 5101 tanquam
1400 5036 1671 5085 terrenam
1695 5027 1957 5095 interpre-

363 5136 508 5187 tatur
522 5125 606 5182 vel
622 5127 734 5195 ipse
750 5125 915 5182 Jacob
930 5125 1106 5181 verbis
1126 5125 1237 5180 suis
1252 5124 1315 5179 ad
1336 5123 1472 5178 Esau
1493 5120 1825 5192 postmodum
1848 5135 1963 5190 pro-

362 5222 519 5287 latis,
549 5220 638 5276 ubi
662 5219 795 5276 dixit
820 5238 834 5274 :
859 5219 1149 5275 Frumento
1174 5260 1189 5285 ,
1221 5227 1275 5273 et
1296 5220 1449 5285 vino,
1476 5224 1530 5271 et
1553 5215 1671 5271 oleo
1689 5256 1704 5281 ,
1729 5212 1959 5269 stabilivi

364 5328 492 5368 cum
517 5330 539 5385 εγ
560 5319 635 5375 et,
664 5312 709 5366 si
734 5311 1051 5382 allegoricus
1101 5309 1329 5364 velimus
1353 5308 1596 5377 accipere
1622 5306 1962 5376 ,,Proc0pius

365 5407 422 5462 in
444 5404 746 5460 Comment.
772 5404 841 5459 de
865 5402 1073 5459 caelesti
1093 5417 1217 5457 rore
1243 5402 1647 5471 interpretatur,
1678 5398 1767 5468 qui
1792 5397 1962 5452 instil-

368 5497 516 5553 latur
562 5496 772 5568 piorum
819 5495 1013 5549 animis
1046 5534 1061 5560 ,
1093 5501 1147 5550 et
1175 5493 1243 5549 de
1285 5501 1443 5549 terrae
1503 5489 1913 5561 pinguedinihus
1946 5529 1960 5551 ,

373 5603 513 5662 quas
581 5586 745 5643 habet
798 5585 1071 5656 accipiens
1119 5599 1343 5652 semen,
1392 5583 1551 5654 idque
1594 5580 1968 5650 centupliciter

370 5683 630 5740 reddens.
672 5681 912 5752 Denique
931 5670 1197 5736 'l'acillima
1236 5679 1303 5733 ad
1343 5677 1470 5733 illud
1510 5676 1639 5731 Luc.
1671 5673 1785 5729 Xll.
1822 5673 1969 5741 Quie-

372 5777 472 5834 rite
500 5776 724 5849 printum
751 5789 961 5846 regnum
999 5770 1122 5837 Dei,
1146 5778 1194 5825 et
1230 5764 1426 5841 reliqua
1454 5768 1759 5841 adﬁcientur
1787 5766 1922 5823 vobis
1949 5784 1967 5820 :

704 5891 1168 5953 Temenum.
1203 5886 1257 5949 I.

2060 4570 2203 4624 tione
2244 4554 2431 4622 castitI
2463 4574 2518 4620 et
2562 4564 2629 4619 de
2667 4563 2881 4633 Monog.
2923 4561 3232 4618 Montanum
3262 4570 3506 4627 secutus,
3540 4573 3649 4615 non

2055 4661 2229 4716 solum
2260 4669 2439 4729 stupra
2474 4666 2519 4711 et
2553 4656 2807 4710 adulteria
2836 4664 2881 4708 et
2915 4652 3446 4723 maechiam'appellat
3470 4666 3651 4706 secun-

2057 4754 2150 4807 das
2172 4753 2378 4823 nuptias
2406 4767 2423 4804 :
2460 4749 2554 4805 sed
2593 4748 2754 4804 etiam
2794 4747 2955 4803 variis
2984 4746 3311 4817 argumentis
3333 4744 3385 4800 id
3417 4744 3646 4815 probare

2057 4847 2268 4909 nititur;
2299 4844 2391 4900 sed
2421 4845 2634 4907 lrustra,
2664 4841 2820 4897 sicuti
2857 4856 2924 4897 ex
2960 4834 3201 4895 antidoto
3232 4840 3648 4893 Annolationum

2057 4947 2361 4995 nostrarum
2389 4938 2441 4992 in
2469 4944 2791 5005 utrumque,
2835 4932 3020 4989 lectori
3050 4930 3386 5002 pchpicuum
3418 4945 3537 4987 esse
3559 4945 3654 5001 po‘

2062 5032 2206 5097 terit,
2238 5045 2365 5101 quo,
2391 5043 2458 5085 ne
2482 5029 2567 5083 hic
2595 5020 2911 5098 prolixiores
2940 5025 3136 5085 simus.
3182 5023 3436 5078 lectorem
3470 5023 3655 5078 remit-

2064 5126 2241 5182 timus.
2288 5122 2387 5179 Ubi
2432 5120 2657 5176 subinde
2683 5133 2781 5190 pro
2810 5117 3068 5174 catholica
3109 5115 3178 5171 de
3206 5117 3397 5185 nuptiis
3423 5117 3655 5171 secundis
3700 5156 3703 5160 »

2064 5239 2165 5277 non
2184 5218 2449 5291 prohibitis
2475 5215 2739 5274 sententia
2764 5255 2779 5279 ,
2809 5212 3089 5268 citavimus
3117 5210 3177 5264 Β.
3216 5209 3359 5264 llier.
3390 5209 3562 5279 Epist.
3587 5208 3658 5264 de

2065 5300 2367 5383 Monogam.
2399 5308 2466 5365 ad
2497 5306 2882 5383 Agerucltiam,
2912 5303 3055 5373 vulg.
3084 5301 3424 5366 Gerontiam,
3458 5301 3525 5356 de
3565 5300 3659 5355 Vi-

2067 5404 2268 5461 duitate
2311 5402 2376 5457 ad
2405 5401 2676 5457 Salvinum
2705 5413 2767 5453 ac
2795 5396 2859 5451 ad
2891 5392 3324 5459 Pammachium,
3366 5392 3422 5448 S.
3455 5394 3592 5462 Aug.
3619 5392 3658 5448 l.

2068 5497 2134 5554 de
2159 5497 2300 5553 bono
2325 5494 2633 5555 Viduitatis,
2669 5506 2732 5546 ac
2756 5490 2793 5543 ι.
2828 5488 2891 5543 ll.
2923 5496 3107 5542 contra
3136 5485 3256 5541 adv.
3287 5486 3417 5556 legis
3442 5493 3496 5540 ct
3525 5485 3662 5540 Pro-

2070 5592 2385 5662 phetarum,
2430 5586 2485 5641 S.
2524 5584 2786 5654 Epiphan.
2838 5580 2960 5635 adv.
3000 5578 3306 5634 Montanum
3336 5578 3529 5632 haeres.
3569 5576 3660 5633 59.

2070 5692 2127 5740 et
2163 5680 2284 5737 adv.
2320 5679 2616 5743 Catharos,
2656 5685 2711 5730 et
2746 5673 3177 5729 Commentarios
3224 5681 3460 5726 veterum
3504 5686 3668 5741 super

2071 5772 2343 5850 Epistolas
2369 5769 2517 5828 Pauli
2538 5770 2695 5826 Rom.
2719 5766 2835 5824 Vll.
2867 5769 2920 5824 1.
2953 5768 3076 5824 Cor.
3104 5768 3155 5821 7.
3170 5776 3223 5823 et
3243 5764 3287 5819 1.
3312 5763 3510 5821 Cor.V.
3530 5766 3666 5833 Qui.-

3178 5859 3407 5940 (δεριο)
