  <div class='ocr_page' id='page_1' title='image "/cluster/home/n/w/nwhite01/storage/ocr_20150623/1/hvd.32044015466733/127.png"; bbox 0 0 4106 6330; ppageno 0'>
   <div class='ocr_carea' id='block_1_1' title="bbox 409 310 517 369">
    <p class='ocr_par' dir='ltr' id='par_1_1' title="bbox 409 310 517 369">
     <span class='ocr_line' id='line_1_1' title="bbox 409 310 517 369; baseline 0.019 -2"><span class='ocrx_word' id='word_1_1' title='bbox 409 310 517 369; x_wconf 77' lang='grc'><strong>203</strong></span> 
     </span>
    </p>
   </div>
   <div class='ocr_carea' id='block_1_2' title="bbox 1664 309 2539 399">
    <p class='ocr_par' dir='ltr' id='par_1_2' title="bbox 1664 309 2539 399">
     <span class='ocr_line' id='line_1_2' title="bbox 1664 309 2539 399; baseline 0.01 -33"><span class='ocrx_word' id='word_1_2' title='bbox 1664 309 2037 368; x_wconf 76' lang='lat' dir='ltr'><strong>PARADOXA</strong></span> <span class='ocrx_word' id='word_1_3' title='bbox 2078 310 2539 399; x_wconf 66' lang='lat' dir='ltr'><strong>TERTULLIANI</strong></span> 
     </span>
    </p>
   </div>
   <div class='ocr_carea' id='block_1_3' title="bbox 347 392 3717 510">
    <p class='ocr_par' dir='ltr' id='par_1_3' title="bbox 347 392 3717 510">
     <span class='ocr_line' id='line_1_3' title="bbox 347 392 3717 510; baseline 0.004 -28"><span class='ocrx_word' id='word_1_4' title='bbox 347 416 355 423; x_wconf 82' lang='grc'><strong>’</strong></span> <span class='ocrx_word' id='word_1_5' title='bbox 408 425 510 483; x_wconf 89' lang='lat' dir='ltr'><strong>bus</strong></span> <span class='ocrx_word' id='word_1_6' title='bbox 550 425 733 484; x_wconf 80' lang='lat' dir='ltr'><strong>licebit</strong></span> <span class='ocrx_word' id='word_1_7' title='bbox 772 425 973 484; x_wconf 83' lang='lat' dir='ltr'><strong>addere</strong></span> <span class='ocrx_word' id='word_1_8' title='bbox 1007 432 1063 482; x_wconf 90' lang='lat' dir='ltr'><strong>et</strong></span> <span class='ocrx_word' id='word_1_9' title='bbox 1102 423 1232 481; x_wconf 89' lang='lat' dir='ltr'><strong>illud</strong></span> <span class='ocrx_word' id='word_1_10' title='bbox 1279 424 1339 478; x_wconf 88' lang='grc' dir='ltr'><strong>Β.</strong></span> <span class='ocrx_word' id='word_1_11' title='bbox 1369 422 1590 482; x_wconf 86' lang='lat' dir='ltr'><strong>Hieron.</strong></span> <span class='ocrx_word' id='word_1_12' title='bbox 1619 425 1711 483; x_wconf 73' lang='grc'><strong>54.</strong></span> <span class='ocrx_word' id='word_1_13' title='bbox 1743 426 1913 496; x_wconf 84' lang='lat' dir='ltr'><strong>Epist.</strong></span> <span class='ocrx_word' id='word_1_14' title='bbox 1943 423 2012 481; x_wconf 87' lang='lat' dir='ltr'><strong>ad</strong></span> <span class='ocrx_word' id='word_1_15' title='bbox 2037 427 2092 488; x_wconf 81' lang='grc' dir='ltr'><strong>Α</strong></span> <span class='ocrx_word' id='word_1_16' title='bbox 2118 392 2487 497; x_wconf 64' lang='lat' dir='ltr'><strong>pmoitentiinu</strong></span> <span class='ocrx_word' id='word_1_17' title='bbox 2518 446 2734 490; x_wconf 88' lang='lat' dir='ltr'><strong>omnem</strong></span> <span class='ocrx_word' id='word_1_18' title='bbox 2764 392 3017 493; x_wconf 84' lang='lat' dir='ltr'><strong>tollerent</strong></span> <span class='ocrx_word' id='word_1_19' title='bbox 3053 434 3338 493; x_wconf 82' lang='lat' dir='ltr'><strong>Montanus</strong></span> <span class='ocrx_word' id='word_1_20' title='bbox 3364 445 3418 494; x_wconf 91' lang='lat' dir='ltr'><strong>ct</strong></span> <span class='ocrx_word' id='word_1_21' title='bbox 3447 436 3565 510; x_wconf 82' lang='lat' dir='ltr'><strong>ejus</strong></span> <span class='ocrx_word' id='word_1_22' title='bbox 3593 454 3717 497; x_wconf 82' lang='lat' dir='ltr'><strong>sec-</strong></span> 
     </span>
    </p>
   </div>
   <div class='ocr_carea' id='block_1_4' title="bbox 412 516 2013 590">
    <p class='ocr_par' dir='ltr' id='par_1_4' title="bbox 412 516 2013 590">
     <span class='ocr_line' id='line_1_4' title="bbox 412 516 2013 590; baseline -0.001 -15"><span class='ocrx_word' id='word_1_23' title='bbox 412 517 629 575; x_wconf 78' lang='lat' dir='ltr'><strong>Marcel.</strong></span> <span class='ocrx_word' id='word_1_24' title='bbox 687 518 816 590; x_wconf 88' lang='lat' dir='ltr'><strong>(qui</strong></span> <span class='ocrx_word' id='word_1_25' title='bbox 872 517 1071 587; x_wconf 91' lang='lat' dir='ltr'><strong>alioqui</strong></span> <span class='ocrx_word' id='word_1_26' title='bbox 1124 516 1334 573; x_wconf 80' lang='lat' dir='ltr'><strong>videtur</strong></span> <span class='ocrx_word' id='word_1_27' title='bbox 1378 517 1606 575; x_wconf 85' lang='lat' dir='ltr'><strong>subinde</strong></span> <span class='ocrx_word' id='word_1_28' title='bbox 1632 519 1696 575; x_wconf 88' lang='lat' dir='ltr'><strong>iis</strong></span> <span class='ocrx_word' id='word_1_29' title='bbox 1720 518 2013 590; x_wconf 89' lang='lat' dir='ltr'><strong>iniquior),</strong></span> 
     </span>
    </p>
   </div>
   <div class='ocr_carea' id='block_1_5' title="bbox 414 610 2014 685">
    <p class='ocr_par' dir='ltr' id='par_1_5' title="bbox 414 610 2014 685">
     <span class='ocr_line' id='line_1_5' title="bbox 414 610 2014 685; baseline 0.001 -15"><span class='ocrx_word' id='word_1_30' title='bbox 414 627 514 685; x_wconf 88' lang='lat' dir='ltr'><strong>pro</strong></span> <span class='ocrx_word' id='word_1_31' title='bbox 564 612 797 669; x_wconf 87' lang='lat' dir='ltr'><strong>secundis</strong></span> <span class='ocrx_word' id='word_1_32' title='bbox 822 612 1013 681; x_wconf 87' lang='lat' dir='ltr'><strong>nuptiis</strong></span> <span class='ocrx_word' id='word_1_33' title='bbox 1047 610 1197 669; x_wconf 88' lang='lat' dir='ltr'><strong>:Nos</strong></span> <span class='ocrx_word' id='word_1_34' title='bbox 1226 612 1492 669; x_wconf 87' lang='lat' dir='ltr'><strong>secundas</strong></span> <span class='ocrx_word' id='word_1_35' title='bbox 1516 615 1730 685; x_wconf 76' lang='lat' dir='ltr'><strong>nuptias</strong></span> <span class='ocrx_word' id='word_1_36' title='bbox 1760 629 1867 673; x_wconf 88' lang='lat' dir='ltr'><strong>non</strong></span> <span class='ocrx_word' id='word_1_37' title='bbox 1906 624 2014 671; x_wconf 87' lang='lat' dir='ltr'><strong>tam</strong></span> 
     </span>
    </p>
   </div>
   <div class='ocr_carea' id='block_1_6' title="bbox 412 706 2018 779">
    <p class='ocr_par' dir='ltr' id='par_1_6' title="bbox 412 706 2018 779">
     <span class='ocr_line' id='line_1_6' title="bbox 412 706 2018 779; baseline 0.002 -18"><span class='ocrx_word' id='word_1_38' title='bbox 412 706 714 777; x_wconf 85' lang='lat' dir='ltr'><strong>appetimns</strong></span> <span class='ocrx_word' id='word_1_39' title='bbox 771 719 931 776; x_wconf 91' lang='lat' dir='ltr'><strong>quam</strong></span> <span class='ocrx_word' id='word_1_40' title='bbox 992 706 1373 776; x_wconf 78' lang='lat' dir='ltr'><strong>concedimus,</strong></span> <span class='ocrx_word' id='word_1_41' title='bbox 1435 708 1602 765; x_wconf 88' lang='lat' dir='ltr'><strong>Paulo</strong></span> <span class='ocrx_word' id='word_1_42' title='bbox 1649 710 1909 779; x_wconf 69' lang='lat' dir='ltr'><strong>iubente,</strong></span> <span class='ocrx_word' id='word_1_43' title='bbox 1960 716 2018 764; x_wconf 91' lang='lat' dir='ltr'><strong>ut</strong></span> 
     </span>
    </p>
   </div>
   <div class='ocr_carea' id='block_1_7' title="bbox 414 796 2015 873">
    <p class='ocr_par' dir='ltr' id='par_1_7' title="bbox 414 796 2015 873">
     <span class='ocr_line' id='line_1_7' title="bbox 414 796 2015 873; baseline 0.001 -18"><span class='ocrx_word' id='word_1_44' title='bbox 414 797 588 855; x_wconf 74' lang='lat' dir='ltr'><strong>vidua:</strong></span> <span class='ocrx_word' id='word_1_45' title='bbox 625 796 1039 853; x_wconf 59' lang='lat' dir='ltr'><strong>adulescentulas</strong></span> <span class='ocrx_word' id='word_1_46' title='bbox 1090 799 1329 867; x_wconf 88' lang='lat' dir='ltr'><strong>nubant,</strong></span> <span class='ocrx_word' id='word_1_47' title='bbox 1375 800 1450 855; x_wconf 89' lang='lat' dir='ltr'><strong>illi</strong></span> <span class='ocrx_word' id='word_1_48' title='bbox 1492 801 1727 873; x_wconf 90' lang='lat' dir='ltr'><strong>(nempe</strong></span> <span class='ocrx_word' id='word_1_49' title='bbox 1778 801 2015 858; x_wconf 74' lang='lat' dir='ltr'><strong>Montani</strong></span> 
     </span>
    </p>
   </div>
   <div class='ocr_carea' id='block_1_8' title="bbox 414 888 2018 963">
    <p class='ocr_par' dir='ltr' id='par_1_8' title="bbox 414 888 2018 963">
     <span class='ocr_line' id='line_1_8' title="bbox 414 888 2018 963; baseline 0.001 -17"><span class='ocrx_word' id='word_1_50' title='bbox 414 896 710 949; x_wconf 81' lang='lat' dir='ltr'><strong>sectatores</strong></span> <span class='ocrx_word' id='word_1_51' title='bbox 728 888 827 960; x_wconf 49' lang='lat' dir='ltr'><strong>).in</strong></span> <span class='ocrx_word' id='word_1_52' title='bbox 866 897 1071 946; x_wconf 89' lang='lat' dir='ltr'><strong>tantum</strong></span> <span class='ocrx_word' id='word_1_53' title='bbox 1099 899 1288 961; x_wconf 84' lang='lat' dir='ltr'><strong>putant</strong></span> <span class='ocrx_word' id='word_1_54' title='bbox 1323 892 1584 949; x_wconf 86' lang='lat' dir='ltr'><strong>scelerata</strong></span> <span class='ocrx_word' id='word_1_55' title='bbox 1624 892 1870 963; x_wconf 71' lang='lat' dir='ltr'><strong>coniugia</strong></span> <span class='ocrx_word' id='word_1_56' title='bbox 1919 892 2018 948; x_wconf 87' lang='lat' dir='ltr'><strong>ite-</strong></span> 
     </span>
    </p>
   </div>
   <div class='ocr_carea' id='block_1_9' title="bbox 412 981 2015 1053">
    <p class='ocr_par' dir='ltr' id='par_1_9' title="bbox 412 981 2015 1053">
     <span class='ocr_line' id='line_1_9' title="bbox 412 981 2015 1053; baseline 0.001 -16"><span class='ocrx_word' id='word_1_57' title='bbox 412 988 568 1049; x_wconf 88' lang='lat' dir='ltr'><strong>rata,</strong></span> <span class='ocrx_word' id='word_1_58' title='bbox 616 990 674 1036; x_wconf 90' lang='lat' dir='ltr'><strong>ut</strong></span> <span class='ocrx_word' id='word_1_59' title='bbox 724 982 1046 1053; x_wconf 88' lang='lat' dir='ltr'><strong>quicumque</strong></span> <span class='ocrx_word' id='word_1_60' title='bbox 1088 981 1192 1041; x_wconf 85' lang='lat' dir='ltr'><strong>hoc</strong></span> <span class='ocrx_word' id='word_1_61' title='bbox 1244 985 1433 1040; x_wconf 83' lang='lat' dir='ltr'><strong>fecerit</strong></span> <span class='ocrx_word' id='word_1_62' title='bbox 1487 984 1697 1041; x_wconf 91' lang='lat' dir='ltr'><strong>adulter</strong></span> <span class='ocrx_word' id='word_1_63' title='bbox 1735 984 2015 1040; x_wconf 86' lang='lat' dir='ltr'><strong>habeatur.</strong></span> 
     </span>
    </p>
   </div>
   <div class='ocr_carea' id='block_1_10' title="bbox 419 1072 2020 1145">
    <p class='ocr_par' dir='ltr' id='par_1_10' title="bbox 419 1072 2020 1145">
     <span class='ocr_line' id='line_1_10' title="bbox 419 1072 2020 1145; baseline 0.002 -17"><span class='ocrx_word' id='word_1_64' title='bbox 419 1072 555 1130; x_wconf 88' lang='lat' dir='ltr'><strong>Item</strong></span> <span class='ocrx_word' id='word_1_65' title='bbox 597 1072 729 1129; x_wconf 89' lang='lat' dir='ltr'><strong>illud</strong></span> <span class='ocrx_word' id='word_1_66' title='bbox 775 1073 827 1128; x_wconf 91' lang='lat' dir='ltr'><strong>in</strong></span> <span class='ocrx_word' id='word_1_67' title='bbox 872 1073 1043 1145; x_wconf 87' lang='lat' dir='ltr'><strong>Epist.</strong></span> <span class='ocrx_word' id='word_1_68' title='bbox 1101 1074 1168 1130; x_wconf 90' lang='lat' dir='ltr'><strong>ad</strong></span> <span class='ocrx_word' id='word_1_69' title='bbox 1199 1074 1375 1131; x_wconf 84' lang='lat' dir='ltr'><strong>Titum</strong></span> <span class='ocrx_word' id='word_1_70' title='bbox 1424 1077 1586 1133; x_wconf 88' lang='lat' dir='ltr'><strong>etiam</strong></span> <span class='ocrx_word' id='word_1_71' title='bbox 1630 1093 1660 1130; x_wconf 86' lang='lat' dir='ltr'><strong>a</strong></span> <span class='ocrx_word' id='word_1_72' title='bbox 1692 1075 1846 1132; x_wconf 85' lang='lat' dir='ltr'><strong>nobis</strong></span> <span class='ocrx_word' id='word_1_73' title='bbox 1892 1076 2020 1132; x_wconf 81' lang='lat' dir='ltr'><strong>alibi</strong></span> 
     </span>
    </p>
   </div>
   <div class='ocr_carea' id='block_1_11' title="bbox 418 1165 2017 1239">
    <p class='ocr_par' dir='ltr' id='par_1_11' title="bbox 418 1165 2017 1239">
     <span class='ocr_line' id='line_1_11' title="bbox 418 1165 2017 1239; baseline 0.001 -19"><span class='ocrx_word' id='word_1_74' title='bbox 418 1169 638 1221; x_wconf 86' lang='lat' dir='ltr'><strong>citatum</strong></span> <span class='ocrx_word' id='word_1_75' title='bbox 664 1183 676 1220; x_wconf 88' lang='lat'><strong>:</strong></span> <span class='ocrx_word' id='word_1_76' title='bbox 710 1165 939 1235; x_wconf 86' lang='lat' dir='ltr'><strong>Scripsit</strong></span> <span class='ocrx_word' id='word_1_77' title='bbox 960 1176 1015 1223; x_wconf 91' lang='lat' dir='ltr'><strong>et</strong></span> <span class='ocrx_word' id='word_1_78' title='bbox 1040 1165 1399 1224; x_wconf 87' lang='lat' dir='ltr'><strong>Tertullianus</strong></span> <span class='ocrx_word' id='word_1_79' title='bbox 1437 1168 1634 1225; x_wconf 90' lang='lat' dir='ltr'><strong>librum</strong></span> <span class='ocrx_word' id='word_1_80' title='bbox 1662 1168 1728 1224; x_wconf 90' lang='lat' dir='ltr'><strong>de</strong></span> <span class='ocrx_word' id='word_1_81' title='bbox 1760 1167 2017 1239; x_wconf 77' lang='lat' dir='ltr'><strong>Moncga-</strong></span> 
     </span>
    </p>
   </div>
   <div class='ocr_carea' id='block_1_12' title="bbox 418 1258 2020 1331">
    <p class='ocr_par' dir='ltr' id='par_1_12' title="bbox 418 1258 2020 1331">
     <span class='ocr_line' id='line_1_12' title="bbox 418 1258 2020 1331; baseline 0.002 -19"><span class='ocrx_word' id='word_1_82' title='bbox 418 1260 525 1317; x_wconf 83' lang='lat' dir='ltr'><strong>ntia</strong></span> <span class='ocrx_word' id='word_1_83' title='bbox 550 1258 861 1315; x_wconf 64' lang='lat' dir='ltr'><strong>haereticum</strong></span> <span class='ocrx_word' id='word_1_84' title='bbox 891 1301 906 1325; x_wconf 91' lang='lat'><strong>,</strong></span> <span class='ocrx_word' id='word_1_85' title='bbox 934 1275 1093 1331; x_wconf 89' lang='lat' dir='ltr'><strong>quem</strong></span> <span class='ocrx_word' id='word_1_86' title='bbox 1123 1261 1381 1331; x_wconf 85' lang='lat' dir='ltr'><strong>Apostolo</strong></span> <span class='ocrx_word' id='word_1_87' title='bbox 1409 1262 1677 1318; x_wconf 87' lang='lat' dir='ltr'><strong>contraire</strong></span> <span class='ocrx_word' id='word_1_88' title='bbox 1695 1303 1710 1327; x_wconf 93' lang='lat'><strong>,</strong></span> <span class='ocrx_word' id='word_1_89' title='bbox 1743 1275 1902 1317; x_wconf 89' lang='lat' dir='ltr'><strong>nemo</strong></span> <span class='ocrx_word' id='word_1_90' title='bbox 1929 1261 2020 1331; x_wconf 91' lang='lat' dir='ltr'><strong>qui</strong></span> 
     </span>
    </p>
   </div>
   <div class='ocr_carea' id='block_1_13' title="bbox 423 1351 2017 1424">
    <p class='ocr_par' dir='ltr' id='par_1_13' title="bbox 423 1351 2017 1424">
     <span class='ocr_line' id='line_1_13' title="bbox 423 1351 2017 1424; baseline 0.002 -19"><span class='ocrx_word' id='word_1_91' title='bbox 423 1351 741 1421; x_wconf 89' lang='lat' dir='ltr'><strong>Apostolum</strong></span> <span class='ocrx_word' id='word_1_92' title='bbox 774 1351 999 1422; x_wconf 82' lang='lat' dir='ltr'><strong>legerit,</strong></span> <span class='ocrx_word' id='word_1_93' title='bbox 1039 1353 1323 1424; x_wconf 80' lang='lat' dir='ltr'><strong>ignorabit.</strong></span> <span class='ocrx_word' id='word_1_94' title='bbox 1358 1353 1491 1408; x_wconf 88' lang='lat' dir='ltr'><strong>Item</strong></span> <span class='ocrx_word' id='word_1_95' title='bbox 1528 1353 1658 1408; x_wconf 90' lang='lat' dir='ltr'><strong>illud</strong></span> <span class='ocrx_word' id='word_1_96' title='bbox 1692 1352 1752 1410; x_wconf 85' lang='lat' dir='ltr'><strong>S.</strong></span> <span class='ocrx_word' id='word_1_97' title='bbox 1792 1356 2017 1424; x_wconf 77' lang='lat' dir='ltr'><strong>August.</strong></span> 
     </span>
    </p>
   </div>
   <div class='ocr_carea' id='block_1_14' title="bbox 420 1442 2021 1502">
    <p class='ocr_par' dir='ltr' id='par_1_14' title="bbox 420 1442 2021 1502">
     <span class='ocr_line' id='line_1_14' title="bbox 420 1442 2021 1502; baseline 0.002 -5"><span class='ocrx_word' id='word_1_98' title='bbox 420 1442 555 1498; x_wconf 74' lang='lat' dir='ltr'><strong>hmr.</strong></span> <span class='ocrx_word' id='word_1_99' title='bbox 624 1442 747 1498; x_wconf 81' lang='grc'><strong>126.</strong></span> <span class='ocrx_word' id='word_1_100' title='bbox 782 1443 879 1499; x_wconf 88' lang='lat' dir='ltr'><strong>lib.</strong></span> <span class='ocrx_word' id='word_1_101' title='bbox 912 1443 977 1499; x_wconf 90' lang='lat' dir='ltr'><strong>de</strong></span> <span class='ocrx_word' id='word_1_102' title='bbox 1015 1444 1220 1501; x_wconf 65' lang='lat' dir='ltr'><strong>Haeres.</strong></span> <span class='ocrx_word' id='word_1_103' title='bbox 1255 1445 1415 1501; x_wconf 89' lang='lat' dir='ltr'><strong>:ldeo</strong></span> <span class='ocrx_word' id='word_1_104' title='bbox 1464 1445 1824 1502; x_wconf 88' lang='lat' dir='ltr'><strong>Tertullianus</strong></span> <span class='ocrx_word' id='word_1_105' title='bbox 1850 1446 2021 1502; x_wconf 87' lang='lat' dir='ltr'><strong>factus</strong></span> 
     </span>
    </p>
   </div>
   <div class='ocr_carea' id='block_1_15' title="bbox 422 1534 2023 1609">
    <p class='ocr_par' dir='ltr' id='par_1_15' title="bbox 422 1534 2023 1609">
     <span class='ocr_line' id='line_1_15' title="bbox 422 1534 2023 1609; baseline 0.003 -20"><span class='ocrx_word' id='word_1_106' title='bbox 422 1534 741 1601; x_wconf 66' lang='lat' dir='ltr'><strong>haereticus,</strong></span> <span class='ocrx_word' id='word_1_107' title='bbox 776 1536 899 1605; x_wconf 85' lang='lat' dir='ltr'><strong>quia</strong></span> <span class='ocrx_word' id='word_1_108' title='bbox 930 1536 1195 1592; x_wconf 86' lang='lat' dir='ltr'><strong>transiens</strong></span> <span class='ocrx_word' id='word_1_109' title='bbox 1220 1537 1287 1591; x_wconf 89' lang='lat' dir='ltr'><strong>ad</strong></span> <span class='ocrx_word' id='word_1_110' title='bbox 1318 1535 1706 1609; x_wconf 80' lang='lat' dir='ltr'><strong>Catapbrygas,</strong></span> <span class='ocrx_word' id='word_1_111' title='bbox 1736 1553 1872 1608; x_wconf 90' lang='lat' dir='ltr'><strong>quos</strong></span> <span class='ocrx_word' id='word_1_112' title='bbox 1898 1548 2023 1594; x_wconf 89' lang='lat' dir='ltr'><strong>ante</strong></span> 
     </span>
    </p>
   </div>
   <div class='ocr_carea' id='block_1_16' title="bbox 422 1628 2023 1701">
    <p class='ocr_par' dir='ltr' id='par_1_16' title="bbox 422 1628 2023 1701">
     <span class='ocr_line' id='line_1_16' title="bbox 422 1628 2023 1701; baseline 0.001 -16"><span class='ocrx_word' id='word_1_113' title='bbox 422 1628 798 1692; x_wconf 79' lang='lat' dir='ltr'><strong>destruxerat,</strong></span> <span class='ocrx_word' id='word_1_114' title='bbox 856 1629 1019 1699; x_wconf 66' lang='lat' dir='ltr'><strong>coepit</strong></span> <span class='ocrx_word' id='word_1_115' title='bbox 1060 1628 1225 1683; x_wconf 87' lang='lat' dir='ltr'><strong>etiam</strong></span> <span class='ocrx_word' id='word_1_116' title='bbox 1275 1629 1523 1685; x_wconf 86' lang='lat' dir='ltr'><strong>secundas</strong></span> <span class='ocrx_word' id='word_1_117' title='bbox 1577 1631 1784 1701; x_wconf 75' lang='lat' dir='ltr'><strong>nuptias</strong></span> <span class='ocrx_word' id='word_1_118' title='bbox 1836 1641 2023 1687; x_wconf 89' lang='lat' dir='ltr'><strong>contra</strong></span> 
     </span>
    </p>
   </div>
   <div class='ocr_carea' id='block_1_17' title="bbox 421 1720 1939 1809">
    <p class='ocr_par' dir='ltr' id='par_1_17' title="bbox 421 1720 1939 1809">
     <span class='ocr_line' id='line_1_17' title="bbox 421 1720 1939 1809; baseline 0.002 -34"><span class='ocrx_word' id='word_1_119' title='bbox 421 1720 775 1789; x_wconf 68' lang='lat' dir='ltr'><strong>apostolicam</strong></span> <span class='ocrx_word' id='word_1_120' title='bbox 802 1720 1111 1777; x_wconf 80' lang='lat' dir='ltr'><strong>doctrinam</strong></span> <span class='ocrx_word' id='word_1_121' title='bbox 1136 1730 1379 1791; x_wconf 84' lang='lat' dir='ltr'><strong>tanquam</strong></span> <span class='ocrx_word' id='word_1_122' title='bbox 1403 1730 1580 1809; x_wconf 75' lang='lat' dir='ltr'><strong>stupra</strong></span> <span class='ocrx_word' id='word_1_123' title='bbox 1602 1722 1881 1779; x_wconf 86' lang='lat' dir='ltr'><strong>damnare.</strong></span> <span class='ocrx_word' id='word_1_124' title='bbox 1935 1732 1939 1735; x_wconf 71' lang='lat'>‘</span> 
     </span>
    </p>
   </div>
   <div class='ocr_carea' id='block_1_18' title="bbox 424 1793 2107 1903">
    <p class='ocr_par' dir='ltr' id='par_1_18' title="bbox 424 1793 2107 1903">
     <span class='ocr_line' id='line_1_18' title="bbox 424 1793 2107 1903; baseline 0.001 -14"><span class='ocrx_word' id='word_1_125' title='bbox 424 1833 517 1889; x_wconf 79' lang='grc'><strong>26.</strong></span> <span class='ocrx_word' id='word_1_126' title='bbox 552 1834 628 1889; x_wconf 85' lang='lat' dir='ltr'><strong>De</strong></span> <span class='ocrx_word' id='word_1_127' title='bbox 655 1833 930 1889; x_wconf 86' lang='lat' dir='ltr'><strong>Paracleto</strong></span> <span class='ocrx_word' id='word_1_128' title='bbox 971 1833 1245 1903; x_wconf 77' lang='lat' dir='ltr'><strong>Montano.</strong></span> <span class='ocrx_word' id='word_1_129' title='bbox 1282 1832 1433 1889; x_wconf 86' lang='lat' dir='ltr'><strong>Tom.</strong></span> <span class='ocrx_word' id='word_1_130' title='bbox 1479 1800 1540 1890; x_wconf 34' lang='grc'><strong>11..</strong></span> <span class='ocrx_word' id='word_1_131' title='bbox 1569 1833 1683 1891; x_wconf 89' lang='lat' dir='ltr'><strong>Lib.</strong></span> <span class='ocrx_word' id='word_1_132' title='bbox 1731 1838 1794 1890; x_wconf 89' lang='lat' dir='ltr'><strong>de</strong></span> <span class='ocrx_word' id='word_1_133' title='bbox 1821 1836 2022 1891; x_wconf 84' lang='lat' dir='ltr'><strong>veland.</strong></span> <span class='ocrx_word' id='word_1_134' title='bbox 2056 1793 2107 1852; x_wconf 78' lang='grc' dir='ltr'>Β</span> 
     </span>
    </p>
   </div>
   <div class='ocr_carea' id='block_1_19' title="bbox 505 1922 2022 1998">
    <p class='ocr_par' dir='ltr' id='par_1_19' title="bbox 505 1922 2022 1998">
     <span class='ocr_line' id='line_1_19' title="bbox 505 1922 2022 1998; baseline 0.004 -17"><span class='ocrx_word' id='word_1_135' title='bbox 505 1928 644 1998; x_wconf 67' lang='lat' dir='ltr'><strong>Virg.</strong></span> <span class='ocrx_word' id='word_1_136' title='bbox 678 1943 793 1998; x_wconf 85' lang='lat' dir='ltr'><strong>cap.</strong></span> <span class='ocrx_word' id='word_1_137' title='bbox 826 1929 879 1984; x_wconf 91' lang='grc'><strong>1.</strong></span> <span class='ocrx_word' id='word_1_138' title='bbox 915 1944 1055 1982; x_wconf 83' lang='lat' dir='ltr'><strong>nam.</strong></span> <span class='ocrx_word' id='word_1_139' title='bbox 1082 1929 1133 1982; x_wconf 91' lang='lat'><strong>6.</strong></span> <span class='ocrx_word' id='word_1_140' title='bbox 1156 1922 1423 1983; x_wconf 65' lang='lat' dir='ltr'><strong>Tannlll.</strong></span> <span class='ocrx_word' id='word_1_141' title='bbox 1458 1931 1495 1985; x_wconf 88' lang='lat' dir='ltr'><strong>l.</strong></span> <span class='ocrx_word' id='word_1_142' title='bbox 1530 1928 1593 1985; x_wconf 87' lang='lat' dir='ltr'><strong>de</strong></span> <span class='ocrx_word' id='word_1_143' title='bbox 1618 1930 1822 1997; x_wconf 81' lang='lat' dir='ltr'><strong>Anima,</strong></span> <span class='ocrx_word' id='word_1_144' title='bbox 1852 1948 1897 1984; x_wconf 90' lang='lat' dir='ltr'><strong>c.</strong></span> <span class='ocrx_word' id='word_1_145' title='bbox 1931 1930 2022 1987; x_wconf 83' lang='grc'><strong>51.</strong></span> 
     </span>
    </p>
   </div>
   <div class='ocr_carea' id='block_1_20' title="bbox 493 2019 2021 2077">
    <p class='ocr_par' dir='ltr' id='par_1_20' title="bbox 493 2019 2021 2077">
     <span class='ocr_line' id='line_1_20' title="bbox 493 2019 2021 2077; baseline 0.002 -4"><span class='ocrx_word' id='word_1_146' title='bbox 493 2035 635 2075; x_wconf 89' lang='lat' dir='ltr'><strong>num.</strong></span> <span class='ocrx_word' id='word_1_147' title='bbox 676 2019 801 2075; x_wconf 72' lang='lat' dir='ltr'><strong>ora.</strong></span> <span class='ocrx_word' id='word_1_148' title='bbox 832 2037 895 2073; x_wconf 87' lang='lat' dir='ltr'><strong>ac</strong></span> <span class='ocrx_word' id='word_1_149' title='bbox 923 2019 1013 2076; x_wconf 79' lang='lat'><strong>58.</strong></span> <span class='ocrx_word' id='word_1_150' title='bbox 1042 2036 1181 2074; x_wconf 90' lang='lat' dir='ltr'><strong>num.</strong></span> <span class='ocrx_word' id='word_1_151' title='bbox 1213 2020 1336 2077; x_wconf 82' lang='grc'><strong>652.</strong></span> <span class='ocrx_word' id='word_1_152' title='bbox 1366 2020 1480 2074; x_wconf 93' lang='lat' dir='ltr'><strong>Lib.</strong></span> <span class='ocrx_word' id='word_1_153' title='bbox 1514 2021 1577 2075; x_wconf 89' lang='lat' dir='ltr'><strong>de</strong></span> <span class='ocrx_word' id='word_1_154' title='bbox 1616 2020 1831 2077; x_wconf 86' lang='lat' dir='ltr'><strong>Resurr.</strong></span> <span class='ocrx_word' id='word_1_155' title='bbox 1878 2038 2021 2076; x_wconf 84' lang='lat' dir='ltr'><strong>earn.</strong></span> 
     </span>
    </p>
   </div>
   <div class='ocr_carea' id='block_1_21' title="bbox 493 2112 2023 2184">
    <p class='ocr_par' dir='ltr' id='par_1_21' title="bbox 493 2112 2023 2184">
     <span class='ocr_line' id='line_1_21' title="bbox 493 2112 2023 2184; baseline 0.001 -18"><span class='ocrx_word' id='word_1_156' title='bbox 493 2129 608 2184; x_wconf 88' lang='lat' dir='ltr'><strong>cap.</strong></span> <span class='ocrx_word' id='word_1_157' title='bbox 635 2113 722 2168; x_wconf 91' lang='grc'><strong>11.</strong></span> <span class='ocrx_word' id='word_1_158' title='bbox 752 2128 895 2167; x_wconf 83' lang='lat' dir='ltr'><strong>num.</strong></span> <span class='ocrx_word' id='word_1_159' title='bbox 926 2113 1017 2168; x_wconf 86' lang='lat'><strong>98.</strong></span> <span class='ocrx_word' id='word_1_160' title='bbox 1047 2122 1095 2166; x_wconf 88' lang='lat' dir='ltr'><strong>et</strong></span> <span class='ocrx_word' id='word_1_161' title='bbox 1123 2128 1237 2182; x_wconf 80' lang='lat' dir='ltr'><strong>cap.</strong></span> <span class='ocrx_word' id='word_1_162' title='bbox 1268 2113 1362 2167; x_wconf 87' lang='lat' dir='ltr'><strong>ult.</strong></span> <span class='ocrx_word' id='word_1_163' title='bbox 1400 2128 1544 2167; x_wconf 84' lang='lat' dir='ltr'><strong>nunt.</strong></span> <span class='ocrx_word' id='word_1_164' title='bbox 1569 2112 1665 2168; x_wconf 89' lang='lat' dir='ltr'><strong>ult.</strong></span> <span class='ocrx_word' id='word_1_165' title='bbox 1689 2113 1817 2169; x_wconf 78' lang='lat' dir='ltr'><strong>Adv.</strong></span> <span class='ocrx_word' id='word_1_166' title='bbox 1856 2112 2023 2168; x_wconf 79' lang='lat' dir='ltr'><strong>Marc.</strong></span> 
     </span>
    </p>
   </div>
   <div class='ocr_carea' id='block_1_22' title="bbox 496 2204 2025 2277">
    <p class='ocr_par' dir='ltr' id='par_1_22' title="bbox 496 2204 2025 2277">
     <span class='ocr_line' id='line_1_22' title="bbox 496 2204 2025 2277; baseline 0.002 -18"><span class='ocrx_word' id='word_1_167' title='bbox 496 2206 583 2260; x_wconf 87' lang='lat' dir='ltr'><strong>lib.</strong></span> <span class='ocrx_word' id='word_1_168' title='bbox 615 2206 655 2261; x_wconf 93' lang='lat' dir='ltr'><strong>I.</strong></span> <span class='ocrx_word' id='word_1_169' title='bbox 694 2222 811 2277; x_wconf 88' lang='lat' dir='ltr'><strong>cap.</strong></span> <span class='ocrx_word' id='word_1_170' title='bbox 842 2206 936 2261; x_wconf 74' lang='lat'><strong>29.</strong></span> <span class='ocrx_word' id='word_1_171' title='bbox 964 2222 1107 2260; x_wconf 84' lang='lat' dir='ltr'><strong>nunt.</strong></span> <span class='ocrx_word' id='word_1_172' title='bbox 1137 2205 1264 2261; x_wconf 79' lang='grc'><strong>205.</strong></span> <span class='ocrx_word' id='word_1_173' title='bbox 1296 2221 1355 2259; x_wconf 90' lang='lat' dir='ltr'><strong>ac</strong></span> <span class='ocrx_word' id='word_1_174' title='bbox 1381 2205 1470 2261; x_wconf 91' lang='lat' dir='ltr'><strong>lib.</strong></span> <span class='ocrx_word' id='word_1_175' title='bbox 1502 2204 1568 2259; x_wconf 69' lang='grc' dir='ltr'><strong>ν.</strong></span> <span class='ocrx_word' id='word_1_176' title='bbox 1595 2221 1708 2276; x_wconf 87' lang='lat' dir='ltr'><strong>cap.</strong></span> <span class='ocrx_word' id='word_1_177' title='bbox 1750 2206 1837 2263; x_wconf 81' lang='grc'><strong>15.</strong></span> <span class='ocrx_word' id='word_1_178' title='bbox 1881 2223 2025 2262; x_wconf 86' lang='lat' dir='ltr'><strong>nunt.</strong></span> 
     </span>
    </p>
   </div>
   <div class='ocr_carea' id='block_1_23' title="bbox 494 2295 2024 2369">
    <p class='ocr_par' dir='ltr' id='par_1_23' title="bbox 494 2295 2024 2369">
     <span class='ocr_line' id='line_1_23' title="bbox 494 2295 2024 2369; baseline 0.003 -19"><span class='ocrx_word' id='word_1_179' title='bbox 494 2296 622 2353; x_wconf 73' lang='grc'><strong>247.</strong></span> <span class='ocrx_word' id='word_1_180' title='bbox 671 2308 717 2352; x_wconf 87' lang='lat' dir='ltr'><strong>et</strong></span> <span class='ocrx_word' id='word_1_181' title='bbox 758 2298 844 2353; x_wconf 88' lang='lat' dir='ltr'><strong>lib.</strong></span> <span class='ocrx_word' id='word_1_182' title='bbox 881 2298 1000 2352; x_wconf 83' lang='lat' dir='ltr'><strong>adu.</strong></span> <span class='ocrx_word' id='word_1_183' title='bbox 1044 2295 1210 2352; x_wconf 74' lang='lat' dir='ltr'><strong>Prax.</strong></span> <span class='ocrx_word' id='word_1_184' title='bbox 1263 2313 1380 2366; x_wconf 86' lang='lat' dir='ltr'><strong>cap.</strong></span> <span class='ocrx_word' id='word_1_185' title='bbox 1412 2299 1464 2353; x_wconf 84' lang='grc'><strong>1.</strong></span> <span class='ocrx_word' id='word_1_186' title='bbox 1514 2313 1654 2353; x_wconf 77' lang='lat' dir='ltr'><strong>num.</strong></span> <span class='ocrx_word' id='word_1_187' title='bbox 1685 2298 1775 2353; x_wconf 89' lang='grc'><strong>11.</strong></span> <span class='ocrx_word' id='word_1_188' title='bbox 1811 2314 1926 2369; x_wconf 86' lang='lat' dir='ltr'><strong>cap.</strong></span> <span class='ocrx_word' id='word_1_189' title='bbox 1970 2298 2024 2354; x_wconf 79' lang='grc'><strong>2.</strong></span> 
     </span>
    </p>
   </div>
   <div class='ocr_carea' id='block_1_24' title="bbox 500 2390 2026 2462">
    <p class='ocr_par' dir='ltr' id='par_1_24' title="bbox 500 2390 2026 2462">
     <span class='ocr_line' id='line_1_24' title="bbox 500 2390 2026 2462; baseline 0.003 -18"><span class='ocrx_word' id='word_1_190' title='bbox 500 2406 642 2444; x_wconf 87' lang='lat' dir='ltr'><strong>num.</strong></span> <span class='ocrx_word' id='word_1_191' title='bbox 671 2390 764 2445; x_wconf 84' lang='grc'><strong>22.</strong></span> <span class='ocrx_word' id='word_1_192' title='bbox 796 2408 910 2462; x_wconf 88' lang='lat' dir='ltr'><strong>cap.</strong></span> <span class='ocrx_word' id='word_1_193' title='bbox 945 2390 1001 2447; x_wconf 87' lang='lat'><strong>8.</strong></span> <span class='ocrx_word' id='word_1_194' title='bbox 1031 2407 1172 2446; x_wconf 86' lang='lat' dir='ltr'><strong>num.</strong></span> <span class='ocrx_word' id='word_1_195' title='bbox 1201 2390 1291 2446; x_wconf 86' lang='lat'><strong>59.</strong></span> <span class='ocrx_word' id='word_1_196' title='bbox 1318 2407 1435 2461; x_wconf 89' lang='lat' dir='ltr'><strong>cap.</strong></span> <span class='ocrx_word' id='word_1_197' title='bbox 1465 2392 1553 2447; x_wconf 76' lang='grc'><strong>15.</strong></span> <span class='ocrx_word' id='word_1_198' title='bbox 1579 2408 1633 2445; x_wconf 76' lang='lat' dir='ltr'><strong>n.</strong></span> <span class='ocrx_word' id='word_1_199' title='bbox 1669 2390 1759 2448; x_wconf 88' lang='grc'><strong>78.</strong></span> <span class='ocrx_word' id='word_1_200' title='bbox 1779 2390 1928 2447; x_wconf 84' lang='lat' dir='ltr'><strong>Tant.</strong></span> <span class='ocrx_word' id='word_1_201' title='bbox 1960 2392 2026 2448; x_wconf 74' lang='grc' dir='ltr'><strong>ν.</strong></span> 
     </span>
    </p>
   </div>
   <div class='ocr_carea' id='block_1_25' title="bbox 500 2478 2033 2552">
    <p class='ocr_par' dir='ltr' id='par_1_25' title="bbox 500 2478 2033 2552">
     <span class='ocr_line' id='line_1_25' title="bbox 500 2478 2033 2552; baseline 0.003 -19"><span class='ocrx_word' id='word_1_202' title='bbox 500 2481 586 2537; x_wconf 87' lang='lat' dir='ltr'><strong>lib.</strong></span> <span class='ocrx_word' id='word_1_203' title='bbox 615 2482 678 2537; x_wconf 90' lang='lat' dir='ltr'><strong>de</strong></span> <span class='ocrx_word' id='word_1_204' title='bbox 713 2478 1044 2552; x_wconf 78' lang='lat' dir='ltr'><strong>Monogamia</strong></span> <span class='ocrx_word' id='word_1_205' title='bbox 1062 2522 1078 2547; x_wconf 94' lang='lat'><strong>,</strong></span> <span class='ocrx_word' id='word_1_206' title='bbox 1104 2497 1223 2552; x_wconf 86' lang='lat' dir='ltr'><strong>cap.</strong></span> <span class='ocrx_word' id='word_1_207' title='bbox 1249 2483 1306 2536; x_wconf 75' lang='grc'><strong>2.</strong></span> <span class='ocrx_word' id='word_1_208' title='bbox 1334 2482 1533 2552; x_wconf 79' lang='lat' dir='ltr'><strong>integro</strong></span> <span class='ocrx_word' id='word_1_209' title='bbox 1551 2523 1567 2548; x_wconf 93' lang='lat'><strong>,</strong></span> <span class='ocrx_word' id='word_1_210' title='bbox 1594 2491 1641 2536; x_wconf 88' lang='lat' dir='ltr'><strong>et</strong></span> <span class='ocrx_word' id='word_1_211' title='bbox 1660 2498 1764 2537; x_wconf 87' lang='lat' dir='ltr'><strong>non</strong></span> <span class='ocrx_word' id='word_1_212' title='bbox 1790 2483 1945 2538; x_wconf 90' lang='lat' dir='ltr'><strong>semel</strong></span> <span class='ocrx_word' id='word_1_213' title='bbox 1978 2484 2033 2538; x_wconf 88' lang='lat' dir='ltr'><strong>in</strong></span> 
     </span>
    </p>
   </div>
   <div class='ocr_carea' id='block_1_26' title="bbox 497 2573 2033 2649">
    <p class='ocr_par' dir='ltr' id='par_1_26' title="bbox 497 2573 2033 2649">
     <span class='ocr_line' id='line_1_26' title="bbox 497 2573 2033 2649; baseline 0.001 -21"><span class='ocrx_word' id='word_1_214' title='bbox 497 2575 614 2629; x_wconf 85' lang='lat' dir='ltr'><strong>aliis</strong></span> <span class='ocrx_word' id='word_1_215' title='bbox 642 2574 783 2629; x_wconf 87' lang='lat' dir='ltr'><strong>libris</strong></span> <span class='ocrx_word' id='word_1_216' title='bbox 818 2590 960 2645; x_wconf 84' lang='lat' dir='ltr'><strong>sequ.</strong></span> <span class='ocrx_word' id='word_1_217' title='bbox 993 2574 1057 2630; x_wconf 88' lang='lat' dir='ltr'><strong>de</strong></span> <span class='ocrx_word' id='word_1_218' title='bbox 1089 2573 1239 2646; x_wconf 84' lang='lat' dir='ltr'><strong>Fuga</strong></span> <span class='ocrx_word' id='word_1_219' title='bbox 1266 2575 1321 2630; x_wconf 80' lang='lat' dir='ltr'><strong>iis</strong></span> <span class='ocrx_word' id='word_1_220' title='bbox 1369 2575 1741 2644; x_wconf 77' lang='lat' dir='ltr'><strong>persecutione,</strong></span> <span class='ocrx_word' id='word_1_221' title='bbox 1780 2576 1845 2633; x_wconf 84' lang='lat' dir='ltr'><strong>de</strong></span> <span class='ocrx_word' id='word_1_222' title='bbox 1883 2576 2033 2649; x_wconf 76' lang='lat' dir='ltr'><strong>Jeju-</strong></span> 
     </span>
    </p>
   </div>
   <div class='ocr_carea' id='block_1_27' title="bbox 498 2658 1829 2722">
    <p class='ocr_par' dir='ltr' id='par_1_27' title="bbox 498 2658 1829 2722">
     <span class='ocr_line' id='line_1_27' title="bbox 498 2658 1829 2722; baseline 0.009 -5"><span class='ocrx_word' id='word_1_223' title='bbox 498 2666 598 2720; x_wconf 86' lang='lat' dir='ltr'><strong>niis</strong></span> <span class='ocrx_word' id='word_1_224' title='bbox 625 2676 674 2721; x_wconf 86' lang='lat' dir='ltr'><strong>et</strong></span> <span class='ocrx_word' id='word_1_225' title='bbox 702 2666 984 2722; x_wconf 84' lang='lat' dir='ltr'><strong>Pudicitia.</strong></span> <span class='ocrx_word' id='word_1_226' title='bbox 1816 2658 1829 2669; x_wconf 85' lang='lat'><strong>&#39;</strong></span> 
     </span>
    </p>
   </div>
   <div class='ocr_carea' id='block_1_28' title="bbox 497 2779 2028 2850">
    <p class='ocr_par' dir='ltr' id='par_1_28' title="bbox 497 2779 2028 2850">
     <span class='ocr_line' id='line_1_28' title="bbox 497 2779 2028 2850; baseline 0 -14"><span class='ocrx_word' id='word_1_227' title='bbox 497 2780 769 2836; x_wconf 83' lang='lat' dir='ltr'><strong>Adversus</strong></span> <span class='ocrx_word' id='word_1_228' title='bbox 794 2780 945 2835; x_wconf 79' lang='lat' dir='ltr'><strong>hanc</strong></span> <span class='ocrx_word' id='word_1_229' title='bbox 968 2779 1219 2836; x_wconf 71' lang='lat' dir='ltr'><strong>haeresim</strong></span> <span class='ocrx_word' id='word_1_230' title='bbox 1240 2780 1398 2850; x_wconf 75' lang='lat' dir='ltr'><strong>longe</strong></span> <span class='ocrx_word' id='word_1_231' title='bbox 1422 2780 1863 2838; x_wconf 83' lang='lat' dir='ltr'><strong>absurdissimam</strong></span> <span class='ocrx_word' id='word_1_232' title='bbox 1914 2783 2028 2838; x_wconf 88' lang='lat' dir='ltr'><strong>suf-</strong></span> 
     </span>
    </p>
   </div>
   <div class='ocr_carea' id='block_1_29' title="bbox 429 2859 2027 2944">
    <p class='ocr_par' dir='ltr' id='par_1_29' title="bbox 429 2859 2027 2944">
     <span class='ocr_line' id='line_1_29' title="bbox 429 2859 2027 2944; baseline 0.001 -16"><span class='ocrx_word' id='word_1_233' title='bbox 429 2876 594 2930; x_wconf 82' lang='lat' dir='ltr'><strong>liccre</strong></span> <span class='ocrx_word' id='word_1_234' title='bbox 620 2881 849 2944; x_wconf 79' lang='lat' dir='ltr'><strong>possunt</strong></span> <span class='ocrx_word' id='word_1_235' title='bbox 873 2873 988 2943; x_wconf 82' lang='lat' dir='ltr'><strong>ipsa</strong></span> <span class='ocrx_word' id='word_1_236' title='bbox 1026 2872 1339 2929; x_wconf 78' lang='lat' dir='ltr'><strong>Tertulliani</strong></span> <span class='ocrx_word' id='word_1_237' title='bbox 1379 2875 1545 2930; x_wconf 81' lang='lat' dir='ltr'><strong>verba</strong></span> <span class='ocrx_word' id='word_1_238' title='bbox 1574 2859 1701 2930; x_wconf 54' lang='lat' dir='ltr'><strong>inte</strong></span> <span class='ocrx_word' id='word_1_239' title='bbox 1744 2875 1990 2931; x_wconf 66' lang='lat' dir='ltr'><strong>haeresim</strong></span> <span class='ocrx_word' id='word_1_240' title='bbox 2013 2916 2027 2941; x_wconf 87' lang='lat'><strong>,</strong></span> 
     </span>
    </p>
   </div>
   <div class='ocr_carea' id='block_1_30' title="bbox 428 2964 2027 3037">
    <p class='ocr_par' dir='ltr' id='par_1_30' title="bbox 428 2964 2027 3037">
     <span class='ocr_line' id='line_1_30' title="bbox 428 2964 2027 3037; baseline -0.003 -10"><span class='ocrx_word' id='word_1_241' title='bbox 428 2966 467 3027; x_wconf 90' lang='lat'><strong>1.</strong></span> <span class='ocrx_word' id='word_1_242' title='bbox 517 2965 586 3022; x_wconf 90' lang='lat' dir='ltr'><strong>de</strong></span> <span class='ocrx_word' id='word_1_243' title='bbox 638 2966 944 3037; x_wconf 67' lang='lat' dir='ltr'><strong>Prmscript.</strong></span> <span class='ocrx_word' id='word_1_244' title='bbox 991 2964 1114 3021; x_wconf 86' lang='lat' dir='ltr'><strong>adv.</strong></span> <span class='ocrx_word' id='word_1_245' title='bbox 1148 2966 1336 3022; x_wconf 64' lang='lat' dir='ltr'><strong>haeret.</strong></span> <span class='ocrx_word' id='word_1_246' title='bbox 1390 2980 1510 3037; x_wconf 84' lang='lat' dir='ltr'><strong>cap.</strong></span> <span class='ocrx_word' id='word_1_247' title='bbox 1552 2967 1643 3023; x_wconf 76' lang='lat'><strong>52.</strong></span> <span class='ocrx_word' id='word_1_248' title='bbox 1699 2967 1890 3023; x_wconf 75' lang='lat' dir='ltr'><strong>haeresi</strong></span> <span class='ocrx_word' id='word_1_249' title='bbox 1938 2968 2027 3023; x_wconf 84' lang='grc'><strong>21.</strong></span> 
     </span>
    </p>
   </div>
   <div class='ocr_carea' id='block_1_31' title="bbox 431 3057 2029 3132">
    <p class='ocr_par' dir='ltr' id='par_1_31' title="bbox 431 3057 2029 3132">
     <span class='ocr_line' id='line_1_31' title="bbox 431 3057 2029 3132; baseline 0 -18"><span class='ocrx_word' id='word_1_250' title='bbox 431 3074 490 3114; x_wconf 86' lang='lat' dir='ltr'><strong>n.</strong></span> <span class='ocrx_word' id='word_1_251' title='bbox 519 3059 644 3115; x_wconf 80' lang='grc'><strong>527.</strong></span> <span class='ocrx_word' id='word_1_252' title='bbox 688 3058 776 3114; x_wconf 92' lang='lat' dir='ltr'><strong>ubi</strong></span> <span class='ocrx_word' id='word_1_253' title='bbox 816 3059 1182 3129; x_wconf 72' lang='lat' dir='ltr'><strong>blasphemiam</strong></span> <span class='ocrx_word' id='word_1_254' title='bbox 1222 3059 1491 3131; x_wconf 63' lang='lat' dir='ltr'><strong>appellat;</strong></span> <span class='ocrx_word' id='word_1_255' title='bbox 1527 3057 1700 3115; x_wconf 68' lang='lat' dir='ltr'><strong>eorum</strong></span> <span class='ocrx_word' id='word_1_256' title='bbox 1747 3064 1833 3132; x_wconf 86' lang='lat' dir='ltr'><strong>qui</strong></span> <span class='ocrx_word' id='word_1_257' title='bbox 1873 3060 2029 3117; x_wconf 85' lang='lat' dir='ltr'><strong>Cata-</strong></span> 
     </span>
    </p>
   </div>
   <div class='ocr_carea' id='block_1_32' title="bbox 2118 521 3716 603">
    <p class='ocr_par' dir='ltr' id='par_1_32' title="bbox 2118 521 3716 603">
     <span class='ocr_line' id='line_1_32' title="bbox 2118 521 3716 603; baseline 0.008 -28"><span class='ocrx_word' id='word_1_258' title='bbox 2118 521 2320 578; x_wconf 72' lang='lat' dir='ltr'><strong>tatores</strong></span> <span class='ocrx_word' id='word_1_259' title='bbox 2347 521 2711 597; x_wconf 74' lang='lat' dir='ltr'><strong>Cataphryges</strong></span> <span class='ocrx_word' id='word_1_260' title='bbox 2755 526 2874 599; x_wconf 85' lang='lat' dir='ltr'><strong>(vel</strong></span> <span class='ocrx_word' id='word_1_261' title='bbox 2917 528 2975 584; x_wconf 88' lang='grc' dir='ltr'><strong>Β.</strong></span> <span class='ocrx_word' id='word_1_262' title='bbox 3016 527 3345 601; x_wconf 84' lang='lat' dir='ltr'><strong>Hieronymo</strong></span> <span class='ocrx_word' id='word_1_263' title='bbox 3376 538 3513 587; x_wconf 84' lang='lat' dir='ltr'><strong>teste</strong></span> <span class='ocrx_word' id='word_1_264' title='bbox 3546 532 3716 603; x_wconf 86' lang='lat' dir='ltr'><strong>Epist.</strong></span> 
     </span>
    </p>
   </div>
   <div class='ocr_carea' id='block_1_33' title="bbox 2120 616 3719 691">
    <p class='ocr_par' dir='ltr' id='par_1_33' title="bbox 2120 616 3719 691">
     <span class='ocr_line' id='line_1_33' title="bbox 2120 616 3719 691; baseline 0.008 -24"><span class='ocrx_word' id='word_1_265' title='bbox 2120 627 2227 668; x_wconf 90' lang='lat' dir='ltr'><strong>non</strong></span> <span class='ocrx_word' id='word_1_266' title='bbox 2254 616 2418 671; x_wconf 87' lang='lat' dir='ltr'><strong>semel</strong></span> <span class='ocrx_word' id='word_1_267' title='bbox 2446 617 2606 679; x_wconf 80' lang='lat' dir='ltr'><strong>citata</strong></span> <span class='ocrx_word' id='word_1_268' title='bbox 2637 618 2702 673; x_wconf 83' lang='lat' dir='ltr'><strong>ad</strong></span> <span class='ocrx_word' id='word_1_269' title='bbox 2733 618 3035 676; x_wconf 78' lang='lat' dir='ltr'><strong>Marcellam</strong></span> <span class='ocrx_word' id='word_1_270' title='bbox 3056 662 3070 686; x_wconf 91' lang='lat'><strong>,</strong></span> <span class='ocrx_word' id='word_1_271' title='bbox 3101 630 3154 677; x_wconf 91' lang='lat' dir='ltr'><strong>et</strong></span> <span class='ocrx_word' id='word_1_272' title='bbox 3168 620 3233 691; x_wconf 68' lang='grc'><strong>⁸8.</strong></span> <span class='ocrx_word' id='word_1_273' title='bbox 3268 623 3501 679; x_wconf 83' lang='lat' dir='ltr'><strong>Paciano</strong></span> <span class='ocrx_word' id='word_1_274' title='bbox 3538 621 3719 679; x_wconf 87' lang='lat' dir='ltr'><strong>Tract.</strong></span> 
     </span>
    </p>
   </div>
   <div class='ocr_carea' id='block_1_34' title="bbox 2121 704 3723 783">
    <p class='ocr_par' dir='ltr' id='par_1_34' title="bbox 2121 704 3723 783">
     <span class='ocr_line' id='line_1_34' title="bbox 2121 704 3723 783; baseline 0.009 -25"><span class='ocrx_word' id='word_1_275' title='bbox 2121 704 2379 762; x_wconf 85' lang='lat' dir='ltr'><strong>adversus</strong></span> <span class='ocrx_word' id='word_1_276' title='bbox 2404 707 2779 783; x_wconf 83' lang='lat' dir='ltr'><strong>Novatianoa),</strong></span> <span class='ocrx_word' id='word_1_277' title='bbox 2814 712 2869 767; x_wconf 90' lang='lat' dir='ltr'><strong>in</strong></span> <span class='ocrx_word' id='word_1_278' title='bbox 2895 711 3000 769; x_wconf 88' lang='lat' dir='ltr'><strong>hoc</strong></span> <span class='ocrx_word' id='word_1_279' title='bbox 3040 712 3198 770; x_wconf 87' lang='lat' dir='ltr'><strong>abiis</strong></span> <span class='ocrx_word' id='word_1_280' title='bbox 3238 711 3723 772; x_wconf 58' lang='lat' dir='ltr'><strong>dissentitTertul.</strong></span> 
     </span>
    </p>
   </div>
   <div class='ocr_carea' id='block_1_35' title="bbox 2123 799 3720 879">
    <p class='ocr_par' dir='ltr' id='par_1_35' title="bbox 2123 799 3720 879">
     <span class='ocr_line' id='line_1_35' title="bbox 2123 799 3720 879; baseline 0.008 -26"><span class='ocrx_word' id='word_1_281' title='bbox 2123 799 2325 867; x_wconf 85' lang='lat' dir='ltr'><strong>lianus,</strong></span> <span class='ocrx_word' id='word_1_282' title='bbox 2370 804 2512 872; x_wconf 89' lang='lat' dir='ltr'><strong>quod</strong></span> <span class='ocrx_word' id='word_1_283' title='bbox 2553 804 2695 873; x_wconf 53' lang='lat' dir='ltr'><strong>soli;</strong></span> <span class='ocrx_word' id='word_1_284' title='bbox 2734 806 2940 860; x_wconf 67' lang='lat' dir='ltr'><strong>moechis</strong></span> <span class='ocrx_word' id='word_1_285' title='bbox 2986 821 3104 861; x_wconf 92' lang='lat' dir='ltr'><strong>eam</strong></span> <span class='ocrx_word' id='word_1_286' title='bbox 3132 809 3415 879; x_wconf 81' lang='lat' dir='ltr'><strong>negandum</strong></span> <span class='ocrx_word' id='word_1_287' title='bbox 3462 810 3720 877; x_wconf 83' lang='lat' dir='ltr'><strong>senserit,</strong></span> 
     </span>
    </p>
   </div>
   <div class='ocr_carea' id='block_1_36' title="bbox 2124 892 3726 974">
    <p class='ocr_par' dir='ltr' id='par_1_36' title="bbox 2124 892 3726 974">
     <span class='ocr_line' id='line_1_36' title="bbox 2124 892 3726 974; baseline 0.007 -27"><span class='ocrx_word' id='word_1_288' title='bbox 2124 892 2370 950; x_wconf 80' lang='lat' dir='ltr'><strong>fortassis</strong></span> <span class='ocrx_word' id='word_1_289' title='bbox 2392 896 2618 965; x_wconf 88' lang='lat' dir='ltr'><strong>primum</strong></span> <span class='ocrx_word' id='word_1_290' title='bbox 2642 899 2902 954; x_wconf 86' lang='lat' dir='ltr'><strong>seductus</strong></span> <span class='ocrx_word' id='word_1_291' title='bbox 2925 900 2993 955; x_wconf 90' lang='lat' dir='ltr'><strong>ab</strong></span> <span class='ocrx_word' id='word_1_292' title='bbox 3017 900 3121 964; x_wconf 87' lang='lat' dir='ltr'><strong>illis</strong></span> <span class='ocrx_word' id='word_1_293' title='bbox 3162 914 3275 956; x_wconf 72' lang='lat' dir='ltr'><strong>smn</strong></span> <span class='ocrx_word' id='word_1_294' title='bbox 3309 902 3483 958; x_wconf 82' lang='lat' dir='ltr'><strong>aetatis</strong></span> <span class='ocrx_word' id='word_1_295' title='bbox 3504 902 3726 974; x_wconf 89' lang='lat' dir='ltr'><strong>Episco-</strong></span> 
     </span>
    </p>
   </div>
   <div class='ocr_carea' id='block_1_37' title="bbox 2124 984 3724 1064">
    <p class='ocr_par' dir='ltr' id='par_1_37' title="bbox 2124 984 3724 1064">
     <span class='ocr_line' id='line_1_37' title="bbox 2124 984 3724 1064; baseline 0.008 -27"><span class='ocrx_word' id='word_1_296' title='bbox 2124 984 2227 1054; x_wconf 86' lang='lat' dir='ltr'><strong>pis,</strong></span> <span class='ocrx_word' id='word_1_297' title='bbox 2258 986 2369 1056; x_wconf 89' lang='lat' dir='ltr'><strong>qui,</strong></span> <span class='ocrx_word' id='word_1_298' title='bbox 2402 987 2455 1043; x_wconf 88' lang='lat' dir='ltr'><strong>S.</strong></span> <span class='ocrx_word' id='word_1_299' title='bbox 2490 988 2758 1061; x_wconf 87' lang='lat' dir='ltr'><strong>Cypriano</strong></span> <span class='ocrx_word' id='word_1_300' title='bbox 2804 1000 2939 1046; x_wconf 86' lang='lat' dir='ltr'><strong>tcstc</strong></span> <span class='ocrx_word' id='word_1_301' title='bbox 2984 990 3079 1046; x_wconf 88' lang='lat' dir='ltr'><strong>lib.</strong></span> <span class='ocrx_word' id='word_1_302' title='bbox 3132 992 3203 1047; x_wconf 88' lang='lat' dir='ltr'><strong>de</strong></span> <span class='ocrx_word' id='word_1_303' title='bbox 3242 991 3463 1064; x_wconf 88' lang='lat' dir='ltr'><strong>Lapsis,</strong></span> <span class='ocrx_word' id='word_1_304' title='bbox 3492 992 3724 1050; x_wconf 85' lang='lat' dir='ltr'><strong>dandam</strong></span> 
     </span>
    </p>
   </div>
   <div class='ocr_carea' id='block_1_38' title="bbox 2124 1077 3726 1157">
    <p class='ocr_par' dir='ltr' id='par_1_38' title="bbox 2124 1077 3726 1157">
     <span class='ocr_line' id='line_1_38' title="bbox 2124 1077 3726 1157; baseline 0.007 -26"><span class='ocrx_word' id='word_1_305' title='bbox 2124 1077 2354 1133; x_wconf 74' lang='lat' dir='ltr'><strong>moechis</strong></span> <span class='ocrx_word' id='word_1_306' title='bbox 2401 1081 2774 1149; x_wconf 74' lang='lat' dir='ltr'><strong>paenitentiam</strong></span> <span class='ocrx_word' id='word_1_307' title='bbox 2821 1098 2927 1138; x_wconf 89' lang='lat' dir='ltr'><strong>non</strong></span> <span class='ocrx_word' id='word_1_308' title='bbox 2956 1093 3230 1154; x_wconf 80' lang='lat' dir='ltr'><strong>putarunt.</strong></span> <span class='ocrx_word' id='word_1_309' title='bbox 3264 1085 3461 1142; x_wconf 78' lang='lat' dir='ltr'><strong>Verum</strong></span> <span class='ocrx_word' id='word_1_310' title='bbox 3502 1097 3726 1157; x_wconf 71' lang='lat' dir='ltr'><strong>practer-</strong></span> 
     </span>
    </p>
   </div>
   <div class='ocr_carea' id='block_1_39' title="bbox 2126 1172 3725 1245">
    <p class='ocr_par' dir='ltr' id='par_1_39' title="bbox 2126 1172 3725 1245">
     <span class='ocr_line' id='line_1_39' title="bbox 2126 1172 3725 1245; baseline 0.008 -22"><span class='ocrx_word' id='word_1_311' title='bbox 2126 1184 2284 1239; x_wconf 84' lang='lat' dir='ltr'><strong>quam</strong></span> <span class='ocrx_word' id='word_1_312' title='bbox 2315 1172 2458 1244; x_wconf 78' lang='lat' dir='ltr'><strong>qupd</strong></span> <span class='ocrx_word' id='word_1_313' title='bbox 2494 1174 2879 1245; x_wconf 51' lang='lat' dir='ltr'><strong>ex&#39;Scripturis</strong></span> <span class='ocrx_word' id='word_1_314' title='bbox 2910 1176 2997 1232; x_wconf 92' lang='lat' dir='ltr'><strong>ille</strong></span> <span class='ocrx_word' id='word_1_315' title='bbox 3027 1177 3222 1233; x_wconf 89' lang='lat' dir='ltr'><strong>ibidem</strong></span> <span class='ocrx_word' id='word_1_316' title='bbox 3253 1179 3578 1235; x_wconf 85' lang='lat' dir='ltr'><strong>contrariam</strong></span> <span class='ocrx_word' id='word_1_317' title='bbox 3600 1195 3725 1236; x_wconf 88' lang='lat' dir='ltr'><strong>sen-</strong></span> 
     </span>
    </p>
   </div>
   <div class='ocr_carea' id='block_1_40' title="bbox 2130 1262 3728 1343">
    <p class='ocr_par' dir='ltr' id='par_1_40' title="bbox 2130 1262 3728 1343">
     <span class='ocr_line' id='line_1_40' title="bbox 2130 1262 3728 1343; baseline 0.009 -27"><span class='ocrx_word' id='word_1_318' title='bbox 2130 1262 2349 1319; x_wconf 88' lang='lat' dir='ltr'><strong>tentiam</strong></span> <span class='ocrx_word' id='word_1_319' title='bbox 2381 1266 2732 1336; x_wconf 88' lang='lat' dir='ltr'><strong>comprobet,</strong></span> <span class='ocrx_word' id='word_1_320' title='bbox 2772 1268 2843 1324; x_wconf 91' lang='lat' dir='ltr'><strong>de</strong></span> <span class='ocrx_word' id='word_1_321' title='bbox 2879 1270 3120 1325; x_wconf 90' lang='lat' dir='ltr'><strong>omnium</strong></span> <span class='ocrx_word' id='word_1_322' title='bbox 3170 1282 3508 1343; x_wconf 82' lang='lat' dir='ltr'><strong>peccatorum</strong></span> <span class='ocrx_word' id='word_1_323' title='bbox 3557 1274 3728 1330; x_wconf 64' lang='lat' dir='ltr'><strong>venire</strong></span> 
     </span>
    </p>
   </div>
   <div class='ocr_carea' id='block_1_41' title="bbox 2130 1361 3729 1430">
    <p class='ocr_par' dir='ltr' id='par_1_41' title="bbox 2130 1361 3729 1430">
     <span class='ocr_line' id='line_1_41' title="bbox 2130 1361 3729 1430; baseline 0.008 -19"><span class='ocrx_word' id='word_1_324' title='bbox 2130 1367 2395 1427; x_wconf 88' lang='lat' dir='ltr'><strong>potestate</strong></span> <span class='ocrx_word' id='word_1_325' title='bbox 2460 1362 2513 1414; x_wconf 88' lang='lat' dir='ltr'><strong>in</strong></span> <span class='ocrx_word' id='word_1_326' title='bbox 2572 1361 2860 1430; x_wconf 80' lang='lat' dir='ltr'><strong>Ecclesia,</strong></span> <span class='ocrx_word' id='word_1_327' title='bbox 2916 1365 3119 1421; x_wconf 77' lang='lat' dir='ltr'><strong>Auctor</strong></span> <span class='ocrx_word' id='word_1_328' title='bbox 3187 1365 3361 1422; x_wconf 89' lang='lat' dir='ltr'><strong>adhuc</strong></span> <span class='ocrx_word' id='word_1_329' title='bbox 3434 1368 3729 1424; x_wconf 86' lang='lat' dir='ltr'><strong>catholicus</strong></span> 
     </span>
    </p>
   </div>
   <div class='ocr_carea' id='block_1_42' title="bbox 2126 1448 3727 1528">
    <p class='ocr_par' dir='ltr' id='par_1_42' title="bbox 2126 1448 3727 1528">
     <span class='ocr_line' id='line_1_42' title="bbox 2126 1448 3727 1528; baseline 0.009 -26"><span class='ocrx_word' id='word_1_330' title='bbox 2126 1448 2285 1504; x_wconf 88' lang='lat' dir='ltr'><strong>&#39;I‘om.</strong></span> <span class='ocrx_word' id='word_1_331' title='bbox 2318 1449 2384 1506; x_wconf 89' lang='lat' dir='ltr'><strong>ll.</strong></span> <span class='ocrx_word' id='word_1_332' title='bbox 2417 1450 2505 1506; x_wconf 91' lang='lat' dir='ltr'><strong>lib.</strong></span> <span class='ocrx_word' id='word_1_333' title='bbox 2542 1451 2610 1507; x_wconf 88' lang='lat' dir='ltr'><strong>de</strong></span> <span class='ocrx_word' id='word_1_334' title='bbox 2650 1453 2996 1523; x_wconf 68' lang='lat' dir='ltr'><strong>Paenitentia,</strong></span> <span class='ocrx_word' id='word_1_335' title='bbox 3029 1472 3188 1528; x_wconf 89' lang='lat' dir='ltr'><strong>quem</strong></span> <span class='ocrx_word' id='word_1_336' title='bbox 3234 1458 3429 1516; x_wconf 89' lang='lat' dir='ltr'><strong>ibidem</strong></span> <span class='ocrx_word' id='word_1_337' title='bbox 3460 1460 3562 1517; x_wconf 89' lang='lat' dir='ltr'><strong>ille</strong></span> <span class='ocrx_word' id='word_1_338' title='bbox 3605 1462 3727 1517; x_wconf 92' lang='lat' dir='ltr'><strong>imi-</strong></span> 
     </span>
    </p>
   </div>
   <div class='ocr_carea' id='block_1_43' title="bbox 2128 1541 3731 1608">
    <p class='ocr_par' dir='ltr' id='par_1_43' title="bbox 2128 1541 3731 1608">
     <span class='ocr_line' id='line_1_43' title="bbox 2128 1541 3731 1608; baseline 0.009 -14"><span class='ocrx_word' id='word_1_339' title='bbox 2128 1548 2273 1595; x_wconf 86' lang='lat' dir='ltr'><strong>tatur</strong></span> <span class='ocrx_word' id='word_1_340' title='bbox 2290 1541 2508 1598; x_wconf 85' lang='lat' dir='ltr'><strong>disertis</strong></span> <span class='ocrx_word' id='word_1_341' title='bbox 2538 1546 2715 1600; x_wconf 84' lang='lat' dir='ltr'><strong>verbis</strong></span> <span class='ocrx_word' id='word_1_342' title='bbox 2748 1564 2760 1600; x_wconf 89' lang='lat'><strong>:</strong></span> <span class='ocrx_word' id='word_1_343' title='bbox 2792 1546 3152 1603; x_wconf 63' lang='lat' dir='ltr'><strong>Paenitentiam</strong></span> <span class='ocrx_word' id='word_1_344' title='bbox 3179 1550 3242 1606; x_wconf 84' lang='lat' dir='ltr'><strong>de</strong></span> <span class='ocrx_word' id='word_1_345' title='bbox 3267 1553 3501 1607; x_wconf 86' lang='lat' dir='ltr'><strong>omnibus</strong></span> <span class='ocrx_word' id='word_1_346' title='bbox 3533 1554 3731 1608; x_wconf 77' lang='lat' dir='ltr'><strong>delictis</strong></span> 
     </span>
    </p>
   </div>
   <div class='ocr_carea' id='block_1_44' title="bbox 2129 1635 3731 1715">
    <p class='ocr_par' dir='ltr' id='par_1_44' title="bbox 2129 1635 3731 1715">
     <span class='ocr_line' id='line_1_44' title="bbox 2129 1635 3731 1715; baseline 0.011 -29"><span class='ocrx_word' id='word_1_347' title='bbox 2129 1636 2466 1689; x_wconf 71' lang='lat' dir='ltr'><strong>necessariam</strong></span> <span class='ocrx_word' id='word_1_348' title='bbox 2492 1635 2729 1693; x_wconf 87' lang='lat' dir='ltr'><strong>deducit.</strong></span> <span class='ocrx_word' id='word_1_349' title='bbox 2762 1640 2939 1711; x_wconf 81' lang='lat' dir='ltr'><strong>Atque</strong></span> <span class='ocrx_word' id='word_1_350' title='bbox 2970 1640 3073 1697; x_wconf 89' lang='lat' dir='ltr'><strong>hoc</strong></span> <span class='ocrx_word' id='word_1_351' title='bbox 3100 1653 3184 1697; x_wconf 87' lang='lat' dir='ltr'><strong>cst</strong></span> <span class='ocrx_word' id='word_1_352' title='bbox 3205 1685 3219 1709; x_wconf 92' lang='lat'><strong>,</strong></span> <span class='ocrx_word' id='word_1_353' title='bbox 3250 1644 3393 1715; x_wconf 86' lang='lat' dir='ltr'><strong>quod</strong></span> <span class='ocrx_word' id='word_1_354' title='bbox 3435 1645 3566 1701; x_wconf 85' lang='lat' dir='ltr'><strong>dicit</strong></span> <span class='ocrx_word' id='word_1_355' title='bbox 3594 1647 3731 1703; x_wconf 87' lang='lat' dir='ltr'><strong>libro</strong></span> 
     </span>
    </p>
   </div>
   <div class='ocr_carea' id='block_1_45' title="bbox 2131 1724 3734 1811">
    <p class='ocr_par' dir='ltr' id='par_1_45' title="bbox 2131 1724 3734 1811">
     <span class='ocr_line' id='line_1_45' title="bbox 2131 1724 3734 1811; baseline 0.009 -31"><span class='ocrx_word' id='word_1_356' title='bbox 2131 1724 2201 1780; x_wconf 90' lang='lat' dir='ltr'><strong>de</strong></span> <span class='ocrx_word' id='word_1_357' title='bbox 2253 1725 2483 1783; x_wconf 88' lang='lat' dir='ltr'><strong>Pudicit.</strong></span> <span class='ocrx_word' id='word_1_358' title='bbox 2527 1744 2648 1800; x_wconf 87' lang='lat' dir='ltr'><strong>cap.</strong></span> <span class='ocrx_word' id='word_1_359' title='bbox 2693 1733 2746 1787; x_wconf 89' lang='grc'><strong>1.</strong></span> <span class='ocrx_word' id='word_1_360' title='bbox 2799 1741 2947 1789; x_wconf 87' lang='lat' dir='ltr'><strong>num.</strong></span> <span class='ocrx_word' id='word_1_361' title='bbox 2980 1734 3034 1790; x_wconf 89' lang='lat'><strong>9.</strong></span> <span class='ocrx_word' id='word_1_362' title='bbox 3079 1736 3319 1792; x_wconf 74' lang='lat' dir='ltr'><strong>adversus</strong></span> <span class='ocrx_word' id='word_1_363' title='bbox 3350 1750 3493 1794; x_wconf 52' lang='lat' dir='ltr'><strong>vntew</strong></span> <span class='ocrx_word' id='word_1_364' title='bbox 3537 1755 3734 1811; x_wconf 83' lang='lat' dir='ltr'><strong>quoque</strong></span> 
     </span>
    </p>
   </div>
   <div class='ocr_carea' id='block_1_46' title="bbox 2132 1821 3730 1896">
    <p class='ocr_par' dir='ltr' id='par_1_46' title="bbox 2132 1821 3730 1896">
     <span class='ocr_line' id='line_1_46' title="bbox 2132 1821 3730 1896; baseline 0.01 -24"><span class='ocrx_word' id='word_1_365' title='bbox 2132 1821 2393 1875; x_wconf 75' lang='lat' dir='ltr'><strong>sententia</strong></span> <span class='ocrx_word' id='word_1_366' title='bbox 2414 1831 2548 1876; x_wconf 89' lang='lat' dir='ltr'><strong>retro</strong></span> <span class='ocrx_word' id='word_1_367' title='bbox 2575 1839 2727 1892; x_wconf 79' lang='lat' dir='ltr'><strong>penes</strong></span> <span class='ocrx_word' id='word_1_368' title='bbox 2749 1824 2868 1881; x_wconf 87' lang='lat' dir='ltr'><strong>illos</strong></span> <span class='ocrx_word' id='word_1_369' title='bbox 2892 1827 3180 1883; x_wconf 83' lang='lat' dir='ltr'><strong>societatem</strong></span> <span class='ocrx_word' id='word_1_370' title='bbox 3204 1871 3218 1895; x_wconf 97' lang='lat'><strong>,</strong></span> <span class='ocrx_word' id='word_1_371' title='bbox 3251 1838 3305 1886; x_wconf 90' lang='lat' dir='ltr'><strong>et</strong></span> <span class='ocrx_word' id='word_1_372' title='bbox 3336 1829 3490 1887; x_wconf 81' lang='lat' dir='ltr'><strong>haud</strong></span> <span class='ocrx_word' id='word_1_373' title='bbox 3508 1832 3730 1896; x_wconf 85' lang='lat' dir='ltr'><strong>absimi-</strong></span> 
     </span>
    </p>
   </div>
   <div class='ocr_carea' id='block_1_47' title="bbox 2134 1910 3731 1986">
    <p class='ocr_par' dir='ltr' id='par_1_47' title="bbox 2134 1910 3731 1986">
     <span class='ocr_line' id='line_1_47' title="bbox 2134 1910 3731 1986; baseline 0.013 -22"><span class='ocrx_word' id='word_1_374' title='bbox 2134 1910 2258 1967; x_wconf 85' lang='lat' dir='ltr'><strong>liter</strong></span> <span class='ocrx_word' id='word_1_375' title='bbox 2299 1914 2477 1970; x_wconf 81' lang='lat' dir='ltr'><strong>verbis</strong></span> <span class='ocrx_word' id='word_1_376' title='bbox 2505 1915 2668 1971; x_wconf 82' lang='lat' dir='ltr'><strong>etiam</strong></span> <span class='ocrx_word' id='word_1_377' title='bbox 2698 1918 2823 1975; x_wconf 84' lang='lat' dir='ltr'><strong>alibi</strong></span> <span class='ocrx_word' id='word_1_378' title='bbox 2852 1934 2957 1975; x_wconf 90' lang='lat' dir='ltr'><strong>non</strong></span> <span class='ocrx_word' id='word_1_379' title='bbox 2984 1923 3155 1978; x_wconf 85' lang='lat' dir='ltr'><strong>semel</strong></span> <span class='ocrx_word' id='word_1_380' title='bbox 3186 1924 3360 1980; x_wconf 87' lang='lat' dir='ltr'><strong>citatis</strong></span> <span class='ocrx_word' id='word_1_381' title='bbox 3384 1924 3440 1981; x_wconf 92' lang='lat' dir='ltr'><strong>S.</strong></span> <span class='ocrx_word' id='word_1_382' title='bbox 3471 1926 3731 1986; x_wconf 83' lang='lat' dir='ltr'><strong>Pacianus</strong></span> 
     </span>
    </p>
   </div>
   <div class='ocr_carea' id='block_1_48' title="bbox 2133 2006 3733 2091">
    <p class='ocr_par' dir='ltr' id='par_1_48' title="bbox 2133 2006 3733 2091">
     <span class='ocr_line' id='line_1_48' title="bbox 2133 2006 3733 2091; baseline 0.012 -31"><span class='ocrx_word' id='word_1_383' title='bbox 2133 2006 2201 2061; x_wconf 88' lang='lat' dir='ltr'><strong>ad</strong></span> <span class='ocrx_word' id='word_1_384' title='bbox 2225 2006 2551 2064; x_wconf 84' lang='lat' dir='ltr'><strong>Novatianos</strong></span> <span class='ocrx_word' id='word_1_385' title='bbox 2579 2010 2745 2067; x_wconf 86' lang='lat' dir='ltr'><strong>verba</strong></span> <span class='ocrx_word' id='word_1_386' title='bbox 2769 2012 2971 2073; x_wconf 72' lang='lat' dir='ltr'><strong>faciens</strong></span> <span class='ocrx_word' id='word_1_387' title='bbox 2996 2033 3010 2070; x_wconf 89' lang='lat'><strong>:</strong></span> <span class='ocrx_word' id='word_1_388' title='bbox 3036 2016 3396 2074; x_wconf 88' lang='lat' dir='ltr'><strong>Tertullianus</strong></span> <span class='ocrx_word' id='word_1_389' title='bbox 3421 2022 3543 2091; x_wconf 85' lang='lat' dir='ltr'><strong>post</strong></span> <span class='ocrx_word' id='word_1_390' title='bbox 3563 2021 3733 2079; x_wconf 67' lang='lat' dir='ltr'><strong>hazrc-</strong></span> 
     </span>
    </p>
   </div>
   <div class='ocr_carea' id='block_1_49' title="bbox 2132 2100 3733 2185">
    <p class='ocr_par' dir='ltr' id='par_1_49' title="bbox 2132 2100 3733 2185">
     <span class='ocr_line' id='line_1_49' title="bbox 2132 2100 3733 2185; baseline 0.011 -31"><span class='ocrx_word' id='word_1_391' title='bbox 2132 2100 2234 2155; x_wconf 90' lang='lat' dir='ltr'><strong>sim</strong></span> <span class='ocrx_word' id='word_1_392' title='bbox 2265 2110 2441 2157; x_wconf 85' lang='lat' dir='ltr'><strong>voster</strong></span> <span class='ocrx_word' id='word_1_393' title='bbox 2482 2113 2599 2172; x_wconf 84' lang='lat' dir='ltr'><strong>est,</strong></span> <span class='ocrx_word' id='word_1_394' title='bbox 2658 2120 2779 2161; x_wconf 87' lang='lat' dir='ltr'><strong>nam</strong></span> <span class='ocrx_word' id='word_1_395' title='bbox 2813 2108 2975 2164; x_wconf 87' lang='lat' dir='ltr'><strong>multa</strong></span> <span class='ocrx_word' id='word_1_396' title='bbox 3007 2109 3133 2166; x_wconf 89' lang='lat' dir='ltr'><strong>inde</strong></span> <span class='ocrx_word' id='word_1_397' title='bbox 3177 2112 3503 2183; x_wconf 87' lang='lat' dir='ltr'><strong>sumpsistis.</strong></span> <span class='ocrx_word' id='word_1_398' title='bbox 3553 2113 3733 2185; x_wconf 86' lang='lat' dir='ltr'><strong>Ipsum</strong></span> 
     </span>
    </p>
   </div>
   <div class='ocr_carea' id='block_1_50' title="bbox 2134 2191 3735 2273">
    <p class='ocr_par' dir='ltr' id='par_1_50' title="bbox 2134 2191 3735 2273">
     <span class='ocr_line' id='line_1_50' title="bbox 2134 2191 3735 2273; baseline 0.012 -28"><span class='ocrx_word' id='word_1_399' title='bbox 2134 2191 2371 2261; x_wconf 87' lang='lat' dir='ltr'><strong>Epistola</strong></span> <span class='ocrx_word' id='word_1_400' title='bbox 2399 2209 2528 2262; x_wconf 84' lang='lat' dir='ltr'><strong>sua,</strong></span> <span class='ocrx_word' id='word_1_401' title='bbox 2571 2204 2627 2252; x_wconf 89' lang='lat' dir='ltr'><strong>ot</strong></span> <span class='ocrx_word' id='word_1_402' title='bbox 2672 2212 2735 2252; x_wconf 91' lang='lat' dir='ltr'><strong>ea</strong></span> <span class='ocrx_word' id='word_1_403' title='bbox 2761 2213 2919 2268; x_wconf 81' lang='lat' dir='ltr'><strong>quam</strong></span> <span class='ocrx_word' id='word_1_404' title='bbox 2961 2200 3258 2259; x_wconf 84' lang='lat' dir='ltr'><strong>catholicus</strong></span> <span class='ocrx_word' id='word_1_405' title='bbox 3304 2202 3503 2273; x_wconf 91' lang='lat' dir='ltr'><strong>edidit,</strong></span> <span class='ocrx_word' id='word_1_406' title='bbox 3549 2206 3735 2264; x_wconf 88' lang='lat' dir='ltr'><strong>audies</strong></span> 
     </span>
    </p>
   </div>
   <div class='ocr_carea' id='block_1_51' title="bbox 2135 2287 3733 2367">
    <p class='ocr_par' dir='ltr' id='par_1_51' title="bbox 2135 2287 3733 2367">
     <span class='ocr_line' id='line_1_51' title="bbox 2135 2287 3733 2367; baseline 0.011 -26"><span class='ocrx_word' id='word_1_407' title='bbox 2135 2287 2481 2344; x_wconf 76' lang='lat' dir='ltr'><strong>confitentem</strong></span> <span class='ocrx_word' id='word_1_408' title='bbox 2515 2307 2528 2345; x_wconf 91' lang='lat'><strong>:</strong></span> <span class='ocrx_word' id='word_1_409' title='bbox 2556 2306 2705 2363; x_wconf 78' lang='lat' dir='ltr'><strong>posse</strong></span> <span class='ocrx_word' id='word_1_410' title='bbox 2729 2292 3014 2350; x_wconf 81' lang='lat' dir='ltr'><strong>Ecclesium</strong></span> <span class='ocrx_word' id='word_1_411' title='bbox 3056 2307 3261 2367; x_wconf 87' lang='lat' dir='ltr'><strong>peccata</strong></span> <span class='ocrx_word' id='word_1_412' title='bbox 3298 2298 3568 2355; x_wconf 80' lang='lat' dir='ltr'><strong>dimittere.</strong></span> <span class='ocrx_word' id='word_1_413' title='bbox 3598 2300 3733 2358; x_wconf 82' lang='lat' dir='ltr'><strong>Item</strong></span> 
     </span>
    </p>
   </div>
   <div class='ocr_carea' id='block_1_52' title="bbox 2135 2379 3735 2455">
    <p class='ocr_par' dir='ltr' id='par_1_52' title="bbox 2135 2379 3735 2455">
     <span class='ocr_line' id='line_1_52' title="bbox 2135 2379 3735 2455; baseline 0.011 -22"><span class='ocrx_word' id='word_1_414' title='bbox 2135 2387 2193 2434; x_wconf 88' lang='lat' dir='ltr'><strong>et</strong></span> <span class='ocrx_word' id='word_1_415' title='bbox 2224 2379 2287 2438; x_wconf 82' lang='lat' dir='ltr'><strong>S.</strong></span> <span class='ocrx_word' id='word_1_416' title='bbox 2321 2381 2679 2455; x_wconf 78' lang='lat' dir='ltr'><strong>Hieronymus</strong></span> <span class='ocrx_word' id='word_1_417' title='bbox 2719 2385 2846 2441; x_wconf 81' lang='lat' dir='ltr'><strong>dum</strong></span> <span class='ocrx_word' id='word_1_418' title='bbox 2876 2386 3007 2443; x_wconf 82' lang='lat' dir='ltr'><strong>dicit</strong></span> <span class='ocrx_word' id='word_1_419' title='bbox 3053 2387 3438 2448; x_wconf 82' lang='lat' dir='ltr'><strong>Tertullianum</strong></span> <span class='ocrx_word' id='word_1_420' title='bbox 3494 2392 3545 2448; x_wconf 90' lang='lat' dir='ltr'><strong>in</strong></span> <span class='ocrx_word' id='word_1_421' title='bbox 3595 2393 3735 2451; x_wconf 91' lang='lat' dir='ltr'><strong>libro</strong></span> 
     </span>
    </p>
   </div>
   <div class='ocr_carea' id='block_1_53' title="bbox 2135 2474 3729 2558">
    <p class='ocr_par' dir='ltr' id='par_1_53' title="bbox 2135 2474 3729 2558">
     <span class='ocr_line' id='line_1_53' title="bbox 2135 2474 3729 2558; baseline 0.01 -30"><span class='ocrx_word' id='word_1_422' title='bbox 2135 2488 2296 2543; x_wconf 87' lang='lat' dir='ltr'><strong>quem</strong></span> <span class='ocrx_word' id='word_1_423' title='bbox 2325 2474 2393 2531; x_wconf 83' lang='lat' dir='ltr'><strong>de</strong></span> <span class='ocrx_word' id='word_1_424' title='bbox 2424 2477 2676 2545; x_wconf 82' lang='lat' dir='ltr'><strong>pudicitia</strong></span> <span class='ocrx_word' id='word_1_425' title='bbox 2731 2478 2993 2538; x_wconf 83' lang='lat' dir='ltr'><strong>adversus</strong></span> <span class='ocrx_word' id='word_1_426' title='bbox 3044 2482 3424 2542; x_wconf 73' lang='lat' dir='ltr'><strong>Paenitentiam</strong></span> <span class='ocrx_word' id='word_1_427' title='bbox 3477 2489 3729 2558; x_wconf 85' lang='lat' dir='ltr'><strong>scripsit,</strong></span> 
     </span>
    </p>
   </div>
   <div class='ocr_carea' id='block_1_54' title="bbox 2135 2571 3734 2649">
    <p class='ocr_par' dir='ltr' id='par_1_54' title="bbox 2135 2571 3734 2649">
     <span class='ocr_line' id='line_1_54' title="bbox 2135 2571 3734 2649; baseline 0.011 -29"><span class='ocrx_word' id='word_1_428' title='bbox 2135 2571 2468 2623; x_wconf 83' lang='lat' dir='ltr'><strong>sententiam</strong></span> <span class='ocrx_word' id='word_1_429' title='bbox 2483 2579 2721 2626; x_wconf 84' lang='lat' dir='ltr'><strong>veterem</strong></span> <span class='ocrx_word' id='word_1_430' title='bbox 2751 2587 2888 2628; x_wconf 89' lang='lat' dir='ltr'><strong>nova</strong></span> <span class='ocrx_word' id='word_1_431' title='bbox 2918 2574 3171 2646; x_wconf 84' lang='lat' dir='ltr'><strong>opinione</strong></span> <span class='ocrx_word' id='word_1_432' title='bbox 3186 2576 3524 2649; x_wconf 73' lang='lat' dir='ltr'><strong>diss’olvisse,</strong></span> <span class='ocrx_word' id='word_1_433' title='bbox 3554 2581 3607 2636; x_wconf 93' lang='lat' dir='ltr'><strong>in</strong></span> <span class='ocrx_word' id='word_1_434' title='bbox 3631 2581 3734 2638; x_wconf 87' lang='lat' dir='ltr'><strong>hoc</strong></span> 
     </span>
    </p>
   </div>
   <div class='ocr_carea' id='block_1_55' title="bbox 2136 2661 3736 2745">
    <p class='ocr_par' dir='ltr' id='par_1_55' title="bbox 2136 2661 3736 2745">
     <span class='ocr_line' id='line_1_55' title="bbox 2136 2661 3736 2745; baseline 0.013 -33"><span class='ocrx_word' id='word_1_435' title='bbox 2136 2668 2376 2714; x_wconf 89' lang='lat' dir='ltr'><strong>secutum</strong></span> <span class='ocrx_word' id='word_1_436' title='bbox 2409 2661 2623 2719; x_wconf 87' lang='lat' dir='ltr'><strong>insanas</strong></span> <span class='ocrx_word' id='word_1_437' title='bbox 2649 2672 2704 2719; x_wconf 88' lang='lat' dir='ltr'><strong>et</strong></span> <span class='ocrx_word' id='word_1_438' title='bbox 2731 2666 3072 2738; x_wconf 84' lang='lat' dir='ltr'><strong>blasphemas</strong></span> <span class='ocrx_word' id='word_1_439' title='bbox 3097 2669 3343 2729; x_wconf 72' lang='lat' dir='ltr'><strong>fteminas</strong></span> <span class='ocrx_word' id='word_1_440' title='bbox 3360 2687 3502 2730; x_wconf 88' lang='lat' dir='ltr'><strong>suas.</strong></span> <span class='ocrx_word' id='word_1_441' title='bbox 3532 2674 3736 2745; x_wconf 84' lang='lat' dir='ltr'><strong>Quibus</strong></span> 
     </span>
    </p>
   </div>
   <div class='ocr_carea' id='block_1_56' title="bbox 2136 2750 3736 2832">
    <p class='ocr_par' dir='ltr' id='par_1_56' title="bbox 2136 2750 3736 2832">
     <span class='ocr_line' id='line_1_56' title="bbox 2136 2750 3736 2832; baseline 0.014 -28"><span class='ocrx_word' id='word_1_442' title='bbox 2136 2750 2334 2808; x_wconf 81' lang='lat' dir='ltr'><strong>addere</strong></span> <span class='ocrx_word' id='word_1_443' title='bbox 2363 2753 2549 2810; x_wconf 80' lang='lat' dir='ltr'><strong>licebit</strong></span> <span class='ocrx_word' id='word_1_444' title='bbox 2597 2755 2785 2813; x_wconf 86' lang='lat' dir='ltr'><strong>lectori</strong></span> <span class='ocrx_word' id='word_1_445' title='bbox 2814 2762 3132 2832; x_wconf 48' lang='lat' dir='ltr'><strong>scriptaLilla</strong></span> <span class='ocrx_word' id='word_1_446' title='bbox 3162 2772 3401 2821; x_wconf 82' lang='lat' dir='ltr'><strong>veterum</strong></span> <span class='ocrx_word' id='word_1_447' title='bbox 3443 2769 3621 2824; x_wconf 89' lang='lat' dir='ltr'><strong>omnia</strong></span> <span class='ocrx_word' id='word_1_448' title='bbox 3669 2770 3736 2826; x_wconf 89' lang='lat' dir='ltr'><strong>de</strong></span> 
     </span>
    </p>
   </div>
   <div class='ocr_carea' id='block_1_57' title="bbox 2139 2843 3734 2920">
    <p class='ocr_par' dir='ltr' id='par_1_57' title="bbox 2139 2843 3734 2920">
     <span class='ocr_line' id='line_1_57' title="bbox 2139 2843 3734 2920; baseline 0.014 -23"><span class='ocrx_word' id='word_1_449' title='bbox 2139 2843 2463 2913; x_wconf 74' lang='lat' dir='ltr'><strong>Posuitentia,</strong></span> <span class='ocrx_word' id='word_1_450' title='bbox 2494 2862 2722 2920; x_wconf 88' lang='lat' dir='ltr'><strong>quorum</strong></span> <span class='ocrx_word' id='word_1_451' title='bbox 2743 2867 2774 2908; x_wconf 86' lang='lat' dir='ltr'><strong>a</strong></span> <span class='ocrx_word' id='word_1_452' title='bbox 2794 2853 2948 2911; x_wconf 89' lang='lat' dir='ltr'><strong>nobis</strong></span> <span class='ocrx_word' id='word_1_453' title='bbox 2972 2854 3109 2912; x_wconf 88' lang='lat' dir='ltr'><strong>facta</strong></span> <span class='ocrx_word' id='word_1_454' title='bbox 3136 2867 3219 2914; x_wconf 90' lang='lat' dir='ltr'><strong>est</strong></span> <span class='ocrx_word' id='word_1_455' title='bbox 3236 2861 3458 2917; x_wconf 86' lang='lat' dir='ltr'><strong>mentio.</strong></span> <span class='ocrx_word' id='word_1_456' title='bbox 3484 2862 3638 2920; x_wconf 90' lang='lat' dir='ltr'><strong>Tom.</strong></span> <span class='ocrx_word' id='word_1_457' title='bbox 3672 2862 3734 2919; x_wconf 94' lang='lat' dir='ltr'><strong>ll.</strong></span> 
     </span>
    </p>
   </div>
   <div class='ocr_carea' id='block_1_58' title="bbox 2137 2936 3757 3022">
    <p class='ocr_par' dir='ltr' id='par_1_58' title="bbox 2137 2936 3757 3022">
     <span class='ocr_line' id='line_1_58' title="bbox 2137 2936 3757 3022; baseline 0.014 -31"><span class='ocrx_word' id='word_1_458' title='bbox 2137 2936 2265 2993; x_wconf 87' lang='lat' dir='ltr'><strong>dict.</strong></span> <span class='ocrx_word' id='word_1_459' title='bbox 2311 2938 2404 2994; x_wconf 88' lang='lat' dir='ltr'><strong>lib.</strong></span> <span class='ocrx_word' id='word_1_460' title='bbox 2433 2940 2502 3017; x_wconf 83' lang='lat' dir='ltr'><strong>de</strong></span> <span class='ocrx_word' id='word_1_461' title='bbox 2532 2941 2819 3002; x_wconf 73' lang='lat' dir='ltr'><strong>Pmnitcnt.</strong></span> <span class='ocrx_word' id='word_1_462' title='bbox 2847 2961 2966 3018; x_wconf 86' lang='lat' dir='ltr'><strong>cap.</strong></span> <span class='ocrx_word' id='word_1_463' title='bbox 2997 2949 3049 3004; x_wconf 92' lang='grc'><strong>1.</strong></span> <span class='ocrx_word' id='word_1_464' title='bbox 3083 2961 3137 3006; x_wconf 89' lang='lat' dir='ltr'><strong>et</strong></span> <span class='ocrx_word' id='word_1_465' title='bbox 3174 2967 3294 3022; x_wconf 70' lang='lat' dir='ltr'><strong>qua:</strong></span> <span class='ocrx_word' id='word_1_466' title='bbox 3331 2969 3360 3008; x_wconf 85' lang='lat' dir='ltr'><strong>a</strong></span> <span class='ocrx_word' id='word_1_467' title='bbox 3403 2955 3556 3012; x_wconf 90' lang='lat' dir='ltr'><strong>nobis</strong></span> <span class='ocrx_word' id='word_1_468' title='bbox 3597 2948 3757 3014; x_wconf 84' lang='lat' dir='ltr'><strong>dicta</strong></span> 
     </span>
    </p>
   </div>
   <div class='ocr_carea' id='block_1_59' title="bbox 2137 3035 3739 3108">
    <p class='ocr_par' dir='ltr' id='par_1_59' title="bbox 2137 3035 3739 3108">
     <span class='ocr_line' id='line_1_59' title="bbox 2137 3035 3739 3108; baseline 0.013 -22"><span class='ocrx_word' id='word_1_469' title='bbox 2137 3041 2294 3099; x_wconf 88' lang='lat' dir='ltr'><strong>sunt,</strong></span> <span class='ocrx_word' id='word_1_470' title='bbox 2325 3041 2436 3089; x_wconf 88' lang='lat' dir='ltr'><strong>tum</strong></span> <span class='ocrx_word' id='word_1_471' title='bbox 2464 3035 2530 3090; x_wconf 92' lang='lat' dir='ltr'><strong>ad</strong></span> <span class='ocrx_word' id='word_1_472' title='bbox 2563 3036 2709 3093; x_wconf 88' lang='lat' dir='ltr'><strong>illum</strong></span> <span class='ocrx_word' id='word_1_473' title='bbox 2736 3037 2965 3107; x_wconf 89' lang='lat' dir='ltr'><strong>librum,</strong></span> <span class='ocrx_word' id='word_1_474' title='bbox 2999 3050 3111 3098; x_wconf 90' lang='lat' dir='ltr'><strong>tum</strong></span> <span class='ocrx_word' id='word_1_475' title='bbox 3140 3044 3206 3100; x_wconf 92' lang='lat' dir='ltr'><strong>ad</strong></span> <span class='ocrx_word' id='word_1_476' title='bbox 3234 3046 3461 3103; x_wconf 88' lang='lat' dir='ltr'><strong>alterum</strong></span> <span class='ocrx_word' id='word_1_477' title='bbox 3491 3049 3640 3106; x_wconf 91' lang='lat' dir='ltr'><strong>illum</strong></span> <span class='ocrx_word' id='word_1_478' title='bbox 3671 3050 3739 3108; x_wconf 85' lang='lat' dir='ltr'><strong>de</strong></span> 
     </span>
    </p>
   </div>
   <div class='ocr_carea' id='block_1_60' title="bbox 350 3124 3739 3227">
    <p class='ocr_par' dir='ltr' id='par_1_60' title="bbox 350 3124 3739 3227">
     <span class='ocr_line' id='line_1_60' title="bbox 350 3124 3739 3227; baseline 0.009 -56"><span class='ocrx_word' id='word_1_479' title='bbox 350 3165 359 3171; x_wconf 77' lang='lat'><strong>.</strong></span> <span class='ocrx_word' id='word_1_480' title='bbox 432 3154 654 3223; x_wconf 46' lang='lat' dir='ltr'><strong>phum“</strong></span> <span class='ocrx_word' id='word_1_481' title='bbox 704 3124 1027 3219; x_wconf 43' lang='lat' dir='ltr'><strong>dicebaniw’</strong></span> <span class='ocrx_word' id='word_1_482' title='bbox 1082 3124 1433 3209; x_wconf 35' lang='lat' dir='ltr'><strong>hwrméémm</strong></span> <span class='ocrx_word' id='word_1_483' title='bbox 1453 3124 1471 3220; x_wconf 62' lang='lat'>&quot;</span> <span class='ocrx_word' id='word_1_484' title='bbox 1511 3157 1629 3225; x_wconf 57' lang='lat' dir='ltr'><strong>quia</strong></span> <span class='ocrx_word' id='word_1_485' title='bbox 1675 3156 1729 3209; x_wconf 63' lang='grc' dir='ltr'><strong>εη</strong></span> <span class='ocrx_word' id='word_1_486' title='bbox 1759 3124 2033 3227; x_wconf 56' lang='grc' dir='ltr'><strong>’ΔροπΟῶ</strong></span> <span class='ocrx_word' id='word_1_487' title='bbox 2059 3156 2105 3218; x_wconf 78' lang='lat' dir='ltr'>C</span> <span class='ocrx_word' id='word_1_488' title='bbox 2137 3124 2271 3227; x_wconf 40' lang='lat' dir='ltr'><strong>P-ud.</strong></span> <span class='ocrx_word' id='word_1_489' title='bbox 2301 3126 2390 3182; x_wconf 90' lang='lat' dir='ltr'><strong>ubi</strong></span> <span class='ocrx_word' id='word_1_490' title='bbox 2411 3127 2476 3183; x_wconf 89' lang='lat' dir='ltr'><strong>ad</strong></span> <span class='ocrx_word' id='word_1_491' title='bbox 2503 3130 2980 3227; x_wconf 72' lang='lat' dir='ltr'><strong>singulaAuctoris</strong></span> <span class='ocrx_word' id='word_1_492' title='bbox 3002 3135 3053 3189; x_wconf 91' lang='lat' dir='ltr'><strong>in</strong></span> <span class='ocrx_word' id='word_1_493' title='bbox 3084 3140 3409 3195; x_wconf 88' lang='lat' dir='ltr'><strong>contrarium</strong></span> <span class='ocrx_word' id='word_1_494' title='bbox 3427 3152 3739 3214; x_wconf 81' lang='lat' dir='ltr'><strong>argumenta</strong></span> 
     </span>
    </p>
   </div>
   <div class='ocr_carea' id='block_1_61' title="bbox 432 3244 2034 3317">
    <p class='ocr_par' dir='ltr' id='par_1_61' title="bbox 432 3244 2034 3317">
     <span class='ocr_line' id='line_1_61' title="bbox 432 3244 2034 3317; baseline 0.003 -19"><span class='ocrx_word' id='word_1_495' title='bbox 432 3244 636 3314; x_wconf 79' lang='lat' dir='ltr'><strong>quidem</strong></span> <span class='ocrx_word' id='word_1_496' title='bbox 666 3244 899 3300; x_wconf 77' lang='lat' dir='ltr'><strong>dicebant</strong></span> <span class='ocrx_word' id='word_1_497' title='bbox 929 3244 1463 3315; x_wconf 82' lang='lat' dir='ltr'><strong>Spiritum‘Sanetum</strong></span> <span class='ocrx_word' id='word_1_498' title='bbox 1488 3248 1675 3317; x_wconf 81' lang='lat' dir='ltr'><strong>fuisse,</strong></span> <span class='ocrx_word' id='word_1_499' title='bbox 1706 3244 2034 3303; x_wconf 83' lang='lat' dir='ltr'><strong>Paracletum</strong></span> 
     </span>
    </p>
   </div>
   <div class='ocr_carea' id='block_1_62' title="bbox 431 3335 2039 3408">
    <p class='ocr_par' dir='ltr' id='par_1_62' title="bbox 431 3335 2039 3408">
     <span class='ocr_line' id='line_1_62' title="bbox 431 3335 2039 3408; baseline 0.002 -18"><span class='ocrx_word' id='word_1_500' title='bbox 431 3354 535 3391; x_wconf 85' lang='lat' dir='ltr'><strong>nou</strong></span> <span class='ocrx_word' id='word_1_501' title='bbox 563 3335 749 3406; x_wconf 78' lang='lat' dir='ltr'><strong>fuisse,</strong></span> <span class='ocrx_word' id='word_1_502' title='bbox 787 3346 834 3391; x_wconf 88' lang='lat' dir='ltr'><strong>et</strong></span> <span class='ocrx_word' id='word_1_503' title='bbox 870 3337 993 3408; x_wconf 84' lang='lat' dir='ltr'><strong>quia</strong></span> <span class='ocrx_word' id='word_1_504' title='bbox 1040 3337 1270 3392; x_wconf 77' lang='lat' dir='ltr'><strong>dicebant</strong></span> <span class='ocrx_word' id='word_1_505' title='bbox 1314 3336 1644 3393; x_wconf 79' lang='lat' dir='ltr'><strong>Pnracletum</strong></span> <span class='ocrx_word' id='word_1_506' title='bbox 1684 3340 1737 3393; x_wconf 91' lang='lat' dir='ltr'><strong>in</strong></span> <span class='ocrx_word' id='word_1_507' title='bbox 1788 3337 2039 3395; x_wconf 73' lang='lat' dir='ltr'><strong>Montano</strong></span> 
     </span>
    </p>
   </div>
   <div class='ocr_carea' id='block_1_63' title="bbox 434 3429 2028 3505">
    <p class='ocr_par' dir='ltr' id='par_1_63' title="bbox 434 3429 2028 3505">
     <span class='ocr_line' id='line_1_63' title="bbox 434 3429 2028 3505; baseline 0.003 -22"><span class='ocrx_word' id='word_1_508' title='bbox 434 3430 589 3501; x_wconf 83' lang='lat' dir='ltr'><strong>plura</strong></span> <span class='ocrx_word' id='word_1_509' title='bbox 609 3430 822 3496; x_wconf 68' lang='lat' dir='ltr'><strong>dixisse,</strong></span> <span class='ocrx_word' id='word_1_510' title='bbox 840 3447 993 3501; x_wconf 87' lang='lat' dir='ltr'><strong>quam</strong></span> <span class='ocrx_word' id='word_1_511' title='bbox 1008 3429 1274 3505; x_wconf 66' lang='lat' dir='ltr'><strong>Christum</strong></span> <span class='ocrx_word' id='word_1_512' title='bbox 1297 3432 1349 3486; x_wconf 92' lang='lat' dir='ltr'><strong>in</strong></span> <span class='ocrx_word' id='word_1_513' title='bbox 1375 3431 1715 3503; x_wconf 84' lang='lat' dir='ltr'><strong>Evangelium</strong></span> <span class='ocrx_word' id='word_1_514' title='bbox 1741 3434 2028 3503; x_wconf 84' lang='lat' dir='ltr'><strong>protulisse.</strong></span> 
     </span>
    </p>
   </div>
   <div class='ocr_carea' id='block_1_64' title="bbox 432 3521 2033 3597">
    <p class='ocr_par' dir='ltr' id='par_1_64' title="bbox 432 3521 2033 3597">
     <span class='ocr_line' id='line_1_64' title="bbox 432 3521 2033 3597; baseline 0.004 -22"><span class='ocrx_word' id='word_1_515' title='bbox 432 3521 501 3576; x_wconf 82' lang='lat' dir='ltr'><strong>Et</strong></span> <span class='ocrx_word' id='word_1_516' title='bbox 528 3530 707 3578; x_wconf 80' lang='lat' dir='ltr'><strong>tamen</strong></span> <span class='ocrx_word' id='word_1_517' title='bbox 739 3523 923 3589; x_wconf 86' lang='lat' dir='ltr'><strong>miser,</strong></span> <span class='ocrx_word' id='word_1_518' title='bbox 955 3523 1094 3579; x_wconf 82' lang='lat' dir='ltr'><strong>forte</strong></span> <span class='ocrx_word' id='word_1_519' title='bbox 1118 3524 1190 3579; x_wconf 88' lang='lat' dir='ltr'><strong>ab</strong></span> <span class='ocrx_word' id='word_1_520' title='bbox 1212 3524 1319 3580; x_wconf 85' lang='lat' dir='ltr'><strong>illis</strong></span> <span class='ocrx_word' id='word_1_521' title='bbox 1346 3524 1596 3581; x_wconf 88' lang='lat' dir='ltr'><strong>seductus</strong></span> <span class='ocrx_word' id='word_1_522' title='bbox 1617 3565 1634 3594; x_wconf 93' lang='lat'><strong>,</strong></span> <span class='ocrx_word' id='word_1_523' title='bbox 1664 3526 1806 3597; x_wconf 90' lang='lat' dir='ltr'><strong>quod</strong></span> <span class='ocrx_word' id='word_1_524' title='bbox 1838 3539 2033 3582; x_wconf 85' lang='lat' dir='ltr'><strong>secun-</strong></span> 
     </span>
    </p>
   </div>
   <div class='ocr_carea' id='block_1_65' title="bbox 434 3615 2032 3689">
    <p class='ocr_par' dir='ltr' id='par_1_65' title="bbox 434 3615 2032 3689">
     <span class='ocr_line' id='line_1_65' title="bbox 434 3615 2032 3689; baseline 0.001 -17"><span class='ocrx_word' id='word_1_525' title='bbox 434 3615 532 3672; x_wconf 81' lang='lat' dir='ltr'><strong>das</strong></span> <span class='ocrx_word' id='word_1_526' title='bbox 558 3618 769 3688; x_wconf 73' lang='lat' dir='ltr'><strong>nuptias</strong></span> <span class='ocrx_word' id='word_1_527' title='bbox 795 3617 1211 3683; x_wconf 85' lang='lat' dir='ltr'><strong>d‘etestarentnr,</strong></span> <span class='ocrx_word' id='word_1_528' title='bbox 1246 3628 1321 3673; x_wconf 90' lang='lat' dir='ltr'><strong>tot</strong></span> <span class='ocrx_word' id='word_1_529' title='bbox 1359 3619 1490 3674; x_wconf 84' lang='lat' dir='ltr'><strong>locis</strong></span> <span class='ocrx_word' id='word_1_530' title='bbox 1517 3619 1631 3689; x_wconf 81' lang='lat' dir='ltr'><strong>jam</strong></span> <span class='ocrx_word' id='word_1_531' title='bbox 1655 3619 1829 3675; x_wconf 86' lang='lat' dir='ltr'><strong>citatis</strong></span> <span class='ocrx_word' id='word_1_532' title='bbox 1862 3618 2032 3674; x_wconf 84' lang='lat' dir='ltr'><strong>Para-</strong></span> 
     </span>
    </p>
   </div>
   <div class='ocr_carea' id='block_1_66' title="bbox 434 3711 2032 3778">
    <p class='ocr_par' dir='ltr' id='par_1_66' title="bbox 434 3711 2032 3778">
     <span class='ocr_line' id='line_1_66' title="bbox 434 3711 2032 3778; baseline 0 -12"><span class='ocrx_word' id='word_1_533' title='bbox 434 3713 616 3767; x_wconf 77' lang='lat' dir='ltr'><strong>cletum</strong></span> <span class='ocrx_word' id='word_1_534' title='bbox 642 3720 798 3769; x_wconf 85' lang='lat' dir='ltr'><strong>vocat</strong></span> <span class='ocrx_word' id='word_1_535' title='bbox 829 3711 1155 3778; x_wconf 77' lang='lat' dir='ltr'><strong>Montanum,</strong></span> <span class='ocrx_word' id='word_1_536' title='bbox 1185 3722 1239 3767; x_wconf 89' lang='lat' dir='ltr'><strong>et</strong></span> <span class='ocrx_word' id='word_1_537' title='bbox 1265 3712 1492 3768; x_wconf 78' lang='lat' dir='ltr'><strong>subinde</strong></span> <span class='ocrx_word' id='word_1_538' title='bbox 1513 3713 1675 3769; x_wconf 86' lang='lat' dir='ltr'><strong>verba</strong></span> <span class='ocrx_word' id='word_1_539' title='bbox 1697 3713 1836 3767; x_wconf 88' lang='lat' dir='ltr'><strong>illius</strong></span> <span class='ocrx_word' id='word_1_540' title='bbox 1864 3711 2032 3767; x_wconf 85' lang='lat' dir='ltr'><strong>Para-</strong></span> 
     </span>
    </p>
   </div>
   <div class='ocr_carea' id='block_1_67' title="bbox 435 3803 2037 3875">
    <p class='ocr_par' dir='ltr' id='par_1_67' title="bbox 435 3803 2037 3875">
     <span class='ocr_line' id='line_1_67' title="bbox 435 3803 2037 3875; baseline 0.001 -16"><span class='ocrx_word' id='word_1_541' title='bbox 435 3806 556 3859; x_wconf 80' lang='lat' dir='ltr'><strong>cleti</strong></span> <span class='ocrx_word' id='word_1_542' title='bbox 630 3805 787 3859; x_wconf 90' lang='lat' dir='ltr'><strong>titulo</strong></span> <span class='ocrx_word' id='word_1_543' title='bbox 853 3806 1000 3859; x_wconf 88' lang='lat' dir='ltr'><strong>citat.</strong></span> <span class='ocrx_word' id='word_1_544' title='bbox 1069 3804 1186 3858; x_wconf 92' lang='lat' dir='ltr'><strong>lmo</strong></span> <span class='ocrx_word' id='word_1_545' title='bbox 1234 3804 1517 3875; x_wconf 83' lang='lat' dir='ltr'><strong>detorquet</strong></span> <span class='ocrx_word' id='word_1_546' title='bbox 1566 3805 1631 3859; x_wconf 85' lang='lat' dir='ltr'><strong>ad</strong></span> <span class='ocrx_word' id='word_1_547' title='bbox 1689 3819 1839 3859; x_wconf 86' lang='lat' dir='ltr'><strong>suam</strong></span> <span class='ocrx_word' id='word_1_548' title='bbox 1896 3803 2037 3860; x_wconf 87' lang='lat' dir='ltr'><strong>hanc</strong></span> 
     </span>
    </p>
   </div>
   <div class='ocr_carea' id='block_1_68' title="bbox 438 3894 2039 3968">
    <p class='ocr_par' dir='ltr' id='par_1_68' title="bbox 438 3894 2039 3968">
     <span class='ocr_line' id='line_1_68' title="bbox 438 3894 2039 3968; baseline 0.002 -20"><span class='ocrx_word' id='word_1_549' title='bbox 438 3895 691 3951; x_wconf 73' lang='lat' dir='ltr'><strong>haeresim</strong></span> <span class='ocrx_word' id='word_1_550' title='bbox 724 3894 851 3950; x_wconf 87' lang='lat' dir='ltr'><strong>illud</strong></span> <span class='ocrx_word' id='word_1_551' title='bbox 895 3895 1049 3950; x_wconf 84' lang='lat' dir='ltr'><strong>Joan.</strong></span> <span class='ocrx_word' id='word_1_552' title='bbox 1105 3895 1176 3949; x_wconf 81' lang='grc'><strong>16</strong></span> <span class='ocrx_word' id='word_1_553' title='bbox 1211 3896 1422 3950; x_wconf 78' lang='lat' dir='ltr'><strong>:Adlmc</strong></span> <span class='ocrx_word' id='word_1_554' title='bbox 1475 3897 1633 3950; x_wconf 77' lang='lat' dir='ltr'><strong>multa</strong></span> <span class='ocrx_word' id='word_1_555' title='bbox 1688 3897 1849 3951; x_wconf 80' lang='lat' dir='ltr'><strong>habeo</strong></span> <span class='ocrx_word' id='word_1_556' title='bbox 1900 3897 2039 3968; x_wconf 77' lang='lat' dir='ltr'><strong>loqui</strong></span> 
     </span>
    </p>
   </div>
   <div class='ocr_carea' id='block_1_69' title="bbox 442 3986 2038 4056">
    <p class='ocr_par' dir='ltr' id='par_1_69' title="bbox 442 3986 2038 4056">
     <span class='ocr_line' id='line_1_69' title="bbox 442 3986 2038 4056; baseline 0.002 -17"><span class='ocrx_word' id='word_1_557' title='bbox 442 3987 616 4051; x_wconf 78' lang='lat' dir='ltr'><strong>vobis;</strong></span> <span class='ocrx_word' id='word_1_558' title='bbox 660 3986 750 4040; x_wconf 89' lang='lat' dir='ltr'><strong>sed</strong></span> <span class='ocrx_word' id='word_1_559' title='bbox 788 4000 891 4039; x_wconf 89' lang='lat' dir='ltr'><strong>non</strong></span> <span class='ocrx_word' id='word_1_560' title='bbox 947 3987 1152 4056; x_wconf 82' lang='lat' dir='ltr'><strong>potestis</strong></span> <span class='ocrx_word' id='word_1_561' title='bbox 1205 3996 1410 4055; x_wconf 78' lang='lat' dir='ltr'><strong>portare</strong></span> <span class='ocrx_word' id='word_1_562' title='bbox 1458 3988 1627 4041; x_wconf 72' lang='lat' dir='ltr'><strong>nando.</strong></span> <span class='ocrx_word' id='word_1_563' title='bbox 1685 3986 1812 4043; x_wconf 84' lang='lat' dir='ltr'><strong>Cum</strong></span> <span class='ocrx_word' id='word_1_564' title='bbox 1854 3992 2038 4043; x_wconf 78' lang='lat' dir='ltr'><strong>venerit</strong></span> 
     </span>
    </p>
   </div>
   <div class='ocr_carea' id='block_1_70' title="bbox 447 4075 2042 4147">
    <p class='ocr_par' dir='ltr' id='par_1_70' title="bbox 447 4075 2042 4147">
     <span class='ocr_line' id='line_1_70' title="bbox 447 4075 2042 4147; baseline 0.003 -17"><span class='ocrx_word' id='word_1_565' title='bbox 447 4076 537 4130; x_wconf 87' lang='lat' dir='ltr'><strong>ille</strong></span> <span class='ocrx_word' id='word_1_566' title='bbox 583 4075 813 4147; x_wconf 70' lang='lat' dir='ltr'><strong>Spiritus</strong></span> <span class='ocrx_word' id='word_1_567' title='bbox 839 4077 1085 4144; x_wconf 80' lang='lat' dir='ltr'><strong>ueritatis,</strong></span> <span class='ocrx_word' id='word_1_568' title='bbox 1105 4076 1299 4131; x_wconf 80' lang='lat' dir='ltr'><strong>docebit</strong></span> <span class='ocrx_word' id='word_1_569' title='bbox 1326 4093 1414 4131; x_wconf 85' lang='lat' dir='ltr'><strong>vos</strong></span> <span class='ocrx_word' id='word_1_570' title='bbox 1438 4093 1635 4131; x_wconf 84' lang='lat' dir='ltr'><strong>omnem</strong></span> <span class='ocrx_word' id='word_1_571' title='bbox 1664 4079 1921 4133; x_wconf 84' lang='lat' dir='ltr'><strong>veritatem</strong></span> <span class='ocrx_word' id='word_1_572' title='bbox 1944 4122 1958 4146; x_wconf 93' lang='lat'><strong>,</strong></span> <span class='ocrx_word' id='word_1_573' title='bbox 1992 4088 2042 4134; x_wconf 81' lang='lat' dir='ltr'><strong>et</strong></span> 
     </span>
    </p>
   </div>
   <div class='ocr_carea' id='block_1_71' title="bbox 445 4166 2040 4238">
    <p class='ocr_par' dir='ltr' id='par_1_71' title="bbox 445 4166 2040 4238">
     <span class='ocr_line' id='line_1_71' title="bbox 445 4166 2040 4238; baseline 0.001 -15"><span class='ocrx_word' id='word_1_574' title='bbox 445 4183 559 4237; x_wconf 69' lang='lat' dir='ltr'><strong>qua</strong></span> <span class='ocrx_word' id='word_1_575' title='bbox 577 4177 789 4224; x_wconf 81' lang='lat' dir='ltr'><strong>uentura</strong></span> <span class='ocrx_word' id='word_1_576' title='bbox 811 4177 928 4223; x_wconf 68' lang='lat' dir='ltr'><strong>sunt</strong></span> <span class='ocrx_word' id='word_1_577' title='bbox 947 4167 1269 4223; x_wconf 76' lang='lat' dir='ltr'><strong>onuuntiabit</strong></span> <span class='ocrx_word' id='word_1_578' title='bbox 1288 4166 1443 4222; x_wconf 69' lang='lat' dir='ltr'><strong>vobis.</strong></span> <span class='ocrx_word' id='word_1_579' title='bbox 1475 4168 1628 4236; x_wconf 80' lang='lat' dir='ltr'><strong>Quod</strong></span> <span class='ocrx_word' id='word_1_580' title='bbox 1659 4170 1831 4238; x_wconf 85' lang='lat' dir='ltr'><strong>ipsum</strong></span> <span class='ocrx_word' id='word_1_581' title='bbox 1865 4180 2040 4226; x_wconf 55' lang='lat' dir='ltr'><strong>tamen</strong></span> 
     </span>
    </p>
   </div>
   <div class='ocr_carea' id='block_1_72' title="bbox 446 4259 2039 4331">
    <p class='ocr_par' dir='ltr' id='par_1_72' title="bbox 446 4259 2039 4331">
     <span class='ocr_line' id='line_1_72' title="bbox 446 4259 2039 4331; baseline 0.002 -16"><span class='ocrx_word' id='word_1_582' title='bbox 446 4259 707 4315; x_wconf 79' lang='lat' dir='ltr'><strong>catholico</strong></span> <span class='ocrx_word' id='word_1_583' title='bbox 748 4260 1128 4330; x_wconf 81' lang='lat' dir='ltr'><strong>interpretatur</strong></span> <span class='ocrx_word' id='word_1_584' title='bbox 1171 4259 1313 4314; x_wconf 90' lang='lat' dir='ltr'><strong>dicto</strong></span> <span class='ocrx_word' id='word_1_585' title='bbox 1354 4260 1445 4315; x_wconf 77' lang='lat' dir='ltr'><strong>lib.</strong></span> <span class='ocrx_word' id='word_1_586' title='bbox 1477 4261 1545 4316; x_wconf 88' lang='lat' dir='ltr'><strong>de</strong></span> <span class='ocrx_word' id='word_1_587' title='bbox 1576 4261 1879 4331; x_wconf 65' lang='lat' dir='ltr'><strong>Prmacript.</strong></span> <span class='ocrx_word' id='word_1_588' title='bbox 1916 4262 2039 4319; x_wconf 88' lang='lat' dir='ltr'><strong>adv.</strong></span> 
     </span>
    </p>
   </div>
   <div class='ocr_carea' id='block_1_73' title="bbox 449 4333 2045 4428">
    <p class='ocr_par' dir='ltr' id='par_1_73' title="bbox 449 4333 2045 4428">
     <span class='ocr_line' id='line_1_73' title="bbox 449 4333 2045 4428; baseline 0.005 -23"><span class='ocrx_word' id='word_1_589' title='bbox 449 4348 640 4407; x_wconf 66' lang='lat' dir='ltr'><strong>haeret?</strong></span> <span class='ocrx_word' id='word_1_590' title='bbox 681 4333 752 4406; x_wconf 32' lang='lat' dir='ltr'><strong>cf</strong></span> <span class='ocrx_word' id='word_1_591' title='bbox 773 4352 828 4408; x_wconf 86' lang='lat'><strong>8.</strong></span> <span class='ocrx_word' id='word_1_592' title='bbox 872 4369 928 4408; x_wconf 90' lang='lat' dir='ltr'><strong>n.</strong></span> <span class='ocrx_word' id='word_1_593' title='bbox 970 4352 1058 4408; x_wconf 82' lang='grc'><strong>62.</strong></span> <span class='ocrx_word' id='word_1_594' title='bbox 1113 4352 1183 4407; x_wconf 91' lang='lat' dir='ltr'><strong>de</strong></span> <span class='ocrx_word' id='word_1_595' title='bbox 1226 4353 1496 4422; x_wconf 83' lang='lat' dir='ltr'><strong>Apostolis</strong></span> <span class='ocrx_word' id='word_1_596' title='bbox 1540 4353 1761 4428; x_wconf 77' lang='lat' dir='ltr'><strong>loquens</strong></span> <span class='ocrx_word' id='word_1_597' title='bbox 1811 4374 1821 4409; x_wconf 90' lang='lat'><strong>:</strong></span> <span class='ocrx_word' id='word_1_598' title='bbox 1856 4356 2045 4413; x_wconf 84' lang='lat' dir='ltr'><strong>Conse-</strong></span> 
     </span>
    </p>
   </div>
   <div class='ocr_carea' id='block_1_74' title="bbox 450 4442 2049 4519">
    <p class='ocr_par' dir='ltr' id='par_1_74' title="bbox 450 4442 2049 4519">
     <span class='ocr_line' id='line_1_74' title="bbox 450 4442 2049 4519; baseline 0.006 -24"><span class='ocrx_word' id='word_1_599' title='bbox 450 4444 616 4496; x_wconf 79' lang='lat' dir='ltr'><strong>cuturi</strong></span> <span class='ocrx_word' id='word_1_600' title='bbox 660 4456 785 4498; x_wconf 79' lang='lat' dir='ltr'><strong>mox</strong></span> <span class='ocrx_word' id='word_1_601' title='bbox 831 4442 1085 4508; x_wconf 83' lang='lat' dir='ltr'><strong>Spiritum</strong></span> <span class='ocrx_word' id='word_1_602' title='bbox 1129 4442 1376 4499; x_wconf 74' lang='lat' dir='ltr'><strong>Sanctum</strong></span> <span class='ocrx_word' id='word_1_603' title='bbox 1407 4442 1764 4514; x_wconf 76' lang='lat' dir='ltr'><strong>Paracletum,</strong></span> <span class='ocrx_word' id='word_1_604' title='bbox 1797 4448 1883 4519; x_wconf 87' lang='lat' dir='ltr'><strong>qui</strong></span> <span class='ocrx_word' id='word_1_605' title='bbox 1928 4448 2049 4505; x_wconf 87' lang='lat' dir='ltr'><strong>illos</strong></span> 
     </span>
    </p>
   </div>
   <div class='ocr_carea' id='block_1_75' title="bbox 2139 3220 3802 3301">
    <p class='ocr_par' dir='ltr' id='par_1_75' title="bbox 2139 3220 3802 3301">
     <span class='ocr_line' id='line_1_75' title="bbox 2139 3220 3802 3301; baseline 0.012 -26"><span class='ocrx_word' id='word_1_606' title='bbox 2139 3220 2452 3292; x_wconf 85' lang='lat' dir='ltr'><strong>plerumque</strong></span> <span class='ocrx_word' id='word_1_607' title='bbox 2495 3238 2563 3279; x_wconf 85' lang='lat' dir='ltr'><strong>ex</strong></span> <span class='ocrx_word' id='word_1_608' title='bbox 2611 3225 2838 3282; x_wconf 84' lang='lat' dir='ltr'><strong>Paciano</strong></span> <span class='ocrx_word' id='word_1_609' title='bbox 2866 3230 3261 3301; x_wconf 86' lang='lat' dir='ltr'><strong>respondimus,</strong></span> <span class='ocrx_word' id='word_1_610' title='bbox 3303 3234 3528 3292; x_wconf 87' lang='lat' dir='ltr'><strong>addueta</strong></span> <span class='ocrx_word' id='word_1_611' title='bbox 3572 3238 3640 3294; x_wconf 90' lang='lat' dir='ltr'><strong>ad</strong></span> <span class='ocrx_word' id='word_1_612' title='bbox 3687 3238 3739 3294; x_wconf 89' lang='lat' dir='ltr'><strong>id</strong></span> <span class='ocrx_word' id='word_1_613' title='bbox 3799 3227 3802 3229; x_wconf 23' lang='grc' dir='ltr'>λ</span> 
     </span>
    </p>
   </div>
   <div class='ocr_carea' id='block_1_76' title="bbox 2138 3312 3738 3400">
    <p class='ocr_par' dir='ltr' id='par_1_76' title="bbox 2138 3312 3738 3400">
     <span class='ocr_line' id='line_1_76' title="bbox 2138 3312 3738 3400; baseline 0.013 -34"><span class='ocrx_word' id='word_1_614' title='bbox 2138 3320 2399 3381; x_wconf 73' lang='lat' dir='ltr'><strong>praeterea</strong></span> <span class='ocrx_word' id='word_1_615' title='bbox 2417 3314 2819 3387; x_wconf 85' lang='lat' dir='ltr'><strong>Scripturarum</strong></span> <span class='ocrx_word' id='word_1_616' title='bbox 2860 3320 3062 3391; x_wconf 83' lang='lat' dir='ltr'><strong>aliquot</strong></span> <span class='ocrx_word' id='word_1_617' title='bbox 3092 3312 3444 3394; x_wconf 81' lang='lat' dir='ltr'><strong>expllcatione</strong></span> <span class='ocrx_word' id='word_1_618' title='bbox 3489 3342 3631 3400; x_wconf 70' lang='lat' dir='ltr'><strong>sarpe</strong></span> <span class='ocrx_word' id='word_1_619' title='bbox 3672 3345 3738 3386; x_wconf 80' lang='lat' dir='ltr'><strong>ex</strong></span> 
     </span>
    </p>
   </div>
   <div class='ocr_carea' id='block_1_77' title="bbox 2139 3402 3740 3489">
    <p class='ocr_par' dir='ltr' id='par_1_77' title="bbox 2139 3402 3740 3489">
     <span class='ocr_line' id='line_1_77' title="bbox 2139 3402 3740 3489; baseline 0.012 -32"><span class='ocrx_word' id='word_1_620' title='bbox 2139 3402 2256 3473; x_wconf 89' lang='lat' dir='ltr'><strong>ipso</strong></span> <span class='ocrx_word' id='word_1_621' title='bbox 2276 3405 2626 3463; x_wconf 84' lang='lat' dir='ltr'><strong>Tertulliano.</strong></span> <span class='ocrx_word' id='word_1_622' title='bbox 2660 3408 2951 3468; x_wconf 84' lang='lat' dir='ltr'><strong>Citavimus</strong></span> <span class='ocrx_word' id='word_1_623' title='bbox 2976 3415 3135 3471; x_wconf 88' lang='lat' dir='ltr'><strong>etiam</strong></span> <span class='ocrx_word' id='word_1_624' title='bbox 3162 3417 3229 3472; x_wconf 91' lang='lat' dir='ltr'><strong>ad</strong></span> <span class='ocrx_word' id='word_1_625' title='bbox 3256 3432 3367 3489; x_wconf 88' lang='lat' dir='ltr'><strong>cap.</strong></span> <span class='ocrx_word' id='word_1_626' title='bbox 3390 3419 3457 3475; x_wconf 24' lang='lat'><strong>.9.</strong></span> <span class='ocrx_word' id='word_1_627' title='bbox 3489 3437 3635 3477; x_wconf 92' lang='lat' dir='ltr'><strong>num.</strong></span> <span class='ocrx_word' id='word_1_628' title='bbox 3672 3421 3740 3477; x_wconf 81' lang='grc'><strong>72</strong></span> 
     </span>
    </p>
   </div>
   <div class='ocr_carea' id='block_1_78' title="bbox 2138 3497 3737 3587">
    <p class='ocr_par' dir='ltr' id='par_1_78' title="bbox 2138 3497 3737 3587">
     <span class='ocr_line' id='line_1_78' title="bbox 2138 3497 3737 3587; baseline 0.012 -34"><span class='ocrx_word' id='word_1_629' title='bbox 2138 3504 2194 3553; x_wconf 90' lang='lat' dir='ltr'><strong>et</strong></span> <span class='ocrx_word' id='word_1_630' title='bbox 2222 3498 2308 3554; x_wconf 72' lang='lat'><strong>73.</strong></span> <span class='ocrx_word' id='word_1_631' title='bbox 2341 3497 2398 3553; x_wconf 93' lang='lat' dir='ltr'><strong>S.</strong></span> <span class='ocrx_word' id='word_1_632' title='bbox 2430 3499 2651 3557; x_wconf 82' lang='lat' dir='ltr'><strong>Hieron.</strong></span> <span class='ocrx_word' id='word_1_633' title='bbox 2686 3502 2855 3574; x_wconf 85' lang='lat' dir='ltr'><strong>Epist.</strong></span> <span class='ocrx_word' id='word_1_634' title='bbox 2890 3506 3200 3564; x_wconf 83' lang='lat' dir='ltr'><strong>ad&#39;Damas.</strong></span> <span class='ocrx_word' id='word_1_635' title='bbox 3230 3510 3299 3567; x_wconf 91' lang='lat' dir='ltr'><strong>de</strong></span> <span class='ocrx_word' id='word_1_636' title='bbox 3326 3511 3532 3569; x_wconf 88' lang='lat' dir='ltr'><strong>duobus</strong></span> <span class='ocrx_word' id='word_1_637' title='bbox 3580 3514 3700 3572; x_wconf 82' lang='lat' dir='ltr'><strong>ﬁliis</strong></span> <span class='ocrx_word' id='word_1_638' title='bbox 3723 3560 3737 3587; x_wconf 89' lang='lat'><strong>,</strong></span> 
     </span>
    </p>
   </div>
   <div class='ocr_carea' id='block_1_79' title="bbox 2138 3591 3744 3677">
    <p class='ocr_par' dir='ltr' id='par_1_79' title="bbox 2138 3591 3744 3677">
     <span class='ocr_line' id='line_1_79' title="bbox 2138 3591 3744 3677; baseline 0.014 -32"><span class='ocrx_word' id='word_1_639' title='bbox 2138 3591 2231 3647; x_wconf 86' lang='lat' dir='ltr'><strong>ubi</strong></span> <span class='ocrx_word' id='word_1_640' title='bbox 2260 3609 2327 3649; x_wconf 76' lang='lat' dir='ltr'><strong>es</strong></span> <span class='ocrx_word' id='word_1_641' title='bbox 2358 3594 2598 3664; x_wconf 85' lang='lat' dir='ltr'><strong>professo</strong></span> <span class='ocrx_word' id='word_1_642' title='bbox 2622 3606 2805 3654; x_wconf 84' lang='lat' dir='ltr'><strong>contra</strong></span> <span class='ocrx_word' id='word_1_643' title='bbox 2838 3602 3123 3659; x_wconf 77' lang='lat' dir='ltr'><strong>Auctorem</strong></span> <span class='ocrx_word' id='word_1_644' title='bbox 3169 3606 3306 3677; x_wconf 77' lang='lat' dir='ltr'><strong>agit,</strong></span> <span class='ocrx_word' id='word_1_645' title='bbox 3358 3617 3412 3665; x_wconf 87' lang='lat' dir='ltr'><strong>et</strong></span> <span class='ocrx_word' id='word_1_646' title='bbox 3460 3610 3599 3667; x_wconf 84' lang='lat' dir='ltr'><strong>inter</strong></span> <span class='ocrx_word' id='word_1_647' title='bbox 3641 3627 3744 3667; x_wconf 76' lang='lat' dir='ltr'><strong>ca:-</strong></span> 
     </span>
    </p>
   </div>
   <div class='ocr_carea' id='block_1_80' title="bbox 2140 3686 3734 3776">
    <p class='ocr_par' dir='ltr' id='par_1_80' title="bbox 2140 3686 3734 3776">
     <span class='ocr_line' id='line_1_80' title="bbox 2140 3686 3734 3776; baseline 0.016 -39"><span class='ocrx_word' id='word_1_648' title='bbox 2140 3691 2253 3739; x_wconf 86' lang='lat' dir='ltr'><strong>tera</strong></span> <span class='ocrx_word' id='word_1_649' title='bbox 2283 3686 2444 3741; x_wconf 87' lang='lat' dir='ltr'><strong>etiam</strong></span> <span class='ocrx_word' id='word_1_650' title='bbox 2475 3686 2742 3759; x_wconf 81' lang='lat' dir='ltr'><strong>defendit,</strong></span> <span class='ocrx_word' id='word_1_651' title='bbox 2775 3692 3085 3762; x_wconf 86' lang='lat' dir='ltr'><strong>publicanos</strong></span> <span class='ocrx_word' id='word_1_652' title='bbox 3108 3697 3295 3769; x_wconf 85' lang='lat' dir='ltr'><strong>fuis&#39;sc,</strong></span> <span class='ocrx_word' id='word_1_653' title='bbox 3329 3718 3435 3758; x_wconf 90' lang='lat' dir='ltr'><strong>non</strong></span> <span class='ocrx_word' id='word_1_654' title='bbox 3469 3687 3734 3776; x_wconf 75' lang='lat' dir='ltr'><strong>ethnicos,</strong></span> 
     </span>
    </p>
   </div>
   <div class='ocr_carea' id='block_1_81' title="bbox 2141 3776 3795 3871">
    <p class='ocr_par' dir='ltr' id='par_1_81' title="bbox 2141 3776 3795 3871">
     <span class='ocr_line' id='line_1_81' title="bbox 2141 3776 3795 3871; baseline 0.015 -41"><span class='ocrx_word' id='word_1_655' title='bbox 2339 3778 2427 3834; x_wconf 89' lang='lat' dir='ltr'><strong>ille</strong></span> <span class='ocrx_word' id='word_1_656' title='bbox 2471 3780 2716 3847; x_wconf 83' lang='lat' dir='ltr'><strong>volebat,</strong></span> <span class='ocrx_word' id='word_1_657' title='bbox 2769 3785 2863 3841; x_wconf 85' lang='lat' dir='ltr'><strong>sed</strong></span> <span class='ocrx_word' id='word_1_658' title='bbox 2916 3785 3163 3857; x_wconf 76' lang='lat' dir='ltr'><strong>Iudaeos,</strong></span> <span class='ocrx_word' id='word_1_659' title='bbox 3220 3793 3383 3865; x_wconf 90' lang='lat' dir='ltr'><strong>idque</strong></span> <span class='ocrx_word' id='word_1_660' title='bbox 3442 3798 3739 3868; x_wconf 80' lang='lat' dir='ltr'><strong>exemplis,</strong></span> <span class='ocrx_word' id='word_1_661' title='bbox 3774 3852 3795 3871; x_wconf 72' lang='grc'><strong><em>,</em></strong></span> 
     </span>
    </p>
   </div>
   <div class='ocr_carea' id='block_1_82' title="bbox 2141 3865 3741 3955">
    <p class='ocr_par' dir='ltr' id='par_1_82' title="bbox 2141 3865 3741 3955">
     <span class='ocr_line' id='line_1_82' title="bbox 2141 3865 3741 3955; baseline 0.016 -35"><span class='ocrx_word' id='word_1_662' title='bbox 2141 3865 2329 3955; x_wconf 65' lang='lat' dir='ltr'><strong>Matth.</strong></span> <span class='ocrx_word' id='word_1_663' title='bbox 2358 3884 2425 3926; x_wconf 75' lang='lat' dir='ltr'><strong>ex</strong></span> <span class='ocrx_word' id='word_1_664' title='bbox 2475 3871 2885 3933; x_wconf 81' lang='lat' dir='ltr'><strong>circumcisione</strong></span> <span class='ocrx_word' id='word_1_665' title='bbox 2932 3881 3209 3955; x_wconf 84' lang='lat' dir='ltr'><strong>Apostoli,</strong></span> <span class='ocrx_word' id='word_1_666' title='bbox 3265 3865 3667 3955; x_wconf 83' lang='lat' dir='ltr'><strong>publicanorum</strong></span> <span class='ocrx_word' id='word_1_667' title='bbox 3711 3905 3741 3944; x_wconf 89' lang='lat' dir='ltr'><strong>a</strong></span> 
     </span>
    </p>
   </div>
   <div class='ocr_carea' id='block_1_83' title="bbox 2142 3958 3824 4055">
    <p class='ocr_par' dir='ltr' id='par_1_83' title="bbox 2142 3958 3824 4055">
     <span class='ocr_line' id='line_1_83' title="bbox 2142 3958 3824 4055; baseline 0.014 -43"><span class='ocrx_word' id='word_1_668' title='bbox 2142 3958 2347 4055; x_wconf 57' lang='lat' dir='ltr'><strong>loanne</strong></span> <span class='ocrx_word' id='word_1_669' title='bbox 2374 3962 2782 4055; x_wconf 76' lang='lat' dir='ltr'><strong>baptizatorum,</strong></span> <span class='ocrx_word' id='word_1_670' title='bbox 2815 3978 2870 4026; x_wconf 79' lang='lat' dir='ltr'><strong>et</strong></span> <span class='ocrx_word' id='word_1_671' title='bbox 2897 3972 3162 4042; x_wconf 85' lang='lat' dir='ltr'><strong>publicani</strong></span> <span class='ocrx_word' id='word_1_672' title='bbox 3189 3981 3391 4036; x_wconf 87' lang='lat' dir='ltr'><strong>orantis</strong></span> <span class='ocrx_word' id='word_1_673' title='bbox 3436 3983 3487 4036; x_wconf 92' lang='lat' dir='ltr'><strong>in</strong></span> <span class='ocrx_word' id='word_1_674' title='bbox 3523 3984 3740 4055; x_wconf 82' lang='lat' dir='ltr'><strong>templo,</strong></span> <span class='ocrx_word' id='word_1_675' title='bbox 3820 4032 3824 4036; x_wconf 76' lang='grc'>,</span> 
     </span>
    </p>
   </div>
   <div class='ocr_carea' id='block_1_84' title="bbox 2143 4050 3776 4143">
    <p class='ocr_par' dir='ltr' id='par_1_84' title="bbox 2143 4050 3776 4143">
     <span class='ocr_line' id='line_1_84' title="bbox 2143 4050 3776 4143; baseline 0.019 -38"><span class='ocrx_word' id='word_1_676' title='bbox 2143 4050 2347 4109; x_wconf 66' lang='grc' dir='ltr'><strong>ΙιυοΝ.</strong></span> <span class='ocrx_word' id='word_1_677' title='bbox 2374 4053 2480 4112; x_wconf 88' lang='lat' dir='ltr'><strong>vn.</strong></span> <span class='ocrx_word' id='word_1_678' title='bbox 2509 4072 2571 4113; x_wconf 86' lang='lat' dir='ltr'><strong>ac</strong></span> <span class='ocrx_word' id='word_1_679' title='bbox 2590 4057 2777 4121; x_wconf 84' lang='lat' dir='ltr'><strong>xvnt.</strong></span> <span class='ocrx_word' id='word_1_680' title='bbox 2806 4065 2895 4135; x_wconf 90' lang='lat' dir='ltr'><strong>qui</strong></span> <span class='ocrx_word' id='word_1_681' title='bbox 2923 4068 2968 4122; x_wconf 90' lang='lat' dir='ltr'><strong>si</strong></span> <span class='ocrx_word' id='word_1_682' title='bbox 2996 4068 3193 4127; x_wconf 82' lang='lat' dir='ltr'><strong>ethnici</strong></span> <span class='ocrx_word' id='word_1_683' title='bbox 3218 4072 3467 4143; x_wconf 80' lang='lat' dir='ltr'><strong>fuissent,</strong></span> <span class='ocrx_word' id='word_1_684' title='bbox 3491 4093 3611 4134; x_wconf 88' lang='lat' dir='ltr'><strong>cum</strong></span> <span class='ocrx_word' id='word_1_685' title='bbox 3629 4050 3739 4136; x_wconf 65' lang='lat' dir='ltr'><strong>ints</strong></span> <span class='ocrx_word' id='word_1_686' title='bbox 3770 4106 3776 4117; x_wconf 67' lang='grc' dir='ltr'><strong><em>ε</em></strong></span> 
     </span>
    </p>
   </div>
   <div class='ocr_carea' id='block_1_85' title="bbox 2143 4144 3744 4240">
    <p class='ocr_par' dir='ltr' id='par_1_85' title="bbox 2143 4144 3744 4240">
     <span class='ocr_line' id='line_1_85' title="bbox 2143 4144 3744 4240; baseline 0.018 -40"><span class='ocrx_word' id='word_1_687' title='bbox 2143 4144 2391 4204; x_wconf 74' lang='lat' dir='ltr'><strong>Christus</strong></span> <span class='ocrx_word' id='word_1_688' title='bbox 2417 4165 2525 4207; x_wconf 87' lang='lat' dir='ltr'><strong>non</strong></span> <span class='ocrx_word' id='word_1_689' title='bbox 2554 4151 2826 4210; x_wconf 83' lang='lat' dir='ltr'><strong>habuisset</strong></span> <span class='ocrx_word' id='word_1_690' title='bbox 2866 4159 3201 4229; x_wconf 82' lang='lat' dir='ltr'><strong>convivium,</strong></span> <span class='ocrx_word' id='word_1_691' title='bbox 3254 4181 3320 4222; x_wconf 89' lang='lat' dir='ltr'><strong>ne</strong></span> <span class='ocrx_word' id='word_1_692' title='bbox 3371 4164 3540 4240; x_wconf 75' lang='lat' dir='ltr'><strong>legem</strong></span> <span class='ocrx_word' id='word_1_693' title='bbox 3572 4173 3744 4227; x_wconf 87' lang='lat' dir='ltr'><strong>solve-</strong></span> 
     </span>
    </p>
   </div>
   <div class='ocr_carea' id='block_1_86' title="bbox 2146 4242 3743 4320">
    <p class='ocr_par' dir='ltr' id='par_1_86' title="bbox 2146 4242 3743 4320">
     <span class='ocr_line' id='line_1_86' title="bbox 2146 4242 3743 4320; baseline 0.018 -29"><span class='ocrx_word' id='word_1_694' title='bbox 2146 4245 2263 4305; x_wconf 85' lang='lat' dir='ltr'><strong>ret,</strong></span> <span class='ocrx_word' id='word_1_695' title='bbox 2300 4255 2471 4311; x_wconf 85' lang='lat' dir='ltr'><strong>neque</strong></span> <span class='ocrx_word' id='word_1_696' title='bbox 2496 4242 2585 4298; x_wconf 87' lang='lat' dir='ltr'><strong>hic</strong></span> <span class='ocrx_word' id='word_1_697' title='bbox 2610 4245 2660 4299; x_wconf 92' lang='lat' dir='ltr'><strong>in</strong></span> <span class='ocrx_word' id='word_1_698' title='bbox 2695 4249 2951 4319; x_wconf 84' lang='lat' dir='ltr'><strong>templum</strong></span> <span class='ocrx_word' id='word_1_699' title='bbox 2993 4252 3258 4311; x_wconf 88' lang='lat' dir='ltr'><strong>admissus</strong></span> <span class='ocrx_word' id='word_1_700' title='bbox 3289 4256 3493 4317; x_wconf 79' lang='lat' dir='ltr'><strong>luisset.</strong></span> <span class='ocrx_word' id='word_1_701' title='bbox 3523 4258 3590 4318; x_wconf 86' lang='lat' dir='ltr'><strong>El</strong></span> <span class='ocrx_word' id='word_1_702' title='bbox 3612 4278 3743 4320; x_wconf 84' lang='lat' dir='ltr'><strong>vero</strong></span> 
     </span>
    </p>
   </div>
   <div class='ocr_carea' id='block_1_87' title="bbox 2149 4333 3745 4426">
    <p class='ocr_par' dir='ltr' id='par_1_87' title="bbox 2149 4333 3745 4426">
     <span class='ocr_line' id='line_1_87' title="bbox 2149 4333 3745 4426; baseline 0.018 -41"><span class='ocrx_word' id='word_1_703' title='bbox 2149 4333 2357 4401; x_wconf 80' lang='lat' dir='ltr'><strong>quoties</strong></span> <span class='ocrx_word' id='word_1_704' title='bbox 2377 4335 2433 4390; x_wconf 89' lang='lat' dir='ltr'><strong>id</strong></span> <span class='ocrx_word' id='word_1_705' title='bbox 2458 4337 2509 4391; x_wconf 92' lang='lat' dir='ltr'><strong>in</strong></span> <span class='ocrx_word' id='word_1_706' title='bbox 2531 4337 2747 4395; x_wconf 88' lang='lat' dir='ltr'><strong>Christo</strong></span> <span class='ocrx_word' id='word_1_707' title='bbox 2766 4341 3109 4415; x_wconf 84' lang='lat' dir='ltr'><strong>denotabant,</strong></span> <span class='ocrx_word' id='word_1_708' title='bbox 3138 4350 3280 4419; x_wconf 89' lang='lat' dir='ltr'><strong>quod</strong></span> <span class='ocrx_word' id='word_1_709' title='bbox 3303 4366 3422 4408; x_wconf 90' lang='lat' dir='ltr'><strong>cum</strong></span> <span class='ocrx_word' id='word_1_710' title='bbox 3448 4350 3745 4426; x_wconf 87' lang='lat' dir='ltr'><strong>publicanis</strong></span> 
     </span>
    </p>
   </div>
   <div class='ocr_carea' id='block_1_88' title="bbox 2149 4430 3746 4521">
    <p class='ocr_par' dir='ltr' id='par_1_88' title="bbox 2149 4430 3746 4521">
     <span class='ocr_line' id='line_1_88' title="bbox 2149 4430 3746 4521; baseline 0.018 -43"><span class='ocrx_word' id='word_1_711' title='bbox 2149 4430 2357 4481; x_wconf 76' lang='lat' dir='ltr'><strong>coettnn</strong></span> <span class='ocrx_word' id='word_1_712' title='bbox 2387 4432 2844 4502; x_wconf 82' lang='lat' dir='ltr'><strong>communicaret,</strong></span> <span class='ocrx_word' id='word_1_713' title='bbox 2878 4435 2989 4493; x_wconf 88' lang='lat' dir='ltr'><strong>fere</strong></span> <span class='ocrx_word' id='word_1_714' title='bbox 3012 4438 3170 4495; x_wconf 84' lang='lat' dir='ltr'><strong>simul</strong></span> <span class='ocrx_word' id='word_1_715' title='bbox 3201 4444 3595 4517; x_wconf 79' lang='lat' dir='ltr'><strong>conjunguntur</strong></span> <span class='ocrx_word' id='word_1_716' title='bbox 3627 4465 3746 4521; x_wconf 85' lang='lat' dir='ltr'><strong>pec-</strong></span> 
     </span>
    </p>
   </div>
   <div class='ocr_carea' id='block_1_89' title="bbox 453 4522 3747 4622">
    <p class='ocr_par' dir='ltr' id='par_1_89' title="bbox 453 4522 3747 4622">
     <span class='ocr_line' id='line_1_89' title="bbox 453 4522 3747 4622; baseline 0.004 -32"><span class='ocrx_word' id='word_1_717' title='bbox 453 4536 764 4591; x_wconf 81' lang='lat' dir='ltr'><strong>dedneturus</strong></span> <span class='ocrx_word' id='word_1_718' title='bbox 813 4545 939 4595; x_wconf 79' lang='lat' dir='ltr'><strong>esset</strong></span> <span class='ocrx_word' id='word_1_719' title='bbox 978 4537 1034 4589; x_wconf 86' lang='lat' dir='ltr'><strong>in</strong></span> <span class='ocrx_word' id='word_1_720' title='bbox 1080 4550 1278 4590; x_wconf 73' lang='lat' dir='ltr'><strong>omnem</strong></span> <span class='ocrx_word' id='word_1_721' title='bbox 1328 4539 1617 4605; x_wconf 80' lang='lat' dir='ltr'><strong>veritatem,</strong></span> <span class='ocrx_word' id='word_1_722' title='bbox 1672 4549 1726 4617; x_wconf 77' lang='lat' dir='ltr'><strong>et</strong></span> <span class='ocrx_word' id='word_1_723' title='bbox 1769 4557 1983 4598; x_wconf 83' lang='lat' dir='ltr'><strong>rursum</strong></span> <span class='ocrx_word' id='word_1_724' title='bbox 2027 4522 2124 4599; x_wconf 71' lang='lat' dir='ltr'><strong>:D</strong></span> <span class='ocrx_word' id='word_1_725' title='bbox 2148 4527 2358 4575; x_wconf 68' lang='grc'><strong>(⁵³⁸0³⁸⁸⁸</strong></span> <span class='ocrx_word' id='word_1_726' title='bbox 2394 4531 2451 4577; x_wconf 68' lang='grc'><strong>⁸⁸</strong></span> <span class='ocrx_word' id='word_1_727' title='bbox 2486 4523 2748 4592; x_wconf 53' lang='lat' dir='ltr'><strong>Publium</strong></span> <span class='ocrx_word' id='word_1_728' title='bbox 2780 4544 2793 4581; x_wconf 76' lang='grc'>³</span> <span class='ocrx_word' id='word_1_729' title='bbox 2827 4537 2984 4600; x_wconf 53' lang='lat' dir='ltr'><strong>atque</strong></span> <span class='ocrx_word' id='word_1_730' title='bbox 3013 4532 3150 4591; x_wconf 69' lang='lat' dir='ltr'><strong>adeo</strong></span> <span class='ocrx_word' id='word_1_731' title='bbox 3179 4537 3319 4607; x_wconf 69' lang='lat' dir='ltr'><strong>(100d</strong></span> <span class='ocrx_word' id='word_1_732' title='bbox 3359 4554 3477 4596; x_wconf 87' lang='lat' dir='ltr'><strong>cum</strong></span> <span class='ocrx_word' id='word_1_733' title='bbox 3519 4542 3747 4622; x_wconf 77' lang='lat' dir='ltr'><strong>ethnicis</strong></span> 
     </span>
    </p>
   </div>
   <div class='ocr_carea' id='block_1_90' title="bbox 453 4629 2045 4704">
    <p class='ocr_par' dir='ltr' id='par_1_90' title="bbox 453 4629 2045 4704">
     <span class='ocr_line' id='line_1_90' title="bbox 453 4629 2045 4704; baseline 0.006 -21"><span class='ocrx_word' id='word_1_734' title='bbox 453 4629 743 4684; x_wconf 59' lang='lat' dir='ltr'><strong>stationibus</strong></span> <span class='ocrx_word' id='word_1_735' title='bbox 799 4629 1039 4683; x_wconf 77' lang='lat' dir='ltr'><strong>destinati</strong></span> <span class='ocrx_word' id='word_1_736' title='bbox 1072 4630 1337 4700; x_wconf 83' lang='lat' dir='ltr'><strong>Apostoli,</strong></span> <span class='ocrx_word' id='word_1_737' title='bbox 1383 4632 1485 4701; x_wconf 87' lang='lat' dir='ltr'><strong>ipsi</strong></span> <span class='ocrx_word' id='word_1_738' title='bbox 1544 4649 1742 4704; x_wconf 86' lang='lat' dir='ltr'><strong>quoque</strong></span> <span class='ocrx_word' id='word_1_739' title='bbox 1790 4636 2045 4693; x_wconf 86' lang='lat' dir='ltr'><strong>doctorem</strong></span> 
     </span>
    </p>
   </div>
   <div class='ocr_carea' id='block_1_91' title="bbox 454 4719 2046 4799">
    <p class='ocr_par' dir='ltr' id='par_1_91' title="bbox 454 4719 2046 4799">
     <span class='ocr_line' id='line_1_91' title="bbox 454 4719 2046 4799; baseline 0.006 -23"><span class='ocrx_word' id='word_1_740' title='bbox 454 4721 771 4776; x_wconf 74' lang='lat' dir='ltr'><strong>consecuturi</strong></span> <span class='ocrx_word' id='word_1_741' title='bbox 794 4728 937 4775; x_wconf 85' lang='lat' dir='ltr'><strong>erant</strong></span> <span class='ocrx_word' id='word_1_742' title='bbox 966 4719 1314 4775; x_wconf 83' lang='lat' dir='ltr'><strong>Paracletam.</strong></span> <span class='ocrx_word' id='word_1_743' title='bbox 1351 4721 1450 4777; x_wconf 84' lang='lat' dir='ltr'><strong>Ubi</strong></span> <span class='ocrx_word' id='word_1_744' title='bbox 1482 4738 1578 4794; x_wconf 79' lang='lat' dir='ltr'><strong>pro</strong></span> <span class='ocrx_word' id='word_1_745' title='bbox 1604 4726 1807 4783; x_wconf 83' lang='lat' dir='ltr'><strong>eisdem</strong></span> <span class='ocrx_word' id='word_1_746' title='bbox 1852 4727 2046 4799; x_wconf 84' lang='lat' dir='ltr'><strong>habet,</strong></span> 
     </span>
    </p>
   </div>
   <div class='ocr_carea' id='block_1_92' title="bbox 454 4809 2053 4890">
    <p class='ocr_par' dir='ltr' id='par_1_92' title="bbox 454 4809 2053 4890">
     <span class='ocr_line' id='line_1_92' title="bbox 454 4809 2053 4890; baseline 0.007 -24"><span class='ocrx_word' id='word_1_747' title='bbox 454 4812 709 4881; x_wconf 76' lang='lat' dir='ltr'><strong>Spiritum</strong></span> <span class='ocrx_word' id='word_1_748' title='bbox 737 4810 1003 4875; x_wconf 76' lang='lat' dir='ltr'><strong>Sanctum,</strong></span> <span class='ocrx_word' id='word_1_749' title='bbox 1031 4818 1086 4866; x_wconf 90' lang='lat' dir='ltr'><strong>et</strong></span> <span class='ocrx_word' id='word_1_750' title='bbox 1106 4809 1450 4880; x_wconf 79' lang='lat' dir='ltr'><strong>Paraeletum,</strong></span> <span class='ocrx_word' id='word_1_751' title='bbox 1479 4830 1647 4884; x_wconf 84' lang='lat' dir='ltr'><strong>quum</strong></span> <span class='ocrx_word' id='word_1_752' title='bbox 1669 4832 1946 4890; x_wconf 87' lang='lat' dir='ltr'><strong>perperam</strong></span> <span class='ocrx_word' id='word_1_753' title='bbox 1976 4821 2053 4878; x_wconf 87' lang='lat' dir='ltr'><strong>illi</strong></span> 
     </span>
    </p>
   </div>
   <div class='ocr_carea' id='block_1_93' title="bbox 455 4903 2050 4986">
    <p class='ocr_par' dir='ltr' id='par_1_93' title="bbox 455 4903 2050 4986">
     <span class='ocr_line' id='line_1_93' title="bbox 455 4903 2050 4986; baseline 0.007 -28"><span class='ocrx_word' id='word_1_754' title='bbox 455 4903 845 4974; x_wconf 72' lang='lat' dir='ltr'><strong>distinguerent</strong></span> <span class='ocrx_word' id='word_1_755' title='bbox 871 4903 979 4976; x_wconf 81' lang='lat' dir='ltr'><strong>(uti</strong></span> <span class='ocrx_word' id='word_1_756' title='bbox 996 4904 1080 4959; x_wconf 92' lang='lat' dir='ltr'><strong>vel</strong></span> <span class='ocrx_word' id='word_1_757' title='bbox 1120 4918 1186 4959; x_wconf 80' lang='lat' dir='ltr'><strong>ex</strong></span> <span class='ocrx_word' id='word_1_758' title='bbox 1217 4906 1339 4975; x_wconf 84' lang='lat' dir='ltr'><strong>ipso</strong></span> <span class='ocrx_word' id='word_1_759' title='bbox 1360 4906 1690 4965; x_wconf 72' lang='lat' dir='ltr'><strong>Terttdliano</strong></span> <span class='ocrx_word' id='word_1_760' title='bbox 1716 4912 1915 4969; x_wconf 89' lang='lat' dir='ltr'><strong>dictum</strong></span> <span class='ocrx_word' id='word_1_761' title='bbox 1946 4919 2050 4986; x_wconf 86' lang='lat' dir='ltr'><strong>est)</strong></span> 
     </span>
    </p>
   </div>
   <div class='ocr_carea' id='block_1_94' title="bbox 456 4993 2050 5076">
    <p class='ocr_par' dir='ltr' id='par_1_94' title="bbox 456 4993 2050 5076">
     <span class='ocr_line' id='line_1_94' title="bbox 456 4993 2050 5076; baseline 0.009 -26"><span class='ocrx_word' id='word_1_762' title='bbox 456 4994 711 5065; x_wconf 81' lang='lat' dir='ltr'><strong>Spiritum</strong></span> <span class='ocrx_word' id='word_1_763' title='bbox 750 5004 982 5051; x_wconf 77' lang='lat' dir='ltr'><strong>sumtum</strong></span> <span class='ocrx_word' id='word_1_764' title='bbox 1002 5036 1024 5063; x_wconf 57' lang='lat'><strong>,.</strong></span> <span class='ocrx_word' id='word_1_765' title='bbox 1043 5003 1100 5051; x_wconf 85' lang='lat' dir='ltr'><strong>et</strong></span> <span class='ocrx_word' id='word_1_766' title='bbox 1125 4993 1455 5053; x_wconf 77' lang='lat' dir='ltr'><strong>Paraeletuns</strong></span> <span class='ocrx_word' id='word_1_767' title='bbox 1487 5010 1594 5073; x_wconf 22' lang='lat' dir='ltr'><strong>:et»</strong></span> <span class='ocrx_word' id='word_1_768' title='bbox 1614 5001 1742 5059; x_wconf 81' lang='lat' dir='ltr'><strong>illud</strong></span> <span class='ocrx_word' id='word_1_769' title='bbox 1780 5006 1894 5076; x_wconf 86' lang='lat' dir='ltr'><strong>ipse</strong></span> <span class='ocrx_word' id='word_1_770' title='bbox 1916 5022 2050 5064; x_wconf 83' lang='lat' dir='ltr'><strong>con-</strong></span> 
     </span>
    </p>
   </div>
   <div class='ocr_carea' id='block_1_95' title="bbox 455 5089 2051 5165">
    <p class='ocr_par' dir='ltr' id='par_1_95' title="bbox 455 5089 2051 5165">
     <span class='ocr_line' id='line_1_95' title="bbox 455 5089 2051 5165; baseline 0.011 -22"><span class='ocrx_word' id='word_1_771' title='bbox 455 5098 635 5145; x_wconf 87' lang='lat' dir='ltr'><strong>textus</strong></span> <span class='ocrx_word' id='word_1_772' title='bbox 664 5089 1014 5161; x_wconf 68' lang='lat' dir='ltr'><strong>Evangelista:</strong></span> <span class='ocrx_word' id='word_1_773' title='bbox 1043 5090 1360 5160; x_wconf 84' lang='lat' dir='ltr'><strong>convincat,</strong></span> <span class='ocrx_word' id='word_1_774' title='bbox 1393 5101 1554 5165; x_wconf 89' lang='lat' dir='ltr'><strong>atque</strong></span> <span class='ocrx_word' id='word_1_775' title='bbox 1579 5095 1717 5152; x_wconf 88' lang='lat' dir='ltr'><strong>adeo</strong></span> <span class='ocrx_word' id='word_1_776' title='bbox 1748 5098 1827 5155; x_wconf 87' lang='lat' dir='ltr'><strong>sic</strong></span> <span class='ocrx_word' id='word_1_777' title='bbox 1875 5100 2051 5160; x_wconf 88' lang='lat' dir='ltr'><strong>locum</strong></span> 
     </span>
    </p>
   </div>
   <div class='ocr_carea' id='block_1_96' title="bbox 458 5180 2053 5258">
    <p class='ocr_par' dir='ltr' id='par_1_96' title="bbox 458 5180 2053 5258">
     <span class='ocr_line' id='line_1_96' title="bbox 458 5180 2053 5258; baseline 0.011 -23"><span class='ocrx_word' id='word_1_778' title='bbox 458 5180 609 5235; x_wconf 91' lang='lat' dir='ltr'><strong>illum</strong></span> <span class='ocrx_word' id='word_1_779' title='bbox 638 5180 1063 5252; x_wconf 86' lang='lat' dir='ltr'><strong>interpretantur</strong></span> <span class='ocrx_word' id='word_1_780' title='bbox 1086 5191 1298 5241; x_wconf 83' lang='lat' dir='ltr'><strong>veteres</strong></span> <span class='ocrx_word' id='word_1_781' title='bbox 1328 5198 1537 5251; x_wconf 78' lang='lat' dir='ltr'><strong>manes,</strong></span> <span class='ocrx_word' id='word_1_782' title='bbox 1566 5202 1631 5242; x_wconf 76' lang='lat' dir='ltr'><strong>ex</strong></span> <span class='ocrx_word' id='word_1_783' title='bbox 1655 5188 1899 5258; x_wconf 77' lang='lat' dir='ltr'><strong>professo</strong></span> <span class='ocrx_word' id='word_1_784' title='bbox 1923 5208 2053 5252; x_wconf 86' lang='lat' dir='ltr'><strong>vero</strong></span> 
     </span>
    </p>
   </div>
   <div class='ocr_carea' id='block_1_97' title="bbox 336 5272 2050 5351">
    <p class='ocr_par' dir='ltr' id='par_1_97' title="bbox 336 5272 2050 5351">
     <span class='ocr_line' id='line_1_97' title="bbox 336 5272 2050 5351; baseline 0.012 -27"><span class='ocrx_word' id='word_1_785' title='bbox 336 5310 343 5316; x_wconf 89' lang='lat'><strong>.</strong></span> <span class='ocrx_word' id='word_1_786' title='bbox 459 5272 582 5327; x_wconf 89' lang='lat' dir='ltr'><strong>adv.</strong></span> <span class='ocrx_word' id='word_1_787' title='bbox 616 5272 753 5328; x_wconf 87' lang='lat' dir='ltr'><strong>hanc</strong></span> <span class='ocrx_word' id='word_1_788' title='bbox 800 5272 1048 5331; x_wconf 74' lang='lat' dir='ltr'><strong>hzcresim</strong></span> <span class='ocrx_word' id='word_1_789' title='bbox 1108 5275 1168 5332; x_wconf 89' lang='lat' dir='ltr'><strong>S.</strong></span> <span class='ocrx_word' id='word_1_790' title='bbox 1221 5276 1358 5348; x_wconf 76' lang='lat' dir='ltr'><strong>Aug.</strong></span> <span class='ocrx_word' id='word_1_791' title='bbox 1418 5278 1731 5351; x_wconf 80' lang='lat' dir='ltr'><strong>tractatibus</strong></span> <span class='ocrx_word' id='word_1_792' title='bbox 1779 5284 1948 5341; x_wconf 82' lang='lat' dir='ltr'><strong>tribus</strong></span> <span class='ocrx_word' id='word_1_793' title='bbox 1996 5292 2050 5344; x_wconf 85' lang='lat' dir='ltr'><strong>in</strong></span> 
     </span>
    </p>
   </div>
   <div class='ocr_carea' id='block_1_98' title="bbox 396 5366 2049 5449">
    <p class='ocr_par' dir='ltr' id='par_1_98' title="bbox 396 5366 2049 5449">
     <span class='ocr_line' id='line_1_98' title="bbox 396 5366 2049 5449; baseline 0.01 -28"><span class='ocrx_word' id='word_1_794' title='bbox 396 5426 399 5429; x_wconf 6' lang='grc' dir='ltr'>ἤ</span> <span class='ocrx_word' id='word_1_795' title='bbox 459 5366 805 5438; x_wconf 79' lang='lat' dir='ltr'><strong>Evangelium</strong></span> <span class='ocrx_word' id='word_1_796' title='bbox 836 5366 1055 5423; x_wconf 83' lang='lat' dir='ltr'><strong>Joannis</strong></span> <span class='ocrx_word' id='word_1_797' title='bbox 1096 5385 1110 5424; x_wconf 88' lang='lat'><strong>:</strong></span> <span class='ocrx_word' id='word_1_798' title='bbox 1141 5383 1248 5441; x_wconf 86' lang='lat' dir='ltr'><strong>quo</strong></span> <span class='ocrx_word' id='word_1_799' title='bbox 1278 5370 1531 5428; x_wconf 85' lang='lat' dir='ltr'><strong>lectorem</strong></span> <span class='ocrx_word' id='word_1_800' title='bbox 1551 5376 1851 5446; x_wconf 82' lang='lat' dir='ltr'><strong>compendii</strong></span> <span class='ocrx_word' id='word_1_801' title='bbox 1881 5366 2049 5449; x_wconf 75' lang='lat' dir='ltr'><strong>gratia</strong></span> 
     </span>
    </p>
   </div>
   <div class='ocr_carea' id='block_1_99' title="bbox 460 5458 800 5514">
    <p class='ocr_par' dir='ltr' id='par_1_99' title="bbox 460 5458 800 5514">
     <span class='ocr_line' id='line_1_99' title="bbox 460 5458 800 5514; baseline 0 -2"><span class='ocrx_word' id='word_1_802' title='bbox 460 5458 800 5514; x_wconf 85' lang='lat' dir='ltr'><strong>remittimus.</strong></span> 
     </span>
    </p>
   </div>
   <div class='ocr_carea' id='block_1_100' title="bbox 458 5592 2051 5684">
    <p class='ocr_par' dir='ltr' id='par_1_100' title="bbox 458 5592 2051 5684">
     <span class='ocr_line' id='line_1_100' title="bbox 458 5592 2051 5684; baseline 0.011 -36"><span class='ocrx_word' id='word_1_803' title='bbox 458 5592 546 5650; x_wconf 74' lang='grc'><strong>27.</strong></span> <span class='ocrx_word' id='word_1_804' title='bbox 580 5594 655 5652; x_wconf 89' lang='lat' dir='ltr'><strong>De</strong></span> <span class='ocrx_word' id='word_1_805' title='bbox 680 5593 999 5653; x_wconf 69' lang='lat' dir='ltr'><strong>Pmnitentia</strong></span> <span class='ocrx_word' id='word_1_806' title='bbox 1030 5596 1258 5654; x_wconf 63' lang='lat' dir='ltr'><strong>mazcltis</strong></span> <span class='ocrx_word' id='word_1_807' title='bbox 1288 5602 1561 5671; x_wconf 65' lang='lat' dir='ltr'><strong>neganda.</strong></span> <span class='ocrx_word' id='word_1_808' title='bbox 1581 5602 1725 5660; x_wconf 83' lang='lat' dir='ltr'><strong>Tant.</strong></span> <span class='ocrx_word' id='word_1_809' title='bbox 1754 5605 1815 5662; x_wconf 88' lang='lat' dir='ltr'><strong>V.</strong></span> <span class='ocrx_word' id='word_1_810' title='bbox 1858 5610 2051 5684; x_wconf 81' lang='lat' dir='ltr'><strong>integro</strong></span> 
     </span>
    </p>
   </div>
   <div class='ocr_carea' id='block_1_101' title="bbox 998 5685 1510 5749">
    <p class='ocr_par' dir='ltr' id='par_1_101' title="bbox 998 5685 1510 5749">
     <span class='ocr_line' id='line_1_101' title="bbox 998 5685 1510 5749; baseline 0.02 -10"><span class='ocrx_word' id='word_1_811' title='bbox 998 5685 1124 5743; x_wconf 84' lang='lat' dir='ltr'><strong>libro</strong></span> <span class='ocrx_word' id='word_1_812' title='bbox 1144 5688 1207 5744; x_wconf 91' lang='lat' dir='ltr'><strong>de</strong></span> <span class='ocrx_word' id='word_1_813' title='bbox 1234 5688 1510 5749; x_wconf 80' lang='lat' dir='ltr'><strong>Pudicitia.</strong></span> 
     </span>
    </p>
   </div>
   <div class='ocr_carea' id='block_1_102' title="bbox 526 5796 2051 5882">
    <p class='ocr_par' dir='ltr' id='par_1_102' title="bbox 526 5796 2051 5882">
     <span class='ocr_line' id='line_1_102' title="bbox 526 5796 2051 5882; baseline 0.02 -33"><span class='ocrx_word' id='word_1_814' title='bbox 526 5796 674 5851; x_wconf 73' lang='lat' dir='ltr'><strong>Sicut</strong></span> <span class='ocrx_word' id='word_1_815' title='bbox 700 5797 752 5852; x_wconf 88' lang='lat' dir='ltr'><strong>in</strong></span> <span class='ocrx_word' id='word_1_816' title='bbox 782 5798 900 5853; x_wconf 59' lang='lat' dir='ltr'><strong>Vita</strong></span> <span class='ocrx_word' id='word_1_817' title='bbox 930 5797 1178 5855; x_wconf 80' lang='lat' dir='ltr'><strong>Auctoris</strong></span> <span class='ocrx_word' id='word_1_818' title='bbox 1206 5805 1599 5879; x_wconf 85' lang='lat' dir='ltr'><strong>aunotavimus,</strong></span> <span class='ocrx_word' id='word_1_819' title='bbox 1634 5824 1795 5882; x_wconf 87' lang='lat' dir='ltr'><strong>quum</strong></span> <span class='ocrx_word' id='word_1_820' title='bbox 1815 5818 2051 5881; x_wconf 85' lang='lat' dir='ltr'><strong>omnino</strong></span> 
     </span>
    </p>
   </div>
   <div class='ocr_carea' id='block_1_103' title="bbox 2150 4614 3748 4706">
    <p class='ocr_par' dir='ltr' id='par_1_103' title="bbox 2150 4614 3748 4706">
     <span class='ocr_line' id='line_1_103' title="bbox 2150 4614 3748 4706; baseline 0.018 -40"><span class='ocrx_word' id='word_1_821' title='bbox 2150 4614 2542 4683; x_wconf 83' lang='lat' dir='ltr'><strong>convivaretur,</strong></span> <span class='ocrx_word' id='word_1_822' title='bbox 2590 4633 2697 4674; x_wconf 88' lang='lat' dir='ltr'><strong>non</strong></span> <span class='ocrx_word' id='word_1_823' title='bbox 2741 4623 3254 4696; x_wconf 88' lang='lat' dir='ltr'><strong>reprehendebatur,</strong></span> <span class='ocrx_word' id='word_1_824' title='bbox 3308 4633 3401 4689; x_wconf 87' lang='lat' dir='ltr'><strong>scd</strong></span> <span class='ocrx_word' id='word_1_825' title='bbox 3449 4637 3571 4706; x_wconf 86' lang='lat' dir='ltr'><strong>quia</strong></span> <span class='ocrx_word' id='word_1_826' title='bbox 3623 4616 3748 4694; x_wconf 82' lang='lat' dir='ltr'><strong>cum</strong></span> 
     </span>
    </p>
   </div>
   <div class='ocr_carea' id='block_1_104' title="bbox 2153 4709 3744 4801">
    <p class='ocr_par' dir='ltr' id='par_1_104' title="bbox 2153 4709 3744 4801">
     <span class='ocr_line' id='line_1_104' title="bbox 2153 4709 3744 4801; baseline 0.018 -41"><span class='ocrx_word' id='word_1_827' title='bbox 2153 4709 2545 4776; x_wconf 79' lang='lat' dir='ltr'><strong>peccatoribus.</strong></span> <span class='ocrx_word' id='word_1_828' title='bbox 2601 4713 2720 4781; x_wconf 85' lang='lat' dir='ltr'><strong>Quo</strong></span> <span class='ocrx_word' id='word_1_829' title='bbox 2765 4717 2994 4784; x_wconf 81' lang='lat' dir='ltr'><strong>pertinet</strong></span> <span class='ocrx_word' id='word_1_830' title='bbox 3043 4720 3299 4801; x_wconf 75' lang='lat' dir='ltr'><strong>Pharisaei</strong></span> <span class='ocrx_word' id='word_1_831' title='bbox 3363 4732 3744 4801; x_wconf 85' lang='lat' dir='ltr'><strong>murmuratio,</strong></span> 
     </span>
    </p>
   </div>
   <div class='ocr_carea' id='block_1_105' title="bbox 2154 4797 3743 4892">
    <p class='ocr_par' dir='ltr' id='par_1_105' title="bbox 2154 4797 3743 4892">
     <span class='ocr_line' id='line_1_105' title="bbox 2154 4797 3743 4892; baseline 0.018 -39"><span class='ocrx_word' id='word_1_832' title='bbox 2154 4797 2283 4868; x_wconf 82' lang='lat' dir='ltr'><strong>Luc.</strong></span> <span class='ocrx_word' id='word_1_833' title='bbox 2309 4799 2422 4857; x_wconf 83' lang='lat' dir='ltr'><strong>VII.</strong></span> <span class='ocrx_word' id='word_1_834' title='bbox 2455 4802 2526 4860; x_wconf 87' lang='lat' dir='ltr'><strong>de</strong></span> <span class='ocrx_word' id='word_1_835' title='bbox 2545 4803 2847 4865; x_wconf 87' lang='lat' dir='ltr'><strong>Peccatrice</strong></span> <span class='ocrx_word' id='word_1_836' title='bbox 2873 4808 3111 4881; x_wconf 59' lang='lat' dir='ltr'><strong>lamina,</strong></span> <span class='ocrx_word' id='word_1_837' title='bbox 3153 4800 3206 4870; x_wconf 86' lang='lat' dir='ltr'><strong>in</strong></span> <span class='ocrx_word' id='word_1_838' title='bbox 3253 4832 3356 4889; x_wconf 88' lang='lat' dir='ltr'><strong>qua</strong></span> <span class='ocrx_word' id='word_1_839' title='bbox 3398 4797 3743 4892; x_wconf 72' lang='lat' dir='ltr'><strong>pmnitentibm</strong></span> 
     </span>
    </p>
   </div>
   <div class='ocr_carea' id='block_1_106' title="bbox 2154 4892 3747 4976">
    <p class='ocr_par' dir='ltr' id='par_1_106' title="bbox 2154 4892 3747 4976">
     <span class='ocr_line' id='line_1_106' title="bbox 2154 4892 3747 4976; baseline 0.016 -26"><span class='ocrx_word' id='word_1_840' title='bbox 2154 4896 2409 4967; x_wconf 74' lang='lat' dir='ltr'><strong>agnoscit</strong></span> <span class='ocrx_word' id='word_1_841' title='bbox 2438 4908 2494 4954; x_wconf 88' lang='lat' dir='ltr'><strong>et</strong></span> <span class='ocrx_word' id='word_1_842' title='bbox 2533 4903 2730 4957; x_wconf 80' lang='lat' dir='ltr'><strong>veniam</strong></span> <span class='ocrx_word' id='word_1_843' title='bbox 2776 4903 2889 4975; x_wconf 88' lang='lat' dir='ltr'><strong>ipse</strong></span> <span class='ocrx_word' id='word_1_844' title='bbox 2932 4905 3139 4966; x_wconf 87' lang='lat' dir='ltr'><strong>Tertul.</strong></span> <span class='ocrx_word' id='word_1_845' title='bbox 3180 4911 3273 4969; x_wconf 91' lang='lat' dir='ltr'><strong>lib.</strong></span> <span class='ocrx_word' id='word_1_846' title='bbox 3305 4914 3394 4969; x_wconf 87' lang='lat' dir='ltr'><strong>IV.</strong></span> <span class='ocrx_word' id='word_1_847' title='bbox 3420 4917 3544 4973; x_wconf 86' lang='lat' dir='ltr'><strong>adv.</strong></span> <span class='ocrx_word' id='word_1_848' title='bbox 3577 4892 3747 4976; x_wconf 76' lang='lat' dir='ltr'><strong>Marc.</strong></span> 
     </span>
    </p>
   </div>
   <div class='ocr_carea' id='block_1_107' title="bbox 2154 4991 3748 5083">
    <p class='ocr_par' dir='ltr' id='par_1_107' title="bbox 2154 4991 3748 5083">
     <span class='ocr_line' id='line_1_107' title="bbox 2154 4991 3748 5083; baseline 0.017 -41"><span class='ocrx_word' id='word_1_849' title='bbox 2154 5003 2272 5083; x_wconf 88' lang='lat' dir='ltr'><strong>cap.</strong></span> <span class='ocrx_word' id='word_1_850' title='bbox 2304 4991 2390 5047; x_wconf 69' lang='grc'><strong>18⁹</strong></span> <span class='ocrx_word' id='word_1_851' title='bbox 2422 5007 2572 5051; x_wconf 87' lang='lat' dir='ltr'><strong>num.</strong></span> <span class='ocrx_word' id='word_1_852' title='bbox 2602 4994 2731 5053; x_wconf 78' lang='grc'><strong>265.</strong></span> <span class='ocrx_word' id='word_1_853' title='bbox 2759 5013 2916 5069; x_wconf 88' lang='lat' dir='ltr'><strong>quam</strong></span> <span class='ocrx_word' id='word_1_854' title='bbox 2948 5009 3122 5060; x_wconf 88' lang='lat' dir='ltr'><strong>tamen</strong></span> <span class='ocrx_word' id='word_1_855' title='bbox 3150 5006 3453 5077; x_wconf 85' lang='lat' dir='ltr'><strong>ethnicarn,</strong></span> <span class='ocrx_word' id='word_1_856' title='bbox 3484 5026 3748 5083; x_wconf 90' lang='lat' dir='ltr'><strong>nusquam</strong></span> 
     </span>
    </p>
   </div>
   <div class='ocr_carea' id='block_1_108' title="bbox 2158 5082 3751 5175">
    <p class='ocr_par' dir='ltr' id='par_1_108' title="bbox 2158 5082 3751 5175">
     <span class='ocr_line' id='line_1_108' title="bbox 2158 5082 3751 5175; baseline 0.016 -40"><span class='ocrx_word' id='word_1_857' title='bbox 2158 5082 2358 5138; x_wconf 88' lang='lat' dir='ltr'><strong>Auctor</strong></span> <span class='ocrx_word' id='word_1_858' title='bbox 2384 5084 2538 5139; x_wconf 83' lang='lat' dir='ltr'><strong>audet</strong></span> <span class='ocrx_word' id='word_1_859' title='bbox 2560 5085 2762 5155; x_wconf 89' lang='lat' dir='ltr'><strong>dicere,</strong></span> <span class='ocrx_word' id='word_1_860' title='bbox 2788 5091 2908 5161; x_wconf 86' lang='lat' dir='ltr'><strong>quia</strong></span> <span class='ocrx_word' id='word_1_861' title='bbox 2929 5092 3044 5162; x_wconf 85' lang='lat' dir='ltr'><strong>eius</strong></span> <span class='ocrx_word' id='word_1_862' title='bbox 3070 5098 3344 5154; x_wconf 88' lang='lat' dir='ltr'><strong>castellum</strong></span> <span class='ocrx_word' id='word_1_863' title='bbox 3361 5082 3751 5175; x_wconf 83' lang='lat' dir='ltr'><strong>Hierosolymis</strong></span> 
     </span>
    </p>
   </div>
   <div class='ocr_carea' id='block_1_109' title="bbox 2155 5173 3751 5263">
    <p class='ocr_par' dir='ltr' id='par_1_109' title="bbox 2155 5173 3751 5263">
     <span class='ocr_line' id='line_1_109' title="bbox 2155 5173 3751 5263; baseline 0.018 -36"><span class='ocrx_word' id='word_1_864' title='bbox 2155 5173 2387 5230; x_wconf 82' lang='lat' dir='ltr'><strong>vicinum</strong></span> <span class='ocrx_word' id='word_1_865' title='bbox 2416 5176 2583 5234; x_wconf 77' lang='lat' dir='ltr'><strong>fuisse</strong></span> <span class='ocrx_word' id='word_1_866' title='bbox 2608 5190 2839 5249; x_wconf 86' lang='lat' dir='ltr'><strong>constat,</strong></span> <span class='ocrx_word' id='word_1_867' title='bbox 2874 5183 3031 5240; x_wconf 82' lang='lat' dir='ltr'><strong>Joan.</strong></span> <span class='ocrx_word' id='word_1_868' title='bbox 3060 5186 3152 5243; x_wconf 83' lang='lat' dir='ltr'><strong>XI.</strong></span> <span class='ocrx_word' id='word_1_869' title='bbox 3183 5188 3365 5262; x_wconf 86' lang='lat' dir='ltr'><strong>Neque</strong></span> <span class='ocrx_word' id='word_1_870' title='bbox 3406 5208 3506 5263; x_wconf 91' lang='lat' dir='ltr'><strong>pro</strong></span> <span class='ocrx_word' id='word_1_871' title='bbox 3531 5173 3751 5255; x_wconf 85' lang='lat' dir='ltr'><strong>auctore</strong></span> 
     </span>
    </p>
   </div>
   <div class='ocr_carea' id='block_1_110' title="bbox 2156 5266 3749 5356">
    <p class='ocr_par' dir='ltr' id='par_1_110' title="bbox 2156 5266 3749 5356">
     <span class='ocr_line' id='line_1_110' title="bbox 2156 5266 3749 5356; baseline 0.016 -36"><span class='ocrx_word' id='word_1_872' title='bbox 2156 5266 2446 5338; x_wconf 82' lang='lat' dir='ltr'><strong>quidquam</strong></span> <span class='ocrx_word' id='word_1_873' title='bbox 2471 5269 2595 5327; x_wconf 85' lang='lat' dir='ltr'><strong>facit</strong></span> <span class='ocrx_word' id='word_1_874' title='bbox 2617 5272 2747 5330; x_wconf 91' lang='lat' dir='ltr'><strong>illud</strong></span> <span class='ocrx_word' id='word_1_875' title='bbox 2780 5291 2799 5331; x_wconf 88' lang='lat'><strong><em>:</em></strong></span> <span class='ocrx_word' id='word_1_876' title='bbox 2835 5274 2959 5332; x_wconf 87' lang='lat' dir='ltr'><strong>Non</strong></span> <span class='ocrx_word' id='word_1_877' title='bbox 2997 5280 3091 5333; x_wconf 88' lang='lat' dir='ltr'><strong>erit</strong></span> <span class='ocrx_word' id='word_1_878' title='bbox 3144 5284 3359 5355; x_wconf 86' lang='lat' dir='ltr'><strong>vectigal</strong></span> <span class='ocrx_word' id='word_1_879' title='bbox 3408 5290 3633 5356; x_wconf 85' lang='lat' dir='ltr'><strong>pendens</strong></span> <span class='ocrx_word' id='word_1_880' title='bbox 3684 5307 3749 5346; x_wconf 81' lang='lat' dir='ltr'><strong>ea:</strong></span> 
     </span>
    </p>
   </div>
   <div class='ocr_carea' id='block_1_111' title="bbox 2157 5359 3750 5450">
    <p class='ocr_par' dir='ltr' id='par_1_111' title="bbox 2157 5359 3750 5450">
     <span class='ocr_line' id='line_1_111' title="bbox 2157 5359 3750 5450; baseline 0.018 -37"><span class='ocrx_word' id='word_1_881' title='bbox 2157 5360 2278 5430; x_wconf 83' lang='lat' dir='ltr'><strong>[iliis</strong></span> <span class='ocrx_word' id='word_1_882' title='bbox 2293 5359 2461 5418; x_wconf 85' lang='lat' dir='ltr'><strong>Israel</strong></span> <span class='ocrx_word' id='word_1_883' title='bbox 2474 5379 2515 5419; x_wconf 88' lang='lat'><strong>.:</strong></span> <span class='ocrx_word' id='word_1_884' title='bbox 2542 5365 2665 5434; x_wconf 90' lang='lat' dir='ltr'><strong>quia</strong></span> <span class='ocrx_word' id='word_1_885' title='bbox 2684 5407 2700 5432; x_wconf 88' lang='lat'><strong>,</strong></span> <span class='ocrx_word' id='word_1_886' title='bbox 2731 5369 2937 5425; x_wconf 87' lang='lat' dir='ltr'><strong>etiamsi</strong></span> <span class='ocrx_word' id='word_1_887' title='bbox 2965 5386 3071 5428; x_wconf 87' lang='lat' dir='ltr'><strong>non</strong></span> <span class='ocrx_word' id='word_1_888' title='bbox 3092 5373 3607 5450; x_wconf 73' lang='lat' dir='ltr'><strong>debereanendere</strong></span> <span class='ocrx_word' id='word_1_889' title='bbox 3627 5399 3750 5449; x_wconf 85' lang='lat' dir='ltr'><strong>vec-</strong></span> 
     </span>
    </p>
   </div>
   <div class='ocr_carea' id='block_1_112' title="bbox 2157 5452 3752 5538">
    <p class='ocr_par' dir='ltr' id='par_1_112' title="bbox 2157 5452 3752 5538">
     <span class='ocr_line' id='line_1_112' title="bbox 2157 5452 3752 5538; baseline 0.016 -30"><span class='ocrx_word' id='word_1_890' title='bbox 2157 5452 2313 5523; x_wconf 78' lang='lat' dir='ltr'><strong>tigal,</strong></span> <span class='ocrx_word' id='word_1_891' title='bbox 2367 5462 2674 5526; x_wconf 85' lang='lat' dir='ltr'><strong>antequam,</strong></span> <span class='ocrx_word' id='word_1_892' title='bbox 2721 5459 2832 5516; x_wconf 86' lang='lat' dir='ltr'><strong>Deo</strong></span> <span class='ocrx_word' id='word_1_893' title='bbox 2852 5462 2930 5518; x_wconf 88' lang='lat' dir='ltr'><strong>sic</strong></span> <span class='ocrx_word' id='word_1_894' title='bbox 2949 5462 3284 5538; x_wconf 89' lang='lat' dir='ltr'><strong>disponente,</strong></span> <span class='ocrx_word' id='word_1_895' title='bbox 3321 5460 3578 5531; x_wconf 82' lang='lat' dir='ltr'><strong>Romanis</strong></span> <span class='ocrx_word' id='word_1_896' title='bbox 3626 5477 3752 5534; x_wconf 88' lang='lat' dir='ltr'><strong>sub-</strong></span> 
     </span>
    </p>
   </div>
   <div class='ocr_carea' id='block_1_113' title="bbox 2152 5544 3749 5634">
    <p class='ocr_par' dir='ltr' id='par_1_113' title="bbox 2152 5544 3749 5634">
     <span class='ocr_line' id='line_1_113' title="bbox 2152 5544 3749 5634; baseline 0.017 -35"><span class='ocrx_word' id='word_1_897' title='bbox 2152 5544 2282 5615; x_wconf 89' lang='lat' dir='ltr'><strong>jecti</strong></span> <span class='ocrx_word' id='word_1_898' title='bbox 2304 5557 2519 5614; x_wconf 85' lang='lat' dir='ltr'><strong>essent;</strong></span> <span class='ocrx_word' id='word_1_899' title='bbox 2559 5564 2860 5622; x_wconf 84' lang='lat' dir='ltr'><strong>quanquam</strong></span> <span class='ocrx_word' id='word_1_900' title='bbox 2878 5555 3120 5614; x_wconf 89' lang='lat' dir='ltr'><strong>odiosum</strong></span> <span class='ocrx_word' id='word_1_901' title='bbox 3149 5558 3313 5618; x_wconf 88' lang='lat' dir='ltr'><strong>fuisse</strong></span> <span class='ocrx_word' id='word_1_902' title='bbox 3345 5564 3749 5634; x_wconf 89' lang='lat' dir='ltr'><strong>publicanorum</strong></span> 
     </span>
    </p>
   </div>
   <div class='ocr_carea' id='block_1_114' title="bbox 2157 5638 3750 5732">
    <p class='ocr_par' dir='ltr' id='par_1_114' title="bbox 2157 5638 3750 5732">
     <span class='ocr_line' id='line_1_114' title="bbox 2157 5638 3750 5732; baseline 0.018 -41"><span class='ocrx_word' id='word_1_903' title='bbox 2157 5638 2470 5694; x_wconf 85' lang='lat' dir='ltr'><strong>exercitium</strong></span> <span class='ocrx_word' id='word_1_904' title='bbox 2507 5644 2635 5699; x_wconf 87' lang='lat' dir='ltr'><strong>satis</strong></span> <span class='ocrx_word' id='word_1_905' title='bbox 2664 5653 2870 5701; x_wconf 82' lang='lat' dir='ltr'><strong>constet</strong></span> <span class='ocrx_word' id='word_1_906' title='bbox 2898 5656 2949 5703; x_wconf 90' lang='lat' dir='ltr'><strong>et</strong></span> <span class='ocrx_word' id='word_1_907' title='bbox 2981 5649 3211 5721; x_wconf 83' lang='lat' dir='ltr'><strong>infame,</strong></span> <span class='ocrx_word' id='word_1_908' title='bbox 3256 5663 3430 5712; x_wconf 90' lang='lat' dir='ltr'><strong>tamen</strong></span> <span class='ocrx_word' id='word_1_909' title='bbox 3461 5657 3581 5716; x_wconf 87' lang='lat' dir='ltr'><strong>sine</strong></span> <span class='ocrx_word' id='word_1_910' title='bbox 3620 5676 3750 5732; x_wconf 83' lang='lat' dir='ltr'><strong>pec-</strong></span> 
     </span>
    </p>
   </div>
   <div class='ocr_carea' id='block_1_115' title="bbox 2157 5728 3815 5810">
    <p class='ocr_par' dir='ltr' id='par_1_115' title="bbox 2157 5728 3815 5810">
     <span class='ocr_line' id='line_1_115' title="bbox 2157 5728 3815 5810; baseline 0.017 -28"><span class='ocrx_word' id='word_1_911' title='bbox 2157 5735 2278 5783; x_wconf 88' lang='lat' dir='ltr'><strong>cato</strong></span> <span class='ocrx_word' id='word_1_912' title='bbox 2305 5728 2464 5786; x_wconf 91' lang='lat' dir='ltr'><strong>etiam</strong></span> <span class='ocrx_word' id='word_1_913' title='bbox 2491 5733 2733 5802; x_wconf 86' lang='lat' dir='ltr'><strong>potuisse</strong></span> <span class='ocrx_word' id='word_1_914' title='bbox 2759 5738 3033 5809; x_wconf 76' lang='lat' dir='ltr'><strong>exerceri,</strong></span> <span class='ocrx_word' id='word_1_915' title='bbox 3074 5742 3281 5800; x_wconf 87' lang='lat' dir='ltr'><strong>videtur</strong></span> <span class='ocrx_word' id='word_1_916' title='bbox 3306 5761 3370 5802; x_wconf 75' lang='lat' dir='ltr'><strong>ex</strong></span> <span class='ocrx_word' id='word_1_917' title='bbox 3395 5748 3498 5805; x_wconf 90' lang='lat' dir='ltr'><strong>illis</strong></span> <span class='ocrx_word' id='word_1_918' title='bbox 3526 5728 3749 5810; x_wconf 76' lang='lat' dir='ltr'><strong>Joannis</strong></span> <span class='ocrx_word' id='word_1_919' title='bbox 3797 5766 3815 5778; x_wconf 87' lang='lat'><strong><em>&#39;</em></strong></span> 
     </span>
    </p>
   </div>
   <div class='ocr_carea' id='block_1_116' title="bbox 2158 5819 3750 5924">
    <p class='ocr_par' dir='ltr' id='par_1_116' title="bbox 2158 5819 3750 5924">
     <span class='ocr_line' id='line_1_116' title="bbox 2158 5819 3750 5924; baseline 0.022 -46"><span class='ocrx_word' id='word_1_920' title='bbox 2158 5819 2409 5898; x_wconf 69' lang='lat' dir='ltr'><strong>Baptista:</strong></span> <span class='ocrx_word' id='word_1_921' title='bbox 2439 5829 2504 5885; x_wconf 87' lang='lat' dir='ltr'><strong>ad</strong></span> <span class='ocrx_word' id='word_1_922' title='bbox 2537 5830 2657 5890; x_wconf 89' lang='lat' dir='ltr'><strong>illos</strong></span> <span class='ocrx_word' id='word_1_923' title='bbox 2682 5834 2860 5894; x_wconf 87' lang='lat' dir='ltr'><strong>verbis</strong></span> <span class='ocrx_word' id='word_1_924' title='bbox 2890 5836 2909 5908; x_wconf 88' lang='lat'>(</span> <span class='ocrx_word' id='word_1_925' title='bbox 2934 5837 3064 5899; x_wconf 88' lang='lat' dir='ltr'><strong>Luc.</strong></span> <span class='ocrx_word' id='word_1_926' title='bbox 3112 5840 3239 5917; x_wconf 87' lang='lat' dir='ltr'><strong>III.)</strong></span> <span class='ocrx_word' id='word_1_927' title='bbox 3278 5863 3291 5901; x_wconf 86' lang='lat'><strong>:</strong></span> <span class='ocrx_word' id='word_1_928' title='bbox 3339 5846 3477 5907; x_wconf 73' lang='lat' dir='ltr'><strong>Nihil</strong></span> <span class='ocrx_word' id='word_1_929' title='bbox 3518 5851 3750 5924; x_wconf 79' lang='lat' dir='ltr'><strong>amplius</strong></span> 
     </span>
    </p>
   </div>
   <div class='ocr_carea' id='block_1_117' title="bbox 3610 320 3807 384">
    <p class='ocr_par' dir='ltr' id='par_1_117' title="bbox 3610 320 3807 384">
     <span class='ocr_line' id='line_1_117' title="bbox 3610 320 3807 384; baseline 0.02 -3"><span class='ocrx_word' id='word_1_930' title='bbox 3610 326 3714 384; x_wconf 72' lang='grc'><strong>204</strong></span> <span class='ocrx_word' id='word_1_931' title='bbox 3798 320 3807 325; x_wconf 73' lang='grc'><em>’</em></span> 
     </span>
    </p>
   </div>
  </div>
