4106 6330
370 230 475 289 907

1576 212 1946 269 ΡΛῘΜῸΟΧΑ
1988 211 2482 278 ΤΕΠἸῚΠᾸΛΛΝΙ,

3569 176 3674 274 203

376 350 492 403 dem
523 359 623 400 non
653 355 799 414 posse
830 337 930 394 dici
963 335 1171 391 Patrem
1219 340 1265 387 et
1310 326 1508 386 Filium
1536 370 1551 396 ,
1584 329 1676 385 sed
1708 329 1868 386 etiam
1899 328 1979 385 di-
2007 330 2061 391 A
2086 307 2274 388 auctor
2301 331 2394 387 lib.
2427 330 2550 388 adv.
2582 330 2736 387 Prax.
2769 345 2818 387 (ι.
2870 332 2923 388 5.
2967 345 3021 386 n.
3066 331 3158 387 45.
3192 338 3245 387 ct
3274 345 3387 404 seq.
3432 339 3484 388 et
3514 331 3677 387 totius

378 439 542 496 sertis
588 435 766 492 verbis
820 429 1014 487 asserit
1049 443 1064 482 :
1119 425 1372 497 Regulam
1412 423 1532 494 ﬁdei
1577 438 1691 493 qua:
1729 421 1793 477 ab
1833 414 1980 477 initio

386 528 656 602 Evangelii
680 511 968 581 decucurrit
990 519 1236 573 unitatem
1263 517 1318 571 in
1355 515 1652 571 Trinitatem
1672 515 1983 587 disponere:

386 611 910 684 Patrem,Filium,fet
929 609 1182 684 Spiritum
1199 608 1466 665 Sanctum.
1495 605 1603 663 Nec
1627 606 1782 662 aliter
1807 605 1983 661 Nova-

385 715 586 777 tianus,
608 708 745 765 libro
762 706 832 761 de
862 702 1143 770 Trinitate,
1162 700 1411 772 Regulam
1432 700 1553 768 ﬁdei
1575 698 1847 770 proponit,
1863 712 1914 753 c.
1931 698 1955 753 l
1970 736 1986 750 .

294 850 299 855 .
380 808 447 864 '3.
474 820 539 860 ac
559 800 650 861 29.
677 813 780 871 qua
800 796 1066 853 credamus
1096 795 1150 849 in
1179 792 1343 847 Deum
1370 790 1577 846 Patrem
1615 801 1661 845 et
1711 788 1988 843 Dominum

386 897 801 967 omnipotentem,
833 907 1005 947 rerum
1052 889 1276 943 ontnium
1332 871 1754 957 perfectissimum
1797 894 1991 938 creato-

388 1006 521 1057 rem,
549 996 595 1044 et
615 988 670 1042 in
698 984 894 1041 Filium
911 981 1009 1038 Dei
1033 981 1214 1037 Jesum
1239 978 1497 1035 Christum
1523 978 1797 1033 Dontinum
1827 976 1991 1031 Deum

382 1089 619 1137 nostrum
640 1119 658 1145 ,
685 1084 731 1133 et
750 1075 903 1131 etiam
938 1073 993 1129 in
1035 1071 1290 1144 Spiritum
1328 1068 1602 1126 Sanctum.
1632 1068 1834 1124 Verum
1859 1068 1988 1122 dum

386 1173 497 1231 illis
536 1169 812 1228 Paradoxa
842 1169 978 1223 circa
1030 1164 1328 1219 Trinitatem
1356 1163 1699 1228 ascribimus,
1749 1161 1855 1216 hoc
1896 1176 1989 1216 so-

387 1266 500 1322 lum
529 1264 797 1328 volumus,
826 1258 1055 1317 subinde
1094 1258 1262 1329 ipsos,
1300 1265 1484 1328 ulpote
1515 1265 1643 1312 ante
1682 1270 1896 1311 omnem
1922 1254 1992 1311 de

390 1358 657 1415 Trinitate
681 1353 956 1419 haeresim,
989 1350 1221 1408 obscure
1248 1349 1393 1421 loqui
1427 1349 1481 1404 in
1510 1350 1610 1404 hac
1644 1349 1865 1404 materia
1892 1363 1907 1414 ;
1938 1355 1993 1403 et

390 1460 456 1507 ut
481 1465 550 1507 ne
587 1449 713 1521 quis
738 1446 861 1503 inde
889 1444 1132 1501 fortassis
1156 1441 1627 1504 occasionem,sui
1671 1440 1873 1497 erroris
1902 1449 1994 1494 aut

391 1544 668 1614 haereseos
692 1539 937 1610 accipiat,
966 1536 1236 1609 quomodo
1263 1550 1395 1591 sano
1424 1535 1695 1591 intellectu
1726 1535 1859 1590 tales
1878 1534 1993 1614 .loci

393 1610 652 1706 explicari
678 1631 905 1704 possint,
946 1628 1251 1701 adjicimus,
1293 1624 1606 1683 omit‘tent‘es
1627 1610 1993 1697 jam‘primum

2084 439 2204 497 cap.
2238 426 2287 480 6.
2318 441 2380 481 ac
2407 426 2460 481 7.
2493 426 2755 495 Deinceps
2777 424 2859 480 his
2884 424 3063 480 verbis
3088 425 3212 481 eod.
3243 424 3336 482 lib.
3363 424 3487 480 adv.
3516 424 3677 481 Prax.

2088 518 2227 611 Filio
2253 527 2300 573 et
2345 517 2546 588 Spiritu
2578 516 2773 573 Sancto
2800 517 3078 571 secundum
3115 526 3161 571 et
3188 515 3391 572 tertium
3424 518 3575 572 sortis
3605 517 3683 571 lo-

2088 607 2225 678 cum,
2259 620 2361 665 tant
2387 610 2703 665 consortibus
2733 610 3029 664 substantia:
3065 607 3238 663 Patris
3270 625 3289 663 :
3317 609 3366 665 id
3394 608 3510 664 vult
3538 608 3684 680 quod

2091 709 2277 765 dicunt
2305 706 2631 789 scholastici,
2673 706 2881 761 duabus
2918 706 3345 761 emanationibus
3395 703 3684 789 productos

2091 802 2288 857 Filium
2312 809 2366 855 et
2395 788 2650 869 Spiritum
2672 798 2924 882 Sanctum
2950 813 2980 852 a
3010 798 3168 853 Patre
3195 787 3567 867 improducto;
3594 804 3689 851 aut

2093 890 2144 947 F
2147 892 2291 946 ilium
2319 907 2425 946 esse
2467 891 2740 945 secundam
2770 905 3072 960 personam,
3115 898 3162 943 et
3203 888 3403 942 tertiam
3435 887 3686 959 Spiritum

2096 983 2345 1041 Sanctum
2369 1022 2384 1049 ,
2410 981 2565 1036 sicuti
2610 990 2795 1051 postea
2842 996 2950 1035 non
2999 978 3171 1035 semel
3203 978 3456 1055 loquitur.
3488 978 3688 1034 Verum

2095 1072 2474 1146 perperamilli
2506 1072 2749 1142 impingit
2790 1071 2987 1128 ibidem
3031 1070 3322 1126 Rhenanus
3352 1111 3367 1138 ,
3418 1068 3568 1141 quasi
3610 1068 3693 1146 Fi-

2095 1144 2226 1222 lium
2254 1175 2308 1221 et
2332 1166 2589 1235 Spiritum
2618 1164 2872 1220 Sanctum
2904 1163 3140 1235 appellet
3174 1163 3399 1217 membra
3420 1204 3436 1229 ,
3478 1144 3687 1233 priora,

2094 1268 2141 1314 et
2184 1260 2542 1326 instrumenta,
2598 1273 2759 1328 quum
2791 1272 2852 1312 ea
2901 1257 3062 1312 verba
3090 1256 3389 1311 referantur
3418 1255 3595 1327 potius
3621 1254 3691 1309 ad

2096 1353 2328 1423 angelos,
2357 1350 2552 1406 alienos
2576 1366 2607 1403 a
2634 1349 2915 1404 substantia
2942 1347 3138 1413 Patris,
3161 1348 3249 1419 qui
3270 1343 3445 1404 tamen
3475 1362 3691 1403 monar-

2096 1444 2270 1500 chiam
2304 1443 2399 1500 Dei
2448 1458 2552 1498 non
2604 1451 2873 1498 evertunt.
2929 1440 3187 1496 Similiter
3238 1454 3401 1511 quum
3433 1437 3691 1510 Spiritum

2097 1535 2355 1592 Sanctum
2386 1536 2601 1591 tertium
2630 1534 2852 1605 gradum
2885 1534 3037 1598 dicit,
3068 1532 3285 1604 gradum
3314 1530 3559 1600 intelligit
3580 1530 3695 1586 ori-

2100 1628 2303 1701 ginem.
2342 1626 2493 1696 Quod
2517 1642 2728 1687 rursum
2760 1626 2854 1680 lib.
2876 1623 2998 1679 adv.
3029 1625 3187 1679 Prax.
3214 1632 3447 1694 προϐολήν
3474 1637 3583 1678 non
3607 1636 3695 1679 so-

395 1697 665 1786 Biienani'
681 1697 987 1782 calumnias
1015 1697 1086 1777 vin
1127 1719 1480 1777 scholasticos
1524 1719 1833 1789 theologos,
1863 1731 1997 1788 quas
2024 1697 2073 1757 Β
2103 1697 2213 1776 lum
2242 1720 2462 1791 Spiritui
2503 1718 2719 1791 Sancto,
2772 1718 2864 1773 sed
2892 1719 3051 1772 etiam
3082 1716 3216 1772 Filio
3250 1732 3313 1771 ex
3348 1717 3508 1773 Patre
3544 1717 3695 1774 attri-

395 1820 563 1877 ltabet
610 1819 696 1874 illa
737 1831 833 1871 sua
869 1814 935 1869 ad
977 1813 1233 1869 lectorem
1274 1811 1641 1867 admonitione
1675 1810 1744 1865 de
1780 1811 1998 1879 quibus-

396 1910 521 1966 dam
550 1901 867 1965 Tertulliani
894 1903 1161 1974 dogmatis
1195 1920 1208 1957 :
1241 1902 1475 1957 maxime
1509 1900 1650 1972 quod
1674 1900 1995 1955 calumniam

397 2004 562 2061 faciat
605 2001 707 2072 ipsi
733 2013 947 2071 quoque
975 1996 1308 2053 Tertulliano
1337 2037 1351 2060 ,
1382 2006 1494 2049 tum
1526 1995 1577 2048 in
1615 1993 1749 2049 locis
1774 1993 1997 2063 quibus-

399 2097 528 2158 dam
557 2095 828 2166 corruptis
852 2134 866 2159 ,
897 2101 990 2148 aut
1027 2092 1168 2147 male
1198 2090 1485 2146 intellectis
1516 2131 1530 2156 ,
1562 2089 1630 2144 de
1655 2088 1847 2160 quibus
1877 2104 1997 2143 mox
2040 2097 2046 2103 ‘

394 2192 559 2251 latius
582 2233 597 2257 ,
636 2201 747 2246 tum
793 2191 846 2244 in
875 2203 941 2243 eo
968 2185 1110 2258 quod
1147 2185 1279 2239 falso
1308 2184 1381 2238 illi
1434 2183 1681 2238 lttcresim
1714 2181 2003 2238 .adscribat

396 2284 703 2360 palantium
728 2283 781 2337 in
809 2278 1147 2336 Eucharistia
1173 2292 1369 2348 corpus
1391 2275 1590 2332 Christi
1646 2284 1852 2330 tantum
1879 2289 2001 2330 esse

396 2379 459 2435 in
480 2378 670 2448 figura,
698 2390 728 2429 a
751 2388 857 2444 qua
885 2372 1035 2428 illum
1066 2368 1453 2425 vindicavimus
1483 2370 1679 2423 Annot.
1717 2367 1915 2423 nostris
1945 2365 1998 2420 in

400 2442 627 2525 lib.lV:
651 2442 781 2522 adv;
806 2463 972 2520 Marc.
1003 2477 1123 2532 cap.
1152 2461 1328 2549 40.‘n.
1369 2460 1495 2517 662.
1527 2469 1641 2529 tum
1671 2459 1812 2531 quod
1862 2458 2001 2515 inter

408 2560 660 2632 dogmata
688 2558 804 2614 sive
840 2553 1118 2612 Paradoxa
1147 2562 1345 2624 ponat,
1374 2568 1494 2623 qua:
1525 2552 1613 2607 ille
1638 2550 2029 2623 pulcherrime‘

398 2667 510 2712 non
532 2653 706 2709 solum
726 2649 796 2706 de
818 2647 1127 2719 ptenitentia
1150 2645 1381 2716 publica,
1406 2644 1500 2701 sed
1522 2646 1681 2700 etiam
1705 2644 1773 2700 de
1790 2643 2001 2700 confes-

407 2748 569 2805 sione
596 2752 828 2810 secreta,
851 2740 936 2797 vel
960 2738 1320 2811 ipsofatcute,
1347 2738 1453 2792 late
1475 2736 1686 2793 deducit
1704 2738 1755 2791 in
1779 2736 1913 2792 libro
1937 2735 2004 2791 de

404 2835 770 2904 Pmnitentia,
800 2834 870 2892 de
897 2847 1006 2905 quo
1046 2831 1209 2888 etiam
1248 2830 1492 2885 dubitare
1538 2828 1644 2884 n‘on
1676 2839 1758 2884 est
1802 2830 2004 2885 veritus

379 2916 474 2989 ian
502 2927 815 2987 Tertulliani
858 2934 1044 2988 esset,
1089 2938 1253 2994 quum
1300 2932 1482 2978 tamen
1531 2920 1590 2976 8.
1632 2922 1892 2977 Pacianus
1937 2937 2003 2976 ex

402 3026 499 3082 illo
549 3022 714 3079 multa
757 3018 1123 3090 descripserit.
1174 3017 1291 3085 Quo
1321 3016 1490 3086 magis
1533 3015 1719 3081 miror,
1763 3031 1868 3070 non
1913 3031 2003 3071 so-
2031 3048 2076 3116 Ο

402 3118 519 3174 lum
558 3121 821 3171 retentam
870 3109 1036 3167 fuisse
1078 3109 1130 3164 in
1177 3117 1448 3179 postrema
1508 3106 1633 3162 anni
1684 3107 1844 3164 l580.
1886 3108 2002 3163 edi-

403 3210 554 3265 tione
598 3202 880 3279 parisiensi
934 3200 1133 3257 dictam
1186 3200 1332 3255 illam
1389 3198 1807 3255 admonitionem
1869 3200 2005 3255 intc-

403 3314 556 3371 gram
575 3339 593 3367 ,
633 3293 730 3353 sed
771 3300 1033 3366 praeterea
1062 3291 1342 3347 universos
1368 3303 1585 3345 errores
1616 3289 1860 3344 Rhenani
1890 3289 2002 3345 hm-

407 3391 576 3448 resim
604 3388 922 3461 plerumque
946 3382 1239 3454 sapientes,
1262 3382 1379 3437 sine
1403 3380 1586 3437 addito
1610 3381 1882 3438 antidoto:
1911 3397 2005 3437 us-

407 3498 517 3555 que
565 3480 700 3537 adco
745 3486 804 3535 ut
838 3476 1135 3534 catholicus
1179 3474 1348 3530 lector
1388 3473 1518 3528 mihi
1561 3472 1857 3529 monendus
1902 3475 2002 3539 sit,

406 3572 517 3631 non
547 3574 725 3629 minus
750 3570 873 3627 illas
894 3568 972 3624 illi
1012 3566 1281 3623 cavendas
1308 3565 1704 3631 annotationcs,
1747 3565 1848 3621 etsi
1879 3565 2003 3621 sub-

410 3663 539 3721 inde
567 3664 770 3720 omisso
813 3658 1062 3717 Rhenani
1102 3658 1355 3724 nomine,
1396 3671 1555 3727 quam
1602 3671 1695 3712 eas
1740 3671 1862 3727 quae
1909 3672 2004 3727 per

407 3753 566 3814 Pium
605 3753 692 3810 IV.
725 3752 865 3809 etV.
911 3765 1165 3806 romanos
1204 3748 1486 3820 pontifices
1529 3748 1831 3804 interdictae
1881 3758 2005 3804 sunt

407 3850 468 3904 in
501 3844 827 3902 editionibus
874 3842 1177 3913 prioribus,
1225 3841 1396 3894 donec
1445 3849 1744 3909 repurgata:
1784 3840 2001 3896 fuerint.

409 3919 612 3993 Verum
636 3936 703 3989 ad
739 3949 852 4003 rem
904 3932 1202 3987 veniamus.
1247 3930 1483 3985 Primum
1532 3930 1620 3984 ubi
1664 3930 1739 3986 sic
1770 3932 2006 4002 loquitur

409 4030 775 4089 Tertullianus
804 4030 858 4083 in
902 4028 1129 4097 Apolog.
1178 4034 1233 4080 et
1280 4024 1406 4079 adv.
1436 4023 1677 4080 Praxean
1703 4041 1716 4076 :
1743 4024 1863 4078 Tres
1890 4035 2006 4080 sunt

409 4140 515 4180 non
542 4132 673 4178 statu
701 4162 715 4188 ,
739 4119 828 4175 setl
848 4118 1013 4190 gradu
1041 4158 1055 4181 ,
1084 4132 1175 4171 nec
1205 4115 1488 4170 substantia
1515 4156 1530 4182 ,
1571 4115 1661 4170 sed
1689 4116 1895 4185 forma;
1916 4132 2006 4170 nec

411 4221 678 4287 potestate,
706 4210 796 4265 sed
821 4208 987 4281 specie
1012 4223 1033 4272 ;
1064 4207 1214 4262 unius
1238 4217 1403 4261 autem
1424 4205 1720 4261 substantiae
1746 4248 1761 4272 ,
1786 4218 1830 4262 et
1858 4208 2007 4263 unius

410 4313 591 4368 status,
640 4312 686 4357 et
715 4302 865 4356 unius
905 4297 1203 4371 potestatis;
1241 4301 1360 4369 quia
1387 4315 1519 4352 unus
1552 4297 1686 4353 Deus
1705 4341 1719 4364 ,
1751 4315 1815 4354 ex
1839 4316 1937 4368 quo
1961 4310 2006 4355 et

2103 1814 2219 1869 buit
2241 1854 2254 1879 ,
2280 1813 2481 1867 malunt
2508 1811 2581 1867 ita
2609 1811 2941 1882 distinguere
2970 1809 3071 1866 SS.
3113 1809 3342 1865 Hilarius
3366 1824 3429 1865 ac
3468 1810 3692 1881 August.

2105 1904 2254 1961 libris
2277 1905 2345 1960 de
2374 1903 2566 1958 Trinit.
2600 1911 2655 1958 et
2677 1902 2765 1957 alii
2794 1902 2983 1957 Patres
3006 1902 3353 1973 posteriores,
3386 1909 3445 1957 ut
3468 1916 3694 1973 genera-

2105 1997 2309 2054 tionem
2336 1997 2495 2064 Filio,
2524 1997 2923 2066 processioncm
2950 1996 3249 2051 attribuant
3280 1995 3504 2066 Spiritui
3537 1997 3700 2053 Sanc-

2106 2098 2181 2145 to.
2210 2088 2363 2157 Quod
2408 2088 2605 2144 ibidem
2654 2104 2771 2143 eam
2820 2090 3205 2159 interpretatur
3241 2087 3582 2159 prolationem
3626 2087 3699 2143 rei

2105 2184 2314 2239 alterius
2330 2199 2391 2239 ex
2403 2182 2587 2248 altera,
2609 2180 3367 2251 intelligitpersonas-realiter
3382 2195 3489 2236 non
3510 2183 3698 2237 esse’n-
3784 2228 3793 2231 -

2106 2276 2307 2331 tialitcr
2333 2274 2626 2344 disjunctas
2646 2315 2661 2341 ,
2688 2274 2927 2344 sequitur
2967 2273 3109 2329 enim
3138 2291 3149 2328 :
3183 2273 3303 2345 quia
3335 2272 3590 2342 prolatum
3619 2272 3700 2327 di-

2106 2369 2265 2423 cimus
2292 2365 2489 2420 Filium
2531 2381 2563 2419 a
2595 2364 2768 2433 Patre,
2799 2365 2888 2419 sed
2931 2382 3033 2419 non
3063 2374 3374 2436 separatum.
3402 2362 3700 2420 Commode

2106 2461 2266 2515 etiam
2299 2468 2418 2513 sunt
2449 2456 2867 2528 interpretanda:
2896 2457 3292 2528 propositiones
3321 2456 3427 2511 illae
3471 2474 3487 2511 :
3521 2454 3701 2512 Omnis

2108 2537 2250 2624 origo
2288 2568 2471 2623 parens
2511 2560 2600 2617 est,
2649 2562 2695 2605 et
2723 2568 2871 2606 omne
2907 2551 3044 2623 quod
3080 2568 3144 2606 ea:
3184 2554 3378 2625 origine
3418 2553 3699 2624 profertur,

2106 2646 2370 2717 progenies
2398 2653 2493 2709 est;
2522 2643 2647 2699 item
2672 2659 2690 2697 :
2717 2641 2943 2698 Trinitas
2971 2660 3058 2714 per
3089 2660 3343 2699 connexos
3369 2656 3415 2700 et
3445 2653 3702 2701 consertes

2107 2737 2297 2808 gradus
2326 2755 2357 2790 a
2386 2735 2541 2790 Patre
2565 2736 2856 2791 decurrens.
2884 2734 3001 2791 lam
3026 2752 3153 2791 vero
3175 2737 3244 2793 ibi
3279 2755 3292 2792 :
3318 2736 3475 2793 Pater
3499 2749 3572 2793 est
3596 2748 3702 2795 tota

2107 2829 2409 2893 substantia,
2446 2827 2613 2882 Filius
2638 2844 2752 2883 vero
2782 2828 3026 2883 derivatio
3052 2830 3201 2885 totius
3230 2840 3278 2884 et
3307 2832 3507 2901 portio:
3532 2839 3701 2889 totum

2108 2921 2299 2992 accipit
2325 2935 2421 2991 pro
2466 2919 2623 2991 pleno
2663 2936 2756 2979 seu
2802 2920 3137 2991 plenitudine
3163 2965 3178 2990 ,
3230 2938 3334 2978 non
3365 2924 3519 2979 aliter
3542 2933 3703 2996 atque

2109 3012 2414 3068 scholastici
2443 3010 2713 3080 doctores,
2744 3012 2869 3066 dum
2888 3012 3109 3070 dicunt:
3139 3013 3295 3070 Pater
3316 3015 3702 3086 plenitudinem

2111 3103 2324 3160 deitatis
2351 3106 2608 3174 possidet,
2656 3105 2708 3158 in
2738 3106 2911 3175 primo
2951 3106 3103 3176 signo
3128 3107 3349 3177 originis
3373 3149 3387 3173 ,
3436 3108 3555 3179 quia
3587 3124 3615 3163 a
3643 3125 3703 3167 se

2109 3209 2228 3250 eam
2261 3194 2423 3249 habet
2456 3213 2469 3249 :
2501 3195 2670 3251 Filius
2702 3196 2752 3250 in
2791 3196 3035 3253 secundo
3081 3196 3235 3268 signo
3262 3200 3485 3270 originis
3509 3242 3525 3268 ,
3574 3201 3700 3272 quia

2109 3288 2178 3343 ab
2220 3303 2327 3342 uno
2368 3302 2464 3358 per
2504 3288 2907 3358 generationem
2951 3291 3400 3346 communicatam
3441 3308 3469 3345 a
3499 3292 3699 3362 Patre;

2108 3377 2338 3449 Spiritus
2379 3379 2607 3435 Sanctus
2637 3380 2688 3434 in
2722 3380 2879 3435 tertio
2917 3381 3089 3451 signo,
3121 3382 3242 3453 quia
3294 3399 3322 3436 a
3370 3382 3580 3440 duobus
3608 3400 3703 3456 per

2109 3473 2464 3543 Spirationem
2493 3472 2737 3529 eamdem
2790 3489 3015 3530 numero
3041 3476 3331 3532 essentiam
3360 3478 3574 3548 accipit.
3605 3480 3704 3535 At-

2110 3581 2214 3637 que
2242 3566 2344 3622 hoc
2379 3566 2625 3637 estquod
2658 3566 2778 3623 aliis
2814 3564 2993 3624 verbis
3029 3580 3215 3640 postea
3256 3582 3445 3626 auctor
3471 3572 3697 3628 extulit:

2110 3657 2196 3718 Ea;
2223 3676 2323 3713 uno
2353 3659 2510 3713 Patre
2529 3661 2721 3727 omnia,
2747 3677 2860 3731 ante
2888 3662 2940 3715 in
2971 3660 3077 3716 Deo
3109 3678 3196 3732 per
3215 3663 3510 3719 substantia:
3529 3667 3703 3719 unita-
3737 3656 3746 3668 ’

2110 3757 2227 3815 tem,
2251 3760 2298 3804 et
2319 3750 2369 3803 in
2398 3751 2590 3803 unitate
2611 3749 2835 3823 Trinitas
2864 3754 3013 3806 unius
3042 3752 3352 3809 substantiae.
3375 3756 3503 3810 Item
3537 3778 3549 3812 :
3582 3756 3701 3810 uni-
3751 3810 3761 3817 _

2110 3851 2187 3898 tas
2206 3845 2257 3897 in
2278 3846 2544 3915 semetipsa
2580 3846 2814 3900 derivans
2849 3844 3171 3911 Trinitatem,
3210 3866 3310 3902 non
3340 3848 3615 3904 destruitur
3638 3848 3701 3904 ab

2108 3936 2219 4003 illa,
2247 3937 2335 3991 sed
2365 3938 2723 3993 administrans
2748 3956 2761 4004 ;
2796 3948 2858 3993 ut
2876 3949 2980 3994 tota
3002 3942 3283 3995 substantia
3299 3943 3370 3998 sit
3394 3942 3533 3999 idem
3558 3943 3703 4015 quod

2110 4042 2215 4082 una
2245 4027 2540 4083 substantia
2586 4029 2809 4084 indivisa
2860 4031 2912 4084 in
2966 4032 3153 4086 tribus.
3212 4033 3447 4104 Denique
3495 4035 3704 4090 videtur

2111 4118 2284 4175 Filius
2304 4120 2371 4175 ab
2396 4121 2628 4175 Auctore
2656 4121 2909 4191 appellari
2938 4123 3103 4192 portio
3128 4165 3142 4190 ,
3193 4125 3316 4193 quia
3360 4139 3461 4179 nec
3499 4124 3655 4181 Pater
3682 4167 3699 4194 ,

2109 4227 2208 4268 nec
2237 4212 2465 4282 Spiritus
2492 4212 2719 4268 Sanctus
2742 4216 2843 4279 cst,
2868 4214 3100 4279 tametsi,
3127 4230 3263 4269 unus
3294 4214 3433 4270 Deus
3459 4215 3566 4271 sint
3593 4226 3703 4273 tres

2110 4319 2354 4376 personae
2380 4347 2393 4369 ,
2425 4314 2479 4359 et
2508 4320 2613 4359 non
2662 4304 2831 4361 Filius
2854 4347 2868 4372 ,
2906 4306 2995 4376 qui
3028 4305 3185 4363 Pater
3206 4350 3221 4373 ,
3278 4322 3377 4362 nec
3414 4308 3572 4364 Pater
3610 4310 3703 4380 qui

412 4394 602 4467 gradus
630 4394 715 4447 isti
755 4402 800 4447 et
843 4397 1020 4462 forma:
1045 4398 1092 4443 et
1134 4389 1365 4460 species;
1404 4398 1560 4444 vocat
1594 4400 1782 4444 statum
1808 4433 1820 4457 ,
1863 4392 2003 4462 quod
2031 4413 2085 4473 D
2111 4394 2616 4473 SpiritusSanctus.
2664 4396 2836 4463 Quium
2886 4411 3013 4451 vero
3055 4396 3184 4455 dicit
3225 4397 3417 4454 ibidem
3450 4419 3461 4454 :
3496 4392 3704 4457 Patrem

409 4483 735 4549 scholastici,
765 4491 818 4537 et
845 4482 957 4551 ipse
981 4493 1191 4549 quoque
1213 4478 1570 4544 substantiam;
1599 4483 1834 4551 gradum,
1862 4483 2007 4557 quod

408 4576 487 4633 illi
508 4577 785 4641 notionem;
826 4577 1065 4645 formam,
1089 4571 1230 4642 quod
1263 4571 1335 4626 illi
1367 4574 1723 4644 moprietutes;
1765 4576 2003 4645 speciem,

411 4666 557 4740 quod
591 4667 668 4723 illi
690 4664 911 4721 habendi
940 4663 1169 4717 modum.
1201 4661 1403 4717 Deinde
1431 4662 1559 4717 illud
1592 4663 1685 4741 lib.
1716 4665 1839 4723 adv.
1864 4666 2002 4724 Her-

410 4767 571 4831 mog:
602 4758 727 4814 Fuit
756 4768 972 4828 tempus,
993 4772 1148 4826 quum
1171 4755 1411 4810 delictum
1428 4765 1474 4811 et
1504 4756 1642 4825 ﬁlius
1672 4776 1773 4814 non
1791 4761 1909 4831 fuit,
1938 4778 2002 4818 ex

411 4852 530 4908 zelo
553 4849 846 4906 secundum
873 4846 1151 4903 scientiam
1190 4846 1392 4902 dictum
1422 4858 1507 4902 est
1530 4832 2006 4920 vehcmentius,ut

408 4941 721 5000 ostenderet
746 4939 1023 4995 materiam
1056 4953 1179 5001 non,
1214 4952 1336 4993 esse
1364 4947 1618 4995 aeternam
1647 4959 1660 5008 ;
1694 4944 1878 5001 volens
1909 4961 2003 5016 per

409 5034 516 5090 hoc
558 5033 858 5104 significare
899 5026 1201 5097 duntaxat,
1260 5031 1402 5100 quod
1453 5031 1615 5088 habet
1658 5035 1717 5091 S.
1770 5036 2001 5097 llilarius

409 5127 506 5184 lib.
546 5124 645 5181 Xll
683 5124 753 5180 de
778 5123 998 5191 Trinit.,
1027 5122 1205 5178 solum
1233 5122 1445 5179 Patrem
1473 5134 1730 5184 :eternum
1761 5171 1776 5196 ,
1807 5132 2001 5190 Filium

404 5230 584 5276 autem
611 5218 684 5274 illi
715 5225 1043 5274 eomternum
1072 5230 1192 5272 esse
1216 5257 1233 5281 ,
1280 5227 1337 5272 ut
1358 5218 1599 5275 omittam
1632 5224 1774 5293 quod
1794 5226 1995 5283 ibidem

400 5311 471 5368 ad
497 5311 691 5367 similia
730 5309 890 5364 verba
919 5350 935 5377 ,
976 5322 1100 5379 quas
1143 5307 1244 5363 sibi
1286 5323 1353 5363 ex
1398 5324 1625 5379 persona
1670 5316 1851 5373 Ariani
1880 5335 1997 5391 pro-

398 5404 555 5475 ponit
579 5400 939 5475 respondeat:
970 5398 1087 5455 Hoc
1131 5398 1424 5454 humanum
1451 5415 1671 5460 sensum
1700 5416 1755 5462 et
1795 5409 1995 5471 intelli-

397 5497 636 5568 gentiam
661 5493 928 5552 excedere
956 5492 1175 5558 mundi,
1209 5508 1318 5550 non
1359 5493 1461 5550 hoc
1512 5512 1704 5568 capere
1728 5504 1992 5563 rationem

358 5589 651 5647 -.bumante
693 5585 1080 5671 intelligentiae,
1121 5585 1217 5641 sed
1266 5586 1563 5657 prudentia:
1594 5591 1761 5653 ﬁdelis
1792 5600 1996 5668 profes-

397 5687 481 5745 sio
512 5687 607 5744 ~em
652 5674 792 5742 esse.
846 5682 1094 5752 Seipsum
1133 5687 1310 5737 autem
1351 5684 1582 5753 explicat
1615 5688 1804 5750 eodem
1831 5709 1991 5753 sensu

2113 4471 2357 4558 majtirem
2398 4501 2517 4543 esse
2544 4486 2679 4541 Filio
2704 4527 2719 4553 ,
2755 4486 2976 4557 intelligi
3007 4487 3203 4555 debet,
3236 4504 3340 4544 non
3369 4494 3543 4560 quoad
3584 4489 3703 4549 dei-

2113 4590 2272 4635 tatem
2301 4598 2420 4652 qna:
2444 4583 2513 4636 sit
2538 4583 2715 4635 minor
2746 4582 2798 4635 in
2824 4596 2918 4644 eo,
2949 4580 3045 4637 sed
3073 4590 3335 4652 quatenus
3365 4585 3543 4655 (sicuti
3573 4585 3704 4642 indi-

2110 4684 2235 4729 cant
2261 4674 2420 4729 verba
2451 4673 2755 4745 sequentia)
2786 4689 2817 4727 a
2850 4673 3005 4729 Patre
3050 4685 3306 4743 generato
3350 4678 3581 4746 genitus.
3608 4682 3705 4734 At-

2110 4768 2197 4839 qui
2227 4784 2527 4838 quanquam
2569 4769 2654 4822 hic
2679 4768 2808 4822 satis
2831 4765 3295 4823 obscure’dicatur
3322 4787 3333 4822 :
3364 4769 3545 4841 Ipsum
3565 4772 3703 4842 quod

2111 4856 2270 4912 Pater
2298 4869 2344 4912 et
2377 4857 2545 4913 Filius
2587 4858 2865 4923 dicuntur,
2920 4873 3089 4912 nonne
3135 4859 3280 4913 aliud
3316 4878 3407 4932 pro
3450 4852 3552 4918 alio
3579 4860 3704 4918 est'?

2107 4950 2325 5021 pulchre
2356 4950 2589 5019 seipsum
2625 4950 2854 5020 explicat
2895 4958 3073 5019 postea
3099 4990 3114 5014 ,
3165 4951 3237 5005 ita
3278 4961 3334 5008 ut
3372 4969 3492 5010 cum
3521 4954 3701 5021 .scho—

2107 5042 2306 5097 laSticis
2331 5042 2408 5109 in
2446 5057 2512 5098 eo
2540 5044 2879 5108 consentiat,
2917 5045 3058 5111 quod
3095 5046 3228 5102 alius
3272 5046 3470 5101 dicatur
3503 5047 3660 5103 Pater
3683 5089 3699 5116 ,

2106 5134 2239 5188 alius
2271 5132 2439 5188 Filius
2464 5176 2476 5197 ,
2507 5134 2641 5187 alius
2669 5135 2895 5205 Spiritus
2920 5136 3141 5195 Sanctus
3159 5182 3175 5209 ,
3202 5141 3290 5195 sed
3315 5142 3415 5195 non
3442 5118 3607 5206 aliud,
3635 5157 3701 5197 eo

2050 5247 2065 5251 ’
2104 5226 2245 5298 quod
2277 5214 2383 5281 non
2409 5228 2514 5281 sint
2541 5225 2680 5282 idem
2705 5227 2881 5304 Pater,
2912 5229 3080 5287 Filius
3110 5242 3163 5288 et
3191 5231 3419 5303 Spiritus
3447 5232 3698 5301 Sanctus,

2103 5327 2357 5375 ettamen
2401 5317 2639 5388 ejusdem
2679 5318 3011 5377 substantiae.
3038 5321 3092 5378 Si
3122 5338 3242 5395 quae
3280 5331 3538 5394 praeterea
3577 5336 3704 5382 sunt

2101 5412 2205 5467 alia
2235 5410 2378 5467 dicto
2403 5410 2495 5466 lib.
2524 5410 2648 5467 adv.
2678 5410 2925 5469 Praxean
2948 5456 2963 5481 ,
3005 5429 3123 5485 qua:
3161 5402 3353 5472 'durius
3382 5423 3476 5471 aut
3502 5416 3699 5474 obscu-

2101 5505 2215 5561 rius
2236 5504 2377 5560 dicta
2404 5504 2552 5573 sint,
2582 5506 2885 5562 meminerit
2907 5507 3076 5563 lector
3125 5516 3293 5564 totum
3336 5508 3478 5564 hunc
3505 5510 3701 5568 librum

2100 5609 2257 5677 caute
2286 5599 2390 5670 legi
2412 5606 2462 5655 et
2485 5598 2768 5659 commode
2796 5598 3023 5670 intelligi
3055 5598 3274 5659 debere.
3306 5601 3389 5657 Ad
3420 5601 3700 5657 Nouatiam'

2100 5694 2383 5752 redeamus
2404 5679 2593 5749 librum
2633 5692 2695 5748 de
2742 5690 3009 5750 Trinitate.
3044 5693 3309 5766 Imprimis
3343 5694 3485 5767 quod
3538 5694 3696 5752 habet
