4082 6346
273 394 363 451 $09

863 394 959 450 EX
998 393 1463 454 TERTULLIANI
1501 388 1977 457 APOLOGETICO
2014 399 2537 463 PROVERBIALES
2577 401 2945 462 FORMULAS.
2992 454 2999 461 .

3416 380 3419 385 ’
3452 407 3563 466 ato

271 522 310 563 c.
340 509 423 563 il.
455 506 723 563 divinitate
745 511 991 566 sermonis
1016 511 1069 564 in
1096 510 1208 581 ipsa
1235 512 1553 568 concretione
1576 513 1847 584 permixta,
1878 515 1931 576 Α
1956 515 2115 572 aliter
2140 531 2297 588 quam
2324 516 2434 586 jam
2464 517 2696 575 diximus
2719 562 2736 587 ,
2765 520 2909 593 quod
2935 518 3133 578 ibidem
3174 520 3424 578 minorem
3447 520 3558 578 Pa.

272 600 360 656 etsi
385 599 513 669 quid
552 601 657 656 tale
687 601 987 657 inveniatur
1007 602 1118 673 jam
1147 604 1289 660 dicto
1313 604 1406 661 lib.
1434 604 1556 661 adv.
1588 606 1850 674 Praxean,

270 693 471 764 intelligi
526 694 727 751 debere
772 695 838 750 de
887 697 1244 767 permixtione
1289 700 1537 767 unionis,
1589 716 1697 757 non
1729 716 1856 758 vero

269 784 616 856 permixtione
644 796 951 842 naturarum
978 788 1175 843 divina:
1202 798 1258 845 ct
1284 790 1532 849 humana:
1550 833 1565 857 ,
1600 792 1670 848 ibi
1698 808 1859 851 anno-

271 880 480 935 tavimus
502 896 560 934 n.
588 880 678 937 56.
714 880 765 936 id
792 883 1205 952 comprobantes
1234 899 1300 939 ex
1325 885 1445 939 aliis
1472 885 1716 955 pluribus
1742 886 1858 956 ejus

270 970 374 1026 libri
403 971 564 1026 locis.
629 972 725 1027 Est
752 972 884 1028 ﬁdes
910 983 1055 1028 recta
1090 975 1257 1045 (juxta
1302 976 1578 1032 Athanasii
1627 977 1857 1047 Symbo-

270 1062 386 1135 lum)
413 1072 472 1117 ut
498 1063 788 1121 credamus
809 1075 863 1122 et
883 1068 1241 1123 conﬁteamur
1264 1069 1405 1138 q'uod
1431 1085 1568 1125 unus
1589 1071 1659 1126 sit
1678 1071 1859 1127 Chris-

271 1167 380 1221 tus,
438 1173 551 1213 non
597 1162 948 1217 conversione
999 1162 1296 1217 divinitatis
1342 1164 1397 1218 in
1439 1179 1657 1221 carnem
1688 1207 1703 1232 ,
1760 1166 1859 1222 sed

270 1252 626 1321 assumptione
663 1252 1007 1308 humanitatis
1035 1255 1087 1308 iu
1123 1254 1311 1321 Deum,
1340 1270 1475 1310 unus
1502 1256 1723 1311 omnino
1750 1234 1858 1312 non

270 1342 578 1409 confusione
606 1344 918 1400 substantia:
937 1388 953 1414 ,
983 1346 1076 1402 sed
1110 1348 1310 1402 unitate
1340 1363 1608 1419 persona-.
1654 1336 1858 1406 Deinde

272 1433 383 1497 illud
434 1435 640 1490 ibidem
676 1454 689 1489 :
720 1437 849 1491 Ante
876 1455 1022 1508 quem
1052 1426 1391 1510 ni/tiI'prteter
1418 1439 1647 1509 Patrem,
1672 1441 1860 1498 eodem

271 1526 533 1582 intellectu
599 1529 1001 1598 accipiendum,
1048 1546 1154 1602 quo
1208 1532 1447 1603 idquod
1487 1549 1647 1604 supra
1695 1533 1864 1589 addu-

272 1617 432 1673 ximus
461 1633 529 1673 ea
578 1617 780 1675 Tertul.
830 1621 921 1675 lib.
962 1621 1177 1678 advers.
1231 1623 1482 1696 llermog.
1520 1625 1671 1696 juxta
1715 1624 1858 1696 quod

1958 617 2034 661 tre
2061 607 2191 663 dicit
2216 616 2269 662 ut
2296 607 2515 665 Filium.
2543 609 2711 667 Caute
2732 612 2894 669 etiam
2919 612 3080 669 debet
3097 613 3200 683 legi
3228 612 3379 680 illud,
3408 614 3554 687 quod

1961 700 2202 756 videatur
2231 715 2337 757 non
2363 701 2524 763 aliam
2554 702 2798 759 unitatem
2828 704 3003 759 Patris
3041 715 3089 760 et
3132 703 3261 760 Filii
3288 704 3559 776 interpre-

1962 794 2063 850 tari
2104 809 2263 865 quam
2310 792 2563 851 societatis
2591 798 2948 863 concordiam,
2992 795 3224 854 efferens
3267 813 3554 871 perperam

1960 886 2025 942 ad
2074 888 2176 942 hoc
2204 887 2402 953 locum,
2434 888 2476 943 1.
2507 887 2630 945 Cor.
2679 888 2769 945 Ill.
2822 905 2919 960 pro
2961 904 3056 947 sua
3096 892 3397 958 sententia;
3428 891 3555 963 quia

1962 978 2220 1035 catholica
2254 979 2474 1037 ﬁdes-et
2497 980 2787 1052 Scriptura:
2819 982 2982 1037 etiam
3025 982 3306 1039 veritatem
3362 997 3555 1041 essen.

1964 1072 2051 1127 tiae
2077 1081 2375 1141 agnoscunt
2416 1072 2468 1127 in
2521 1073 2677 1128 Patre
2724 1082 2778 1128 et
2824 1072 2984 1128 Filio.
3034 1073 3276 1145 Denique
3314 1073 3457 1145 quod
3485 1075 3555 1130 de

1962 1162 2163 1234 Spiritu
2187 1173 2374 1219 sancto
2397 1178 2504 1219 non
2531 1164 2778 1220 videatur
2801 1164 3111 1222 consentire
3137 1164 3416 1221 catholica:
3444 1165 3548 1221 Pa-

1966 1268 2107 1313 trum
2153 1258 2423 1314 traditioni
2469 1274 2535 1313 ex
2557 1258 2867 1328 Scripturis,
2900 1259 3094 1315 factum
3121 1268 3370 1328 putamus
3395 1297 3411 1325 ,
3440 1272 3549 1315 non

1964 1350 2107 1422 quod
2152 1360 2373 1422 negaret
2417 1350 2677 1422 Spiritum
2712 1351 2969 1408 Sanctum
3012 1350 3275 1423 aequalem
3316 1350 3461 1407 Patri
3502 1358 3560 1407 et

1968 1442 2138 1508 Filio;
2193 1442 2287 1498 sed
2348 1442 2593 1498 nondum
2639 1458 2698 1499 re
2747 1442 2965 1499 deﬁnita
2995 1485 3012 1509 ,
3059 1442 3339 1499 obscurius
3390 1442 3565 1499 solent

1968 1534 2109 1604 loqui
2135 1533 2324 1589 Patres
2346 1543 2559 1589 veteres
2584 1532 2655 1588 ob
2682 1534 2921 1589 materia:
2949 1548 3219 1589 summam
3257 1533 3560 1589 obscurita-

1970 1632 2077 1681 tem
2103 1666 2116 1689 ,
2151 1624 2222 1679 ita
2264 1634 2441 1681 tamen
2469 1633 2527 1679 ut
2563 1625 2906 1683 commodum
2950 1624 3183 1696 aliquem
3215 1638 3432 1682 sensum
3464 1637 3563 1695 pa-

268 1709 635 1764 annotavimus
657 1710 721 1766 ad
749 1712 997 1769 eumdem
1028 1716 1121 1770 lib.
1154 1694 1387 1786 cap..'5!.
1416 1694 1566 1773 num.
1595 1694 1861 1774 HlaNec
1891 1712 1940 1771 Β
1971 1718 2189 1773 tiantur.

281 1841 3565 1913 Ἠ

833 1960 891 2016 Θ

1152 1989 2699 2171 PROVERBIALES

822 2209 1734 2327 FORMULE
1811 2206 2298 2324 τι)το
2374 2208 2983 2324 OPERE

503 2352 668 2446 HOC
714 2382 1365 2446 TERTULLIANICO
1414 2381 1891 2458 ΟΟΝΤΕΝΤᾸΞ,
1936 2380 2328 2444 BREVIBUS
2369 2380 2733 2445 SCHOLIIS
2776 2378 3328 2456 ILLUSTRATE,

906 2504 1339 2562 AUCTORIBUS
1375 2503 1604 2559 BEATO
1649 2501 1974 2557 RUENANO
2013 2502 2102 2555 ΕΤ
2144 2501 2300 2555 AND.
2345 2500 2527 2557 HOYO
2568 2501 2930 2559 BRUGE‘NSI.
3159 2498 3168 2506 ’

839 2568 2641 2695 MWW

277 2719 323 2774 1.
350 2718 499 2775 Abiit
519 2717 655 2789 jam,
680 2725 733 2772 et
758 2716 953 2771 reverti
984 2714 1159 2770 debet.
1193 2700 1338 2768 ’l‘oiii.
1365 2713 1407 2768 Ι.
1436 2714 1521 2767 lib.
1553 2713 1616 2768 de
1644 2710 1857 2767 Testim.

686 2809 915 2874 Animae,
946 2824 1061 2877 cap.
1096 2806 1152 2860 4.
1181 2822 1321 2859 num.
1354 2804 1444 2859 2‘2.

341 2920 622 2978 Proverbii
663 2920 852 2991 hujus,
891 2920 1032 2991 quod
1082 2919 1341 2974 Teutonis
1397 2916 1666 2986 Gallisque
1709 2915 1872 2971 etiam

278 3016 564 3077 usitatum,
595 3013 891 3081 usumjpse
921 3010 1123 3067 Tertul.
1155 3008 1421 3064 fusissime
1445 3007 1686 3077 explicat
1731 3024 1743 3059 :
1778 3014 1871 3072 ut,

279 3108 472 3163 abiisse
505 3107 799 3172 hominem,
824 3105 889 3159 sit
915 3145 928 3169 ,
960 3120 991 3159 e
1019 3118 1245 3173 corpore
1270 3101 1566 3157 eXCessissc
1603 3099 1832 3171 animam
1853 3138 1870 3165 ,

280 3210 433 3272 atque
448 3205 524 3255 ita
542 3200 678 3255 inter
704 3200 850 3255 vivos
865 3214 986 3254 esse
1013 3197 1256 3253 desiisse.
1275 3197 1363 3251 Sic
1379 3195 1551 3250 Graeci
1573 3195 1646 3248 uti
1666 3193 1750 3247 his
1767 3207 1878 3247 ver-
1902 3190 1949 3252 C

284 3292 358 3347 bis
370 3291 570 3356 solent,
588 3300 828 3361 οἴχεςθαι,
848 3298 1184 3358 κατοίχεσὲιαι,
1198 3291 1527 3358 ἀπέρχεσθαι,
1546 3292 1872 3351 unos/indm,

284 3384 381 3442 hoc
400 3396 487 3441 est
509 3385 645 3440 mori
671 3403 683 3438 :
713 3401 831 3455 quae
859 3384 1038 3437 omnia
1067 3383 1267 3436 abitum
1292 3392 1681 3448 excessumque
1709 3376 1877 3446 signi—

285 3478 460 3533 ﬁcant.
488 3477 545 3532 In
568 3476 888 3532 dictiuncula
903 3478 1036 3548 jam.
1055 3489 1172 3545 qua:
1195 3473 1410 3543 longum
1434 3471 1664 3541 Spatium
1680 3469 1875 3535 innuit,

288 3583 390 3629 tota
432 3572 714 3637 Proverbii
781 3572 862 3627 vis
927 3570 1135 3624 videtur
1187 3568 1501 3622 consistere.
1572 3562 1745 3618 Tanta
1801 3561 1915 3617 vis~

289 3667 381 3723 iuit
407 3665 652 3723 veritatis
691 3663 758 3720 de
797 3661 1191 3719 resurrectione
1233 3670 1287 3718 et
1324 3656 1721 3714 immortalitate
1767 3654 1882 3709 ani-

266 3775 387 3815 -ma:
407 3801 422 3824 ,
456 3767 518 3814 ut
546 3773 607 3813 ea
634 3773 699 3812 ex
733 3755 1006 3811 hominum
1036 3753 1260 3817 animis,
1291 3766 1359 3807 ne
1396 3751 1447 3805 in
1480 3748 1638 3803 tantis
1666 3745 1882 3817 quidem

222 3894 233 3899 -
292 3866 546 3906 vanarum
572 3848 877 3919 opinionum
908 3845 1141 3902 tenebris
1164 3886 1178 3910 ,
1209 3858 1239 3898 a
1282 3841 1572 3910 majoribus
1598 3839 1759 3893 veluti
1791 3852 1886 3907 per

296 3924 487 4000 manus
531 3942 756 4007 tradita,
789 3941 1019 4011 potuerit
1061 3938 1251 4004 evelli,
1294 3935 1388 3993 sed
1422 3934 1544 3989 trito
1586 3933 1885 4010 usitaloque

293 4035 579 4107 proverbio
608 4035 678 4089 sit
718 4034 1070 4104 frequentata,
1095 4028 1162 4085 de
1192 4030 1256 4083 iis
1276 4024 1686 4098 qnijamdudum
1707 4029 1890 4078 essent
1994 4082 1997 4083 ν

295 4129 564 4193 defuncti;
605 4127 752 4197 quasi
800 4132 1218 4196 praesumerent,
1250 4123 1351 4177 hoc
1379 4129 1462 4175 est
1501 4119 1884 4188 praeciperent,

297 4233 349 4279 et
395 4222 754 4290 anticiparent
801 4217 1029 4279 animis,
1070 4229 1352 4285 corporum
1406 4208 1888 4270 resurrectionem,

301 4319 410 4373 sive
437 4314 740 4370 animorum
770 4312 858 4382 qui
897 4316 1272 4372 excesserant,
1306 4305 1372 4360 ad
1412 4319 1507 4369 sua
1536 4315 1762 4370 corpora
1808 4312 1893 4352 rc-

300 4408 490 4473 ditum,
509 4410 820 4477 ἀναστροῖρήν,
841 4406 1119 4469 ἀνάστασιν,
1159 4401 1260 4455 ltOC
1293 4405 1396 4465 εει,
1426 4395 1644 4460 Reverti,
1691 4400 1896 4447 ἐπανασ-

301 4514 505 4576 τρὲξιιν,
529 4510 559 4561 ἢ
584 4504 822 4563 ἀνᾳϐιθΰν.

2672 2583 3081 2763 Im“.
3105 2722 3223 2779 cap.
3244 2706 3299 2763 4.
3329 2721 3383 2762 n.
3413 2703 3503 2762 84.

2047 2822 2146 2878 Est
2188 2830 2374 2889 acute,
2423 2822 2640 2877 intentis
2667 2831 2722 2877 et
2749 2822 2901 2889 quasi
2931 2820 3121 2877 deﬁxis
3145 2819 3196 2875 in
3241 2834 3355 2876 rem
3401 2816 3570 2874 oculis

1978 2914 2194 2982 intueri,
2225 2917 2383 2977 etme;
2410 2919 2543 2984 όρᾷν.
2575 2912 2762 2983 Virgil.
3152 2960 3155 2961 ν

2044 2710 2098 2765 5.
2124 2708 2253 2764 Acie
2276 2706 2461 2779 ﬁgere.
2496 2707 2643 2762 Tom.

2107 3066 2119 3078 .
2157 3065 2172 3078 .
2212 3066 2224 3077 .
2263 3063 2274 3075 .
2312 3061 2328 3082 .
2366 3062 2379 3074 .
2414 3026 2597 3077 Oculos
2616 3025 2859 3076 horrenda
2882 3026 2931 3075 in
2956 3022 3164 3089 Virgine
3185 3024 3329 3076 ﬁxus.

1981 3135 2050 3191 Ut
2088 3135 2176 3206 qui
2204 3134 2442 3190 vestibus
2470 3148 2499 3187 a
2534 3142 2738 3187 natura:
2770 3131 3139 3188 moderatione
3166 3132 3379 3200 alienis,
3410 3130 3585 3186 bomi-
3621 3162 3628 3168 -

1984 3241 2184 3298 nesque
2226 3238 2561 3281 transversos
2588 3224 2654 3281 de
2695 3234 2846 3280 recto
2876 3232 3016 3279 statu
3057 3224 3338 3294 agentibus
3374 3223 3582 3289 induti,

1982 3319 2156 3390 palam
2184 3317 2595 3389 conspiciendus
2623 3331 2681 3372 se
2701 3356 2716 3382 ,
2744 3325 2833 3371 aut
2860 3316 3036 3387 potius
3066 3314 3392 3371 deridendus
3438 3330 3580 3385 prae-

1983 3414 2145 3495 ben't,
2175 3411 2410 3465 omnium
2452 3409 2640 3464 oculos
2674 3409 2728 3489 in
2762 3423 2822 3463 se
2845 3416 3161 3462 convertere
3198 3406 3336 3462 velle
3362 3405 3581 3461 videan-

1987 3513 2091 3559 tur.
2124 3502 2195 3559 Ut
2234 3512 2409 3556 tamen
2438 3499 2743 3570 hujusmodi
2793 3499 3085 3569 inspectio,
3129 3498 3242 3553 sive
3292 3496 3581 3568 spectatio,
3686 3514 3692 3519 ·

1985 3610 2143 3667 quam
2172 3602 2407 3663 captant,
2435 3607 2556 3647 cum
2582 3592 2776 3662 probro
2820 3578 3248 3671 contumeliaque
3271 3589 3582 3646 eorumdem

1986 3688 2327 3762 gestantium,
2361 3686 2433 3741 sit
2456 3684 2762 3755 conjuncta,
2788 3693 2844 3739 ut
2876 3700 2978 3740 non
3002 3682 3165 3750 laudi,
3192 3682 3290 3739 sed
3316 3682 3445 3737 vitio
3466 3697 3586 3738 ver-

1990 3792 2085 3839 tat.
2114 3782 2248 3837 Huic
2276 3778 2650 3851 snbjungitur:
2682 3777 2851 3849 Digito
2875 3776 3159 3845 destimrre,
3196 3773 3343 3830 Nutu
3362 3774 3575 3831 tradere.

1993 3877 2067 3932 De
2088 3875 2282 3947 quibus
2310 3872 2466 3929 infra.

1992 3972 2046 4026 4.
2098 3969 2257 4025 Acies
2303 3966 2567 4022 machara:
2607 3973 2810 4021 exerta.
2843 3962 2993 4031 Tom.
3021 3960 3087 4016 V.
3134 3950 3223 4016 lib'.
3268 3961 3331 4015 de
3363 3958 3591 4015 Pudicit.

2182 4048 2199 4063 ‘
2480 4112 2483 4115 .
2511 4076 2626 4128 cap.
2662 4058 2749 4112 Μ.
2779 4072 2918 4111 num.
2950 4055 3072 4110 H5.

2066 4156 2243 4222 Quum
2269 4152 2420 4224 quasi
2453 4152 2624 4222 plena:
2658 4149 2821 4220 juris,
2854 4145 3186 4203 auctoritatis
3227 4152 3282 4200 et
3310 4139 3594 4214 potestatis

1998 4247 2221 4303 habena:
2277 4241 2620 4299 effunduntur
2677 4241 2729 4293 in
2775 4246 2959 4308 aperta
3001 4234 3392 4306 objurgatione.
3436 4229 3591 4301 Apud

1997 4332 2184 4413 Virgil.
2221 4359 2239 4391 ι
2270 4339 2412 4393 Ense
2435 4335 2640 4390 incluso
2668 4332 2797 4386 ibat.
2829 4350 2847 4382 ι
2881 4329 2977 4385 Cui
3001 4326 3329 4383 contrarium
3356 4330 3439 4380 est
3463 4320 3596 4413 illud

1998 4412 2112 4490 Cic.
2140 4430 2250 4485 |.in
2270 4429 2428 4485 Catil.
2471 4428 2570 4481 «At
2596 4438 2695 4478 nos
2723 4421 3040 4493 vigesimum
3064 4419 3175 4489 jam
3205 4415 3348 4473 diem
3368 4412 3599 4485 patimur

1922 4555 1976 4613 D
2000 4525 2292 4581 hebescere
2312 4520 2480 4575 aciem
2521 4517 2711 4571 horum
2743 4511 3095 4568 auctoritatis.
3136 4507 3406 4605 Habemus
3452 4501 3595 4558 enim

304 4640 358 4696 2.
404 4602 1135 4711 Abrdptummmplissimum
1168 4631 1349 4687 salire.
1388 4626 1537 4681 Tom.
1581 4624 1667 4679 lll.
1713 4620 1897 4701 lib.V.
1923 4594 2337 4679 "-Sen.Cons.,
2386 4618 2754 4711 verumtamen
2795 4604 3056 4711 inclusum
3104 4600 3157 4655 in

660 4729 777 4784 adv.
808 4728 974 4781 Marc.
996 4742 1115 4795 cap.
1140 4724 1227 4780 M.
1250 4738 1391 4777 nam.
1412 4718 1512 4775 251
1528 4760 1540 4772 .

376 4863 587 4926 Salire'.
622 4854 719 4933 pro
746 4858 1014 4917 transilire
1042 4856 1121 4911 vel
1150 4854 1289 4910 saltu
1320 4850 1701 4908 transmittere.
1735 4846 1805 4902 Ut
1833 4845 1903 4901 sit

312 4958 531 5014 omnino
549 4998 562 5021 ,
590 4965 681 5010 aut
710 4954 866 5017 verba
893 4952 1082 5007 saltem
1109 4945 1426 5005 intermedia
1458 4942 1802 5013 praemittere.
1822 4940 1904 4995 Ab

292 5051 376 5105 iis
406 5059 678 5119 sumptum
725 5045 814 5116 qui
846 5038 1443 5110 maluutcompcndium
1474 5035 1653 5089 facere
1678 5032 1902 5096 itineris,

315 5144 486 5209 saltu,
535 5157 693 5213 quam
733 5137 1068 5209 dispendium
1117 5132 1482 5190 commodiore
1527 5126 1925 5207 ambulatione.

316 5237 428 5302 Sic,
454 5257 472 5289 ι
498 5218 785 5290 Maximum
817 5244 1065 5300 campum
1094 5226 1366 5283 levissimo
1391 5222 1527 5278 saltu
1553 5218 1903 5283 transvolas,»

319 5330 558 5400 Scaliger
578 5325 642 5380 ad
664 5306 987 5379 Cardanum.
1012 5320 1259 5391 Explicat
1288 5333 1345 5373 se
1367 5330 1491 5371 mox
1506 5311 1869 5369 Tertullianus
1895 5327 1908 5363 :

320 5399 566 5475 Adetiiisti
604 5425 743 5470 tanta
773 5413 836 5466 de
861 5412 1142 5482 Scripturis
1168 5450 1181 5474 ,
1239 5408 1341 5463 hoc
1392 5416 1511 5470 est,
1565 5399 1908 5465 intercidisti,

322 5509 557 5581 rejecisti
599 5517 654 5563 et
705 5503 1004 5574 abrupiSIi,
1056 5513 1115 5557 ut
1155 5500 1361 5556 lacuna:
1389 5500 1442 5553 in
1474 5496 1731 5553 librorum
1779 5494 1921 5547 con-'

323 5602 473 5658 textu
522 5610 825 5671 permagna:
887 5602 1119 5651 exstent.
1174 5592 1292 5649 Lib.
1336 5592 1404 5648 V.
1455 5589 1575 5645 adv.
1642 5584 1913 5643 eumdem.

2004 4724 2165 4784 quam
2212 4706 2446 4779 gladium
2484 4705 2537 4759 in
2583 4702 2768 4772 vagina
2799 4696 3155 4754 reconditum.
3187 4710 3206 4743 ι
3234 4689 3324 4784 Sic
3349 4687 3401 4742 in
3427 4684 3599 4755 Apio:

2006 4777 2409 4859 Uentesvcxerti
2448 4794 2512 4851 ad
2560 4794 2781 4849 vulnera
2817 4784 3102 4859 iuiligenda
3151 4777 3293 4836 acuti
3324 4784 3380 4833 et
3414 4790 3602 4832 erum-

2079 4903 2215 4950 ntes.

2079 4912 2215 4950 mes.

2007 4912 2139 5066 pes.
2180 5005 2323 5063 Nihil
2353 5003 2419 5058 ad
2451 4995 2905 5057 Andromacham.
2931 4955 3056 5047 ibid.
3082 5003 3203 5058 cap.
3245 4985 3300 5040 8.
3342 5001 3396 5039 n.
3440 4981 3531 5039 65.
3576 5012 3581 5019 ν

2086 5117 2343 5179 Alludere
2389 5112 2597 5168 videtur
2640 5105 2706 5161 ad
2738 5102 2933 5158 veteris
2973 5097 3198 5166 alicujus
3232 5092 3420 5163 tragici
3454 5090 3609 5147 fabu-

2013 5212 2157 5283 lam,
2182 5209 2399 5267 nomiue
2428 5195 2801 5262 Andromacha
2828 5189 3159 5258 inscriptam.
3187 5185 3252 5283 Et
3282 5199 3349 5283 ex
3375 5179 3608 5283 Tertull.

2016 5272 2269 5377 colligere
2289 5309 2403 5366 est,
2436 5295 2568 5351 nihil
2593 5290 2736 5347 aliud
2765 5284 2939 5342 isthoc
2957 5374 2967 5377 _
2976 5279 3269 5377 proverbio
3297 5272 3612 5377 signiﬁcari,

2017 5367 2177 5473 quam
2200 5395 2377 5450 hisce:
2406 5388 2549 5443 Nihil
2565 5382 2885 5444 adversum,
2917 5372 3053 5473 nihil
3079 5369 3147 5427 ad
3176 5368 3464 5473 Bacchum:
3482 5367 3614 5473 obita

2021 5456 2133 5566 11m
2150 5498 2279 5554 ἔπος,
2298 5486 2661 5553 ἀπροσδιόνυσα,
2679 5474 2781 5528 hoc
2802 5479 2907 5538 est,
2931 5469 3103 5524 aliena
3131 5480 3161 5520 a
3188 5478 3273 5519 re.
3295 5460 3429 5517 Nam
3450 5456 3620 5511 bmre-

2025 5554 2158 5645 ti'cos
2178 5598 2300 5639 cum
2324 5572 2675 5634 histrionibus
2695 5573 2996 5637 comparat.
3017 5562 3084 5617 lli
3103 5554 3422 5645 allegoricos
3435 5556 3619 5645 gestus

331 5638 561 5763 Quanta:
615 5638 782 5761 [ουῖαε
830 5688 882 5741 in
938 5684 1174 5757 Epistola
1225 5682 1431 5755 fecerit,
1482 5677 1758 5752 auferendo
1807 5689 1921 5750 qut:
2025 5672 2494 5737 accommodantes
2520 5662 2777 5727 canticis,
2809 5659 2915 5716 alia
2938 5658 3097 5763 longe
3122 5638 3618 5763 apt-frasentigelng-

328 5787 506 5847 voluit.
534 5784 685 5856 Virg.
711 5783 867 5839 libro.
900 5778 967 5836 lV
1012 5798 1025 5834 :

492 5899 583 5953 llis
605 5900 820 5951 medium
843 5898 986 5950 (lictis
1009 5906 1287 5950 sermonem
1311 5892 1565 5955 abrumpit.

2028 5776 2149 5832 bula
2187 5779 2243 5827 et
2263 5781 2420 5823 scena
2449 5760 2757 5832 exprimunt
2808 5756 2905 5823 (ut
2923 5750 3168 5807 videatur
3191 5743 3258 5801 ad
3287 5750 3463 5832 grmca
3490 5746 3626 5832 pro-

2031 5830 2211 5929 ;‘Clbia
2238 5830 2563 5933 t‘t‘SpCXlSSi),
2584 5836 2716 5914 ind;
2733 5858 2871 5921 χορῢΰ
2891 5850 3151 5919 ὀρχεῖσθαι,
3182 5836 3267 5897 vel
3292 5831 3361 5891 ad
3394 5840 3449 5889 τὸ
3476 5830 3628 5899 ἀκορ-
