4106 6330
474 469 577 527 ιιιι

1563 460 1660 517 ex
1696 454 2163 518 TERTULLIANI
2203 452 2675 531 APOLDGETICO

3673 448 3782 509 ξιξ

478 592 663 654 χεῖσθαι
690 581 862 654 (extra
892 580 1112 636 chorum
1144 579 1377 644 saltare,
1404 584 1458 634 et
1486 573 1799 647 desaltare);
1833 573 1932 639 illi,
1961 571 2075 626 bte-
2105 569 2158 631 Α
2181 569 2543 638 collocantes,
2586 571 2665 628 sic
2709 569 2858 627 illum
2904 583 3064 642 quum
3096 578 3312 639 ornant,
3333 537 3456 624 tum
3487 566 3776 639 adjuvant,

482 676 639 733 retici
662 675 898 739 scilicet,
929 672 1145 729 easdem
1176 671 1457 743 parabolas
1474 684 1581 741 quo
1601 668 1790 724 volunt
1811 665 2071 731 tribuunt,

484 783 592 824 non
611 780 719 837 quo
736 764 935 821 habent
964 766 1240 837 aptissime
1263 762 1572 857 excludunt.

486 900 542 957 6.
581 897 663 961 Ad
689 913 922 961 scarum:
945 898 1262 971 producere.
1294 898 1444 954 Tom.
1476 897 1543 954 ll.
1572 897 1658 952 lib.
1686 849 1759 952 ad
1786 896 2069 969 Martyres,

1028 1011 1144 1066 cap.
1174 994 1228 1051 5.
1252 1010 1395 1050 num.
1427 993 1515 1048 ιι.

554 1127 867 1187 necuim.
896 1125 1073 1183 Locus
1106 1126 1418 1182 certaminis
1468 1126 1521 1179 in
1577 1139 1685 1195 quo
1712 1122 2074 1195 congrediun-

486 1230 574 1278 tur
602 1221 825 1277 athleta
852 1227 1052 1290 σκάρμιι
1080 1220 1283 1277 ϐιωείδ
1311 1218 1508 1275 dicitur
1528 1217 1670 1288 quod
1702 1218 1747 1273 is
1766 1217 1905 1273 fossa
1933 1218 2076 1288 cingi

482 1317 714 1384 soleret,
743 1324 874 1388 παρὰ
900 1327 954 1371 τό
979 1323 1228 1370 σκάπτειν.
1265 1313 1401 1369 llinc
1424 1311 1834 1385 proverbialiter
1870 1310 2075 1366 dictum

483 1408 547 1463 D.
578 1407 803 1464 Hieron.
841 1402 910 1463 de
956 1415 1313 1464 «animateet
1344 1406 1465 1462 loco
1503 1390 1810 1461 certaminis
1851 1402 2072 1475 egredi;

483 1514 585 1570 pro
609 1515 677 1555 eo
715 1498 857 1570 quod
895 1507 977 1555 est
1011 1516 1025 1553 :
1074 1499 1118 1555 Α
1160 1498 1434 1568 proposito
1469 1496 1712 1568 digredi,
1758 1496 1871 1550 sive
1909 1495 2077 1550 lineas

438 1592 443 1593 “
481 1591 769 1648 transilire.
802 1590 890 1647 Sic
912 1591 1055 1647 enim
1086 1591 1226 1660 apud
1249 1590 1397 1645 illum
1412 1589 1717 1660 legendum,
1747 1587 2074 1642 scribentem

480 1684 738 1741 adversus
778 1697 995 1739 errores
1036 1682 1259 1738 Joannis
1300 1681 1510 1737 Hieros.
1545 1679 1611 1736 ad
1650 1679 2073 1735 Pammachium.

479 1775 655 1844 Quum
681 1790 810 1846 ergo
856 1775 955 1830 ista
1007 1782 1336 1844 qumrantur,
1369 1764 1568 1844 inquit,
1611 1786 1707 1827 cur
1740 1781 1825 1837 tu,
1858 1770 2074 1825 omissis

478 1885 641 1941 super
669 1870 867 1940 quibus
889 1883 1068 1940 pugna
1093 1877 1201 1934 est,
1221 1867 1289 1927 de
1317 1874 1591 1922 “ammte
1607 1875 1659 1921 et
1675 1864 1797 1921 loco
1816 1864 2071 1920 certaui-

482 1937 567 2018 nis
598 1937 911 2032 egrediens,
946 1937 998 2015 in
1024 1960 1323 2032 peregrinis
1353 1968 1405 2014 et
1427 1959 1582 2030 longe
1611 1957 1804 2012 alienis
1833 1956 2072 2026 disputa-
2101 1937 2149 1997 Β

479 2055 713 2110 tionibus
743 2053 1084 2109 immoraris?
1133 2053 1301 2108 Porro
1347 2051 1583 2122 seipsum
1623 2047 1878 2121 exponit,
1908 2063 2073 2119 quum

477 2147 657 2203 addit:
693 2146 758 2200 Et
790 2148 899 2201 loco
918 2146 1229 2201 certaminis.
1264 2143 1352 2211 Et,
1375 2143 1519 2199 enim
1544 2142 1685 2198 idem
1706 2141 1868 2207 valet,
1900 2140 2071 2212 quod:

479 2239 531 2294 id
558 2247 655 2295 est.
680 2238 797 2294 Non
822 2238 1197 2303 omittendam,
1221 2237 1377 2292 valde
1393 2236 1665 2308 signatum
1681 2235 1825 2308 loqui
1843 2234 2071 2292 Tertull.

478 2330 611 2386 Nam
642 2329 861 2384 athletm
888 2341 940 2383 et
967 2327 1288 2399 gladiatores
1311 2327 1527 2398 produci
1558 2321 1817 2381 dicuntur
1842 2325 1895 2381 in
1924 2337 2075 2395 spec-

479 2423 669 2478 taculis
695 2422 767 2490 ab
796 2423 927 2493 ipsis
948 2421 1270 2478 munerariis
1295 2421 1387 2492 qui
1414 2420 1567 2476 ludos
1583 2420 1771 2477 edunt.
1790 2418 1883 2475 Sic
1908 2434 2068 2475 mox:

478 2525 532 2569 ut
576 2516 644 2569 ad
686 2515 907 2569 stadium
950 2514 1220 2569 tribunalis
1263 2514 1385 2569 bene
1431 2512 1697 2568 exercitati
1738 2513 2072 2568 incomnodis

481 2606 717 2661 omnibus
764 2596 1125 2676 producamur.
1184 2605 1261 2661 Ex
1298 2605 1563 2661 sententia
1609 2603 1836 2659 Tertull.
1887 2613 1969 2660 est
2020 2605 2071 2661 iu

480 2699 784 2766 theatrum,
812 2713 1029 2754 arenam
1055 2739 1069 2765 ,
1116 2698 1292 2753 locum
1334 2696 1600 2767 publicum
1641 2697 1953 2753 certaminis
1981 2697 2073 2751 ad-

479 2791 708 2857 ducere,
738 2789 1041 2845 ostentandi
1081 2788 1518 2860 periclitandique
1538 2796 1728 2856 artem,
1757 2789 1925 2855 vires,
1960 2805 2074 2860 gra-

481 2885 584 2951 tia,
616 2893 670 2941 et
690 2883 990 2954 praemium,
1013 2882 1129 2938 sive
1158 2891 1381 2954 βραειῖον
1411 2881 1727 2949 auferendi,
1761 2880 1815 2936 in
1846 2896 2072 2937 arenam

478 2976 826 3032 descendere;
859 2974 1055 3030 Paulus
1078 2973 1342 3043 LeOpard.
1366 2973 1459 3028 lib.
1497 2973 1535 3026 Ι.
1566 2971 1791 3029 Iliscell.
1826 2988 1945 3045 cap.
1977 2973 2071 3028 ιη.

478 3070 626 3125 vocis
652 3068 1007 3138 signiﬁcatum
1036 3069 1269 3139 explicat
1314 3086 1326 3123 :
1368 3076 1425 3123 et
1479 3083 1706 3122 uentura
1753 3068 1962 3123 Erasmi
2020 3077 2071 3123 et

476 3158 629 3241 Caelii
657 3159 872 3217 refutat.
902 3160 1231 3215 B.Ambros.
1263 3159 1355 3214 lib.
1382 3160 1424 3215 l.
1448 3157 1603 3215 Ollic.
1634 3177 1654 3211 ι
1688 3159 1877 3215 Adhuc
1906 3160 2075 3216 athle—

2183 665 2331 735 prius
2367 664 2435 720 ab
2463 679 2530 720 eo
2563 673 2836 722 caventes.
2867 663 3022 721 Unde
3051 660 3294 739 fortassis
3329 661 3490 733 vulgo
3521 660 3778 716 Afrorum

2182 759 2435 814 usitatum
2462 757 2513 811 id
2538 756 2793 829 temporis
2833 756 3199 828 proverbium,
3224 763 3281 810 ut
3306 771 3409 810 tere
3462 752 3774 809 collocatitio

2181 850 2379 921 aliquid
2402 849 2518 907 fieri
2543 849 2835 915 diceretur,
2859 858 2955 905 aut
2989 848 3140 905 dives
3167 848 3433 920 quispiam
3456 861 3579 902 esse
3600 845 3775 917 jacta-

2181 953 2350 1011 retur,
2374 945 2463 1015 qui
2494 945 2725 1016 propriis
2751 943 2943 1015 opibus
2974 959 3081 999 non
3114 942 3368 1014 polleret,
3401 940 3497 998 sed
3539 953 3778 997 commo-

2182 1036 2385 1093 datitiis
2413 1046 2467 1092 et
2491 1037 2703 1093 alienis.
2737 1037 2879 1113 Sane
2907 1031 3331 1113 ap‘udlrenazum
3382 1034 3489 1089 alio
3538 1030 3661 1088 loco
3707 1031 3775 1088 de

2183 1128 2286 1184 hoc
2314 1131 2431 1201 ipso
2453 1130 2644 1187 Sotere
2678 1112 2872 1201 legitur
2905 1146 2918 1182 :
2952 1128 3011 1183 In
3041 1143 3162 1185 eum
3189 1112 3599 1197 disponentibus
3628 1123 3779 1180 velut

2180 1219 2369 1277 ﬂorem
2414 1235 2593 1288 suum,
2647 1229 2704 1276 ut
2738 1221 3123 1287 collocatitium,
3156 1220 3225 1274 sit
3251 1218 3340 1274 hic
3386 1216 3775 1289 deposititium.

2181 1313 2325 1370 idem
2357 1330 2548 1371 sensus
2579 1316 2680 1371 erit
2705 1358 2721 1382 ,
2773 1313 2820 1370 si
2848 1315 3092 1370 collatitio
3140 1314 3309 1383 legas,
3342 1321 3432 1367 aut
3476 1321 3624 1367 certe
3667 1325 3777 1366 non

2180 1423 2509 1481 magnopere
2554 1407 2820 1467 diversus.
2867 1406 3132 1479 Equidem
3173 1405 3314 1476 apud
3360 1413 3572 1461 veteres
3597 1403 3778 1473 Imulta

2181 1501 2381 1558 ﬁebant
2416 1518 2516 1556 rere
2550 1502 2774 1567 collato;
2804 1498 3001 1572 quibus
3062 1499 3318 1570 operibus
3341 1496 3775 1553 inscribebantur

2181 1593 2265 1648 hae
2304 1602 2444 1648 nota:
2475 1610 2488 1647 :
2518 1591 2659 1646 Enr:
2686 1606 2806 1647 σοι..
2844 1590 2923 1645 Ad
2946 1604 3105 1662 quem
3153 1603 3357 1645 morem
3411 1587 3657 1642 fortassis
3685 1586 3773 1643 hic

2178 1687 2413 1760 respexit
2440 1685 2819 1747 Tertullhmus.
2853 1685 2997 1755 Stips
3036 1684 3291 1741 collatitia
3328 1698 3447 1755 qua:
3476 1685 3527 1738 in
3561 1697 3761 1754 paupe-

2177 1794 2297 1835 rum
2321 1794 2449 1835 usus
2474 1790 2752 1851 erogatur;
2781 1787 2831 1834 et
2872 1777 3079 1833 collatio
3128 1777 3241 1833 sive
3268 1776 3521 1845 collecta,
3560 1792 3681 1848 qua:
3725 1784 3781 1833 et

2179 1873 2432 1940 indictio,
2492 1872 2867 1943 pensitationis
2944 1870 3265 1940 pecuniaria:
3306 1884 3473 1939 genus
3543 1878 3669 1934 est,
3722 1877 3779 1924 et

2178 1972 2424 2034 σὺμϐσὶον,
2447 1964 2663 2020 collatio
2693 1964 2743 2017 in
2775 1978 2943 2019 etcum
2968 1970 3285 2033 apparatum
3313 1962 3424 2016 sive
3449 1960 3775 2031 pecuniaria,

2178 2060 2292 2115 sive
2308 2056 2582 2131 penuaria.
2605 2055 2761 2113 Unde
2786 2055 2940 2111 (Stena
2966 2055 3216 2109 collatitia
3246 2052 3509 2109 sodalium
3536 2061 3629 2107 aut
3655 2067 3778 2107 con-

2178 2149 2537 2207 tubernalium
2612 2148 2922 2212 aceubatio,
2966 2147 3055 2202 ubi
3103 2162 3227 2201 suas
3272 2147 3495 2217 quisque
3548 2144 3781 2201 afferunt

2178 2242 2386 2314 epulas.
2420 2250 2598 2314 ιρανος,
2628 2239 2977 2314 proverbium
3020 2239 3074 2294 in
3107 2252 3205 2295 eos
3230 2238 3515 2294 conveniet
3562 2236 3653 2308 qui
3683 2251 3779 2308 per

2178 2348 2239 2391 se
2268 2333 2399 2389 nihil
2430 2333 2631 2400 valent,
2661 2332 2756 2389 sed
2788 2334 2881 2387 toti
2908 2331 3096 2387 alienis
3124 2332 3232 2386 nixi
3262 2339 3383 2386 sunt
3412 2332 3625 2401 Opibus,
3650 2332 3767 2403 qui-

2179 2426 2280 2484 bus
2305 2426 2623 2484 Substractis
2646 2437 2921 2494 corruant,
2953 2435 3011 2482 et
3048 2425 3153 2481 fide
3174 2424 3495 2496 fortunaque
3522 2426 3652 2481 ﬁant
3681 2439 3773 2481 ex-

2177 2527 2377 2590 pertes.
2411 2519 2615 2575 Divites
2640 2519 2694 2574 in
2716 2534 2823 2576 tere
2852 2518 3053 2588 alieno,
3082 2518 3158 2574 uti
3180 2518 3442 2579 .lloratius
3467 2518 3601 2574 dixit
3629 2518 3777 2575 :Meo

2174 2625 2295 2669 sum
2323 2626 2523 2683 pauper
2550 2611 2605 2667 in
2629 2627 2756 2667 tere.

2314 2746 2373 2804 9.
2394 2746 2579 2817 Αιιορι
2600 2746 2870 2818 graculus.
2902 2723 3042 2801 Ibid.
3065 2761 3185 2815 cap.
3213 2745 3301 2801 ts.
3328 2761 3470 2800 uitus.
3502 2744 3633 2802 tas.

2250 2883 2565 2939 Rueaaaus.
2605 2882 2679 2937 Dc
2713 2881 2817 2937 hoc
2846 2890 3020 2937 exstat
3065 2880 3337 2952 Apologus
3369 2882 3510 2935 inter
3541 2895 3636 2937 eos
3683 2885 3776 2954 qui

2179 2973 2383 3045 Αἳεορο
2416 2974 2575 3045 vulgo
2597 2974 2920 3030 tribuuntur.
2951 2973 3105 3030 Unde
3131 2973 3336 3029 Gnecis
3365 2982 3544 3030 natum
3567 2989 3779 3045 prover-

2182 3069 2328 3126 bium
2356 3089 2368 3124 :
2392 3072 2625 3133 Aiadmto;
2639 3074 2837 3136 κολδιός,
2853 3069 3019 3137 idest,
3036 3068 3313 3140 Esopicus
3336 3071 3593 3141 graculus.
3627 3070 3777 3127 DlClO

2180 3162 2397 3218 solitum
2436 3163 2487 3217 in
2520 3177 2633 3229 eos,
2668 3162 2756 3234 qui
2787 3161 2960 3218 aliena
2993 3177 3090 3234 pro
3121 3163 3233 3217 suis
3255 3171 3545 3218 ostentant.
3578 3161 3766 3220 llorat.

478 3263 550 3309 tae
580 3254 635 3308 in
664 3262 940 3309 nominate
966 3262 1086 3308 sunt
1108 3292 1126 3321 ,
1165 3271 1184 3305 ι
1219 3252 1379 3308 etiam
1430 3251 1863 3322 proverbialiter,
1914 3252 2070 3322 quasi
2098 3301 2140 3326 η
2175 3255 2229 3312 3.
2257 3255 2423 3326 Epist.
2456 3254 2552 3310 lib.
2577 3254 2638 3309 l:

479 3345 626 3401 dicat
646 3345 978 3403 :Etiamnum
1000 3344 1067 3400 de
1095 3343 1313 3415 prtemio
1335 3353 1595 3411 certatur,
1625 3354 1679 3399 et
1708 3344 1882 3415 palma
1908 3343 2071 3401 dubia

477 3448 584 3497 cii.

477 3575 532 3630 τ.
572 3573 653 3632 Ad
681 3574 825 3648 quod
855 3574 1100 3630 venimus
1120 3614 1137 3640 ,
1162 3572 1267 3628 hoc
1294 3556 1412 3644 age.
1450 3570 1596 3626 Tom.
1624 3570 1711 3627 ιιι.
1744 3567 1835 3627 lib.
1863 3569 1951 3626 tv.
1976 3570 2075 3626 ad-

828 3679 957 3721 vers.
1000 3663 1169 3719 Marc.
1212 3680 1326 3735 cap.
1371 3664 1423 3717 7.
1465 3676 1610 3719 num.
1640 3662 1732 3719 65.

554 3801 611 3856 ln
636 3800 806 3858 sacris
848 3799 1104 3871 imperari
1146 3798 1361 3855 solitum
1389 3797 1695 3863 silentium,
1736 3797 1819 3854 his
1853 3798 2070 3855 verbis:

478 3887 680 3947 Favete
705 3892 932 3962 linguis;
962 3900 1017 3946 et
1045 3890 1254 3959 Graece,
1278 3905 1386 3958 σῖγα
1411 3900 1503 3951 πᾶς
1523 3901 1639 3945 τστω
1667 3898 1800 3956 λεώς,
1818 3892 2073 3949 eteadem

482 3984 553 4040 de
579 3996 770 4039 caussa
815 3982 1035 4038 clamari
1082 3982 1299 4039 solitum
1337 3997 1351 4037 :
1386 3981 1507 4037 Hoc
1541 3999 1658 4051 age.
1687 3981 1849 4052 quue
1877 3983 2076 4040 Plutar-

482 4074 617 4131 chus
668 4075 720 4129 in
765 4074 935 4130 Numa
969 4073 1147 4130 dicere
1190 4074 1400 4130 videtur
1431 4092 1444 4126 :
1477 4076 1537 4128 ὧν
1558 4084 1687 4143 ῑχνός
1743 4100 1791 4129 τι
1831 4083 1973 4147 μέχρι
2001 4085 2076 4131 νῦν

484 4172 810 4232 ὂιασὼζοντες.
836 4173 950 4221 ὅταν
975 4173 1130 4237 ἄρχων
1156 4175 1267 4237 πρὸς
1305 4171 1477 4237 ὄρνισιν
1519 4174 1547 4226 ἣ
1602 4174 1788 4227 θυσίαις
1834 4170 2071 4238 διατριϐῃ,

480 4268 660 4329 βοῶσιν
684 4258 744 4310 ὧν
768 4260 874 4324 ἄν..
893 4254 1084 4312 Muret.
1105 4255 1313 4311 Variar.
1338 4255 1489 4312 Lcet.
1516 4255 1603 4311 l5.
1628 4254 2075 4312 lib.Proverbium

480 4350 647 4420 igitur
676 4348 816 4417 erit,
860 4364 968 4420 quo
991 4348 1060 4404 ad
1090 4363 1204 4404 rem
1232 4348 1533 4405 institutam
1551 4356 1812 4404 attentum
1842 4348 2075 4420 aliquem

482 4439 874 4510 essejubemus
913 4448 971 4496 ut
1002 4441 1054 4496 in
1086 4455 1204 4498 eam
1232 4456 1392 4498 unam
1424 4451 1536 4498 tota
1560 4450 1742 4499 mente
1768 4441 2074 4511 incumbat,

481 4540 540 4590 ut
569 4547 679 4589 nec,
690 4532 869 4589 verbis
892 4533 1034 4590 aliud
1056 4543 1312 4605 usurpet,
1334 4550 1436 4592 nec
1469 4534 1522 4591 in
1561 4535 1743 4592 animo
1766 4549 1952 4593 secum
1975 4549 2070 4592 co-

476 4627 630 4699 gitet.

478 4739 535 4795 8.
565 4739 641 4796 Ex
671 4753 780 4797 are
809 4740 1089 4797 coilatitio.
1125 4740 1272 4797 Tom.
1310 4740 1400 4798 ιιι.
1428 4742 1513 4798 lib.
1561 4743 1681 4799 adv.
1717 4708 1921 4801 Valent.
1949 4761 2069 4818 cap.

1080 4835 1340 4891 ﬂatum.
1369 4836 1494 4891 156.

479 4952 488 4969 ‘
556 4946 865 5003 RBENANUS.
898 4948 1173 5020 Qanquam
1219 4947 1307 5003 hic
1332 4948 1591 5019 symbola:
1617 4958 1672 5005 et
1695 4947 1997 5007 collationis
2015 4951 2074 5008 tit

482 5040 712 5103 mentio,
741 5039 901 5111 (nam
931 5040 1157 5096 Tertull.
1191 5042 1482 5113 conferunt,
1510 5041 1713 5113 inquit,
1743 5043 1797 5097 in
1826 5046 2068 5113 medium,

478 5138 533 5184 et
550 5143 696 5195 mox,
711 5145 870 5187 ιιιιιιηι
895 5148 1068 5188 omnes
1080 5133 1267 5188 bonum
1285 5132 1631 5204 conferebant.
1648 5134 1780 5190 Item
1795 5136 2036 5193 lrenmus
2056 5157 2069 5193 :

482 5221 959 5299 Unumquemque,
993 5226 1193 5299 inquit,
1226 5240 1294 5282 eo
1312 5224 1453 5297 quod
1486 5225 1716 5283 habebat
1762 5230 1814 5283 in
1844 5243 1904 5286 se
1927 5231 2069 5302 Opti-

479 5326 630 5371 mum
658 5314 1203 5389 llorentissimumque
1219 5317 1563 5385 conferentes
1582 5359 1598 5387 ,
1627 5320 1971 5379 collationem
1995 5318 2071 5381 [δὲ

476 5408 638 5466 elsse.
667 5408 900 5466 Rursum
930 5425 1056 5467 mox
1081 5428 1095 5467 :
1125 5412 1192 5468 Et
1220 5412 1442 5469 secundi
1469 5411 1698 5480 Christi,
1727 5430 1885 5484 quem
1913 5418 2069 5475 Sote-

474 5516 594 5558 rem
646 5500 868 5569 dicunt,
910 5518 979 5557 ex
1027 5502 1322 5561 collatione
1388 5505 1687 5574 composita
1752 5506 2067 5582 fabricatio)

474 5594 826 5650 nihilominus
845 5635 859 5658 .
889 5594 1106 5665 quando
1156 5596 1238 5651 vel
1278 5597 1605 5668 exemplaria
1636 5582 1945 5657 constanter
1975 5600 2068 5657 ha-

477 5686 608 5742 bent
637 5704 651 5739 :
682 5702 786 5742 tere
831 5687 1112 5753 collatitio,
1174 5687 1331 5743 video
1378 5681 1497 5745 non.
1530 5699 1635 5745 tam
1682 5689 1932 5746 collatitio
1964 5692 2066 5765 legi

470 5791 632 5845 posse
651 5818 666 5845 ,
694 5778 838 5849 quod
865 5777 1114 5834 omnibus
1137 5779 1350 5835 obvium
1382 5791 1498 5849 est,
1530 5797 1688 5853 quam
1722 5782 2031 5841 collocatitio
2049 5828 2062 5852 ,

467 5881 569 5937 pro
588 5885 697 5925 tere
724 5871 992 5927 mutatitio
1014 5880 1069 5926 et
1087 5870 1297 5937 alieno;
1323 5872 1464 5943 quod
1497 5874 1549 5928 in
1583 5889 1747 5928 unum
1779 5875 2061 5933 conferen-

400 5952 405 5957 ’
463 5966 546 6016 tes
574 5958 700 6016 boni
738 5962 858 6029 viri,
895 5971 947 6017 ct
986 5960 1122 6032 apud
1150 5963 1380 6019 amicum
1404 5964 1756 6035 negotiationi
1785 5967 2059 6027 intentum

2273 3368 2398 3434 Quid
2421 3368 2540 3417 mihi
2565 3367 2736 3421 Celsus
2757 3368 2888 3431 agit?
2918 3367 3153 3427 monitus,
3180 3366 3481 3434 multumque
3506 3372 3777 3422 monendus

2269 3430 2493 3495 Privatas
2512 3438 2775 3495 ιιι-(μιᾶναι
2799 3430 2938 3495 apes,
2966 3439 3017 3481 et
3039 3438 3246 3493 tangere
3270 3434 3393 3495 vitet

2272 3494 2483 3559 ﬁeripta,
2509 3493 2748 3556 palatinas
2767 3493 3087 3559 quaecumque
3110 3496 3302 3559 recepit
3322 3494 3512 3559 Apollo.

2273 3555 2369 3615 Ne,
2385 3555 2429 3605 Si
2455 3555 2579 3605 forte
2602 3568 2715 3618 suas
2736 3555 3217 3618 repetitum'venerit
3233 3555 3346 3605 olim

2277 3618 2412 3680 Grex
2437 3619 2599 3667 avium
2623 3616 2810 3680 [Attinas
2825 3655 2838 3678 ,
2867 3625 3062 3668 moveat
3083 3618 3328 3668 cornicula
3349 3620 3502 3670 risum

2273 3679 2488 3731 Furtivis
2510 3679 2684 3731 nudata
2705 3681 2966 3731 coloribus.

2180 3804 2390 3862 Gabrite
2427 3813 2683 3873 μυθολόγοι)
2720 3816 2776 3863 τὸ
2813 3812 3059 3876 Implumes
3100 3807 3167 3864 ad
3193 3809 3517 3865 sententiam
3543 3807 3769 3867 Tertull.

2177 3909 2263 3958 est
2282 3900 2441 3971 plane
2470 3900 2950 3957 accommodatum.

2274 4037 2486 4097 Ᾰλὶοτρὶοις
2501 4049 2683 4097 unedo"
2704 4047 2940 4098 ἠμφιεσμένος

2278 4109 2385 4159 ηὔχιῖ
2407 4108 2546 4154 uelato;
2570 4110 2694 4159 ὀργίων
2715 4108 2928 4161 ἶηιρφιριιιϊ

2275 4174 2421 4222 Πρῶτον
2445 4166 2487 4208 δι
2508 4167 2667 4222 δῶροηῆ
2689 4167 2837 4223 χιλιεὸν
2858 4172 3007 4222 ipsius.

2276 4233 2369 4272 Μεθ’
2391 4231 2433 4281 ἦν
2456 4231 2613 4280 amns;
2631 4229 2720 4273 t'm'
2753 4236 2880 4285 γυμνὸς
2905 4232 3039 4285 theton.

2277 4286 2482 4344 Extrahitur"
2508 4297 2551 4335 τὸ
2573 4296 2609 4340 ιε
2633 4299 2756 4348 ipim:
2779 4298 2913 4343 κάλλος
2939 4292 3142 4337 diuinitus

2181 4406 2334 4477 Quod
2358 4407 2437 4464 sic
2461 4408 2755 4466 vertimus:

2273 4541 2402 4608 I_)um
2418 4543 2569 4603 jactat
2589 4542 2762 4608 alienis
2783 4545 2955 4595 amicta
2977 4544 3203 4608 plumulis

2275 4603 2520 4670 Praestare
2544 4606 2774 4670 volucres,
2788 4603 2995 4657 caeteras
3017 4608 3289 4670 cornicula;

2101 4670 2155 4730 Ῑ)
2271 4664 2494 4732 _}_lir_undo
2519 4669 2727 4732 primum
2748 4669 2928 4732 deripit
2950 4683 3126 4720 munus
3146 4664 3306 4729 suum,

2271 4727 2461 4779 Exinde
2483 4727 2710 4795 reliquae,
2736 4740 2787 4783 et
2809 4727 2939 4782 nuda
2962 4734 3161 4784 tandem
3183 4727 3416 4784 cernitur.

2178 4875 2273 4933 10.
2308 4876 2382 4933 De
2411 4874 2600 4949 Esupi
2629 4887 2792 4949 puteo
2819 4878 3036 4936 Asinus.
3062 4880 3211 4935 Tom.
3235 4879 3325 4946 Ill,
3349 4879 3438 4935 lib.
3462 4879 3553 4937 IV.
3572 4880 3769 4969 advers.

2598 4971 2766 5027 Marc.
2794 4988 2911 5043 cap.
2938 4971 3030 5029 2'5.
3058 4990 3200 5061 num.
3225 4971 3352 5031 549.

2250 5127 2320 5184 Ut
2344 5127 2727 5187 subaudiantur
2755 5128 2916 5186 verba
2948 5147 2961 5184 :
2996 5128 3146 5184 modo
3187 5129 3324 5184 venis
3348 5170 3362 5196 ,
3408 5129 3560 5185 modo
3608 5146 3774 5203 appa-

2175 5222 2341 5277 ruisti.
2371 5220 2429 5277 In
2461 5236 2580 5278 eum
2606 5222 2693 5295 qui
2724 5222 2943 5280 aliunde
2986 5222 3311 5294 incognitus,
3345 5222 3594 5301 nullaque
3623 5224 3771 5282 cele-

2178 5314 2371 5371 britate
2406 5315 2637 5372 nominis
2656 5315 2967 5387 praclarus,
2988 5323 3051 5372 et
3077 5315 3228 5386 quasi
3269 5331 3335 5370 ex
3383 5316 3579 5386 angulo
3608 5316 3769 5373 modo

2175 5408 2411 5476 advenit;
2433 5410 2523 5481 qui
2553 5410 2727 5476 latuit,
2757 5410 2871 5465 sive
2899 5420 2956 5464 ut
3000 5409 3163 5465 verbo
3195 5408 3484 5465 Horatiano
3524 5419 3665 5478 utar,
3696 5410 3773 5467 fe-

2176 5501 2310 5559 fellit
2336 5502 2615 5571 hactenus,
2642 5502 2841 5574 quique
2871 5501 3050 5558 subito
3074 5515 3328 5572 magnum
3356 5502 3483 5572 quid
3529 5511 3584 5559 et
3633 5517 3770 5574 prte-

2173 5594 2376 5651 clarum
2407 5594 2598 5650 audeat
2622 5594 2850 5665 jactare,
2898 5594 3007 5650 imo
3046 5576 3419 5655 austoritatem
3446 5604 3499 5651 et
3517 5596 3764 5666 gratiam,

2171 5702 2292 5745 cum
2321 5688 2458 5743 fama
2488 5686 2586 5743 sibi
2616 5687 2907 5743 vindicare.
2931 5687 3103 5757 Quum
3127 5687 3402 5763 Apologus
3443 5689 3584 5745 inter
3609 5688 3770 5746 Aliso-

2171 5787 2319 5853 plcos
2346 5781 2431 5835 hic
2460 5795 2565 5836 non
2592 5788 2790 5843 exstet,
2830 5777 2979 5835 futile
3006 5788 3153 5836 esset
3191 5780 3392 5851 aliquid
3421 5780 3508 5836 hic
3536 5795 3605 5836 ex
3633 5795 3768 5838 con-

2167 5876 2370 5947 jectura
2392 5874 2606 5947 afferre,
2633 5872 2773 5933 unde
2798 5886 2984 5928 eorum
3026 5873 3096 5927 sit
3122 5873 3484 5943 proverbium,
3510 5872 3768 5945 quidquid

2169 5969 2257 6025 alii
2284 5974 2547 6041 augentur
2573 5980 2680 6048 περὶ
2706 5982 2789 6031 τῆς
2814 5969 2898 6022 τοῦ
2924 5973 3027 6022 ὄνου
3050 5966 3374 6039 tripudium.
3424 6028 3431 6037 ι
