4082 6346
358 333 475 393 215

1545 300 2066 385 rnoveaBtALns
2103 325 2476 385 FORMULAB.

3565 334 3675 393 2H

367 471 459 528 11.
496 468 664 539 Agina
691 464 892 533 media,
920 480 1010 521 seu
1051 461 1236 541 Agine
1275 460 1577 533 mquilibrio
1621 460 1768 532 ferri,
1813 459 1964 516 Tom.
1995 471 2010 502 λ

2144 442 2235 497 15.
2279 440 2751 513 Aristidejustior.
2797 441 2945 500 Tom.
2994 444 3036 500 l.
3082 448 3305 523 Apolog.
3343 466 3457 523 cap.
3493 449 3582 508 11.
3613 497 3627 511 .

442 561 555 617 Ill.’
575 559 664 615 lib.
716 558 914 614 advers.
967 555 1215 627 Hermog.
1265 572 1382 627 cap.
1436 555 1527 611 41.
1584 571 1709 610 num
1759 552 1881 610 M2.
1925 560 1974 609 et

444 653 593 712 Tom.
626 652 690 708 ν.
721 653 812 708 lib.
844 652 907 707 de
926 649 1116 708 Pudic.
1146 666 1260 720 cap.
1292 648 1347 707 9.
1375 665 1519 707 num.
1545 649 1633 706 75.

452 807 513 862 In
543 806 637 862 lib.
683 804 751 864 de
791 803 1018 861 Pudicit.
1053 802 1177 860 Non
1205 803 1337 859 enim
1384 803 1676 867 admittetur
1722 802 1977 873 exemplo-

377 917 495 956 rum
530 900 851 972 adwquatio,
886 898 999 955 licet
1029 899 1081 953 in
1102 899 1255 971 agina
1279 897 1731 968 congruentissima
1749 938 1765 963 ,
1792 898 1835 952 si
1860 898 1978 968 [ue-

377 997 446 1050 rit
477 993 630 1049 saluti
655 980 1028 1048 nocentissima.
1058 989 1137 1058 Si,
1174 998 1232 1045 ut
1282 990 1355 1045 ait
1382 990 1629 1047 Rhenan.
1676 1005 1748 1047 ex
1795 989 1977 1056 Festo,

380 1088 548 1161 Agina
566 1096 650 1143 est
674 1085 916 1140 foramen
943 1084 1074 1140 illud
1108 1084 1159 1139 in
1189 1098 1296 1155 quo
1322 1084 1574 1139 inseritur
1598 1097 1790 1153 scapus
1827 1081 1981 1136 trutio

383 1195 503 1246 me,
533 1178 635 1234 hoc
656 1186 762 1242 est,
811 1178 863 1230 in
894 1191 1001 1248 quo
1048 1175 1222 1248 agitur
1251 1176 1364 1230 sive
1408 1174 1634 1231 vertitur
1661 1172 1880 1239 trutina,
1927 1180 1982 1227 et

384 1282 503 1328 tum
550 1272 603 1326 in
633 1262 807 1325 media
838 1269 992 1341 agina
1043 1269 1338 1331 consistere
1368 1268 1562 1322 trutina
1586 1266 1812 1334 dicatur,
1857 1280 1984 1336 quo-

392 1366 501 1420 ties
528 1362 721 1420 accidit
745 1360 1240 1433 mquipondium,ut
1261 1369 1447 1415 neutra
1464 1374 1586 1430 pars
1616 1357 1979 1429 propendeat:

386 1458 529 1513 idem
558 1456 663 1511 erit
685 1470 807 1511 cum
834 1456 977 1509 Ansa
1014 1458 1301 1523 (quantum
1345 1452 1410 1507 ad
1442 1452 1715 1507 Rrovcrbii
1753 1448 1932 1522 usum)
1966 1492 1979 1515 ,

388 1562 509 1618 quas
535 1554 618 1602 est
656 1554 799 1612 mea,
830 1545 882 1600 in
909 1560 1014 1613 quo
1044 1559 1271 1621 examen
1312 1543 1569 1611 vertitur,
1598 1542 1712 1597 sive
1750 1542 1801 1595 in
1833 1540 1985 1610 cujus

389 1636 689 1695 meditullio
740 1635 941 1706 lingula
986 1636 1321 1702 obversatur,
1371 1643 1426 1689 et
1483 1633 1586 1688 huc
1641 1634 1767 1689 illuc
1811 1641 1983 1698 nutat,

389 1729 518 1786 dum
566 1727 808 1783 lancibus
857 1727 1081 1797 aequatis
1118 1723 1445 1795 respondeat
1478 1737 1702 1791 summo
1750 1735 1985 1795 puneto,

2719 550 2862 590 nunt.
2892 536 3016 594 173.

2150 643 2298 709 Tum
2332 644 2559 731 celebris
2582 646 2720 717 apud
2761 646 2977 705 Graecos
2999 692 3013 717 ,
3044 660 3101 731 et
3153 654 3454 724 praesertim
3501 655 3671 712 Athe-

2080 736 2317 802 nienses,
2330 722 2532 806 justit'ia
2562 744 2618 792 et
2639 738 2863 809 mquitas
2884 722 3230 813 Aristidisput
3253 755 3337 800 τοῦ
3362 750 3551 802 δικαίου
3577 762 3669 804 co-

2081 837 2425 899 gnomentum
2471 831 2747 886 meruerit.
2802 830 2972 888 Tanta
2999 848 3105 890 non
3136 836 3314 907 legum
3344 839 3506 895 modo
3531 881 3544 906 ,
3579 840 3678 896 sed

2082 919 2222 991 :eqni
2245 920 2368 974 boni
2398 919 2558 976 etiam
2614 921 2710 977 fuit
2735 921 2785 976 in
2818 922 3033 981 homine
3071 926 3447 997 observantia;
3482 940 3542 986 ut
3572 930 3678 987 hoc

2090 1011 2207 1068 solo
2228 1011 2446 1068 nomine
2494 1012 2547 1067 in
2575 1013 2825 1069 exsilium
2865 1015 2933 1070 ab
2962 1015 3235 1087 improbis
3265 1020 3333 1074 sit
3357 1021 3582 1091 ejectus,
3624 1031 3681 1078 et

2084 1103 2312 1160 diversis
2328 1104 2519 1162 studiis
2536 1119 2659 1161 cum
2681 1105 3044 1164 Themistocle
3058 1108 3247 1181 Remp.
3269 1111 3677 1170 administrarit.

2082 1238 2173 1295 16.
2218 1240 2379 1312 Aspis
2400 1255 2426 1293 a
2450 1241 2632 1309 vipera
2678 1256 2943 1296 venenum
2976 1253 3269 1298 mutuatur.
3300 1243 3447 1300 Tom.
3471 1245 3559 1302 lll.
3590 1247 3678 1302 lib.

2370 1354 2376 1359 ο
2450 1331 2534 1387 Ill.
2558 1332 2674 1388 adv.
2708 1331 2872 1388 Marc.
2915 1352 3029 1405 cap.
3062 1334 3116 1392 8.
3144 1353 3196 1391 η.
3227 1336 3320 1393 55.

2163 1448 2237 1502 De
2267 1447 2455 1518 Aspide
2476 1448 2552 1502 sic
2575 1448 2712 1503 Plin.
2735 1449 2828 1503 lib.
2849 1447 2983 1515 VIII,
3008 1465 3125 1520 cap.
3158 1450 3248 1506 23.
3275 1450 3425 1506 Colla
3447 1451 3685 1523 aspidem

2092 1540 2451 1597 intumescere
2474 1540 2619 1595 nullo
2651 1541 2783 1596 ictus
2814 1541 3054 1597 remedio
3085 1553 3446 1614 praeterquam
3481 1543 3527 1598 si
3548 1559 3685 1619 con-

2091 1635 2265 1690 festini
2298 1642 2475 1705 partes
2512 1642 2773 1689 contacta:
2811 1643 3155 1704 amputentur
3186 1653 3199 1691 :
3228 1643 3338 1690 tam
3392 1644 3687 1705 praesenta-

2096 1743 2251 1783 neum
2299 1727 2505 1782 scilicet
2543 1736 2626 1782 est
2654 1738 2936 1782 venenum.
2991 1728 3066 1783 De
3112 1728 3322 1797 vipera,
3373 1728 3562 1784 eodem
3590 1728 3686 1784 lib.

392 1822 495 1877 hoc
521 1831 623 1884 est,
658 1828 847 1875 neutro
892 1817 1131 1883 inclinet,
1159 1816 1253 1871 sed
1297 1832 1450 1887 aequo
1484 1823 1755 1889 momento
1801 1814 1989 1868 discri-
2018 1811 2066 1870 Β
2094 1836 2209 1891 cap.
2236 1819 2328 1874 29.
2363 1819 2687 1891 Serpentum
2715 1820 2886 1889 vipera
2913 1860 2928 1886 ,
2962 1819 3073 1873 sola
3100 1828 3240 1875 terra
3268 1819 3465 1875 dicitur
3493 1820 3690 1889 condi,

393 1929 516 1969 men
545 1912 822 1984 partiatur.
855 1910 991 1966 USUS
1021 1906 1284 1980 proverbii
1316 1925 1438 1965 esse
1456 1908 1655 1979 poterit
1697 1907 1749 1963 in
1779 1922 1873 1962 eos
1895 1906 1989 1976 qui

394 2015 707 2061 neutrarum
742 2004 970 2073 partium
999 2010 1143 2066 sunt,
1178 2002 1255 2056 sic
1282 2010 1339 2055 ut
1371 2015 1547 2071 neque
1576 2001 1695 2066 bos,
1729 2014 1900 2069 neque
1930 1998 1990 2052 il-

393 2099 477 2155 los
502 2097 793 2162 oﬁendant.
839 2096 894 2151 lu
941 2079 1035 2152 eos
1064 2096 1151 2167 qui
1178 2097 1402 2150 virtutes
1424 2095 1838 2165 amplectuntur,
1864 2108 1990 2164 qua:

397 2191 791 2256 mediocritates
821 2199 945 2248 sunt
973 2190 1214 2262 qumdam
1245 2189 1384 2243 inter
1422 2196 1659 2263 extrema
1706 2186 1833 2243 vitia
1870 2200 1993 2241 con-

396 2292 617 2343 stitutze.
649 2286 703 2340 In
729 2285 938 2356 jndices
954 2285 1214 2356 integros,
1250 2291 1305 2338 et
1334 2280 1848 2337 similia.Videantur
1876 2280 1988 2334 An-
2022 2300 2023 2303 η

398 2388 511 2433 not.
543 2376 781 2433 Pamelii.

402 2510 492 2566 12.
527 2510 841 2567 Alexandro
877 2508 1174 2565 sublimior.
1221 2505 1369 2562 Tom.
1417 2506 1461 2562 Ι.
1493 2505 1712 2577 Apolog.
1756 2519 1870 2575 cap.
1904 2504 1992 2561 11.

936 2615 946 2625 ’
1044 2617 1187 2655 nunc
1231 2601 1354 2655 175.

477 2740 534 2795 In
571 2738 696 2796 elati
726 2738 1033 2811 excelsique
1059 2738 1222 2795 animi
1251 2738 1515 2794 homines.
1551 2735 1996 2794 Decantatissima

404 2831 565 2888 animi
586 2833 636 2887 in
663 2831 955 2887 Alexandro
972 2831 1160 2902 Magno
1179 2830 1425 2899 altitudo,
1449 2844 1568 2902 qua:
1598 2829 1651 2884 in
1671 2829 1826 2885 dictis
1843 2829 1997 2899 juxta

404 2942 468 2984 ac
508 2925 661 2981 factis
686 2926 896 2981 enituit.
925 2925 1025 2993 Qui
1060 2924 1190 2981 nihil
1221 2924 1321 2980 sibi
1354 2921 1496 2994 quod
1533 2923 1647 2993 ipse
1676 2921 1994 2992 perliceret,
2054 2955 2064 2967 ο

406 3035 437 3075 a
477 3031 630 3092 patre
659 3020 910 3092 relinqui,
941 3035 1075 3091 puer
1095 3018 1361 3084 doluerit;
1398 3016 1491 3088 qui
1522 3018 1574 3071 in
1602 3016 1863 3088 Olympiis
1893 3024 2000 3071 sta-

406 3113 552 3172 dium
578 3114 884 3183 decurrere,
916 3113 1019 3169 nisi
1046 3127 1168 3168 cum
1191 3111 1539 3183 antagonistis
1584 3108 1819 3182 regibus,
1853 3122 2003 3163 recu-

410 3207 578 3273 sarit;
626 3208 717 3279 qui
746 3208 1024 3264 asiaticum
1068 3221 1292 3278 regnum
1333 3204 1604 3276 dispertiri
1648 3217 1768 3257 cum
1820 3200 1998 3266 Dario,
2028 3173 2074 3238 Ο

414 3300 574 3356 rebus
596 3300 839 3372 integris,
870 3299 1139 3363 noluerit;
1170 3299 1260 3370 qui
1292 3312 1457 3369 quum
1482 3296 1551 3351 ab
1580 3296 1893 3364 Anaxagora
1925 3293 2004 3347 in—

417 3392 782 3449 numerabiles
839 3405 959 3449 esse
1014 3390 1245 3447 mundos
1290 3384 2000 3458 audiisset,‘illacrymarit,

416 3487 506 3557 qui
538 3485 735 3542 nedum
765 3485 923 3541 unius
949 3484 1199 3541 dominus
1223 3492 1366 3541 esset
1396 3483 1588 3539 factus.

415 3604 505 3660 l3.
535 3604 805 3678 Amazona
830 3602 1101 3659 audacior.
1121 3600 1269 3656 Tom.
1303 3598 1391 3655 111.
1424 3598 1512 3654 lib.
1538 3597 1585 3653 l.'
1611 3596 1811 3651 advers.
1841 3593 2007 3689 Marc.

968 3714 1085 3769 cap.
1119 3697 1171 3751 1.
1203 3710 1344 3750 num.
1365 3692 1453 3750 M.

490 3835 811 3904 Amazones,
853 3833 937 3892 vel
966 3834 1257 3900 Amazone,
1284 3831 1554 3903 singulare
1579 3830 1818 3886 omnium
1843 3841 2015 3885 saecu-

425 3929 598 3984 lorum
627 3926 923 3998 exemplar,
955 3928 1127 3998 inquit
1147 3925 1342 3981 Justin.
1376 3924 1466 3980 lib.
1494 3922 1559 3979 ll.
1587 3924 1825 3990 Quarum
1853 3919 2017 3976 auda-

422 4023 522 4081 ciae
552 4021 674 4092 plus
701 4034 860 4091 quam
885 4019 1054 4074 virilis
1071 4019 1226 4090 plena
1247 4018 1503 4085 facinora,
1534 4016 1694 4081 bella,
1721 4013 2016 4085 expeditio-

424 4129 523 4169 nes
538 4120 1048 4168 commemorantur.
1076 4110 1143 4165 At
1166 4109 1419 4181 quoniam
1449 4106 1741 4162 audaciain
1767 4103 2016 4159 muliebri

310 4234 321 4241 κ
426 4222 558 4263 sexu
583 4221 704 4260 cum
726 4203 1055 4276 impudentia
1087 4201 1403 4273 plerumque
1431 4188 1516 4257 est
1545 4200 1829 4269 conjuncta
1851 4240 1865 4264 ,
1899 4212 2020 4267 pro-

431 4301 674 4357 verbium
704 4302 758 4367 in
780 4313 876 4355 eos
903 4296 1205 4363 conveniet,
1226 4295 1315 4366 qui
1338 4292 1678 4365 impudenter
1711 4298 1836 4348 sunt
1860 4290 2021 4346 auda-

430 4410 524 4451 ces
552 4404 607 4451 et
638 4393 929 4451 temerarii.
960 4390 1255 4447 Videantur
1277 4397 1461 4445 annot.
1487 4386 1745 4449 Pamelii.

2094 1921 2300 1968 crateras
2336 1912 2585 1968 arborum
2616 1920 2707 1967 aut
2734 1926 2986 1979 saxorum
3012 1912 3179 1967 cavis.
3201 1911 3308 1967 Sed
3338 1913 3562 1967 Aristot.
3589 1912 3683 1968 lib.

2095 2004 2160 2060 Υ.
2187 2003 2253 2060 de
2279 2003 2474 2059 Natura
2502 2003 2719 2058 animal.
2747 2012 2935 2059 contra
2966 2003 3127 2059 tradit
3153 2004 3377 2074 viperam
3396 2003 3496 2059 sub
3516 2004 3683 2074 petris

2100 2112 2218 2153 sese
2270 2097 2525 2164 cendere,
2560 2096 2795 2167 reliquas
2826 2104 3109 2166 serpentes
3129 2095 3181 2150 in
3209 2104 3348 2151 terra
3377 2094 3499 2152 abdi
3525 2112 3539 2162 ;
3568 2110 3688 2150 om-

2096 2205 2190 2245 nes
2235 2203 2475 2245 secessus
2505 2196 2745 2258 tempore
2784 2203 2987 2243 veneno
3017 2188 3147 2243 orbe
3174 2186 3462 2244 dormiunt.
3489 2186 3606 2243 Lib.
3633 2187 3688 2244 7.

2098 2296 2216 2352 cap.
2248 2280 2302 2335 2.
2332 2281 2405 2336 ait
2471 2281 2561 2351 qui
2607 2288 2846 2335 montem
2893 2279 3071 2335 Athon
3102 2270 3397 2345 incolant,
3455 2281 3693 2351 viperinis

2097 2373 2349 2429 carnibus
2363 2372 2615 2442 ali.Quod
2638 2381 2785 2429 certe
2811 2383 3183 2444 argumentum
3201 2382 3284 2429 est
3304 2375 3495 2430 veneni
3516 2375 3696 2448 minus

2098 2466 2400 2524 efﬁcientis.
2428 2465 2722 2521 Proverbio
2767 2465 2926 2536 igitur
2973 2466 3075 2521 isto
3116 2465 3503 2538 signiﬁcabitur
3528 2466 3695 2536 pesti-
3742 2504 3748 2509 -

2100 2558 2456 2615 lentissimum
2483 2574 2513 2614 a
2544 2558 2722 2616 minus
2742 2560 2883 2615 malo
2910 2558 2977 2616 ad
3009 2559 3300 2631 nequitiam
3332 2556 3591 2619 edoceri.’

2140 2671 2226 2727 l7.
2272 2671 2519 2728 Attalicre
2546 2671 2766 2728 divitiae.
2808 2670 2959 2727 Tom.
2993 2672 3058 2727 ν.
3118 2673 3208 2728 lib.
3242 2672 3306 2728 ds
3327 2671 3507 2745 Jejun.
3537 2687 3651 2743 cap.

2673 2764 2762 2819 15.
2828 2779 2971 2819 nunt.
3005 2764 3094 2821 93.

2178 2880 2234 2937 Si
2265 2880 2503 2935 Attalicas
2528 2880 2768 2951 legatur,
2801 2879 2934 2933 nihil
2955 2878 3315 2947 difficultatis;
3346 2887 3489 2935 nota:
3519 2879 3698 2946 Attali,

2104 2974 2265 3046 Regis
2293 2971 2631 3044 Pergameni,
2663 2972 2886 3038 divitiae,
2913 2970 3075 3042 queis
3095 2986 3220 3042 pop.
3250 2971 3408 3028 Rom.
3437 2986 3507 3027 es
3538 2970 3698 3027 here-
3736 2984 3747 2990 '

2104 3065 2268 3122 ditate
2292 3063 2504 3121 adierit.
2538 3064 2613 3120 De
2631 3078 2738 3135 quo
2764 3063 2950 3119 Horat.
2983 3063 3037 3119 in
3066 3062 3198 3120 0dis
3223 3082 3237 3118 :
3332 3128 3344 3145 ’

2354 3201 2469 3266 Eon.
2483 3212 2605 3266 opes
2625 3212 2790 3262 neque
2814 3197 2965 3266 Attali

2357 3262 2560 3327 [gnatus
2585 3261 2745 3313 lueres
2766 3264 2958 3325 regiam
2979 3261 3229 3325 occupavi.

2110 3394 2179 3450 Et
2206 3394 2438 3448 Attalicis
2478 3389 2897 3448 conditionibus.
2922 3388 2993 3445 Ut
3034 3387 3334 3459 magnifica:
3364 3395 3417 3444 et
3444 3401 3703 3459 superva-

2110 3500 2294 3542 canete
2343 3485 2448 3539 illae
2473 3483 2663 3538 divitia:
2689 3492 2850 3552 atque
2875 3479 3105 3558 deliciaa,
3163 3478 3286 3550 pani
3314 3488 3652 3550 opponantur
3680 3496 3697 3546 ;

2112 3578 2215 3635 hoc
2239 3585 2324 3634 est
2352 3573 2754 3646 simplicissime
2783 3573 2965 3629 victui.
2984 3571 3077 3628 Sin
3094 3571 3384 3638 Attellance,
3406 3580 3710 3642 personata:

2115 3672 2222 3729 illae
2247 3671 2301 3726 in
2331 3670 2476 3726 cultu
2507 3678 2559 3725 et
2580 3666 2817 3724 vestibus
2866 3664 3088 3721 lautitia:
3137 3664 3520 3735 lntelligentur.
3573 3664 3711 3721 Nam

2118 3763 2386 3821 Attellanis
2413 3762 2517 3835 (ex
2560 3759 2734 3817 Atella
2760 3757 3069 3830 Campania:
3092 3755 3329 3829 oppido)
3356 3755 3711 3813 histrionibus

2116 3854 2480 3913 celeberrimis
2499 3896 2514 3922 ,
2548 3853 2651 3908 hoc
2670 3852 2760 3923 jus
2788 3864 3108 3907 concessum
3134 3858 3250 3905 erat
3274 3891 3289 3918 ,
3324 3856 3383 3904 ut
3411 3848 3710 3905 Personam

2120 3952 2175 4007 in
2205 3964 2365 4007 scena
2405 3948 2677 4020 deponere
2710 3959 2845 4027 ‘non
2903 3951 3247 4018 cogerentur.
3317 3941 3471 4000 Unde
3516 3940 3716 3999 fabulae

2120 4054 2420 4118 personatre
2445 4058 2542 4115 pro
2569 4041 2838 4096 Attellanis
2862 4039 2970 4095 κατ’
2995 4048 3184 4109 εεοχην.
3217 4036 3432 4095 Dicetur
3460 4037 3513 4092 in
3552 4036 3714 4093 vesti-

2120 4149 2233 4197 tum
2265 4150 2756 4211 supervacaneum,
2804 4142 2861 4190 et
2884 4132 2952 4188 ad
2978 4131 3161 4189 luxum
3192 4128 3717 4201 ostentationemque

2122 4242 2506 4306 comparatum.

2130 4350 2217 4410 18.
2324 4360 2443 4421 toga
2470 4348 2536 4404 ad
2563 4300 2803 4420 pallium.
2835 4344 2984 4399 Tom.
3010 4342 3028 4398 Ι
3050 4384 3064 4411 ,
3099 4343 3186 4399 lib.
3228 4344 3290 4398 de
3313 4341 3489 4399 Pallio
3512 4357 3628 4413 gap.
3663 4340 3723 4398 ὅ.

2559 4458 2613 4495 n.
2641 4438 2734 4495 94.
2763 4447 2810 4493 et
2847 4452 2965 4508 cap.
2994 4436 3049 4495 6.
3080 4452 3133 4489 η.
3158 4433 3285 4490 116.

433 4531 523 4587 Η·
556 4530 706 4586 Aries
748 4529 803 4619 1,"
841 4542 938 4583 nos
974 4533 1352 4619 “inventu”
1393 4539 1501 4595 quo
1550 4529 2020 4619 Ἱυθδδωωίξπα
2048 4543 2105 4603 Ι)
2202 4557 2512 4613 Rneuauus.
2542 4551 2772 4608 Pallium
2797 4550 3105 4619 Graecorum
3134 4555 3249 4603 erat
3287 4555 3342 4602 et
3380 4543 3727 4616 phl1050plio-

544 4621 689 4678 Tom.
713 4618 797 4675 lll.
832 4620 921 4674 lib.
946 4618 1009 4674 de
1032 4617 1244 4705 Resurr.
1271 4631 1380 4670 cur.
1412 4630 1528 4682 cap.
1557 4614 1613 4670 5.
1645 4629 1787 4668 num.
1822 4613 1911 4669 65.

420 4794 427 4797 ν
513 4735 668 4789 Aries
692 4774 706 4799 ,
743 4732 887 4787 trabs
911 4730 1123 4785 funibus
1151 4738 1320 4792 tensa,
1364 4741 1624 4798 suspensa
1646 4768 1659 4789 ,
1692 4725 1843 4796 cujus
1870 4731 2033 4795 caput

437 4827 582 4883 ferro
613 4827 855 4889 vestitur,
887 4832 944 4877 ut
963 4822 1305 4877 durissimant
1330 4861 1349 4886 ,
1372 4818 1558 4874 arietis
1579 4817 1766 4883 instar,
1794 4815 2027 4871 frontem

439 4918 679 4974 videatur
710 4916 940 4982 habere,
969 4922 1023 4970 et
1042 4928 1193 4969 more
1222 4911 1383 4967 etiam
1410 4909 1594 4966 arietis
1622 4918 1769 4964 retro
1795 4908 2026 4984 ducitur,

440 5021 500 5067 ut
526 5006 727 5080 majore
755 5009 955 5079 impetu
980 5007 1151 5069 feriat,
1175 5003 1503 5073 subruatque
1526 5015 1731 5056 muros.
1754 4999 1889 5055 Hinc
1910 5014 2032 5055 ver-

442 5102 566 5158 bum
590 5100 879 5172 temperari,
916 5096 1059 5171 quod
1084 5099 1135 5151 in
1161 5103 1419 5167 apparatu
1449 5102 1503 5149 et
1549 5091 1835 5148 libratione
1866 5090 1917 5147 in
1949 5090 2026 5146 ic-

445 5205 527 5251 lus
546 5195 808 5252 destinata
831 5234 845 5260 ,
897 5200 1016 5247 arte
1055 5204 1193 5261 epus
1212 5199 1357 5244 esset
1383 5194 1438 5243 et
1477 5197 1623 5241 certa
1650 5191 2030 5255 temperatura.

446 5288 729 5359 Suhjungit
756 5286 1117 5344 Tertullianus
1133 5283 1354 5339 verbum
1384 5289 1670 5352 quassatur.
1701 5278 1885 5350 Virgil.
1910 5276 2038 5331 Pul-

446 5385 634 5439 sabant
657 5384 823 5438 ariete
846 5396 1045 5447 muros,
1058 5373 1225 5435 Labat
1247 5376 1413 5432 ariete
1434 5373 1624 5430 crebro
1646 5369 2039 5443 janua,Arielat
2136 5369 2175 5446 ξ

438 5478 502 5533 in
532 5486 729 5547 portas.
761 5475 969 5541 Cicero,
1003 5472 1159 5529 Aries
1186 5486 1399 5528 murum
1430 5467 1774 5543 percusserit.
1805 5466 2036 5523 Prover-

453 5574 663 5631 bialiter
713 5571 816 5629 dici
861 5573 1104 5643 poterit,
1159 5583 1256 5641 pro
1302 5581 1369 5623 eo
1424 5563 1565 5637 quod
1609 5561 1847 5617 validum
1890 5574 2046 5632 argu-

455 5683 693 5732 mentum
724 5672 879 5730 nobis
901 5668 1184 5741 obiicitur,
1211 5665 1353 5737 quod
1382 5662 1600 5720 difficile
1629 5659 1699 5714 sit
1726 5655 2044 5713 dissolvere.
2080 5716 2081 5719 η

453 5767 651 5847 Aperta
678 5767 728 5821 vi
761 5766 1148 5835 Oppugnam'ur.
1184 5758 1252 5814 Ut
1296 5758 1491 5815 arietes
1515 5763 1570 5811 et
1612 5750 1848 5810 cuniculi
1872 5750 1923 5805 in
1955 5763 2047 5811 ar-

456 5857 743 5932 gumentis,
759 5857 897 5914 inter
921 5869 980 5912 se
1009 5858 1368 5926 opponantur.

2131 4666 2267 4706 rum.
2302 4649 2414 4703 Hoc
2443 4646 2604 4701 etiam
2628 4644 2879 4710 Romani,
2909 4650 3024 4711 toga
3047 4639 3245 4709 rejecta
3272 4679 3287 4704 ,
3314 4637 3721 4693 amiciebantur.

2133 4743 2268 4811 Hinc
2284 4739 2414 4796 illud
2436 4732 3205 4806 admirantis‘lvulgidicterium
3234 4730 3305 4812 de
3334 4727 3726 4800 potentioribus

2132 4834 2197 4891 ad
2216 4832 2565 4889 christianam
2591 4827 2904 4899 religionem
2928 4824 3299 4895 transgressis,
3318 4820 3361 4874 Α
3383 4828 3500 4891 toga
3516 4820 3584 4872 ad
3601 4818 3733 4872 Pal-

2132 4927 2280 4983 lium.
2314 4923 2677 4981 Unde'motus
2706 4917 2929 4974 Tertull.
2965 4924 3021 4972 ut
3047 4915 3312 4970 scriberet
3347 4926 3445 4982 pro
3463 4908 3637 4964 Pallio
3664 4911 3732 4964 li-

2137 5023 2315 5079 brum.
2340 5016 2609 5075 Ammian.
2637 5010 2873 5068 Marcell.
2893 5010 2961 5065 de
2980 5008 3216 5064 Juliano.
3252 5006 3385 5075 Aug.
3406 5003 3649 5074 Namque
3677 5002 3731 5056 in

2138 5127 2300 5184 pace,
2330 5108 2522 5177 inquit,
2543 5106 2662 5175 ejus
2691 5115 2999 5159 mensuram
3030 5097 3260 5153 tenuitas
3298 5105 3414 5152 erat
3435 5104 3580 5151 recte
3607 5107 3738 5148 nos-

2138 5202 2385 5261 centibus
2406 5186 2741 5263 admiranda,
2767 5191 2914 5248 velut
2943 5188 3010 5244 ad
3038 5188 3253 5259 pallium
3282 5200 3410 5241 mox
3434 5184 3728 5241 reversuri.

2142 5316 2233 5374 19.
2275 5315 2459 5373 Caecus
2485 5327 2516 5365 a
2545 5323 2691 5366 caeco
2712 5308 2766 5362 in
2786 5302 3030 5366 eamdem
3045 5284 3305 5357 deductus
3324 5299 3557 5356 foveam.
3584 5298 3738 5354 Tom.

2425 5403 2511 5469 lll,
2543 5402 2630 5457 lib.
2659 5400 2744 5467 Ill,
2775 5397 2894 5464 adv.
2928 5393 3092 5461 Marc,
3127 5410 3172 5448 c.
3200 5394 3252 5448 7.
3281 5410 3331 5448 η.
3364 5391 3458 5448 41.

2224 5542 2570 5604 Proverbium
2611 5540 2696 5596 vel
2723 5535 2827 5609 ipsi
2853 5532 3125 5592 Servatori
3154 5532 3425 5596 usitatum,
3456 5529 3567 5585 Luc
3592 5526 3741 5586 XVI.

2153 5645 2365 5718 quoties
2432 5636 2676 5719 indoctus
2735 5627 3039 5685 indoctum
3070 5623 3264 5680 docere
3335 5628 3595 5689 conatur,
3652 5620 3742 5676 vel

2156 5712 2467 5805 imprudens
2498 5714 2833 5798 imprudenti
2880 5719 3010 5777 dare
3039 5716 3318 5775 consilium
3338 5759 3351 5784 ,
3404 5724 3563 5786 atque
3588 5714 3658 5769 ita
3688 5712 3743 5767 in

2157 5828 2373 5889 eosdem
2401 5835 2614 5881 errores
2638 5860 2653 5891 ,
2701 5826 2792 5875 aut
2814 5828 3002 5889 pravas
3027 5810 3321 5901 opiniones
3335 5822 3516 5870 secum
3547 5807 3744 5890 princi-
