4106 6330
386 287 493 343 215

1471 281 1567 339 EX.
1606 274 2064 337 TERTULLIANI
2105 276 2579 338 APOLOGETICO

3577 287 3687 344 216

389 398 546 468 pitat.
580 396 898 453 Tertullian.
945 396 1025 454 sic
1069 362 1475 467 inierpretatdr.
1512 394 1594 452 Ab
1613 393 1803 452 eodem
1830 392 1992 451 ratio-
2016 394 2071 456 Α
2097 393 2293 485 solent.
2299 395 2529 465 aperire.
2554 395 2636 452 Ex
2653 396 2844 468 quibus
2883 404 2939 454 et
2966 396 3125 469 huius
3151 404 3207 454 et
3235 398 3510 471 sequentis
3563 415 3690 473 pro-

397 492 523 546 hem
554 504 795 545 errorum
818 496 872 543 et
905 486 1157 543 ducatum
1199 488 1451 544 mutuari.

398 603 493 660 20.
533 603 720 660 Cmcus
740 603 793 657 in
825 610 1029 672 petram
1057 600 1297 657 oll'endit.
1333 600 1477 656 Tom.
1524 599 1610 655 Ill.
1654 598 1742 655 lib.
1769 598 1836 654 V.
1870 599 1987 654 adv.

841 690 1009 747 Marc.
1032 708 1147 762 cap.
1170 693 1221 747 7.
1250 708 1390 747 num.
1415 691 1542 747 119.

466 806 826 863 Tertullianus
852 806 1135 878 allegorice
1181 807 1249 869 de
1290 807 1560 863 Marcione
1607 806 1718 876 qui,
1748 819 1992 862 errorum

400 898 665 979 pravitate
684 908 985 955 excaecatus
1007 943 1023 965 ,
1065 899 1204 955 male
1225 900 1293 956 de
1319 900 1534 955 Christo
1578 900 1600 970 (
1629 909 1774 968 petra
1816 898 1995 971 [Spiri-

290 993 299 1003 '
326 1018 329 1021 -
403 992 521 1063 tali)
545 992 786 1048 sentiret.
810 991 926 1047 Non
955 992 1202 1048 absimile
1233 1008 1246 1045 :
1283 988 1585 1063 ltnpingere
1611 992 1663 1046 in
1689 992 1989 1062 scopulum,

395 1085 490 1141 lib.
523 1083 592 1139 dc
621 1084 916 1149 Trinitate,
947 1100 1065 1154 cap.
1092 1084 1185 1140 28.
1221 1084 1432 1139 Duobus
1456 1085 1566 1139 istis
1597 1084 1721 1138 locis
1746 1126 1761 1150 ,
1784 1084 1993 1155 quibus-

399 1180 518 1234 dam
547 1178 744 1247 e/fossis
764 1179 1042 1234 luminibus
1087 1179 1293 1234 orbatus
1316 1220 1332 1245 ,
1361 1186 1493 1232 totus
1532 1178 1584 1231 in
1612 1178 1859 1231 doctrina:
1886 1191 1994 1231 sua:

398 1272 623 1326 cwcitate
710 1282 998 1341 superatus.
1076 1271 1432 1342 Usurpahitur
1498 1271 1548 1325 in
1626 1284 1748 1326 eum
1831 1285 1990 1341 quem

401 1364 717 1434 opinionum
763 1364 1089 1434 perversitas
1133 1363 1200 1419 ad
1232 1362 1462 1419 absurda
1497 1342 1727 1434 quaeque
1750 1363 2023 1433 praccipi-’

399 1464 509 1509 tem
537 1455 666 1525 agit.

401 1586 494 1645 21.
535 1586 754 1644 Caedere
775 1589 1039 1646 cominus.
1068 1588 1216 1644 Tom.
1250 1588 1352 1655 111,
1381 1588 1467 1644 lib.
1502 1587 1563 1642 ll.
1597 1587 1715 1644 adv.
1747 1588 1914 1642 Marc.
1946 1604 1991 1641 c.

644 1681 740 1736 ult.
772 1698 913 1736 num.
934 1680 1063 1737 205.
1094 1692 1140 1736 et
1166 1682 1253 1736 lib.
1287 1681 1376 1737 lll.
1410 1698 1456 1737 c.
1489 1681 1543 1748 5,
1573 1696 1627 1735 n.
1663 1680 1751 1737 M.

468 1816 727 1872 Cominus
750 1819 960 1884 credere,
991 1820 1220 1874 cominus
1245 1817 1519 1882 dimicare.
1540 1821 1781 1879 amatr,»
1808 1825 1994 1888 μάχεσ-

402 1917 506 1975 Θαι,
555 1921 637 1963 καὶ
664 1904 866 1976 ἐγίῦθενς
897 1896 980 1965 (illi
1009 1902 1337 1966 contrarium
1358 1953 1372 1972 .
1404 1894 1652 1983 πὸῥρωθέν,
1684 1916 1764 1964 διὰ
1791 1917 1998 1982 δοράτων

401 2009 431 2062 ἢ
463 2010 635 2073 pum.
660 2002 998 2058 Translatum
1020 2019 1051 2058 a
1083 2004 1251 2070 bello,
1279 2006 1331 2059 in
1355 2020 1460 2075 quo
1482 2020 1622 2060 nunc
1643 1998 1875 2060 conserti
1902 2021 1997 2075 pu-

398 2093 851 2163 gnantgladiis,et
868 2098 1300 2158 conserere,sive
1324 2096 1569 2150 conferre
1590 2080 1779 2149 manus
1804 2094 1963 2150 dicun
1981 2126 1997 2138 -

400 2195 508 2254 tur,
547 2203 687 2269 nunc
729 2188 989 2249 machinis
1020 2192 1111 2244 'aut
1140 2190 1300 2243 etiam
1334 2189 1563 2244 amentis
1593 2189 1775 2258 procul
1815 2189 1915 2244 tela
1944 2188 1995 2243 in

400 2280 610 2336 hostem
640 2290 968 2351 torquentes.
997 2280 1223 2337 Utemur
1250 2296 1349 2348 eo,
1379 2296 1544 2350 quum
1568 2280 1871 2351 signiﬁcare
1902 2296 1999 2335 vo-

400 2372 663 2427 luerimus
708 2387 806 2427 nos
855 2387 968 2441 rem
1022 2371 1238 2442 propius
1260 2414 1273 2436 ,
1324 2387 1419 2428 seu
1446 2373 1513 2427 de
1539 2373 1837 2442 propinquo
1859 2372 1998 2429 velle

400 2464 709 2534 expendere
734 2506 748 2529 ,
780 2465 984 2547 agitare
1007 2506 1021 2530 ,
1052 2473 1368 2535 argumenta
1397 2478 1464 2519 ex
1490 2463 1571 2519 rei
1593 2464 1761 2534 ipsius
1782 2472 1995 2533 natura,

397 2575 506 2615 non
538 2548 875 2616 extrinsecus
917 2558 1191 2629 assurnpta
1214 2599 1230 2625 ,
1282 2557 1348 2612 ad
1376 2555 1744 2613 intirmandam
1774 2556 1998 2628 alicujus

408 2652 729 2709 sententiam
764 2650 983 2706 afferre.
1726 2650 1733 2655 ’

407 2764 498 2819 22.
522 2764 599 2821 De
612 2764 839 2821 calcaria
860 2763 927 2819 ad
944 2763 1335 2821 carbonariam.
1359 2763 1510 2818 Tom.
1537 2761 1625 2830 Ill,
1653 2763 1738 2819 lib.
1757 2763 1820 2818 de
1837 2762 2002 2818 Carne

828 2855 1039 2921 Christi,
1073 2871 1192 2926 cap.
1223 2853 1278 2909 6.
1313 2871 1458 2910 num.
1482 2854 1573 2911 52.

479 2969 792 3026 Rnnnanus.
831 2967 1069 3024 Calcaria
1110 2967 1329 3024 taberna
1353 2979 1475 3034 est,
1502 2967 1590 3023 ubi
1619 2968 1735 3023 calx
1761 2976 2003 3024 aSServa-

415 3073 504 3120 tur
529 3074 621 3119 aut
644 3060 910 3118 venditur.
963 3061 1051 3117 Sic
1089 3062 1393 3116 carbonaria
1419 3076 1451 3117 a
1493 3062 1837 3118 carbonibus.
1865 3062 2002 3119 Usus

407 3157 542 3224 erit,
593 3172 753 3227 quum
784 3170 872 3211 res
898 3153 1113 3209 sordida
1154 3164 1247 3209 aut
1274 3154 1503 3209 molesta
1529 3196 1543 3221 ,
1604 3170 1757 3225 aeque
1787 3155 2001 3211 sordida

405 3258 499 3304 aut
525 3247 749 3319 molesta
800 3251 1055 3303 mutatur.
1114 3245 1183 3327 Et
1227 3247 1444 3318 elegans
1486 3245 1829 3317 proverbium
1873 3256 1956 3302 est
1984 3289 2000 3315 ,

412 3343 624 3414 quoties
652 3342 720 3398 de
754 3342 965 3413 impuro
992 3329 1112 3397 loco
1140 3340 1206 3396 ad
1233 3341 1402 3397 nihilo
1434 3342 1706 3413 puriorem
1739 3357 1837 3398 nos
1863 3344 2002 3400 reci-

406 3436 589 3507 pimus
617 3452 817 3506 ;qnum
862 3451 929 3493 ex
954 3449 1062 3490 uno
1090 3435 1232 3491 malo
1262 3436 1315 3490 in
1349 3436 1492 3491 aliud
1518 3435 1788 3492 diversum
1815 3436 2004 3493 incidi-

406 3544 549 3585 mus.
578 3528 867 3600 Postquam
916 3529 1277 3585 Tertullianus
1302 3529 1586 3585 Marcionis
1641 3531 2007 3602 respondisset

407 3620 786 3691 impurissima:
809 3620 1001 3679 haeresi
1030 3665 1044 3690 ,
1078 3622 1143 3676 ad
1171 3622 1372 3693 Apellis
1392 3639 1547 3695 neque
1576 3625 1770 3695 impuri
1812 3623 2003 3680 confu-

410 3714 667 3779 tationem
709 3729 829 3770 sese
876 3714 1125 3784 accingit.
1154 3714 1271 3769 Non
1301 3716 1547 3772 absimile
1589 3737 1602 3773 :
1646 3694 1691 3772 E
1725 3694 1903 3791 Scylla
1950 3718 2003 3772 in

411 3803 737 3874 Charybdim
766 3820 782 3869 ;
813 3818 844 3859 e
874 3802 1024 3860 fumo
1054 3805 1105 3859 in
1134 3805 1427 3860 ﬂammam.
1457 3804 1570 3861 Nisi
1587 3807 1729 3877 quod
1760 3808 1852 3862 illo
1873 3808 2005 3863 Pro-

409 3894 595 3947 verbio
621 3893 867 3962 quaedam
895 3895 1154 3949 malorum
1200 3893 1525 3968 diversitas,
1566 3904 1620 3951 et
1664 3898 1814 3967 quasi
1848 3914 2006 3968 repu-

408 3985 624 4055 gnantia
645 3984 935 4056 signiﬁcari
963 3985 1206 4043 videatur
1229 4028 1245 4053 ,
1275 3987 1351 4043 uti
1379 3963 1509 4041 cal;
1524 3995 1580 4043 et
1602 3988 1884 4052 carbones,
1912 4004 2001 4045 rav

408 4078 558 4132 tione
583 4077 981 4146 contrariorum,
999 4078 1239 4133 colorum
1273 4089 1591 4150 repugnant.
1611 4080 2005 4152 Sumptumque

409 4175 495 4222 est
536 4166 604 4221 ab
635 4166 730 4233 iis,
763 4167 957 4238 quibus
986 4168 1173 4224 sordes
1211 4169 1435 4237 odiosae,
1461 4186 1635 4242 neque
1666 4171 1818 4227 facile
1840 4173 2004 4227 vesti-

420 4267 531 4312 tum
573 4259 928 4315 contaminari
965 4260 1065 4317 sibi
1120 4262 1449 4332 patiuntur,
1474 4263 1617 4334 quod
1648 4263 1811 4335 fuligo
1857 4274 2006 4322 utro-

410 4364 637 4422 rumque
651 4350 833 4406 efficit.

2098 486 2265 543 verbii
2291 502 2420 543 usus
2447 496 2607 558 patet.

2095 597 2192 654 24.
2235 599 2470 671 Campus
2502 600 2652 657 fusus
2682 610 2736 658 et
2782 602 2918 658 latus
2944 602 3204 676 aperitur.
3259 603 3399 661 Ibid.
3432 588 3553 678 cap.
3595 600 3689 664 28.

2742 709 2883 748 num.
2918 693 3041 749 127.

2168 782 2266 839 Cui
2305 783 2630 839 contrarium
2656 827 2671 854 ,
2712 801 2821 841 non
2851 786 3052 844 habere
3104 789 3237 845 satis
3264 804 3515 861 magnum
3545 806 3694 849 cam-

2101 889 2225 945 pum
2256 875 2309 930 in
2339 891 2445 947 quo
2484 884 2759 944 versetur,
2815 879 2955 948 apud
2995 877 3332 936 Ciceronem.
3359 881 3694 941 Novatianus

2098 969 2258 1022 etiam
2288 968 2413 1022 alibi
2442 967 2632 1024 eodem
2655 969 2792 1025 libro
2824 987 2841 1024 :
2873 970 2998 1025 Ha’c
3023 971 3238 1027 breviter
3261 974 3362 1028 sint
3387 974 3529 1029 nobis
3554 976 3693 1035 dicta

2098 1069 2141 1114 et
2168 1061 2383 1115 strictim
2405 1062 2575 1127 posita
2601 1105 2614 1129 ,
2658 1073 2705 1116 et
2730 1080 2847 1118 non
2866 1065 3021 1136 longa
3043 1066 3386 1136 disputatione
3436 1081 3690 1140 porrecta.

2101 1153 2281 1209 Latius
2311 1156 2442 1209 enim
2471 1165 2744 1227 potuerunt
2788 1158 3000 1230 porrigi,
3029 1168 3076 1212 et
3104 1161 3439 1230 propensiore
3462 1162 3696 1233 disputa-

2097 1248 2231 1301 tione
2251 1248 2486 1319 produci.

2099 1360 2192 1417 25.
2216 1359 2420 1433 Capitis
2436 1363 2727 1433 supercilio
2743 1364 2910 1434 loqui.
2934 1363 3077 1419 Tom.
3098 1363 3183 1419 Ill.
3199 1365 3288 1420 lib.
3311 1366 3431 1422 adv.
3447 1364 3695 1438 Hermog.

2670 1473 2785 1527 cap.
2813 1456 2903 1512 27.
2941 1474 2994 1511 η.
3037 1456 3126 1514 91.

2172 1567 2231 1622 lu
2260 1569 2543 1640 superciliis
2575 1578 2792 1625 notatur
2817 1542 3005 1638 fastus,
3031 1587 3134 1641 qua
3154 1583 3305 1643 parte
3322 1581 3413 1628 aut
3440 1587 3698 1645 negamus

2110 1668 2202 1714 aut
2222 1662 2533 1716 annuimus.
2563 1661 2714 1716 Haud
2745 1660 2908 1719 dubie
2932 1672 3206 1719 mutuatus
3220 1665 3287 1721 ab
3318 1664 3696 1721 Homeroillud
3734 1700 3745 1703 »

2028 1761 2076 1820 Β
2120 1759 2203 1807 est
2228 1751 2456 1808 Tertull.
2482 1753 2631 1809 lliad.
2662 1778 2717 1808 α.
2741 1753 2927 1810 Thetis
2955 1754 3021 1809 ad
3042 1755 3227 1811 Jovem
3256 1774 3269 1809 :

2225 1880 2415 1932 raptast;
2433 1877 2479 1928 δή
2509 1894 2571 1930 μοι
2592 1880 2765 1932 imoque.
2790 1882 2849 1919 καὶ
2875 1882 3073 1920 saeiarum

2227 1895 2406 1931 ηημιρτις
2433 1895 2479 1928 οη
2509 1895 2571 1930 μοι
2592 1895 2765 1932 υποσχιο.
2790 1895 2849 1919 και
2875 1895 3105 1920 ιατανιυσθν.
3453 1912 3459 1916 .

2224 1930 2368 1980 Haud
2389 1931 2650 1981 dubitanda
2675 1931 2792 1980 mihi
2821 1933 3049 1995 promitte
3073 1938 3222 1995 atque
3253 1945 3435 1983 annue.

2103 2037 2411 2109 Respondet
2438 2038 2650 2109 Jupiter
2681 2056 2695 2092 :
3000 2025 3008 2034 ’

2227 2166 2272 2204 El
2293 2159 2395 2213 δ’ἆτι
2418 2177 2475 2201 τω
2498 2163 2635 2214 gignit-ﬁ
2652 2162 2931 2211 κατανιΰσομαι,
2955 2162 3046 2213 δᾳρα
3065 2162 3262 2213 suam“;

2225 2230 2341 2264 Τοῦτο
2358 2226 2424 2276 γὰρ
2447 2224 2481 2268 ιε
2506 2226 2624 2275 lpum
2642 2239 2679 2272 τι
2696 2226 2773 2273 μετ’
2791 2225 3005 2264 ἀθανάτοισι
3022 2228 3191 2274 μίγιστον

2225 2282 2391 2338 Τιιμωρ’
2407 2287 2448 2325 οὐ
2471 2288 2537 2338 γὰρ
2563 2288 2647 2337 ipsi;
2670 2287 2944 2336 παλινὰγριτον,
2964 2282 3044 2326 οὐδ’
3062 2286 3269 2333 ἀπατηλὸν,

2228 2346 2318 2411 ρεαδ
2338 2349 2576 2399 ἁτιλιῦτητον
2600 2351 2633 2399 τ’
2656 2348 2693 2395 ὃ,
2712 2363 2749 2387 τι
2771 2363 2828 2387 ιιιν
2845 2346 2979 2399 μεθαλῇ
3003 2349 3230 2403 ιιᾳανιΰω.

2227 2407 2276 2458 H,
2296 2414 2361 2450 καὶ
2373 2415 2559 2463 κυανέῃσιν
2583 2413 2636 2450 ιη’
2654 2407 2893 2463 ὀῖλιρῦόινιὶσι
2910 2413 3079 2462 Κρονίων.

2105 2483 2163 2539 Id
2191 2493 2292 2548 est,

2227 2596 2486 2660 Annutabo
2508 2596 2593 2647 tibi
2617 2597 2803 2660 capite,
2831 2605 2887 2647 ut
2911 2598 3040 2660 bene
3064 2596 3155 2644 fida
3179 2596 3431 2660 quiescas;

2227 2658 2333 2722 Hoc
2352 2661 2392 2709 si
2410 2660 2609 2722 quidem
2634 2656 2861 2722 magnum
2881 2667 2958 2708 est
2974 2656 3561 2722 diiseum’immortalibus
3576 2668 3601 2707 a
3620 2670 3704 2708 me

2227 2717 2491 2782 Judiciuiu,
2517 2734 2682 2784 neque
2708 2717 2836 2770 enim
2861 2717 3138 2770 revocabile
3163 2720 3255 2776 mi,
3279 2734 3445 2784 neque
3470 2719 3610 2770 fallax
3626 2759 3640 2780 ,

2231 2783 2471 2847 Quodque
2494 2784 2583 2847 tibi
2596 2782 2765 2847 capite
2788 2784 3049 2847 annptaho,
3065 2795 3227 2847 neque
3250 2782 3609 2847 imperfectum.

2229 2845 2373 2896 Dicta
2391 2844 2675 2909 superciliis
2698 2844 2959 2895 Saturnius
2980 2844 3157 2894 annuit
3173 2845 3308 2894 atris.

2182 2916 2335 3006 [inde
2367 2949 2596 3015 Plinius,
2630 2949 2721 3006 lib.
2768 2948 2810 3004 l.
2843 2948 3004 3019 epist.
3031 2948 3099 3003 ad
3124 2947 3401 3003 Octavium
3454 2948 3654 3004 Rufum
3686 2970 3699 3004 :

2110 3040 2244 3097 Vide
2296 3041 2350 3097 in
2386 3057 2491 3112 quo
2552 3057 2659 3097 meo
2690 3040 2902 3111 fastigio
2959 3040 3275 3106 collocaris,
3337 3057 3502 3112 quum
3578 3041 3709 3099 mihi

2029 3119 2074 3181 Ο
2110 3134 2249 3191 idem
2277 3135 2585 3207 potestatis,
2615 3133 2865 3224 idemque
2886 3132 3036 3204 regni
3064 3131 3299 3201 dederis,
3334 3132 3477 3205 quod
3504 3133 3703 3191 Home-
3804 3161 3821 3173 κ

2106 3243 2197 3284 rus
2226 3225 2342 3282 Ιονί
2359 3268 2373 3291 ,

2321 3347 2357 3388 δ’
2379 3350 2499 3401 ἶτιρον
2515 3351 2577 3399 my
2596 3346 2709 3389 ιδωιι
2732 3350 2866 3401 πατὴρ,
2886 3349 3007 3401 ἴτιρον
3031 3345 3068 3387 δ’
3089 3347 3298 3395 ἇνινωσιν,

2239 3422 2401 3472 Unum
2423 3422 2668 3473 concessit
2691 3429 2804 3472 voto
2824 3428 2983 3485 pater,
3008 3423 3178 3472 annuit
3198 3434 3366 3472 unum.

2111 3526 2244 3583 Nam
2271 3544 2372 3599 ego
2409 3544 2624 3600 quoque
2664 3528 2823 3587 simili
2847 3538 2975 3583 nutu
3044 3542 3107 3584 ac
3149 3538 3343 3584 renutu
3382 3529 3711 3600 respondere

2098 3630 2242 3674 'voto
2271 3627 2363 3674 tuo
2411 3633 2649 3689 possum.
2683 3619 2796 3674 l-luc
2826 3618 3100 3689 pertinuere
3148 3634 3253 3674 non
3285 3630 3486 3675 temere
3515 3620 3707 3676 existi-

2113 3724 2291 3768 mem:
2341 3714 2656 3768 Censorium
2685 3712 3050 3784 supercilium,
3096 3713 3248 3783 quasi
3296 3716 3384 3785 qui
3435 3715 3715 3785 supercilio.

2111 3807 2229 3861 solo
2256 3806 2341 3861 vel
2368 3805 2622 3872 damnet,
2646 3806 2729 3860 vel
2763 3805 2971 3874 probet,
3000 3806 3142 3876 quod
3166 3806 3254 3860 alii
3284 3807 3527 3863 tctricam
3552 3823 3711 3866 seve-

2105 3899 2318 3955 ritatem
2342 3900 2797 3970 interpretantur“
3566 3902 3575 3910 '

2095 4002 2207 4069 26.
2253 4012 2613 4069 Catharticum
2639 4012 2790 4068 dare.
2815 4010 2963 4067 Tom.
2990 4012 3030 4067 1.
3059 4013 3149 4067 lib.
3179 4012 3242 4067 de
3272 4012 3448 4069 Pallio
3467 4057 3480 4080 ,
3515 4031 3631 4087 cap.
3657 4016 3710 4072 5.

2287 4114 2290 4117 λ
2751 4122 2892 4160 nune
2940 4107 3064 4162 111.

2183 4224 2483 4291 Rabannae
2519 4225 2548 4279 ἡ
2580 4227 2829 4289 ικαθαρτήρ
2842 4242 2907 4273 ιον
2933 4224 3204 4292 ῳάρμακον,
3232 4227 3260 4280 ἦ
3299 4227 3526 4291 κάθαρσις
3557 4262 3572 4287 ,
3602 4235 3714 4278 me-

2112 4312 2475 4368 dicamentum
2522 4312 2863 4367 ventriﬂuum
2889 4353 2905 4379 ,
2970 4314 3084 4367 sive
3119 4313 3259 4382 quod
3289 4313 3466 4368 alvum
3507 4315 3711 4384 dejicit.

2117 4404 2253 4459 Hinc
2282 4411 2524 4465 ὑπήλατον
2543 4402 2742 4457 dictum
2774 4404 3103 4474 Hippocrati.
3136 4403 3381 4474 Explicat
3402 4420 3461 4460 se
3479 4405 3708 4461 Tertull.

409 4483 500 4541 25.
521 4484 736 4557 Campis
763 4488 875 4543 suis
892 4487 1210 4545 diffundere.
1240 4490 1387 4546 Tom.
1418 4491 1487 4559 V,
1514 4490 1601 4546 lib.
1624 4493 1687 4547 de
1713 4488 1962 4548 Trinitale
1988 4533 2002 4560 ,
2032 4480 2088 4543 Ῑ)
2118 4497 2366 4552 Sermone
2413 4512 2492 4549 me
2549 4496 2754 4550 suasisti
2794 4496 3129 4551 medicamine
3185 4496 3562 4567 sapientissimo
3599 4514 3618 4552 :
3648 4513 3715 4554 ex

966 4599 1081 4653 cap.
1110 4584 1165 4638 6.
1194 4601 1334 4638 num.
1368 4585 1461 4639 26.

485 4712 613 4770 Hmc
644 4715 784 4771 inter
804 4729 861 4770 se
887 4716 1108 4786 Opponit
1135 4716 1484 4785 Novalianus,
1521 4718 1668 4774 Intra
1696 4721 1803 4776 hwc
1825 4737 2007 4791 corpo-
2094 4744 2106 4755 -

414 4808 487 4861 ris
514 4809 675 4863 nostri
704 4808 1006 4863 lineamenta
1058 4811 1261 4864 modum
1292 4822 1379 4865 ant
1418 4814 1638 4883 ﬁgurant
1668 4813 1853 4868 divina:
1897 4830 2010 4867 ma-

408 4897 612 4967 jestatis
636 4898 942 4964 includere;
989 4909 1033 4954 et
1064 4904 1168 4955 suis
1191 4900 1337 4955 illam
1369 4899 1707 4957 inlerminnla:
1749 4904 2008 4975 magnitu-

346 5006 347 5009 ‘
415 4990 549 5045 diuis
565 4992 756 5062 campis
785 4992 896 5047 sine
908 4993 1015 5048 ullo
1037 4994 1138 5063 ﬁne
1157 4994 1464 5062 (li/fundere.
1488 4995 1623 5052 Nota
1676 5006 1802 5053 sunt
1831 5007 2012 5069 paten-

421 5082 494 5136 tia
517 5098 733 5152 zequora
778 5100 1088 5155 camporum
1140 5087 1646 5156 etimmensitates,
1691 5089 1743 5145 in
1795 5091 2009 5162 propria

417 5176 566 5231 vocis
585 5176 993 5247 significatione.
1028 5179 1095 5234 Et
1124 5178 1257 5234 illud
1290 5178 1502 5253 Virgil.:

666 5289 872 5361 Equites
894 5291 1150 5361 Messapus
1168 5297 1217 5361 in
1242 5298 1388 5361 armis
1407 5332 1427 5361 ι

454 5414 458 5419 ο
540 5350 603 5402 Et
626 5348 739 5403 cuni
758 5353 911 5404 fratre
934 5348 1114 5419 Coras,
1138 5357 1249 5408 latis
1263 5348 1517 5422 diﬂ‘widite
1532 5357 1730 5423 carnpis.

418 5485 563 5533 Κατὰ
588 5485 675 5538 τὴν
708 5489 977 5554 μεταφορὰν
1006 5481 1120 5539 haec
1165 5501 1178 5536 :
1233 5484 1531 5541 Blietorum
1578 5485 1790 5556 campi;
1821 5486 1881 5542 In
1905 5485 2008 5541 ali-

413 5585 520 5642 quo
544 5586 734 5644 campo
761 5571 1043 5631 Oratorem
1077 5579 1300 5645 versari;
1321 5578 1398 5635 Ex
1427 5579 1626 5652 ingenti
1646 5578 1880 5652 quodam
1898 5578 2013 5637 im-

410 5679 708 5738 mensoque
743 5683 935 5740 campo
964 5670 1017 5724 in
1048 5670 1298 5740 exiguum
1324 5686 1514 5747 gyrum
1544 5674 1824 5730 Oratorem
1855 5656 2007 5731 co'm-

407 5758 632 5838 pellere;
662 5771 717 5822 ct
742 5805 757 5836 ,
782 5764 908 5826 [Luc
930 5764 1243 5825 latissimum
1274 5768 1487 5839 dicendi
1512 5784 1758 5844 campum
1787 5770 1995 5845 rhetori

2108 4602 2285 4659 graeco
2311 4587 2535 4643 Senario
2564 4606 2577 4641 :

2235 4712 2337 4761 Λόγῳ
2357 4710 2394 4760 μ’
2411 4704 2757 4762 ἶπιισσιςραρμάιιρ
2775 4711 2987 4762 σοφωτάτῳ.

2111 4809 2493 4873 Καθαιροῦνῦὃι
2538 4801 2768 4857 lustrare
2792 4809 2848 4857 et
2895 4787 3153 4872 expiare,
3207 4800 3275 4855 ad
3337 4800 3479 4873 quod
3533 4802 3723 4861 alludit

2112 4895 2295 4951 Horat.
2324 4893 2418 4949 lib.
2447 4893 2487 4948 1.
2518 4893 2675 4965 epist.
2700 4895 2750 4949 1.
2784 4893 3010 4965 loquens
3035 4894 3101 4949 de
3122 4893 3264 4948 vitiis
3292 4894 3491 4949 animi:
3534 4882 3543 4895 ’

2238 5014 2365 5063 Sunt
2388 5015 2539 5064 verba
2564 5017 2616 5062 et
2638 5026 2802 5075 voces,
2827 5013 3006 5076 quibus
3027 5012 3158 5076 hunc
3182 5011 3340 5062 lenire
3366 5010 3591 5063 dolorem

2235 5076 2418 5136 Possis,
2447 5084 2497 5126 et
2520 5076 2678 5125 morbi
2702 5075 2927 5137 magnam
2948 5075 3211 5139 depellere
3236 5082 3442 5138 partem.
3467 5076 3556 5137 Et,

2402 5177 2413 5187 .
2459 5175 2471 5186 .
2508 5147 2625 5189 sunt
2650 5147 2784 5189 certa
2809 5136 3142 5201 piacula,'qua:
3165 5136 3257 5201 te:
3315 5198 3345 5201 __
3408 5152 3419 5162 ‘

2238 5200 2342 5250 Ter
2364 5214 2488 5265 pure
2512 5201 2643 5251 lecto
2667 5197 2934 5264 potuerunt
2956 5197 3188 5250 recreare
3209 5197 3398 5250 libello.

2114 5281 2231 5338 Huc
2256 5283 2506 5355 pertinet,
2540 5283 2796 5340 Elleboro
2826 5298 3073 5354 purgare,
3098 5290 3155 5337 et
3180 5282 3397 5338 similia.

2000 5358 2009 5363 ’
2108 5374 2205 5465 27.
2231 5373 2433 5431 Catone
2458 5377 2748 5447 sapientior
2767 5374 3080 5446 et,gravior.
3108 5371 3259 5428 Tam.
3278 5371 3319 5428 1.
3348 5372 3568 5448 Apolog.
3595 5394 3712 5450 cap.

2687 5472 2777 5527 11.
2819 5484 2960 5524 num.
3004 5468 3127 5524 175.

2188 5586 2378 5643 Catum
2403 5582 2585 5643 Sabini
2614 5593 2829 5641 acutum
2847 5583 3123 5658 dixerunt,
3157 5583 3301 5641 unde
3328 5583 3583 5640 Catonum
3614 5602 3713 5644 ηοσ-

2117 5693 2262 5738 men.
2286 5679 2454 5750 Hujus
2476 5686 2654 5763 autem
2678 5677 2898 5742 Gotarzis,
2928 5675 3069 5747 apud
3085 5676 3306 5732 Tertull.
3331 5678 3486 5748 primi
3512 5678 3711 5766 ctCen-

2117 5772 2272 5844 sorii,
2306 5771 2537 5847 elogium
2567 5770 2732 5831 babes
2750 5768 2887 5845 apud
2909 5768 3142 5831 Plinium
3171 5767 3267 5830 lib.
3313 5767 3425 5827 VH.
3453 5785 3578 5845 cap.
3611 5772 3704 5831 27.
