4106 6330
265 361 411 419 ειτ-

1424 340 1945 405 PROVERBIALES
1987 312 2355 402 nonnum.

3474 338 3583 399 218

270 484 331 533 et
349 472 505 546 apud
522 472 772 529 Ciceron.
795 468 891 525 lib.
923 465 993 523 de
1021 464 1195 522 Amic.
1222 462 1313 520 ubi
1341 462 1408 519 de
1438 461 1630 519 Catone
1654 460 1879 532 Lautus:
1911 470 1963 531 Α
1987 475 2250 541 ειιαεειιοει
2293 457 2654 530 intelligendo,
2686 456 2994 514 valetudinis
3041 457 3384 531 corruptelam
3413 457 3583 529 suspi-

271 570 391 626 Aut
416 567 571 624 enim
620 578 799 629 nemo,
829 571 919 618 aut
961 560 1005 615 si
1020 559 1302 631 quisquam
1328 597 1343 623 ,
1401 556 1491 614 ille
1521 555 1739 626 sapiens
1764 553 1879 607 fuit.

275 667 353 723 Et
381 667 438 721 in
464 663 565 721 lib.
597 662 663 720 de
678 661 893 718 Senect.
915 658 1008 731 qui
1030 656 1236 713 Catonis
1266 653 1428 725 hujus
1452 651 1670 708 nomine
1694 647 1881 705 inseri-

275 760 457 817 bitur.
1092 794 1095 799 ,
1206 770 1211 777 ~

277 873 382 931 28.
422 872 670 929 Caucaso
692 824 998 942 Iabruptior.
1045 866 1190 922 Tom.
1236 864 1279 919 Ι.
1337 862 1429 919 lib.’
1456 862 1499 920 Ι.
1558 859 1671 915 adv.
1709 856 1874 913 Marc.

653 960 661 968 ’
838 977 957 1033 cap.
1006 960 1060 1015 1.
1127 960 1281 1014 num.
1303 955 1391 1013 15.
1902 960 1907 963 ‘

355 1080 635 1138 Caucasus
659 1119 676 1146 ,
703 1091 862 1133 mons
886 1075 1121 1148 Scythia:
1149 1072 1484 1130 vastissimus
1504 1112 1518 1136 ,
1540 1060 1717 1141 cujus,
1741 1076 1800 1123 ut
1816 1066 1891 1122 ait

281 1173 434 1229 Plin.
468 1170 566 1226 lib.
614 1167 700 1224 VI.
733 1183 857 1239 cap.
888 1169 942 1225 5.
971 1167 1099 1238 juga
1123 1166 1175 1221 in
1226 1163 1463 1221 colehiea
1495 1163 1650 1219 Ponti
1672 1161 1890 1233 regione

281 1265 353 1320 ad
382 1252 643 1335 Riphaéos
670 1270 880 1317 montes
906 1266 1227 1330 torquentur
1246 1297 1261 1324 ,
1307 1256 1478 1311 altero
1503 1255 1670 1310 latere
1700 1253 1754 1308 in
1781 1251 1890 1307 Eu-

283 1358 482 1415 xinum
505 1366 559 1413 et
583 1355 812 1411 Maeotim
839 1353 1066 1420 devexa,
1098 1352 1269 1406 altero
1292 1349 1343 1403 in
1364 1344 1888 1418 Caspiumetllvrca-

281 1451 445 1507 nium
462 1463 636 1515 mare,
664 1445 826 1503 variis
854 1443 1183 1501 nominibus.
1217 1441 1402 1513 Virgil.
1432 1439 1521 1494 1V.
1554 1436 1768 1494 Aiueid.
1797 1453 1811 1489 :

632 1561 781 1624 Duris
800 1562 975 1624 genuit
991 1567 1044 1609 te
1066 1557 1288 1609 cautibus
1306 1555 1517 1605 horrens

419 1623 1053 1689 Canem,Hyrcanmue,
1081 1628 1178 1671 etc.

280 1717 730 1801 Quibus'verbis
779 1728 1048 1799 abruptum
1105 1724 1423 1796 explicatur.
1495 1720 1553 1776 In
1614 1720 1887 1775 hominem

278 1834 582 1897 agrestem,
613 1833 670 1880 et
696 1822 889 1879 durum
918 1864 933 1889 ,
962 1818 1349 1876 intractabilem
1367 1825 1420 1871 et
1449 1813 1845 1885 inhospitalem.

278 1937 382 1994 29.
416 1932 953 1994 Cerebrom'vel'eor
976 1947 1081 1988 non
1113 1931 1332 1987 habere.
1377 1928 1522 1984 Tom.
1554 1926 1638 1983 Ill.
1672 1926 1759 1981 lib.
1791 1923 1881 1980 IV.

651 2030 767 2084 adv.
800 2025 1207 2096 Marc:.cap.10.
1238 2041 1377 2079 nam.
1405 2022 1527 2078 118.

364 2149 425 2203 lu
444 2147 676 2203 hominis
692 2147 913 2213 cerebro,
943 2144 1225 2215 spirituum
1250 2139 1488 2195 vitalium
1521 2133 1884 2220 receptaculo,

286 2255 544 2313 suprema
565 2240 783 2310 etquasi
806 2238 951 2309 regia
979 2236 1202 2291 rationis
1233 2240 1509 2304 potestas;
1541 2230 1593 2283 in
1616 2229 1767 2283 corde
1803 2235 1888 2282 to-

290 2344 385 2389 tus
414 2334 528 2404 ipse
555 2332 678 2388 vitae
700 2331 823 2387 fons
872 2339 928 2386 et
974 2329 1252 2399 sapientiae
1275 2325 1452 2381 sedes.
1477 2323 1611 2378 Hinc
1632 2320 1889 2377 vecordes

292 2434 349 2481 et
395 2410 645 2495 insipidi,
700 2424 903 2479 cerebro
956 2422 1206 2493 conlegae
1232 2417 1384 2472 vacui
1410 2416 1682 2471 dicuntur.
1717 2414 1890 2482 Atque

297 2517 438 2573 adeo
458 2502 842 2591 ipsa'corporis
869 2516 1022 2581 vitia,
1073 2514 1116 2568 si
1146 2513 1227 2568 vel
1250 2510 1452 2565 cerebro
1495 2505 1765 2566 velicordi
1789 2504 1896 2560 sint

293 2609 503 2665 afﬁnita
521 2651 536 2676 ,
560 2617 793 2665 mentem
811 2623 1024 2679 quoque
1045 2616 1098 2662 et
1125 2606 1390 2660 actionem
1418 2600 1755 2681 labefactant.
1785 2598 1892 2653 No-

230 2758 237 2762 .
293 2711 387 2757 tus
402 2699 591 2772 1Esopi
619 2700 877 2771 apologus
912 2698 979 2754 de
999 2698 1157 2766 vulpe
1184 2703 1343 2767 caput
1373 2693 1538 2748 lat-vae
1561 2690 1883 2755 admirante,

296 2796 333 2849 ὖ
356 2799 438 2855 οἱα
459 2804 659 2866 κεφαλή,
691 2806 774 2849 καὶ
812 2800 1061 2864 ἐγκέφαλον
1085 2797 1168 2847 οὐκ
1197 2799 1317 2860 ἔχει·
1351 2797 1463 2858 πρὸς
1502 2800 1600 2846 τοῖς
1637 2788 1764 2839 κατὰ
1806 2795 1892 2844 τὴν

296 2901 452 2960 ψυχὴν
473 2893 757 2956 ἀ>ογίςτοις.
776 2888 821 2945 0
844 2888 1002 2961 quale
1021 2886 1199 2956 caput!
1222 2893 1278 2941 et
1294 2883 1550 2939 cerebrum
1576 2894 1683 2934 non
1711 2878 1890 2941 habet,

298 3003 389 3059 50.
432 3002 588 3059 Cervi
633 3003 686 3057 in
710 3001 917 3073 praelio.
969 2999 1117 3055 Tant.
1159 2998 1221 3052 ll.
1298 2996 1378 3050 lib.
1436 2995 1497 3049 de
1524 2992 1712 3050 Coron.
1741 2990 1891 3044 milit.

864 3108 985 3163 cap.
1002 3093 1054 3147 1.
1071 3107 1214 3145 nunt.
1240 3089 1320 3145 I8.

301 3309 565 3372 apparet,
598 3315 664 3355 ex
693 3299 786 3354 illo
831 3299 1078 3354 Chabriae
1106 3296 1516 3368 apophtegmate
1542 3337 1558 3362 ,
1606 3288 1703 3365 qui
1724 3292 1894 3358 dixit,

299 3396 803 3455 Formidabiliorem
829 3410 951 3450 esse
970 3409 1229 3448 cervorum
1247 3391 1542 3446 exercitum
1561 3388 1697 3444 duce
1719 3383 1895 3452 leone,

301 3505 462 3562 quam
508 3489 722 3545 leonum
753 3488 890 3544 duce
940 3502 1103 3542 cervo.
1142 3483 1381 3539 Meminit
1408 3482 1550 3536 Pint.
1580 3480 1769 3536 Cervus
1814 3488 1899 3534 est

298 3583 531 3657 simplex
560 3593 617 3639 et
658 3590 800 3638 nota:
827 3580 1126 3636 timiditatis
1179 3575 1377 3633 animal
1402 3616 1417 3642 ,
1451 3573 1603 3644 cujus
1648 3587 1810 3628 omne
1842 3572 1897 3627 in

301 3677 427 3749 fuga
460 3676 761 3749 prtesidiutn
781 3718 796 3742 ,
825 3690 988 3746 quttm
1029 3675 1098 3728 sit
1121 3670 1575 3744 pernicissimum.
1607 3667 1742 3723 lliuc
1779 3682 1896 3721 cer-

303 3772 409 3828 vini
462 3771 563 3828 viri
611 3771 863 3825 dicuntur
904 3784 1066 3839 qutun
1117 3766 1256 3837 fuga:
1306 3765 1476 3835 magis
1505 3777 1665 3833 quam
1696 3760 1900 3816 viribus

304 3865 499 3932 fidunt,
530 3866 728 3936 quique
750 3861 1080 3918 formidolosi
1098 3869 1241 3914 sunt.
1263 3858 1468 3926 Quibus
1484 3856 1716 3924 Mavors,
1738 3863 1795 3910 tit
1828 3854 1899 3910 ait

302 3959 495 4032 Virgil.
526 3958 620 4014 lib.
650 3957 740 4025 11.,
766 3965 987 4012 ventosa
1016 3957 1067 4009 in
1098 3955 1276 4025 lingua
1328 3952 1657 4022 pedibusque
1700 3948 1900 4019 fugaci-

268 4054 432 4133 'bus.
464 4053 528 4108 Et
576 4050 716 4122 apud
749 4051 905 4106 llom.
950 4048 1100 4104 Iliad.
1155 4072 1189 4102 α
1232 4045 1466 4102 Achilles
1512 4044 1902 4116 Agamemnoni

306 4143 645 4202 timiditatem
667 4143 719 4198 in
737 4141 1114 4214 congressibus
1141 4140 1447 4210 prmliorunt
1477 4136 1764 4208 exprobrat
1791 4153 1804 4190 :

433 4269 646 4320 Οἱνοϐαρὶς,
664 4268 768 4314 κυνὸς
785 4269 921 4317 ὄμματ’
945 4265 1046 4319 ἷχων,
1060 4261 1246 4318 κμδίηντ⁹
1269 4265 1435 4317 lupata;

433 4342 604 4405 Ebria,
629 4339 875 4392 cervinum
895 4354 978 4391 cor
1000 4339 1206 4398 habens,
1232 4337 1497 4401 oculosque
1514 4335 1711 4386 caninas

306 4452 400 4509 5l.
443 4449 772 4522 Chrysippus
811 4448 877 4502 ad
924 4446 1241 4503 elleborum.
1274 4442 1418 4497 Tom.
1447 4442 1537 4497 Ill.
1580 4441 1667 4496 lib.
1700 4439 1763 4495 de
1781 4438 1906 4493 Aui-

434 4548 440 4553 ”
797 4556 913 4609 ma,
944 4556 1059 4611 cap.
1094 4541 1146 4594 6.
1173 4542 1178 4547 ”
1204 4554 1346 4590 nunt.
1377 4532 1469 4591 89.

382 4658 734 4731 Chrysippus,
771 4653 1046 4712 Cleantltis
1089 4650 1404 4722 discipulus,
1435 4648 1598 4704 homo
1642 4648 1908 4702 acerrimo

309 4754 549 4828 ingenio,
580 4752 648 4808 de
675 4767 782 4823 quo
812 4748 1129 4812 versiculus,

439 4884 485 4922 ιι
505 4882 555 4932 μή
576 4880 644 4931 τὰρ
672 4873 715 4927 ἦν
738 4879 976 4930 Χρὺσιππος,
1001 4876 1067 4914 οὐκ
1101 4868 1191 4922 ὅ.νῆ
1228 4874 1321 4912 nec
1342 4895 1354 4907 .
1377 4894 1387 4908 .
1425 4895 1435 4907 .
1459 4893 1471 4906 .

436 4954 543 5004 Nisi
564 4952 666 5003 fuat
690 4948 1006 5018 Chrysippus,
1030 4955 1113 4998 aut
1134 4947 1239 4998 fuat
1262 4946 1394 4996 Stoa.

385 5059 704 5116 BelertVal.
736 5058 872 5113 Max.
907 5057 1001 5111 lib.
1033 5053 1164 5110 VIII.
1194 5068 1313 5124 cap.
1344 5052 1396 5107 7.
1426 5048 1755 5121 Carneadem
1786 5064 1908 5104 cum

314 5153 604 5225 Chrysippo
651 5130 1077 5221 disputaturum,
1131 5147 1350 5203 elleboro
1395 5160 1453 5201 se
1504 5155 1628 5201 ante
1685 5152 1913 5215 purgare

313 5239 557 5308 solitum,
596 5243 661 5299 ad
689 5242 1101 5313 exprimendum
1129 5241 1400 5311 ingenium
1428 5255 1582 5295 suum
1620 5238 1909 5302 attentius,

313 5351 368 5398 et
402 5340 545 5396 illius
572 5337 923 5395 refellendum
963 5336 1160 5392 acrius.
1197 5335 1339 5391 Idem
1379 5337 1441 5388 A.
1475 5332 1596 5389 Gel.
1619 5333 1710 5388 lib.
1744 5329 1909 5387 XVII.

316 5447 439 5502 cap.
485 5432 572 5488 15.
601 5428 906 5486 Carneades
938 5428 1286 5484 Academicus
1329 5425 1625 5496 scripturus
1658 5423 1914 5479 adversus

315 5524 488 5582 Stoici
543 5523 779 5580 Zenonis
828 5518 1028 5590 libros,
1080 5521 1356 5592 superiora
1406 5518 1647 5589 corporis
1698 5516 1916 5572 elleboro

216 5624 231 5695 ξ
315 5616 549 5675 candido
582 5615 843 5687 purgavit.
894 5613 961 5669 Et
987 5629 1105 5684 cap.
1140 5614 1227 5669 ubi
1255 5611 1462 5668 ellebori
1505 5609 1824 5667 efficientem
1860 5617 1917 5664 et

315 5710 520 5780 duplex
553 5724 720 5779 genus
750 5707 1002 5789 explicat.
1037 5706 1104 5761 Et
1135 5705 1270 5761 Plin.
1297 5705 1389 5760 lib.
1414 5702 1582 5759 XXV.
1611 5719 1661 5758 e.
1688 5702 1742 5759 5.
1773 5700 1916 5757 idem

215 5800 221 5871 ἶ
314 5800 609 5871 (ἰειιπιιειιύὶ⁸
643 5801 913 5867 attribuit,
956 5808 1011 5855 et
1072 5798 1279 5854 ellebori
1337 5811 1582 5854 naturam
1639 5796 1912 5854 describit.

216 5868 231 5902 ι

317 5896 549 5957 Tertull.
600 5894 707 5970 ipsi
748 5896 1034 5970 Chrysippo
1074 5894 1309 5956 tribuere
1350 5895 1579 5958 videtur.
1627 5894 1919 5955 Settleulias

1986 552 2114 606 cari.
2170 549 2324 619 Quod
2379 548 2626 606 Valerius
2693 549 2760 607 de
2814 549 3101 622 Chrysippo
3151 550 3343 609 eodem
3407 552 3583 623 capite

1986 643 2175 701 scribit
2208 661 2221 698 :
2250 641 2414 713 Cujus
2442 641 2677 698 studium
2707 642 2761 699 in
2794 641 3080 699 tractandis
3117 642 3316 715 ingenii
3350 644 3434 699 sui
3469 657 3583 699 mo-

1990 736 2259 792 numentis
2287 743 2492 791 tantum
2519 735 2700 806 operis
2722 735 3026 807 laborisque
3047 736 3318 807 sustinuit,
3340 746 3400 791 ut
3418 735 3485 791 ad
3512 751 3574 791 ea

1989 829 2394 901 quat-scripsit,
2446 804 2658 898 penitus
2697 804 3064 900 cognoscenda
3085 804 3127 895 ,⁸
3150 828 3307 897 longa
3359 827 3463 882 vita
3513 828 3583 883 sit

1992 938 2146 994 opus.
2175 922 2239 977 Et
2263 930 2321 978 ut
2342 919 2455 977 Cic.
2485 920 2552 977 de
2575 920 2766 978 eodem
2798 938 2810 974 :
2841 919 3128 989 Quaedam,
3164 920 3353 990 inquit,
3374 934 3584 995 propo-

1995 1016 2185 1083 nebat,
2237 1030 2356 1085 qtta:
2403 1029 2471 1070 ne
2518 1014 2633 1085 ipse
2676 1012 2892 1084 quidem
2944 1012 3113 1083 potuit
3159 1011 3473 1068 dissolvere.
3516 1014 3587 1066 At

1994 1107 2262 1164 Lucianus
2304 1106 2569 1162 fabulatur
2615 1106 2668 1161 in
2711 1104 2778 1161 ll.
2830 1119 3004 1161 verar.
3057 1103 3265 1159 Narrat.
3318 1104 3412 1158 lib.
3468 1103 3585 1159 Non

1994 1200 2210 1256 licuisse
2253 1198 2539 1269 Chrysippo
2587 1198 2639 1253 in
2670 1197 2945 1252 beatorum
2980 1196 3208 1251 insulam
3248 1194 3583 1265 immigrare,

1995 1293 2095 1348 nisi
2125 1302 2372 1363 quartum
2427 1288 2537 1361 jam
2583 1297 2797 1360 sumpto
2853 1288 3089 1344 elleboro.
3141 1286 3398 1342 Alludens
3445 1288 3583 1354 huc,

1994 1386 2134 1459 quod
2178 1395 2260 1442 ter
2298 1386 2352 1440 in
2385 1386 2490 1440 vita
2533 1384 2734 1439 bibisse
2761 1391 3110 1440 memoratur.
3144 1381 3279 1436 Hinc
3315 1380 3589 1436 elleborum
3668 1372 3669 1377 “

1994 1480 2201 1546 bibere,
2229 1479 2414 1545 edere,
2447 1494 2619 1549 eoque
2643 1493 2703 1533 se
2729 1492 2956 1548 purgare
2977 1475 3255 1546 jubentur,
3283 1478 3371 1548 qui
3397 1476 3589 1532 mentis

1991 1563 2436 1649 capitisque'vitia
2456 1570 2560 1625 sibi
2590 1570 2753 1625 levari
2776 1569 2957 1624 velint.

1930 1692 1936 1698 ’
1995 1691 2085 1749 52.
2121 1690 2363 1748 Βοῦαξιο
2393 1688 2719 1761 supervenit.
2773 1687 2915 1742 Tom.
2973 1685 3016 1742 l.
3062 1686 3282 1758 Apolog.
3331 1701 3446 1757 cap.
3496 1684 3587 1749 10.

2632 1779 2774 1837 nam.
2801 1780 2923 1836 {6°}.

2063 1897 2357 1955 Videantur
2403 1896 2790 1957 Annotationes
2829 1893 3066 1949 Pamelii.
3095 1892 3340 1963 Explicat
3388 1891 3590 1948 Tertul-

1991 1992 2162 2047 lianus
2194 1993 2244 2045 in
2270 1991 2476 2061 ignotos
2504 2030 2518 2055 ,
2551 1997 2605 2043 et
2628 1988 2712 2043 vel
2739 2003 2802 2043 ex
2832 1986 3103 2056 inopinato
3123 1993 3470 2054 apparentes;
3498 1982 3590 2054 qui

1992 2099 2044 2140 et
2070 2083 2280 2139 cmlites
2309 2092 2363 2136 et
2391 2081 2529 2137 ecelo
2555 2080 2778 2150 delapsi,
2814 2079 2898 2135 vel
2925 2094 2955 2133 e
2983 2077 3122 2133 cudo
3151 2065 3412 2135 cecidisse
3438 2075 3590 2132 dicc-

1992 2177 2206 2244 bantur,
2231 2182 2569 2248 οὐρανοπετεῖς.
2610 2172 2761 2239 ,Ιξὶιιά
2814 2181 3083 2242 sumptum
3132 2168 3295 2225 videri
3341 2178 3515 2239 potest
3558 2182 3589 2222 a

1993 2271 2167 2327 scenis
2186 2270 2429 2342 .Tragicis
2451 2310 2464 2334 ,
2495 2270 2546 2323 in
2568 2268 2758 2339 quibus
2787 2265 2931 2332 fere,
2974 2268 3071 2319 ἀπὸ
3097 2281 3180 2327 τῆς
3219 2280 3437 2333 μηχανῆς
3467 2272 3585 2326 θιὸς.

1995 2365 2088 2420 Est
2131 2366 2274 2419 enim
2330 2363 2574 2418 machina
2630 2364 2789 2432 supra
2832 2375 3048 2417 scenam
3096 2355 3280 2424 locu's,
3332 2356 3471 2413 unde
3523 2374 3592 2414 ex

1994 2457 2286 2529 improviso
2310 2456 2451 2512 Deus
2472 2455 2663 2527 aliquis
2688 2454 3003 2525 apparebat.

1994 2574 2085 2629 55.
2120 2574 2193 2629 De
2218 2571 2437 2629 cmloin
2459 2584 2694 2626 omnum.
2717 2567 2860 2622 Tom.
2888 2567 2952 2621 II.
2986 2566 3074 2620 lib.
3094 2565 3156 2621 de
3173 2563 3345 2636 Speci.
3364 2579 3479 2634 cap.
3496 2562 3588 2619 9.5.

2640 2678 2779 2716 nutu.
2820 2660 2945 2717 189.

2004 2847 2013 2853 _
2071 2779 2276 2836 Tertnl.
2311 2777 2391 2833 De
2419 2777 2651 2832 Ecclesia
2680 2776 2795 2841 Dei,
2828 2775 2895 2830 In
2939 2774 3130 2830 diaboli
3169 2772 3452 2829 Ecclesium
3486 2782 3593 2826 lett-

1966 2874 2137 2949 _dere.
2192 2872 2257 2927 Et
2296 2870 2388 2925 lib.
2420 2870 2487 2926 de
2528 2871 2725 2925 Coron.
2757 2869 2913 2925 milit.
2971 2866 3059 2937 De,
3090 2867 3271 2921 castris
3321 2866 3373 2919 in
3425 2876 3593 2919 castra
3686 2918 3691 2923 ,

2000 2967 2317 3021 tenebrarum
2379 2981 2561 3020 nomen
2623 2963 2847 3035 deferre.
2888 2984 2891 2987 ι
2929 2960 3263 3033 Elegantiam
3326 2957 3595 3013 alfectavit

2000 3058 2222 3114 Tertull.
2247 3065 2297 3113 ix
2328 3066 2415 3120 τῆς
2433 3067 2786 3130 παρονομασίας
2819 3073 2832 3108 :
2866 3063 2923 3108 ut
2949 3053 3016 3108 sit
3046 3052 3148 3108 luci
3182 3051 3448 3115 tenebras,
3471 3051 3595 3105 vitae

370 3162 675 3264 Rnwuus‘
740 3142 1152 3263 “avt-vrow
1203 3142 1213 3144 _
1242 3142 1290 3145 *⁷
1525 3202 1536 3214 .
1906 3152 1917 3163 ’
2002 3156 2229 3205 mortem
2262 3149 2536 3220 praeferre.
2570 3150 2746 3217 Quum
2775 3147 2841 3202 ab
2872 3143 3267 3200 honestissimis
3293 3142 3595 3198 actionibus

672 3247 684 3261 .
881 3205 1134 3263 erhtalem
1166 3204 1387 3264 figuram
1426 3210 1595 3264 sapit,
1625 3209 1809 3256 natum
1839 3207 1896 3254 ut
1922 3224 1965 3264 ρ
2365 3245 2425 3264 Α,
2456 3244 2646 3264 ηηωΑ
2717 3241 2779 3264 Δ,
2816 3255 2976 3264 ,πη
3009 3234 3298 3264 ,η-ηέηηηη
3337 3236 3593 3264 “nam,

422 3221 684 3265 nummus.
740 3205 1134 3263 Proverbialem
1166 3204 1387 3275 figuram
1426 3204 1595 3272 sapit,
1625 3209 1809 3256 natum
1839 3207 1896 3254 ut
1922 3224 1967 3288 ρ

2001 3245 2331 3316 studiisque,
2362 3245 2427 3298 ad
2456 3244 2651 3314 flagitia
2670 3285 2685 3309 ,
2715 3241 2782 3297 ad
2816 3255 2979 3297 vanas
3009 3234 3302 3310 turpesque
3334 3236 3596 3301 exercita-

2005 3337 2177 3393 tiones
2203 3336 2559 3400 deﬂectimus.

2002 3451 2093 3507 54.
2121 3450 2285 3506 Cinna
2310 3434 2492 3506 aestiva
2521 3459 2639 3520 post
2659 3444 3135 3502 assum.’1‘om.lll.
3170 3443 3260 3498 lib.
3300 3443 3361 3496 de
3388 3431 3593 3508 Aniiua,

2523 3558 2639 3610 cap.
2668 3541 2758 3596 5‘2.
2787 3556 2924 3593 nunt.
2952 3538 3075 3595 587.
3480 3528 3485 3535 ’

2074 3658 2299 3715 Videtur
2327 3657 2552 3712 inuuerc
2586 3653 2945 3710 Tertullianus
2992 3651 3045 3706 in
3084 3650 3237 3705 caenis
3277 3646 3461 3703 rusticis
3486 3652 3599 3717 post

2005 3769 2196 3819 assum,
2232 3751 2336 3806 hoc
2359 3758 2462 3816 est,
2494 3762 2684 3804 carnes
2704 3761 2852 3801 assas
2874 3788 2889 3812 ,
2916 3744 3046 3799 nihil
3075 3751 3335 3815 praeterea
3369 3737 3599 3794 ferculo-

2005 3864 2122 3904 rum
2173 3844 2451 3916 importari
2504 3841 2751 3907 solitum,
2806 3841 2874 3894 ita
2926 3848 2984 3892 ut
3037 3836 3155 3891 linis
3192 3848 3378 3890 caena:
3440 3829 3601 3884 fuerit

2006 3957 2208 3997 assum.
2231 3940 2319 3996 Uti
2352 3937 2708 4014 Empedocles
2732 3936 2783 3990 in
2807 3927 3013 3989 ardenti
3038 3930 3202 3987 Alma
3227 3928 3390 4000 probe
3412 3938 3561 3981 assus
3583 3964 3598 3991 ,

1994 4037 2060 4092 in
2088 4035 2290 4091 nullum
2322 4032 2464 4089 aliud
2507 4046 2701 4103 corpus
2731 4039 2812 4085 est
2843 4036 3107 4092 mutatus,
3138 4032 3299 4094 atque
3341 4022 3460 4076 ideo
3483 4019 3602 4073 linis

1944 4156 1963 4170 ο
2008 4129 2108 4185 fuit
2133 4120 2669 4183 metensotnatoscos.
2697 4121 2833 4189 Quid
2873 4121 2917 4175 si
2965 4118 3068 4173 huc
3091 4113 3326 4171 alludat?
3363 4112 3598 4178 Crmcis,

2008 4222 2096 4292 qui
2129 4235 2226 4275 ova
2267 4232 2388 4274 cum
2439 4216 2609 4272 turdis
2638 4225 2693 4270 et
2722 4213 2976 4285 leporinis
3004 4211 3254 4267 carnibus
3283 4221 3346 4262 ac
3384 4204 3604 4261 mellitis

2011 4311 2290 4385 placentis,
2321 4309 2587 4367 secundas
2617 4302 2834 4363 mensas
2860 4306 3075 4369 dabant,
3111 4317 3227 4358 mos
3252 4302 3354 4357 iste
3382 4298 3479 4355 fuit
3499 4338 3513 4363 ,
3549 4304 3607 4349 ut
3644 4302 3653 4311 ‘

2011 4406 2062 4460 in
2090 4406 2193 4459 fine
2218 4417 2386 4458 coena:
2432 4402 2637 4471 linguas
2678 4399 2801 4471 igne
2855 4397 3086 4453 torridas
3140 4404 3259 4466 post
3300 4405 3603 4455 sermones,

2011 4480 2368 4567 degustandas
2416 4494 2624 4555 darent.
2670 4494 2883 4560 Quare,
2941 4474 3147 4545 finitum
3195 4485 3396 4559 aliquid
3446 4498 3603 4548 esse,

1930 4593 1983 4653 D
2012 4589 2144 4653 nihil
2172 4603 2292 4645 esse
2316 4587 2526 4657 reliqui,
2572 4584 2864 4653 Proverbiq
2894 4580 3300 4654 signiﬁcabitur.

2014 4704 2102 4766 55.
2138 4703 2213 4759 De
2246 4701 2406 4759 Curio
2436 4715 2536 4756 suo
2585 4698 2791 4755 ludere.
2844 4696 2992 4752 Tom.
3042 4696 3084 4750 ι.
3144 4695 3233 4748 lib.
3284 4666 3346 4746 .1.
3395 4689 3602 4755 Pallio,

2561 4809 2679 4863 cap.
2712 4792 2764 4847 5.
2795 4808 2936 4846 nam.
2969 4789 3059 4845 49.

2086 4915 2128 4967 A
2160 4910 2559 4969 Chammleonte
2591 4917 2854 4971 tractum,
2880 4908 2972 4978 qui
3006 4914 3130 4960 toto
3160 4914 3385 4972 corpore
3436 4896 3611 4953 reddit

2014 5006 2251 5062 colorem
2297 5019 2695 5079 qpeumumque
2736 5000 3041 5071 proximum
3092 4995 3359 5066 attigerit,
3417 5002 3612 5062 praeter

2016 5099 2236 5155 rubrum
2264 5106 2318 5153 et
2344 5097 2544 5152 album.
2577 5095 2758 5164 Itaque
2788 5093 3034 5163 adagium
3068 5097 3213 5159 patet
3238 5086 3290 5141 in
3337 5084 3609 5140 hominem

2016 5191 2354 5262 versipellem
2373 5231 2387 5254 ,
2419 5190 2808 5244 inconstantem
2838 5201 2902 5241 ae
2930 5200 3025 5255 pro
3056 5192 3295 5253 tempore
3316 5181 3369 5235 in
3397 5193 3612 5234 omnem

2018 5286 2258 5341 habitum
2286 5300 2406 5341 sese
2437 5291 2755 5339 vertentem.
2798 5280 2914 5336 Cni'
2941 5278 3150 5343 simile,
3196 5276 3392 5331 Proteo
3441 5280 3612 5327 tttuta-
3718 5327 3725 5333 ,
3768 5340 3775 5351 ι

2018 5381 2195 5437 bilior.

2019 5492 2107 5551 56.
2155 5491 2342 5551 Crmso
2391 5499 2446 5548 et
2502 5490 2698 5548 Crasso
2745 5470 3240 5557 copiosior.'»T0ttt.
3298 5483 3338 5539 I.
3390 5481 3609 5571 Apolog.

2517 5597 2646 5653 cap.
2676 5580 2763 5635 11.
2788 5596 2931 5634 num.
2968 5579 3091 5635 175.

2093 5699 2283 5769 Crmsi,
2327 5699 2597 5772 Lydorum
2620 5698 2792 5769 regis,
2819 5697 3088 5769 opulentia
3121 5694 3259 5767 apud
3301 5695 3616 5765 Grmcosin

2023 5795 2367 5869 Proverbiunt
2407 5792 2564 5857 abiit,
2616 5791 2706 5861 qui
2757 5789 2899 5863 Cyro
2952 5790 3132 5846 Persa:
3185 5789 3384 5845 bellum
3437 5786 3619 5844 facere

2022 5905 2204 5950 ausuS.
2234 5886 2314 5947 Μ.
2345 5882 2528 5945 Crimo
2557 5884 2695 5960 apud
2718 5885 2947 5953 Roman.
2991 5884 3175 5945 divitis
3197 5891 3611 5962 cognomentum
