4082 6346
488 356 606 418 219

1581 342 1679 402 nx
1715 303 2184 404 remotum
2222 339 2698 402 APOLOGETICO

3693 347 3808 406 Ἀθ

494 476 737 536 additum
763 474 853 546 qui
875 473 928 529 in
956 469 1105 544 agris
1126 443 1248 526 suis
1275 465 1587 524 sestertium
1612 465 1778 521 vicies
1806 463 1953 532 mille
1979 476 2098 534 pos-
2121 461 2174 524 Α
2199 474 2621 519 commemorato
2653 464 2869 525 nomine
2888 507 2903 534 ,
2927 467 3177 524 maximae
3206 468 3530 541 eloquentiae
3556 483 3807 525 consum-

494 571 664 637 sedit,
705 577 759 626 et
788 567 1055 622 neminem
1085 577 1207 619 esse
1243 561 1464 618 divitem
1485 603 1500 630 ,
1530 559 1634 616 nisi
1662 559 1754 631 qui
1796 558 2091 638 exercitum

497 667 644 723 alere
685 662 855 733 possit
881 659 992 715 suis
1017 656 1312 724 fructibus,
1359 655 1561 712 dixisse
1611 660 1875 711 memorat
1915 649 2087 708 Cicer.

496 760 550 814 in
583 755 842 812 Paradox.

495 848 587 904 57.
619 847 811 903 Cubito
839 818 1062 917 pellere.
1093 843 1244 900 Tom.
1276 842 1364 900 ιιι.
1397 841 1485 898 lib.
1519 844 1582 898 de
1600 841 1814 911 Anima,
1844 856 1962 911 cap.
1998 840 2089 900 55.

1138 955 1278 994 nam.
1321 937 1448 994 605.

567 1055 622 1110 Si
650 1053 775 1125 quid
804 1066 1083 1124 perperam
1113 1051 1312 1106 dictum
1340 1059 1432 1104 aut
1467 1047 1761 1119 improbius
1796 1045 2096 1119 reprehen-

497 1147 701 1210 dimus,
735 1146 786 1200 in
809 1146 948 1200 latus
988 1144 1254 1215 proximi,
1286 1142 1434 1213 cujus
1465 1142 1604 1196 dicta
1633 1155 1737 1196 non
1766 1139 2056 1211 probamus
2076 1181 2091 1206 ,

497 1240 734 1296 cubitum
769 1236 1042 1308 impellere
1071 1237 1337 1300 solemus,
1369 1244 1430 1328 et
1452 1234 1639 1305 procul
1667 1248 1698 1286 a
1727 1232 1881 1288 nobis
1903 1274 1916 1297 ,
1944 1231 2096 1301 quasi

499 1325 884 1394 abhorrentes,
930 1327 1300 1385 detestationis
1365 1323 1575 1392 caussa,
1631 1339 1836 1380 arcere.
1905 1323 2093 1379 Horat.

501 1424 594 1480 lib.
624 1423 665 1478 ι.
697 1422 864 1492 Epist.
895 1421 930 1476 6
962 1440 975 1475 ε

622 1538 902 1588 Mercemur
925 1548 1140 1596 servum,
1165 1535 1248 1599 qui
1271 1534 1421 1584 dictet
1440 1534 1648 1594 nomina,
1672 1529 1848 1584 laevum

625 1601 718 1660 Qui
742 1601 888 1650 fodiat
913 1599 1051 1648 latus.
1154 1610 1157 1614 ·
1481 1615 1488 1621 -

501 1706 754 1778 lntclligit
799 1718 1017 1760 servum
1067 1718 1096 1756 a
1148 1702 1443 1769 memoria,
1475 1702 1588 1757 sivo
1617 1700 2096 1756 nomenclatorem.

2198 555 2365 610 matio
2405 555 2669 610 audientis
2705 557 2887 613 animo
2937 559 3198 618 oboritur.
3252 562 3530 633 Quinctil.“
3560 561 3656 616 lib.
3708 560 3804 617 ιχ.

2197 644 2438 715 ejusdem
2465 658 2852 705 commemorat
2877 651 3129 723 elogium.

2197 763 2289 821 42.
2321 763 2476 835 Digiti
2505 773 2633 820 nutu
2663 765 2825 836 loqui.
2853 767 2998 822 Tom.
3022 769 3109 826 Ill.
3141 770 3229 826 lib.
3264 771 3380 827 adv.
3417 770 3658 843 Hermog.
3684 787 3800 843 cap.

2814 860 2905 916 27.
2938 879 3081 917 num.
3114 865 3205 920 91.

2275 969 2333 1025 1η
2374 970 2600 1041 Apolog.
2647 987 2760 1026 cum
2805 973 3080 1048 digitorunt
3125 975 3494 1049 sapputatoriis
3522 978 3797 1050 gesticulis.

2203 1063 2404 1120 Priscis
2433 1065 2624 1122 usitata
2653 1067 2975 1136 supputandi
3002 1070 3158 1136 ratio,
3189 1086 3306 1141 qua:
3334 1069 3495 1126 ﬁebat
3516 1071 3803 1142 digitorum

2204 1155 2368 1212 ﬂexu.
2417 1159 2460 1213 Α
2497 1158 2691 1215 Vener.
2738 1159 2879 1215 Beda
2929 1162 3136 1232 loquela
3186 1162 3513 1234 digitorum,
3545 1164 3660 1220 sive
3707 1180 3805 1235 per

2202 1259 2412 1321 gestum
2459 1250 2785 1322 digitorum,
2831 1253 3048 1311 dicitur.
3106 1256 3377 1312 Alexand.
3429 1257 3496 1312 ab
3536 1258 3797 1314 Alexand.

2203 1339 2299 1396 lib.
2339 1341 2381 1396 Ι.
2414 1357 2532 1414 cap.
2563 1345 2650 1401 14.
2685 1345 2905 1402 Veteres
2947 1357 3099 1418 gestu
3144 1364 3370 1415 manus,
3399 1351 3558 1406 modo
3579 1351 3804 1420 deum,

2205 1432 2369 1488 modo
2395 1434 2645 1503 sinistrm,
2668 1425 3026 1509 et'digitorum
3063 1441 3413 1511 depressione
3441 1452 3532 1498 aut
3571 1443 3803 1499 circum-

2205 1521 2457 1590 ﬂexione,
2479 1540 2620 1596 sarpe
2641 1542 2810 1586 annos
2827 1529 3254 1599 dinumerarunt,
3278 1544 3380 1588 etc.
3408 1533 3486 1589 Ad
3509 1549 3666 1604 quem
3691 1551 3807 1591 mo-

2205 1629 2320 1668 rem
2362 1615 2550 1671 alludit
2587 1617 2808 1674 Tertull.
2847 1636 3008 1690 quum
3045 1623 3190 1678 addit
3212 1639 3231 1677 :
3253 1633 3376 1677 nutu
3397 1627 3838 1692 accommodato;'

2205 1704 2360 1760 altius
2405 1707 2622 1774 tollens,
2668 1719 2715 1764 et
2757 1713 2902 1778 quasi
2958 1722 3092 1768 retro
3139 1715 3366 1783 iactans.
3419 1715 3721 1788 Usurpatur
3753 1718 3805 1774 in

505 1800 602 1856 Ubi
631 1799 812 1855 fodere
839 1799 1000 1864 latus,
1028 1806 1112 1852 est
1140 1811 1298 1850 manu
1322 1796 1406 1851 vel
1430 1810 1665 1866 pungere
1685 1836 1698 1860 ,
1727 1796 1816 1894 vel
1839 1795 2096 1894 tundere,
2130 1833 2178 1894 Β
2207 1795 2478 1854 hominem
2507 1801 2628 1870 plus
2661 1803 2826 1858 nimio
2854 1804 2954 1859 sibi
2983 1811 3310 1873 'sumentem.
3342 1816 3397 1864 et
3424 1824 3522 1880 pro
3547 1810 3809 1868 arbitratu

503 1893 643 1962 quod
677 1892 735 1945 lit
762 1889 1050 1956 monendi,
1087 1887 1434 1960 suggerendi,
1480 1895 1533 1942 et
1561 1886 1865 1957 impellendi
1907 1887 2095 1958 gratia.

502 1984 618 2039 Erit
640 1983 820 2054 igitur,
847 1981 1120 2053 aspernari
1151 1990 1207 2037 et
1244 1995 1499 2051 respuere
1526 1979 1768 2034 homines
1801 1988 1906 2034 tam
1938 1992 2100 2049 prava

502 2076 755 2146 opinione
785 2075 1036 2132 imbutos.

503 2193 592 2250 58.
627 2193 812 2250 Cuneo
854 2190 1166 2248 extrudere.
1209 2190 1356 2246 Tom.
1393 2190 1480 2246 111.
1531 2190 1617 2246 lib.
1662 2190 1704 2245 Ι.
1749 2191 1866 2246 adv.
1927 2182 2096 2244 Marc.

1011 2300 1126 2355 cap.
1160 2283 1252 2339 2i.
1287 2299 1434 2339 num.
1471 2283 1592 2340 150.
1687 2329 1698 2344 .

577 2400 693 2455 Hoc
739 2417 896 2456 cuneo
942 2402 1165 2456 veritatis
1194 2402 1357 2457 omnis
1405 2402 1694 2456 extruditur
1723 2401 1947 2466 haeresis.
1995 2403 2098 2458 Cu-

507 2511 663 2561 neus,
695 2494 924 2551 ferreum
960 2495 1040 2551 vel
1072 2495 1302 2566 ligneum
1337 2497 1747 2552 instrumentum
1778 2511 1918 2567 quo,
1952 2505 2006 2552 ut
2026 2498 2104 2553 ait

505 2587 757 2658 Virgilius
778 2626 793 2653 ,
840 2587 1182 2644 scindebatur
1221 2588 1384 2644 lissile
1421 2589 1658 2661 lignum;
1690 2605 1719 2643 a
1746 2590 1898 2660 cujus
1929 2589 2102 2646 forma

507 2680 708 2736 Canens
736 2681 788 2736 in
815 2681 928 2736 acie
957 2681 1163 2752 peditus
1202 2681 1464 2750 conferti,
1493 2681 1584 2753 qui
1609 2681 1777 2752 juncti
1798 2697 1918 2737 cum
1947 2683 2097 2751 acie,

506 2777 678 2846 primo
703 2778 1010 2848 angustius,
1041 2775 1236 2833 deinde
1267 2776 1425 2832 latius
1448 2776 1773 2848 procedunt,
1817 2784 1872 2832 et
1913 2776 2100 2832 adver-

503 2869 764 2926 sariorum
793 2869 1008 2928 ordines
1033 2878 1317 2940 rumpunt,
1352 2870 1475 2940 quia
1505 2885 1534 2926 a
1564 2869 1808 2941 pluribus
1835 2869 1889 2925 in
1933 2885 2100 2926 unum

504 2964 678 3018 locum
741 2962 844 3018 tela
894 2964 1193 3019 mittuntur.
1242 2962 1444 3030 Quibus
1471 2962 1761 3033 opponitur
1787 2961 2059 3018 ordinario
2082 3003 2097 3028 ,

503 3073 665 3128 quem
722 3055 962 3114 forlieem
1015 3067 1238 3122 vocant,
1297 3072 1416 3128 quae
1471 3056 1776 3114 lectissimis
1843 3056 2101 3113 militibus

503 3150 781 3216 confertis,
811 3151 862 3204 in
895 3149 958 3206 V.
982 3149 1174 3206 litterae
1209 3148 1435 3206 formam
1466 3149 1838 3221 componitur,
1867 3158 1920 3205 et
1950 3149 2098 3205 illum

504 3261 721 3324 cuneum
762 3245 996 3314 excipit,
1039 3255 1200 3316 atque
1236 3260 1303 3300 ex
1339 3253 1563 3316 utraque
1611 3254 1764 3315 parte
1803 3245 2097 3302 concludit.

503 3339 620 3407 Quo
648 3341 806 3404 facto,
841 3339 1008 3394 aciem
1060 3357 1164 3394 non
1223 3349 1398 3409 potest
1437 3355 1738 3410 erumpere.
1801 3338 1882 3395 Ex
1923 3340 2101 3410 priore

504 3432 803 3502 significato
846 3442 970 3490 sunt
1000 3433 1100 3488 illa'
1137 3451 1149 3488 :
1191 3432 1328 3488 Malo
1361 3432 1552 3501 nodo,
1580 3432 1752 3488 malus
1781 3431 2103 3505 quierendus

504 3542 726 3591 cuneus;
783 3540 813 3579 a
870 3526 1168 3582 sectoribus
1216 3526 1492 3593 roborum,
1548 3539 1679 3596 pro,
1714 3525 1907 3580 Malum
1962 3525 2103 3580 malo

503 3621 812 3688 retundere,
843 3630 894 3676 et
916 3620 1123 3676 clavum
1149 3622 1299 3678 clavo
1327 3623 1547 3694 pellere.
1578 3624 1658 3679 Ad
1698 3639 1818 3696 quae
1846 3622 1931 3682 hic
1970 3623 2102 3679 allu-

503 3710 630 3768 dere
668 3712 878 3768 videtur
917 3712 1144 3774 Tertull.
1191 3713 1248 3770 ιιι
1290 3717 1638 3787 sequentibus
1667 3716 1853 3774 ludere
1893 3716 2102 3774 videtur

515 3804 688 3860 altero
723 3804 1045 3875 signiﬁcato.

504 3918 592 3974 59.
641 3919 826 3976 Cuneo
854 3935 1157 3978 occurrere.
1178 3921 1325 3980 Tom.
1357 3923 1447 3981 IlI.
1496 3925 1584 3980 lib.
1617 3926 1678 3982 de
1708 3924 1922 3982 Resurr.
1956 3941 2098 3980 carn.

1061 4031 1174 4085 cap.
1203 4015 1258 4070 2.
1290 4032 1431 4070 num.
1462 4017 1550 4074 18.

576 4127 860 4199 Sumptum
891 4145 922 4185 a
951 4145 1009 4186 re
1034 4131 1270 4187 militari.
1303 4133 1488 4204 Virgil.
1514 4151 1527 4188 :

629 4245 840 4311 agmina
863 4246 1135 4311 densentur
1159 4250 1430 4300 cuneis.....
1457 4251 1533 4311 Et,
1558 4264 1733 4303 omnes

627 4308 759 4376 Dant
779 4323 1004 4376 cuneum,
1027 4310 1280 4376 densaque
1305 4313 1363 4361 ad
1381 4308 1543 4364 muros
1558 4316 1686 4367 mole
1704 4316 1944 4366 feruntur.
1963 4319 2038 4376 Et,

631 4372 735 4432 Qua
758 4373 933 4434 globus
956 4349 1039 4422 il’le
1065 4349 1218 4424 virum

504 4481 512 4539 ἕ
579 4479 799 4552 Eritque
829 4483 1004 4538 valida
1035 4484 1380 4559 confertaque
1418 4488 1639 4559 alicujus
1682 4487 2099 4553 rationibusar-

505 4582 755 4644 gumenta
787 4590 1076 4647 opponere.

407 4685 410 4688 ’
506 4687 595 4744 40.
644 4690 881 4746 Cuneum
925 4692 1150 4762 primum
1177 4695 1572 4765 congressionis
1609 4706 1800 4755 armat.
1846 4697 2100 4756 Tom.l|l.

806 4785 894 4839 lib.
925 4786 1043 4856 adu.
1084 4784 1282 4843 Valent.
1312 4789 1506 4860 cap.‘.5.
1537 4806 1676 4844 nam.
1701 4791 1793 4847 2i.

577 4897 675 4955 Cui
723 4883 1393 4973 subjungitTertulliaritis,
1428 4904 1744 4963 Detectorem
1783 4911 2103 4966 conscientia:

507 4994 732 5059 illorum,
765 4981 982 5066 primam
1009 4997 1141 5052 lianc
1166 4999 1424 5054 victoriam
1453 5002 1794 5093 auspicantur;
1824 5002 1911 5058 Sic
1942 5005 2102 5061 Ante-

506 5102 754 5144 cursorcs
774 5128 789 5154 ,
821 5090 1028 5158 equites
1058 5092 1360 5160 praemissi,
1392 5094 1568 5151 solent
1597 5090 1850 5167 detegere
1879 5097 2100 5156 hostiles

506 5184 706 5252 copias,
737 5182 974 5248 insidias,
1002 5193 1055 5239 et
1082 5201 1383 5242 numerum.
1411 5187 1476 5243 Et
1503 5189 1670 5258 prima
1699 5190 1918 5247 victoria
1946 5191 2099 5262 quasi

505 5290 662 5332 omen
694 5285 776 5332 est
818 5291 1025 5348 pugnae.
1061 5278 1248 5334 Omnia
1282 5281 1536 5336 translata
1566 5298 1595 5338 a
1625 5283 1872 5338 conﬂictu
1910 5285 2100 5340 martio

506 5368 709 5438 prmlii,
750 5368 817 5423 ad
857 5370 1306 5441 disputationem,
1337 5374 1478 5443 quod
1523 5384 1604 5430 est
1644 5385 1914 5430 certamen
1956 5377 2097 5434 litte-

505 5479 729 5518 Tal‘llllll.

502 5576 590 5631 41.
623 5577 977 5634 Demosthene
1003 5579 1356 5651 eloquentior.
1381 5581 1526 5638 Tom.
1561 5583 1602 5638 Ι.
1628 5583 1847 5655 Apolog.
1886 5600 1999 5655 cap.
2042 5584 2096 5639 2.

1142 5690 1282 5731 num.
1325 5675 1452 5733 175.

572 5780 712 5836 Nihil
745 5781 1096 5840 Demosthenis
1125 5787 1359 5842 oratoria
1389 5789 1437 5842 vi
1466 5789 1685 5854 clarius,
1715 5790 1886 5863 inquit
1910 5790 2088 5849 Valer.

497 5873 638 5934 Max.
660 5876 752 5934 lib.
771 5875 1027 5952 lV,cap.5
1041 5887 1094 5936 et
1107 5880 1285 5952 cap.7,
1315 5879 2093 5958 lib.Vlll.Demosthenes,cujus

2206 1906 2306 1947 suo
2326 1933 2341 1959 ,
2371 1893 2512 1962 quod
2545 1893 2724 1963 lubet,
2750 1905 3095 1956 statuentem.

2206 2007 2296 2062 4'5.
2349 2007 2522 2078 Digito
2569 2008 2858 2066 destinare.
2910 2010 3054 2066 Tom.
3090 2011 3130 2066 1.
3171 2013 3260 2069 lib.
3304 2014 3365 2069 de
3405 2014 3576 2069 Pallio
3605 2016 3805 2088 capite,

2876 2120 3018 2158 num.
3049 2104 3138 2160 84.

2281 2211 2640 2270 Tertullianus
2685 2215 2780 2272 lib.
2814 2215 2880 2272 de
2909 2217 3121 2275 veland.
3173 2218 3318 2291 Virg.
3351 2221 3476 2274 dum
3518 2220 3688 2292 digitis
3715 2222 3806 2276 de-

2205 2307 2592 2362 monstrandum
2624 2308 2880 2364 titillatur.
2914 2311 3010 2366 Est
3039 2313 3270 2382 potentis
3293 2353 3308 2380 ,
3357 2313 3539 2385 digitis
3565 2315 3808 2374 denotari

2208 2404 2264 2453 et
2289 2400 2602 2455 monstrari.
2630 2399 2816 2456 Horat.
2844 2401 2945 2458 0d.
2975 2403 3028 2459 '5.
3058 2404 3151 2460 lib.
3182 2405 3253 2463 ιε

2457 2509 2595 2579 Quod
2618 2521 2858 2579 monstror
2880 2514 3033 2579 digito
3057 2519 3460 2578 pratereuntium
3478 2553 3494 2579 ,

2455 2571 2683 2625 Romanm
2706 2576 2884 2627 ﬁdicen
2906 2571 3039 2642 liras.

2281 2676 2347 2734 Et
2372 2676 2468 2735 lib.
2499 2679 2598 2751 Ep.
2629 2679 2729 2736 0d.
2758 2683 2814 2739 4.
2841 2683 3074 2753 explicat
3099 2695 3340 2744 nostrum
3369 2687 3710 2760 proverbium
3739 2705 3807 2747 cx

2208 2772 2442 2848 'I‘ertull._
2464 2775 2726 2833 sententia
2752 2818 2767 2844 ,

2455 2889 2672 2940 Videsne
2697 2904 2882 2942 sacram
2907 2895 3152 2945 metiente
3177 2902 3228 2947 te
3253 2898 3381 2946 viam

2455 2950 2572 3020 Qum
2594 2954 2666 3002 bis
2691 2962 2768 3003 ter
2790 2955 3012 3006 ulnarum
3036 2963 3149 3020 toga
3171 2997 3184 3018 ,

2456 3013 2519 3062 Ut
2543 3027 2626 3063 ora
2651 3023 2812 3066 vertat
2837 3029 2886 3069 et
2908 3021 3002 3069 huc
3027 3013 3249 3070 euntium

2452 3076 2727 3128 Liberrima
2750 3080 3051 3146 indignatio?

2126 3198 2176 3264 ρ
2206 3182 2296 3240 44.
2330 3183 2600 3241 Dimicare
2620 3184 2686 3241 ad
2710 3181 2938 3243 certum.
2975 3187 3121 3243 Tom.
3141 3187 3229 3246 Ill.
3267 3189 3354 3244 lib.
3386 3188 3471 3246 ill.
3497 3190 3615 3245 adu.
3639 3189 3803 3247 Marc.

2771 3295 2888 3350 cap.
2912 3280 2966 3336 5.
3000 3296 3140 3336 nam.
3178 3282 3265 3338 14.

2260 3388 2466 3444 'Solent
2495 3389 2818 3461 gladiatores
2847 3400 2902 3447 et
2932 3393 3137 3464 pugiles
3167 3393 3306 3449 inter
3334 3407 3394 3449 se
3423 3397 3803 3466 congressuri,

2206 3491 2492 3551 antequam
2551 3481 2617 3536 ad
2675 3497 2864 3538 manus
2922 3484 3168 3554 ictusque
3233 3485 3488 3552 veniant,
3537 3487 3804 3555 quoddam

2205 3575 2358 3645 quasi
2391 3574 2630 3645 praeludii
2660 3576 2931 3645 specimen
2960 3576 3121 3633 edere
3145 3619 3160 3645 ,
3183 3587 3276 3644 et,
3308 3585 3366 3634 ut
3395 3579 3455 3634 Β.
3489 3578 3687 3636 Paulus
3703 3580 3797 3648 ait,

2207 3683 2388 3726 aerem
2419 3668 2726 3724 verberare.
2757 3669 2936 3740 Virgil.
2967 3671 3107 3726 lib.V
3144 3689 3158 3726 :

2334 3786 2466 3852 rl‘alis
2491 3788 2646 3852 prima
2670 3786 2828 3852 Dares
2851 3795 2997 3852 caput
3020 3765 3171 3837 altum
3195 3791 3244 3837 in
3270 3787 3437 3851 praelia
3461 3789 3588 3839 tollit
3605 3828 3619 3852 ,

2332 3848 2660 3915 Qstenditque
2683 3848 3076 3915 humeros'latos,
3103 3848 3391 3914 alternaque
3410 3853 3562 3915 jactat

2331 3910 2534 3961 Brachia
2560 3910 2881 3976 protendens,
2913 3925 2964 3964 et
2989 3917 3217 3964 verberat
3239 3910 3426 3964 ictibus'
3440 3927 3598 3966 auras.

2281 4017 2416 4078 Tum
2443 4019 2726 4092 postmodo
2749 4062 2764 4090 ,

2331 4132 2709 4196 lminisceutque
2733 4146 2904 4187 manus
2935 4137 3157 4188 manibus
3195 4150 3506 4202 pugnamque
3540 4137 3801 4190 lacessunt.

2279 4241 2348 4295 Et
2375 4241 2471 4298 lib.
2503 4241 2603 4297 12:

2796 4336 3084 4400 vetitosque
3109 4337 3312 4388 lacessit

2332 4397 2531 4461 Ictibus,
2558 4405 2611 4451 et
2632 4411 2798 4462 sparsa
2814 4397 2872 4449 ad
2897 4397 3108 4464 pugnam
3133 4400 3343 4465 proludit
3366 4413 3532 4452 arena.

2283 4504 2464 4561 Potest
2490 4513 2544 4560 et
2573 4505 2741 4561 videri
2774 4516 3043 4576 sumptum
3072 4522 3101 4562 a
3125 4507 3536 4578 jaculatoribus,
3560 4487 3657 4580 qui
3683 4524 3804 4565 sco-
3883 4574 3888 4580 _

2128 4567 2184 4630 Ῑ)
2210 4613 2358 4672 pum,
2391 4598 2457 4655 ad
2488 4614 2648 4669 quem
2679 4599 2972 4668 colliment,
3005 4600 3105 4655 sibi
3135 4609 3457 4671 preponunt.
3494 4567 3606 4656 Ηυξ
3637 4603 3803 4672 perti-

2211 4700 2300 4745 net
2326 4691 2385 4744 B.
2417 4689 2564 4744 Pauli
2594 4690 2746 4756 illud,
2777 4691 2818 4745 l.
2851 4691 2970 4746 Car.
3014 4690 3108 4745 1X.
3143 4692 3254 4762 Ego
3311 4693 3470 4764 igitur
3511 4694 3590 4748 sic
3621 4709 3801 4762 curro,

2208 4796 2314 4836 non
2343 4783 2492 4852 quasi
2538 4783 2590 4836 in
2641 4783 2902 4838 incertum
2927 4798 2940 4848 ;
2980 4782 3058 4839 sic
3080 4799 3275 4855 pugno,
3307 4800 3412 4840 non
3441 4784 3593 4854 (μιαεί
3623 4800 3803 4841 acrem

2209 4876 2522 4931 verberans.

2205 4990 2300 5046 45.
2333 4989 2594 5044 Dimicare
2623 4989 2886 5046 cominus.
2915 4989 3130 5046 Ibidem.
3161 4989 3288 5045 Vide
3310 4987 3516 5048 Cedere
3537 4991 3801 5060 cominus,

2879 5099 3132 5154 superius.

2204 5192 2294 5249 46.
2327 5193 2699 5265 Eplcitarisma
2729 5205 2850 5268 post
2876 5195 3130 5252 fabulam.
3162 5195 3416 5252 Tom.lll.
3439 5197 3526 5251 lib.
3551 5197 3666 5251 adv.
3703 5195 3805 5251 Va-

2647 5291 2768 5347 lent.
2799 5308 2915 5362 cap.
2945 5292 3037 5347 55.
3066 5307 3209 5345 num.
3242 5291 3368 5346 567.

2278 5406 2806 5476 Ruenmus..Quum
2847 5407 3042 5464 fabulae
3078 5407 3498 5464 recensebantur
3539 5405 3667 5460 olim
3702 5420 3801 5476 pu-

2193 5504 2365 5582 blice,
2393 5503 2458 5557 ad
2481 5502 2862 5559 demulcendos
2883 5511 3246 5572 spectatorum
3267 5501 3496 5566 animos,
3527 5501 3615 5572 qui
3645 5499 3802 5556 tmdio

2205 5596 2376 5668 longua
2403 5595 2725 5652 narrationis
2749 5595 2859 5665 jam
2890 5595 3215 5666 languebant
3244 5596 3294 5649 in
3327 5594 3456 5661 line,
3491 5597 3798 5666 priusquam

2204 5689 2622 5755 dimitterentur,
2653 5686 2983 5743 citharoedus
3017 5689 3209 5759 aliquis
3237 5687 3504 5759 prodibat.
3533 5688 3722 5746 Solent
3746 5698 3801 5744 et

2204 5793 2326 5839 ante
2355 5791 2410 5838 et
2438 5792 2557 5854 post
2588 5781 2784 5852 justam
2822 5781 3051 5839 fabulam
3081 5783 3324 5854 quaedam
3355 5785 3475 5840 cani
3510 5785 3562 5840 in
3606 5784 3743 5842 odeo
3769 5801 3798 5839 a

2203 5895 2263 5941 re
2299 5879 2492 5949 aliena,
2515 5876 2580 5936 ad
2615 5862 2916 5937 auditorum
2937 5878 3147 5940 fastidia
3170 5879 3496 5954 dispellcnda
3523 5879 3799 5938 duntaxat.
