4082 6346
498 373 611 430 225

1598 379 1696 436 EX
1729 372 2197 442 TERTULLIANI
2236 386 2712 450 APOLOGETICO

3695 407 3802 473 221

504 498 659 547 πάλιν
675 503 967 562 μαχήσεται,
986 490 1088 547 hoc
1111 498 1195 548 est
1221 509 1233 546 :
1259 491 1353 548 Vir
1380 492 1468 564 qui
1498 492 1653 566 fugit,
1673 512 1883 554 rursum
1906 514 2095 570 capes-
2123 500 2177 561 A
2203 502 2449 574 ligneove
2496 509 2740 596 orbiculo
2788 512 2879 583 qui
2932 512 3133 570 circum
3184 516 3455 577 axiculum
3485 535 3757 597 versatur
3780 568 3796 594 ,

503 592 585 639 set
611 583 1183 653 przelia.'l‘ertultianus
1201 586 1361 656 paqu
1383 595 1506 643 ante
1525 588 1641 646 [nec
1661 592 1881 661 opponit
1906 611 1919 648 :
1945 593 2098 650 Stare
2198 594 2311 650 sive
2349 599 2521 654 rotula
2548 592 2731 658 striata
2763 619 2922 673 quam
2951 605 3153 663 Caterol
3176 617 3231 665 et
3260 610 3452 684 Man/te
3480 591 3658 688 Belga;
3697 634 3795 692 ap-

502 672 779 728 immobiles
808 674 1039 747 prtecipit
1070 676 1241 748 utique
1270 694 1359 732 nec
1386 681 1561 752 fugam
1590 723 1604 746 ,
1633 683 1840 740 mobiles
1860 726 1875 753 ,
1910 695 1957 740 et
2003 703 2094 742 ac-

446 745 461 762 π
500 768 689 821 cinctos
715 767 769 821 in
797 770 1010 839 fugam,
1042 788 1109 825 an
1137 773 1191 826 in
1218 780 1485 829 accursum
1526 775 1837 849 Evangelii?
1876 780 2093 837 Hastam

496 855 754 925 abjicere,
787 868 843 913 et
870 858 1074 918 Graecis
1102 874 1417 935 ρίψεισπιςοιι
1453 870 1843 938 ἀσπιδαποϐλὴς,
1877 876 1974 927 ἀπὸ
2007 885 2094 929 τοῦ

492 956 675 1023 ῥίπτειν
699 963 781 1009 και
796 956 1083 1012 ἀποϐἁλὶ.ειν
1109 972 1195 1021 τὴν
1214 966 1425 1016 ἀσπίδας
1447 962 1703 1021 Praverb.
1730 981 1827 1036 pro
1847 966 2091 1025 diffidere

493 1054 718 1109 caussae,
764 1046 848 1101 vel
890 1062 1095 1105 caussae
1136 1050 1506 1111 defensionem
1551 1048 1824 1114 deserere.
1863 1060 2087 1118 Tertull.

492 1129 786 1191 Proverbia
820 1137 986 1209 (quod
1013 1155 1045 1195 a
1073 1130 1276 1199 Graecis
1303 1146 1623 1219 profectum)
1656 1152 1862 1206 moneri
1897 1168 2088 1221 possu-

491 1238 634 1290 mus,
666 1241 770 1281 non
799 1230 1042 1298 protinus
1065 1231 1399 1304 despaiidere
1427 1240 1687 1306 animum,
1719 1243 1763 1297 si
1795 1244 1921 1313 quid
1948 1244 2087 1301 infe-

493 1314 649 1371 licius
675 1321 997 1377 successerit
1023 1364 1036 1388 ,
1063 1333 1118 1379 et
1146 1341 1309 1395 quum
1341 1327 1442 1384 hac
1476 1346 1581 1385 non
1609 1335 1901 1401 successit,
1933 1346 1986 1390 ut
2016 1338 2090 1393 ait

490 1404 759 1477 Comicus,
792 1411 894 1467 alia
920 1416 1136 1485 aggredi
1165 1418 1267 1474 via.
1688 1418 1689 1421 “

489 1542 578 1599 56.
606 1544 810 1603 Funem
833 1553 1190 1609 contentionis
1216 1516 1433 1613 ducere.
1465 1559 1611 1615 Tom.
1635 1561 1824 1618 lll.lib.
1851 1565 1941 1621 ιν.
1964 1567 2083 1621 mla.

954 1643 1120 1700 Marc.
1154 1665 1269 1719 cap.
1295 1650 1346 1705 4.
1373 1669 1513 1706 unm.
1543 1655 1635 1709 28.

558 1746 833 1817 Frequens
865 1762 946 1808 est
975 1756 1112 1825 apud
1146 1759 1314 1817 bonos
1341 1773 1591 1821 auctores
1614 1808 1628 1833 ,
1659 1766 1857 1824 Ducere
1884 1775 2079 1842 funem,

485 1841 625 1911 quod
652 1854 920 1915 sumptum
953 1867 1272 1925 μεταφφρικῶς
1303 1873 1332 1912 a
1363 1861 1564 1915 comica
1588 1841 1891 1931 saltatione,
1916 1882 2074 1937 quam
2108 1868 2157 1929 B

429 2002 435 2009 ,
482 1937 688 2004 κέρδακα
734 1946 788 1992 ct
823 1946 1137 2013 κορδακισμὸν
1164 1950 1456 2020 appellant.
1480 1953 1697 2011 Terent.
1739 1957 1970 2029 Adelph.
2002 1960 2081 2017 Tu

481 2025 623 2082 inter
641 2043 736 2083 eos
759 2033 942 2088 restim
970 2036 1222 2094 dictitans
1244 2042 1540 2111 saltitabis;
1563 2056 1618 2102 et
1641 2048 1779 2119 apud
1801 2025 2078 2122 Aristoph.

482 2127 688 2189 νεφέλαις
736 2127 841 2177 οὐδὲ
879 2132 1079 2198 κόρὂακι
1123 2139 1340 2195 ﬂauum.
1388 2136 1443 2191 Ιιι
1482 2138 1683 2208 'quibus
1725 2140 1942 2197 choreis
1986 2144 2077 2213 qui

480 2212 767 2279 prmsullar
793 2228 904 2284 est,
934 2230 986 2274 et
1009 2221 1333 2293 moderator,
1359 2232 1534 2299 funem
1561 2231 1736 2302 ducit,
1765 2251 1923 2306 quem
1956 2239 2071 2305 alii,

478 2302 814 2371 apprehensa
855 2308 999 2375 fune,
1034 2328 1358 2380 przceuntem
1405 2322 1722 2391 sequuntur".
1757 2302 1893 2383 Hinc
1934 2329 2074 2399 apud

479 2392 592 2448 Cic.
623 2395 874 2454 familiam
899 2398 1081 2459 ducere
1105 2417 1185 2463 est
1211 2451 1226 2476 ,
1250 2426 1371 2469 esse
1404 2414 1697 2486 principen'i
1726 2429 1781 2475 et
1799 2426 2075 2479 auctorem

479 2485 705 2558 alicujus
731 2502 911 2577 sectae,
941 2506 994 2551 et
1022 2498 1206 2556 llorat.
1238 2503 1305 2559 de
1330 2485 1591 2575 Pecunia,
1616 2513 1774 2581 epist.
1797 2509 1819 2566 Ι
1844 2530 1856 2567 :
1912 2525 1928 2538 '

602 2600 780 2653 Totum
802 2605 953 2670 digna
975 2615 1118 2675 sequi
1141 2618 1326 2678 potius,
1355 2632 1501 2682 quam
1521 2622 1709 2674 ducere
1734 2623 1915 2676 funem.

549 2705 654 2762 Sed
682 2710 806 2780 quid
853 2713 968 2769 haec
1004 2716 1071 2770 ad
1120 2725 1514 2779 contentionem
1558 2741 1611 2782 et
1652 2732 2074 2788 certamen?Ad

477 2799 808 2866 pertinacem
858 2794 1170 2875 opinionum
1202 2812 1608 2873 defensionem?
1634 2822 1888 2879 Alludere
1914 2825 2075 2893 igitur

476 2890 687 2947 videtur
711 2894 776 2949 ad
808 2897 950 2953 aliud
982 2900 1130 2959 lusus
1152 2921 1342 2974 genus,
1377 2910 1426 2963 in
1456 2928 1564 2981 quo
1594 2914 1729 2969 forte
1756 2910 1929 2986 funem
1956 2933 2071 2973 me-

473 2982 620 3038 dium
664 2996 886 3060 utraque
915 3010 1037 3061 pars
1074 2998 1125 3053 in
1169 3000 1377 3057 diversa
1406 3005 1655 3063 obnitens
1683 3024 1746 3064 ac
1770 3025 1830 3065 se
1862 3022 2070 3082 pertra—

475 3076 606 3135 here
636 3081 929 3153 nitebatur,
957 3098 1010 3143 et
1039 3091 1226 3148 alteris
1256 3106 1595 3166 extorquere.
1628 3102 1741 3170 Qua
1771 3104 1823 3159 in
1852 3122 1910 3161 re
1940 3123 2068 3179 pro-

474 3172 708 3239 positum
757 3186 873 3231 erat
918 3180 1155 3238 victoria:
1197 3189 1473 3255 prmmium
1506 3208 1519 3243 :
1547 3194 1690 3264 quod
1736 3212 1842 3251 non
1888 3202 2071 3268 paucis

1197 3248 1214 3255 -
1565 3248 1580 3264 ι
1670 3248 1673 3249 ⁷
1738 3248 1842 3251 ""'
1888 3248 2071 3268 "ww-"

462 3248 606 3318 locis
637 3279 667 3318 a
698 3269 877 3334 pueris
907 3271 1223 3331 observatur
1253 3276 1433 3344 hodie,
1459 3299 1616 3351 quem
1649 3290 1823 3356 funem
1848 3302 2071 3351 conten-

476 3354 636 3411 tionis
679 3359 763 3413 vel
804 3366 1200 3423 cantentiosum
1246 3386 1276 3425 a
1322 3375 1548 3442 partium
1598 3384 2073 3459 contentione-(ut

473 3444 679 3518 Kyfbal
708 3449 947 3525 Flandri)
975 3455 1027 3510 in
1056 3458 1175 3514 lusu
1207 3461 1329 3531 pila:
1359 3465 1650 3537 palmaria},
1678 3488 1842 3542 quum
1870 3444 2072 3536 ludiiur

471 3538 692 3595 datatim
720 3545 955 3613 appellat
976 3547 1203 3604 Tertull.
1244 3553 1335 3622 qui
1372 3554 1565 3611 addit:
1620 3538 1734 3631 pari
1786 3565 1903 3620 hinc
1952 3569 2071 3626 inde

472 3630 587 3686 nisu
625 3635 906 3703 ﬂuctuante
923 3638 1200 3705 ;'fartasse
1234 3630 1627 3706 :ﬂuctuantem
1659 3655 1759 3710 sub
1783 3657 1984 3715 funem.

471 3744 562 3800 57.
618 3745 768 3803 Fune
802 3754 1154 3809 contentiosa
1201 3755 1345 3813 diem
1390 3761 1456 3815 ad
1510 3779 1787 3835 vesperam
1848 3770 2064 3829 ducere.

545 3837 691 3899 Tom.
725 3841 768 3895 Ι.
815 3843 905 3896 lib.
938 3846 1056 3899 adv.
1088 3846 1219 3901 Iud.
1263 3867 1379 3920 cap.
1414 3856 1464 3907 1.
1500 3872 1639 3911 num.
1676 3862 1726 3914 1.
1757 3873 1946 3947 etlam.
1976 3865 2062 3923 Ill.
2104 3894 2113 3902 ·

543 3932 613 3987 lib
633 3933 696 3987 de
722 3932 934 3990 Resurr.
961 3940 1150 3993 carnis.
1182 3959 1298 4013 cap.
1329 3945 1416 4000 51.
1443 3964 1584 4003 num.
1606 3951 1733 4008 251.

553 4043 646 4100 γει
673 4047 725 4101 in
757 4064 1014 4121 vesperam
1042 4058 1262 4112 trahere.
1303 4058 1397 4115 Cui
1427 4063 1573 4119 addit
1597 4065 1823 4125 Tertull.
1854 4073 2066 4147 alternis

469 4136 659 4191 vicibus
679 4180 693 4205 ,
728 4149 787 4194 ut
816 4156 974 4213 supra
1008 4164 1020 4200 :
1048 4148 1162 4216 pari
1189 4149 1307 4203 hinc
1336 4152 1455 4207 inde
1485 4155 1620 4210 nisu.
1655 4158 1765 4215 Cic.
1805 4161 1858 4216 2.
1878 4142 1883 4147 δ
1905 4167 2062 4236 epist.

467 4226 509 4282 Ι.
564 4226 656 4284 lib.
707 4229 901 4287 Famil.
951 4235 1060 4292 Hac
1108 4245 1477 4298 controversia
1527 4264 1693 4320 usque
1732 4252 1799 4307 ad
1848 4268 2060 4313 noctem

356 4342 367 4357 -
469 4320 810 4381 ducta:et2.
836 4329 992 4398 epist.
1019 4330 1109 4385 IV.
1134 4332 1225 4387 lib.
1246 4335 1312 4391 ad
1340 4339 1503 4396 Attic.
1528 4341 1701 4409 Quum
1727 4345 1793 4402 ad
1814 4335 2063 4407 Clodium
2109 4324 2112 4329 “

468 4425 688 4472 ventum
708 4429 810 4485 est,
832 4426 979 4494 cupit
998 4425 1139 4483 diem
1166 4443 1502 4490 consumere.
1525 4437 1758 4496 Plinius:
1782 4445 2061 4505 Actionem

467 4522 643 4564 meam
669 4551 685 4576 ,
719 4520 776 4566 ut
819 4516 1000 4583 prmlia
1038 4535 1142 4574 nox
1174 4521 1394 4593 dirimit,
1438 4538 1527 4585 et:
1555 4530 1698 4587 Dixit
1730 4534 1780 4591 in
1813 4549 2023 4596 noctem
2045 4585 2060 4610 ,

469 4609 630 4675 atque
656 4604 815 4661 etiam
841 4607 1002 4665 illatis
1024 4611 1275 4671 lucernis.
1308 4621 1463 4688 Apud
1497 4622 1722 4680 Roman.
1749 4646 1909 4699 quum
1932 4604 2062 4705 quid

468 4693 668 4752 differri
696 4739 712 4764 ,
742 4698 826 4754 vel
869 4700 922 4755 in
970 4704 1110 4760 diem
1160 4708 1369 4766 difﬁndi
1416 4715 1614 4773 vellent
1655 4693 2058 4797 intercessores,

469 4786 698 4844 dicendo
726 4789 868 4847 diem
895 4793 1182 4867 ducebant,
1214 4817 1281 4858 ne
1307 4806 1433 4874 quid
1458 4810 1636 4867 eo-die
1661 4812 1780 4883 ipsa
1800 4832 1828 4869 a
1861 4786 2060 4877 Senatu

466 4879 846 4940 decerneretur
870 4904 883 4942 :
907 4886 1329 4970 dicebanturque
1347 4897 1486 4955 diem
1514 4904 1821 4974 extrahere,
1851 4919 2059 4980 tempus

467 4971 678 5028 trahere
693 4984 750 5031 et
780 4978 1047 5046 prolatare
1071 4988 1513 5059 consultationes,
1547 4996 1687 5065 apud
1716 4971 1911 5057 Salust.
1948 4971 2054 5060 lla-

465 5078 571 5134 que
608 5068 999 5138 significabitur
1026 5080 1392 5139 contentionis
1431 5085 1699 5145 diuturna:
1739 5097 2050 5163 pertinacia.

462 5153 522 5210 In
548 5156 641 5213 lib.
664 5160 733 5216 de
756 5162 976 5222 Resurr.
1003 5183 1145 5226 earn.
1177 5177 1486 5234 contentiosa
1515 5181 1637 5250 fune
1665 5184 1930 5259 deducere,
1951 5201 2053 5260 est,

461 5242 791 5321 argumentis
820 5257 1047 5327 prolixis
1069 5264 1443 5341 perplexisque
1470 5242 1583 5328 rem
1615 5277 1839 5346 agitare.

461 5366 552 5423 58.
586 5368 789 5428 Funem
835 5379 1229 5437 contentiosum
1262 5386 1485 5455 alterno
1527 5390 1689 5448 ductu
1738 5395 1792 5451 in
1843 5397 2051 5458 diversa

527 5462 851 5523 distendisre.
918 5470 1062 5527 Tam.
1123 5474 1187 5530 V.
1259 5477 1348 5535 lib.
1412 5481 1478 5535 de
1542 5482 1730 5543 Pudic.
1800 5506 1921 5563 cap.
1989 5494 2045 5551 2.

529 5572 669 5611 num.
700 5558 791 5613 22.
1864 5558 1871 5597 ί

530 5666 731 5725 Prmter
774 5654 996 5745 eaquae
1043 5691 1200 5749 supra
1231 5683 1389 5741 allata
1436 5699 1594 5760 sunt,
1628 5692 1730 5750 hoc
1760 5700 2046 5768 proverbio

451 5758 766 5829 admoneor,
795 5765 1096 5825 Ductarium
1125 5774 1303 5845 funem
1332 5778 1434 5834 dici
1456 5824 1469 5848 ,
1503 5758 1594 5855 qui
1639 5802 1735 5857 per
1760 5758 2045 5851 .arbieulos

453 5854 705 5915 trochleze
749 5858 890 5935 (qua:
933 5873 1014 5923 est
1071 5868 1313 5929 machina
1363 5854 1705 5951 tractatorio,
1737 5898 1856 5944 cum
1900 5903 2043 5949 aereo

2197 688 2435 762 pellant)
2464 693 2742 764 trajicitur.
2776 696 2891 763 Qua
2922 697 3163 755 Machina
3194 703 3395 760 utimur
3426 706 3478 762 in
3507 688 3794 782 oneribus,

2200 777 2434 838 fascibus
2454 823 2467 848 ,
2499 786 2670 841 saccis
2700 787 3066 847 frumentariis
3091 792 3144 849 in
3175 793 3343 851 altum
3369 799 3711 871 attallendis,
3741 777 3798 860 et

2199 888 2296 943 per
2320 874 2581 939 fenestras
2620 880 2992 954 immi’ttendis.
3038 885 3140 954 Qui
3185 887 3327 947 funis
3370 890 3566 950 dicitur
3606 905 3793 953 contra

2195 965 2421 1025 demitti.
2448 969 2597 1043 Virg.
2630 991 2643 1027 :

2318 1084 2595 1137 Demissum
2616 1088 2738 1152 lapsi
2763 1103 2855 1154 per
2873 1093 3056 1155 funem.

2265 1185 2482 1262 (Eterno
2507 1190 2697 1257 ductu,‘
2717 1204 2774 1247 ut
2797 1209 2956 1264 supra
2978 1238 2992 1264 ,
3024 1197 3248 1255 Alternis
3276 1202 3497 1270 vicibus,
3533 1207 3646 1272 pari
3675 1206 3792 1285 nisu

2193 1275 2310 1330 hinc
2349 1278 2486 1333 inde.
2540 1280 2795 1355 Idemque
2854 1286 3175 1357 significabit
3214 1313 3227 1346 :
3274 1293 3551 1368 Utrimque
3597 1282 3789 1371 magna

2191 1383 2311 1423 cum
2343 1372 2630 1441 pertinacia
2658 1391 2771 1432 rem
2810 1377 3134 1449 diSputanda
3162 1385 3383 1455 agitare.

2156 1486 2161 1489 ’
2191 1481 2278 1537 59.
2304 1482 2505 1541 Funem
2535 1486 2750 1559 longum
2788 1492 3079 1551 attrahere.
3104 1494 3249 1554 Tom.
3291 1497 3356 1553 ll.
3381 1500 3470 1558 lib.
3496 1503 3560 1558 de
3582 1505 3784 1586 υειιιιιιιἐ

2622 1580 2764 1655 Virg.
2794 1600 2907 1656 cap.
2941 1587 3030 1642 14.
3057 1606 3198 1645 num.
3234 1592 3364 1649 115.

2204 1726 2210 1732 ‘
2260 1712 2455 1771 Notum
2482 1718 2573 1775 est
2613 1719 2742 1776 illud
2776 1722 2839 1785 B.
2865 1722 3110 1797 Gregorii
3141 1729 3430 1789 Moralibus
3460 1750 3475 1789 :
3512 1735 3695 1794 Oritur
3717 1755 3785 1796 ex

2188 1809 2535 1878 suggestione
2557 1814 2829 1883 cogitatio,
2855 1832 2921 1872 ex
2946 1820 3271 1890 cogitatione
3298 1823 3534 1895 affectio,
3567 1844 3632 1885 ex
3663 1831 3786 1889 atre-

2185 1898 2365 1954 ctione
2424 1901 2742 1970 delectatio,
2789 1922 2855 1962 ex
2894 1908 3252 1970 delectatione
3295 1930 3625 1988 consensus,
3671 1932 3782 1980 etc.

2187 2004 2356 2060 usque
2385 1993 2451 2048 ad
2475 2004 2677 2051 certam
2707 1998 3127 2060 damnationem.
3158 2007 3289 2073 Quae
3316 2018 3403 2064 est
3430 2010 3589 2082 longa
3615 2013 3702 2070 illa
3727 2023 3784 2072 et

2189 2081 2452 2139 horrenda
2487 2100 2821 2155 peccatorum
2848 2105 3057 2152 catena.
3086 2097 3185 2166 Qui
3212 2098 3367 2175 funes
3388 2111 3551 2174 atque
3571 2120 3782 2178 compe-

2184 2175 2300 2245 des,
2333 2179 2526 2248 quibus
2550 2187 2901 2242 eaustrietum
2931 2189 3203 2247 hominem
3227 2193 3454 2250 Satanas
3474 2213 3579 2253 non
3605 2200 3780 2258 solum

2183 2268 2235 2324 in
2259 2284 2421 2327 omne
2443 2288 2611 2343 genus
2633 2278 2915 2347 malorum,
2941 2281 3033 2337 sed
3056 2284 3215 2339 etiam
3240 2285 3293 2341 in
3316 2295 3600 2346 tartaream
3622 2292 3780 2364 abys-

2183 2376 2299 2416 sum
2366 2366 2680 2436 prareipitat.
2759 2372 2913 2440 Apud
2971 2375 3223 2444 profanas
3267 2389 3513 2437 auctores
3544 2384 3778 2443 :Caten’a

2181 2457 2550 2526 negotiorum,
2578 2444 2821 2518 Catenati
2871 2466 3100 2524 labores.
3146 2470 3298 2526 Pind.
3341 2477 3573 2546 δυσφόρων
3600 2459 3777 2547 iam»

2180 2563 2435 2618 μεριμνῶν.
3764 2640 3769 2646 Δ

2182 2661 2270 2718 60.
2298 2661 2479 2720 Glacie
2502 2664 2757 2737 fragilior.
2779 2668 2927 2725 Tom.
2952 2670 3037 2726 111.
3058 2674 3146 2728 lib.
3174 2675 3211 2729 Ι.
3237 2678 3353 2732 adv.
3381 2678 3547 2735 Marc.
3575 2698 3693 2754 cap.
3718 2684 3770 2738 1.

2838 2780 2980 2819 num.
3016 2765 3102 2820 14.

2249 2867 2404 2934 Aliis,
2442 2869 2570 2926 Gelu
2598 2874 2857 2945 fragilior.
2889 2876 2965 2932 De
2997 2878 3213 2936 homine
3240 2882 3578 2944 inconstante
3599 2896 3653 2944 et
3678 2888 3773 2946 fm-

2176 2957 2402 3032 difraga.
2428 2962 2558 3017 Nam
2584 2965 2768 3038 fragile
2795 2972 3082 3040 oppanitur
3108 2974 3265 3031 firmo
3284 2966 3562 3036 et'stabili.
3591 2982 3773 3055 Fragi-

2174 3049 2339 3109 litatis
2370 3054 2422 3107 in
2448 3056 2617 3125 glacie
2637 3074 2824 3115 caussa
2855 3072 2970 3127 est,
3010 3067 3261 3134 partium,
3297 3081 3517 3127 excreta
3559 3074 3768 3145 calore,

2174 3144 2315 3214 quod
2343 3148 2698 3221 canjungendi
2726 3155 2994 3211 vinculum
3022 3167 3121 3222 est,
3151 3162 3362 3243 raritas.

2096 3229 2141 3292 (ἶ
2176 3256 2264 3312 61.
2294 3258 2473 3315 Gradu
2505 3264 2717 3330 cedere,
2747 3269 2813 3321 de
2835 3270 3001 3339 gradu
3028 3238 3362 3343 cedere,sive
3386 3278 3654 3352 paulisper
3677 3281 3770 3340 de-

2245 3352 2458 3409 cedere.
2510 3354 2653 3412 Tom.
2688 3358 2776 3414 Ill.
2819 3361 2906 3415 lib.
2941 3365 3004 3418 de
3032 3364 3229 3422 Prmc.
3256 3370 3375 3424 adv.
3415 3372 3540 3426 liter.
3571 3390 3686 3443 cap.
3703 3376 3758 3432 9.

2246 3459 2387 3499 num.
2420 3446 2509 3500 64.
2555 3458 2601 3502 et
2643 3448 2732 3503 lib.
2767 3450 2827 3505 V.
2874 3454 2992 3509 adv.
3038 3454 3206 3513 Marc.
3250 3476 3296 3513 c.
3334 3461 3422 3516 16.
3465 3480 3606 3535 num.
3636 3465 3766 3523 256.

2245 3552 2323 3592 ac.
2358 3536 2503 3609 Tam.
2532 3538 2593 3595 V.
2625 3542 2711 3598 lib.
2745 3544 2808 3599 de
2839 3544 3022 3602 Pudic.
3054 3566 3102 3605 c.
3135 3551 3187 3604 7.
3217 3569 3356 3608 num.
3390 3557 3481 3613 55.

2245 3650 2444 3737 anes
2488 3656 2818 3727 metaphora:
2860 3661 2928 3717 ab
2972 3663 3189 3722 athletis
3226 3681 3453 3751 sumpta;
3488 3673 3598 3743 jam
3635 3690 3767 3731 con-

2173 3726 2541 3815 gredientibus
2560 3790 2577 3815 ,
2602 3726 2715 3806 sive
2738 3754 2960 3823 gradum
2988 3799 3003 3826 ,
3036 3759 3264 3829 pedem,
3292 3743 3506 3821 manum
3537 3783 3766 3840 congre-

2173 3837 2463 3895 dientibus.
2484 3841 2601 3897 Lib.
2648 3845 2715 3900 de
2765 3847 3066 3921 Prmscript.
3119 3853 3241 3908 adv.
3288 3855 3421 3913 tuor.
3460 3858 3595 3915 Cedo
3634 3837 3769 3918 nunc

2172 3943 2353 4001 sponte
2398 3934 2461 3988 de
2488 3937 2652 4006 gradu
2694 3939 2808 3994 isto.
2850 3942 3005 4009 Quod
3032 3956 3135 4014 est,
3171 3946 3284 4002 Non
3331 3950 3590 4021 impulsus
3615 3995 3630 4019 ,
3667 3969 3767 4011 nec

2172 4028 2502 4094 argumentis
2526 4030 2754 4097 evictus,
2783 4033 2852 4089 de
2869 4035 2992 4105 jure
3025 4054 3146 4094 meo
3175 4044 3415 4100 concedo
3447 4063 3459 4098 :
3491 4046 3593 4103 hoc
3618 4047 3765 4106 dono

2169 4115 2510 4188 adversaria,
2560 4123 2701 4193 quod
2751 4126 3041 4211 defendere
3057 4132 3194 4188 mihi
3226 4135 3294 4190 sit
3323 4137 3583 4208 proclive,
3613 4150 3666 4196 et
3695 4140 3763 4199 ad

2134 4226 2143 4235 ·
2172 4210 2437 4268 firmiores
2465 4216 2696 4272 rationes
2726 4210 2966 4278 reCurro.

2173 4323 2260 4380 62.
2289 4327 2468 4384 Gradu
2521 4332 2710 4387 eodem
2741 4349 3045 4392 occurrere.
3074 4337 3220 4394 Tom.
3268 4341 3357 4397 Ill.
3391 4344 3480 4399 lib.
3514 4345 3607 4416 lY.
3640 4349 3758 4404 adv.

2580 4424 2891 4500 Mam-cap.
2920 4431 3011 4488 29.
3045 4450 3187 4489 num.
3219 4436 3346 4492 492.

2241 4533 2522 4608 Sumptum
2567 4555 2596 4592 a
2639 4515 3061 4615 gladiatoribus,
3113 4551 3205 4620 qui
3256 4567 3378 4608 eum
3422 4557 3761 4628 antagonista

2168 4626 2489 4684 decertaturi
2511 4630 2734 4700 gradum
2765 4632 2951 4705 ﬁgunt,
2981 4649 3035 4694 et
3072 4640 3210 4698 ictus
3238 4644 3539 4702 declinandi
3557 4626 3758 4707 caussa

2165 4721 2421 4778 cedentes
2444 4765 2458 4789 ,
2492 4726 2684 4781 iterum
2716 4731 3051 4802 procedunt,
3080 4744 3133 4790 et
3159 4736 3348 4794 eodem
3378 4740 3543 4812 gradu
3572 4744 3755 4800 consi-

2164 4822 2344 4881 stunt,
2373 4815 2584 4873 obviam
2614 4830 2802 4879 euntes
2830 4826 3153 4884 renituntur.
3185 4829 3341 4901 Erit,
3370 4834 3561 4892 eodem
3592 4827 3755 4910 argu-

2164 4915 2343 4962 mento
2372 4917 2427 4965 et
2453 4910 2558 4966 telo
2586 4914 2679 4970 uti.

2163 5021 2250 5077 65.
2303 5024 2482 5081 Gradu
2527 5029 2852 5119 excludere,
2883 5024 3193 5109 expellere,
3225 5039 3293 5095 de
3329 5042 3497 5125 gradu
3527 5045 3751 5115 pellere.

2238 5116 2380 5171 Tom.
2415 5118 2504 5175 Ill.
2547 5121 2635 5176 lib.
2668 5124 2731 5179 de
2757 5116 2930 5182 Anim.
2960 5130 3081 5201 "cup.
3114 5132 3167 5187 6.
3195 5148 3333 5187 num.
3358 5118 3449 5190 ‘82.
3501 5147 3546 5191 et
3585 5138 3676 5193 lib.
3711 5139 3751 5196 Ι.

2230 5210 2361 5265 Adv.
2393 5212 2560 5271 Marc.
2588 5233 2708 5287 cap.
2734 5219 3082 5278 45.num.7l.
3109 5241 3169 5278 ac
3196 5225 3282 5282 lib.
3312 5228 3402 5285 ιν.
3435 5220 3552 5284 adv.
3582 5230 3748 5289 Marc.

2229 5321 2343 5376 cap.
2373 5305 2426 5361 9.
2456 5324 2596 5363 num.
2624 5310 2747 5368 104.

2231 5422 2393 5480 Libro
2414 5425 2481 5481 de
2524 5425 2702 5481 anima
2737 5445 2752 5484 :
2790 5428 2958 5502 Hujus
2983 5432 3297 5503 deﬁnitionis
3324 5438 3540 5507 gradum
3569 5440 3755 5515 exclus

2155 5531 2269 5571 sero
2294 5533 2313 5582 ;
2340 5516 2442 5573 hac
2468 5528 2571 5587 est,
2600 5519 2900 5578 Ostendera
2925 5523 3291 5583 defutitionem
3320 5530 3617 5587 consistere
3640 5548 3745 5588 non

2156 5623 2312 5677 posse
2334 5653 2348 5676 ,
2376 5626 2551 5682 neque
2586 5629 2696 5667 rem
2724 5656 2739 5682 ,
2769 5614 3137 5674 deﬁnitionem
3176 5637 3299 5677 cum
3329 5637 3393 5678 ea
3422 5632 3568 5679 retro
3590 5614 3744 5681 eom-

2154 5715 2353 5769 meare,
2386 5700 2527 5773 quod
2586 5714 2668 5768 est
2712 5705 2896 5761 vitium
2943 5709 2996 5764 in
3040 5711 3118 5767 rei
3165 5712 3484 5771 definienda:
3536 5719 3746 5777 ratione

2152 5794 2483 5867 primarium.
2528 5797 2654 5853 Cum
2680 5796 2790 5854 Deo
2820 5800 2915 5855 hoc
2941 5803 3105 5874 gradu
3133 5806 3435 5878 expellimus
3456 5849 3471 5874 ,
3500 5806 3601 5865 hoc
3622 5820 3705 5866 est
3722 5853 3738 5878 ,

2148 5907 2312 5966 quum
2379 5893 2489 5952 Deo
2545 5894 2681 5954 hanc
2725 5905 3063 5969 potestatem,
3123 5902 3574 5980 praerogativam,
3633 5906 3739 5968 vim
