4082 6346
229 250 337 309 225

1413 220 1945 304 pnovsncIALss
1982 245 2358 305 Faunum.

3429 246 3538 307 226

233 346 451 419 creandi
495 359 801 416 adimimus.
838 357 908 413 Te
951 358 1115 431 gradu
1155 358 1384 430 pellam,
1416 360 1518 414 hoc
1547 368 1630 414 est
1654 400 1667 423 ,
1702 374 1829 415 con-
1861 361 1912 420 Α
1938 360 2103 413 dendo
2124 359 2467 422 traditionem,
2497 374 2651 429 quum
2672 374 2784 431 qua:
2807 374 2906 415 non
2926 365 3042 415 sunt
3064 360 3352 431 constituta,
3369 362 3536 418 abitis.

233 456 441 511 vincam
471 465 523 510 te
546 453 684 519 falsi,
704 462 763 526 et
782 463 898 509 luas
917 454 1152 509 rationes
1174 452 1478 508 inlirinabo.
1504 452 1630 509 lltcc
1655 453 1833 513 omnia

234 562 261 601 a
313 545 757 617 colluctatoribus
809 554 1063 615 sumpta,
1113 543 1414 615 signiﬁcant
1465 544 1833 600 adversarium

236 637 518 693 confutare
543 678 557 703 ,
590 645 645 692 et
674 636 726 691 in
757 635 1052 691 certamine
1079 634 1452 706 disputationis
1485 650 1758 707 superare.

238 749 322 807 61.
369 749 449 806 De
487 749 657 821 gradu
706 749 885 820 dejiei,
934 755 1028 803 aut
1068 748 1297 804 moveri.
1344 746 1491 803 Tom.
1526 748 1612 805 lll.
1645 749 1733 804 lib.
1774 750 1838 804 de

398 837 402 841 “
560 888 563 893 .
599 843 815 897 Ilesurr.
847 842 1038 908 carnis,
1069 856 1117 895 ο.
1141 840 1196 894 2.
1221 856 1362 895 num.
1393 843 1480 897 18.

307 958 467 1030 Apud
488 959 664 1017 Cicer.
689 958 783 1013 lib.
807 957 849 1012 1.
889 956 1045 1013 Ofﬁc.
1069 955 1149 1011 De
1164 956 1329 1028 gradu
1354 955 1525 1026 defici,
1553 966 1636 1014 es;
1657 958 1838 1014 animo

239 1053 572 1111 consternari
598 1096 616 1122 ,
647 1064 703 1131 et
732 1052 878 1108 velut
906 1066 934 1105 a
961 1060 1103 1107 statu
1138 1052 1347 1132 ‘mentis
1394 1051 1668 1109 demoveri
1698 1096 1710 1117 ,
1735 1068 1838 1110 nec

240 1146 522 1219 pnesentis
564 1128 728 1199 animi
771 1143 845 1199 uti
882 1144 1129 1199 consilio.
1162 1128 1274 1198 lluc
1304 1145 1608 1215 pertinent,
1636 1144 1837 1201 Moveri

243 1237 383 1306 loco,
422 1237 704 1293 Deturbari
749 1234 938 1306 gradu.
983 1234 1095 1297 Cui,
1137 1237 1404 1291 contraria
1454 1255 1468 1292 :
1524 1236 1727 1307 Reponi
1783 1238 1837 1293 in

240 1330 464 1404 gradum
490 1374 506 1399 ,
537 1339 590 1387 et
634 1330 862 1386 Restitui
893 1329 945 1385 in
973 1330 1175 1386 locum.
1208 1328 1465 1397 Tertull.,
1496 1329 1737 1401 Dejectus
1761 1331 1841 1386 vel

240 1435 408 1480 motus
435 1425 498 1479 de
524 1424 688 1495 gradu
728 1424 839 1493 ejus
868 1423 1012 1493 spei,
1045 1422 1146 1478 hoc
1171 1432 1277 1491 est,
1309 1423 1396 1494 qui
1420 1422 1533 1493 jam
1563 1438 1712 1494 spem
1741 1421 1839 1478 ab-

235 1516 383 1589 jecit,
429 1519 483 1573 in
531 1532 635 1589 qua
683 1515 1031 1586 innitebatur,
1068 1517 1260 1573 alienis
1283 1516 1722 1588 persuasionibus
1764 1517 1842 1571 in-

243 1612 456 1667 ductus.

1937 452 2034 507 Est
2081 452 2237 524 igitur
2283 450 2536 506 recedere
2579 453 2648 508 ab
2694 453 2966 520 instituto,
3015 454 3130 510 sive
3158 470 3188 509 a
3231 457 3541 529 praescripta

1938 558 2147 610 norma,
2170 538 2366 598 cedere
2381 543 2687 599 adversario
2717 547 2935 603 victum.
2968 546 3184 618 Virgil.,
3216 547 3311 604 lib.
3337 546 3384 603 Il
3413 566 3426 603 :

2063 656 2318 721 Retroqne
2345 658 2522 721 pedem
2541 644 2652 709 cum
2675 673 2795 711 voce
2821 635 3081 726 repressit.

1940 762 2032 817 7i.
2074 761 2309 818 Gradnm
2340 764 2640 821 obstruere.
2682 764 2829 820 Tom.
2885 766 2927 820 Ι.
2970 767 3189 840 Apolog.
3218 784 3333 841 cap.
3361 768 3452 837 27,
3482 788 3535 828 u.

2017 852 2148 908 424.
2201 854 2350 910 Tom.
2376 856 2440 911 ll.
2464 857 2553 911 lib.
2584 857 2648 912 de
2667 859 2867 923 veland.
2908 858 3050 931 Virg.
3075 876 3188 932 cap.
3218 863 3302 917 15.
3328 880 3383 917 n.
3413 862 3539 919 120.

2015 946 2164 1004 Tom.
2188 948 2276 1004 lll.
2301 950 2387 1004 lib.
2414 952 2477 1005 de
2498 949 2796 1020 Prwscript.
2820 952 2936 1006 adv.
2962 951 3087 1007 Itazr.
3114 969 3231 1024 cap.
3257 955 3346 1033 15.
3369 972 3422 1010 η.
3446 954 3539 1012 99.

2017 1052 2062 1097 et
2096 1042 2184 1098 lib.
2212 1044 2275 1097 de
2305 1043 2516 1098 Resurr.
2548 1061 2689 1101 caru.
2722 1062 2838 1116 cap.
2869 1046 2959 1101 48.
2991 1063 3043 1101 η.
3076 1047 3204 1102 544.

2020 1157 2171 1212 Hunc
2199 1159 2353 1228 igitur
2378 1160 2592 1231 gradum
2619 1161 2935 1231 potissimum
2967 1162 3286 1229 obstruimus,
3318 1179 3418 1218 non
3440 1165 3537 1219 ad-

1941 1244 2174 1308 mittendi
2202 1271 2285 1309 eos
2311 1256 2379 1308 ad
2409 1246 2574 1310 ullam
2601 1256 2665 1310 de
2692 1255 2975 1327 Scripturis
3004 1256 3415 1327 disputationem,
3443 1258 3546 1314 hoc

1946 1356 2068 1419 est:
2100 1347 2213 1403 lloc
2251 1349 2496 1419 primum.
2527 1350 2847 1419 Opponimus
2867 1390 2883 1418 ,
2917 1366 2947 1406 a
2977 1365 3266 1421 congressu
3300 1365 3545 1407 remove-

1944 1454 2088 1494 mus.
2114 1439 2169 1494 In
2195 1440 2417 1512 Apolog.
2446 1441 2717 1497 Provocati
2738 1442 2805 1496 ad
2830 1444 3224 1515 sacriﬁcandum
3244 1444 3546 1500 obstruimus

1945 1531 2163 1603 gradum
2194 1533 2426 1602 perﬁdia:
2455 1533 2549 1604 (al.
2584 1549 2680 1604 pro
2709 1533 2834 1605 fide)
2865 1535 3183 1589 conscientia?
3206 1544 3413 1602 nostrae,
3445 1537 3547 1592 hoc

1952 1632 2055 1688 est,
2075 1626 2489 1691 Anlevertimus,
2509 1640 2575 1680 ne
2588 1619 2807 1695 perfidia
2827 1628 3023 1697 irrepat
3037 1627 3303 1681 mentibus
3325 1627 3543 1683 nostris.

239 1727 324 1783 65.
366 1726 609 1783 Gradu,“
638 1727 800 1784 αιίυιη
835 1726 991 1782 inire,
1020 1724 1168 1780 Tom
1203 1723 1292 1779 ιιι,
1316 1723 1403 1779 tib,
1436 1724 1504 1781 ιγ
1532 1724 1648 1779 ad”.
1679 1722 1841 1780 Marc.
1875 1730 1923 1791 Β
1951 1714 2139 1771 Cicero
2164 1734 2177 1771 :
2202 1715 2483 1773 obstruere
2513 1718 2750 1788 perfugia
2783 1718 3165 1787 improborum.
3196 1718 3313 1775 Lib.
3345 1719 3413 1775 de
3441 1719 3549 1777 Re-

832 1836 945 1887 cap.
978 1818 1031 1872 6.
1065 1834 1204 1872 num.
1238 1816 1325 1871 52.

305 1930 409 1988 Est
434 1930 537 1988 alia
567 1932 784 2005 aggredi
816 1933 923 2001 via,
951 1941 1007 1989 et
1032 1946 1227 1987 novum
1260 1930 1399 1986 inire
1429 1939 1732 1997 certamen,
1763 1929 1847 1984 vel

235 2024 428 2081 saltem
460 2036 602 2080 novo
629 2023 811 2093 modo,
841 2025 950 2093 vel,
983 2040 1043 2080 re
1072 2039 1173 2079 una
1200 2024 1310 2094 jam
1352 2022 1649 2093 improbata
1677 2030 1731 2077 et
1758 2021 1838 2077 la-

234 2119 525 2187 befactata,
558 2118 624 2174 ad
656 2120 872 2175 alterius
902 2119 1234 2175 eversionem
1268 2133 1388 2173 sese
1417 2117 1718 2188 accingere.

235 2231 323 2314 £6.
368 2233 606 2290 Gradum
635 2235 903 2291 conferre.
946 2234 1091 2290 Tom.
1130 2234 1169 2289 1.
1213 2235 1300 2289 lib.
1324 2235 1441 2290 adv.
1469 2232 1623 2303 Jud.,
1647 2250 1761 2304 cap.
1784 2233 1841 2288 2.

308 2344 459 2383 num.
494 2328 527 2382 6
553 2338 601 2383 et
630 2346 743 2401 cap.
766 2331 818 2385 7.
844 2346 984 2384 num.
1007 2328 1098 2385 27.
1139 2339 1185 2385 et
1237 2328 1324 2411 lib.
1371 2327 1457 2383 Ill.
1506 2330 1622 2383 adv.
1677 2328 1844 2383 Marc.

306 2437 426 2491 cap.
451 2418 507 2475 2.
543 2438 682 2475 num.
713 2422 769 2476 4.

307 2534 558 2589 Militaris
596 2534 848 2604 phrasis:
902 2544 959 2589 ut
1016 2534 1125 2601 illa,
1166 2534 1374 2590 Collato
1417 2534 1552 2605 pede
1583 2535 1844 2605 proeliari;

236 2608 491 2682 conferre
530 2642 745 2682 manum
790 2626 872 2682 vel
916 2626 1133 2696 pedem;
1183 2625 1432 2681 conferre
1470 2626 1697 2696 gradum
1720 2641 1841 2682 cum

237 2716 416 2775 hoste.
451 2722 793 2790 Κατᾶρχεσθαι
814 2734 898 2781 τῆς
926 2726 1110 2789 μάχης,
1136 2718 1414 2787 Auspicari
1433 2727 1699 2772 certamen
1730 2718 1842 2773 dis-

206 2804 209 2809 ’
238 2810 538 2882 putationis
563 2828 575 2865 :
601 2809 679 2865 Ad
705 2826 818 2866 rem
842 2811 1060 2882 prOpius
1089 2808 1370 2877 accedere,
1402 2809 1841 2879 liuet-170mm,,

238 2901 491 2957 cominus
512 2902 805 2972 congressi.

273 3014 367 3073 67.
401 3015 640 3073 Gradum
671 3015 919 3087 dirigere.
948 3015 1092 3071 Tom.
1129 3015 1214 3070 IlI.
1248 3016 1337 3072 lib.
1371 3015 1458 3073 ιγ.
1490 3018 1606 3072 adv.
1641 3017 1806 3073 .llarc.

757 3126 875 3181 cup.
909 3111 998 3166 57.
1035 3127 1179 3165 num.
1214 3110 1344 3167 601.

238 3224 247 3258 ί
311 3224 409 3279 Est
457 3223 637 3294 aliquo
680 3222 881 3307 referre
908 3224 1007 3278 vim
1036 3223 1268 3296 ingenii,
1305 3211 1603 3297 ad'aliquid
1641 3239 1847 3296 expen-

240 3313 480 3371 dendum
510 3330 568 3370 se
595 3329 930 3407 comparare.
1098 3328 1105 3335 '

244 3424 334 3482 68.
378 3420 617 3483 Graditur
640 3427 825 3500 ﬁgere.
862 3427 1009 3484 Tom.
1041 3430 1104 3486 ll.
1132 3432 1221 3486 lib.
1244 3432 1306 3487 de
1326 3432 1526 3487 velaizd.
1562 3432 1704 3503 Virg.
1727 3449 1773 3486 c.
1795 3433 1846 3487 1.

313 3536 371 3573 η.
392 3518 488 3573 86.
523 3528 570 3572 et
589 3518 734 3574 Tom.
763 3519 854 3575 ΙΙΙ.
874 3520 963 3575 lib.
1007 3520 1094 3577 IV.
1114 3524 1233 3577 adv.
1259 3522 1424 3577 Marc.
1447 3540 1560 3594 cap.
1587 3522 1642 3577 2.
1667 3540 1720 3576 η.
1754 3523 1843 3579 18.

316 3612 413 3666 lib.
449 3610 515 3667 V.
555 3611 672 3667 adv.
708 3611 874 3668 Marc.
905 3628 1021 3685 cap.
1063 3614 1150 3671 10.
1184 3631 1323 3669 num.
1354 3614 1481 3670 154.
1514 3615 1603 3671 lib.
1644 3615 1843 3671 advers.

316 3703 581 3758 Prazean.
616 3720 731 3776 cap.
772 3706 824 3761 8.
856 3723 998 3763 num.
1047 3708 1138 3763 56.
1191 3717 1237 3762 el
1267 3725 1383 3779 cap.
1415 3707 1503 3763 22.
1540 3725 1683 3762 num.
1716 3708 1841 3765 155.

316 3795 472 3853 Tom.
507 3797 574 3853 ν.
606 3797 692 3852 lib.
724 3797 786 3853 de
814 3798 993 3871 Jejun.
1027 3817 1143 3870 cap.
1176 3801 1267 3855 11.
1301 3818 1445 3855 num.
1479 3801 1566 3855 71.

319 3910 639 3967 RHENANUS.
671 3909 971 3991 Translatio
998 3912 1065 3967 ab
1090 3912 1303 3967 athletis
1330 3915 1381 3968 in
1403 3914 1696 3969 certamine
1721 3930 1850 3969 con-

245 4003 645 4075 gredientibus,
704 3996 883 4063 sermo
934 4004 1305 4074 proverbialis.
1378 4006 1687 4064 Consistere
1724 4023 1846 4063 cum

245 4097 552 4153 constantia
574 4139 590 4162 ,
639 4107 694 4152 et
734 4097 873 4168 apud
906 4098 1129 4154 Tertull.
1158 4109 1235 4154 tot
1261 4100 1394 4157 locis
1423 4110 1508 4157 est
1535 4104 1846 4158 sententiam

245 4189 420 4244 semel
463 4196 775 4260 conceptam
816 4189 1012 4245 acriter
1055 4190 1364 4258 defendere,
1397 4194 1452 4249 in
1478 4208 1648 4265 eaque
1676 4194 1847 4264 persi-

246 4288 398 4336 stere
428 4299 440 4335 :
467 4290 560 4336 aut
599 4296 844 4355 premere
892 4294 1262 4354 argumentum
1295 4301 1474 4355 suum,
1520 4297 1577 4343 ut
1619 4288 1849 4358 loquitur

247 4373 442 4430 Cicero
471 4393 483 4428 :
514 4373 598 4429 vel
630 4375 683 4429 in
717 4376 872 4430 unius
901 4377 978 4432 rei
1011 4376 1249 4448 diligenti
1275 4368 1633 4450 pensitatione
1654 4383 1847 4439 immo-

247 4467 382 4534 rari,
414 4476 468 4522 et
493 4468 650 4523 nullis
676 4468 749 4523 uti
778 4469 1183 4527 excursionibus
1208 4488 1236 4527 a
1266 4487 1325 4529 re
1352 4474 1561 4529 alienis.

251 4580 343 4637 69.
387 4580 623 4640 Gradum
665 4587 719 4643 in
758 4588 873 4644 acie
902 4588 1084 4661 figere.
1127 4589 1273 4645 Tom.
1306 4589 1372 4643 V.
1406 4590 1495 4644 lib.
1528 4588 1591 4644 de
1622 4589 1773 4662 Fuga
1798 4592 1853 4645 in

664 4689 913 4763 persecat.
946 4697 1063 4753 cap.
1095 4683 1182 4738 11.
1208 4698 1348 4737 num.
1380 4681 1470 4736 80.

324 4766 481 4838 Apud
509 4768 789 4840 Virgilium
831 4773 1118 4845 freQuens,
1172 4774 1321 4832 State
1363 4774 1484 4843 viri,
1526 4772 1856 4830 adhortantis

253 4866 311 4913 ut
353 4873 419 4914 ex
463 4856 583 4931 luga
623 4851 831 4931 sistant,
884 4865 1025 4923 unde
1066 4865 1213 4923 Jovis
1254 4866 1479 4923 Statoris
1526 4881 1759 4923 nomen..
1790 4865 1859 4921 Et

253 4947 494 5017 Eneid.,
529 4951 620 5008 lib.
649 4953 718 5010 10
745 4971 759 5008 ε

376 5040 629 5155 ἕέῗίὶῗαιῖε
646 5045 856 5141 pedibus
870 5060 882 5095 ε
895 5047 1028 5100 ferro
1043 5050 1309 5114 rumpenda
1334 5063 1424 5114 per
1438 5050 1608 5101 hostes

254 5188 589 5253 Proverbial.
636 5196 964 5264 argumentis
1002 5195 1430 5253 adversariorum
1473 5210 1581 5252 non
1625 5196 1852 5264 moveri,

254 5284 601 5356 pertinaciter
647 5287 701 5341 in
748 5289 1011 5344 sententia
1060 5292 1362 5373 persistere,
1407 5304 1560 5347 suam
1610 5304 1855 5345 caussam

258 5378 456 5433 acriter
483 5379 795 5436 defendere.
843 5379 1053 5453 Libnde
1082 5382 1258 5455 Jejun.
1291 5384 1438 5441 State
1464 5387 1518 5440 in
1546 5385 1645 5443 isto
1672 5384 1856 5455 gradu,

257 5472 300 5525 si
329 5474 557 5542 potestis.
612 5454 617 5460 ’
1129 5454 1153 5511 ί
1194 5528 1223 5557 υ

263 5561 355 5619 76.
397 5564 633 5621 Gradum
663 5570 902 5625 movere.
928 5566 1072 5624 Tom.
1106 5570 1172 5626 ν.
1217 5570 1303 5627 lib.
1335 5572 1397 5627 de
1421 5571 1596 5644 Jejun.
1626 5587 1742 5642 cap.
1771 5570 1857 5627 15.

917 5678 1059 5717 num.
1093 5661 1183 5718 78.

1872 4467 1925 4526 D

1958 1817 2186 1864 surrect.
2217 1823 2393 1876 carn.,
2427 1812 2643 1879 utquod
2672 1810 2948 1863 adversarii
2972 1811 3024 1863 in
3053 1811 3219 1881 prima
3245 1812 3412 1866 statim
3440 1812 3549 1867 acie

1954 1900 2242 1968 obstruunt,
2268 1901 2319 1953 in
2345 1899 2525 1955 ultima
2552 1902 2905 1972 congressione
2929 1910 3380 1971 prosterneremus.
3460 1912 3465 1913 ’

1953 2015 2041 2070 72.
2071 2013 2308 2070 Gradum
2339 2015 2624 2071 sustinere.
2656 2014 2803 2070 Tom.
2834 2015 2922 2070 lll.
2954 2017 3041 2073 lib.
3075 2017 3116 2071 Ι.
3145 2019 3343 2074 advers.
3375 2017 3543 2077 Marc.

2501 2108 2617 2181 cap.
2653 2110 2706 2165 1.
2741 2127 2879 2165 num.
2908 2111 2998 2166 25.

2021 2221 2121 2289 Qui
2167 2229 2564 2294 Oppugnantur,
2608 2221 2855 2277 dicuntur
2900 2225 3006 2277 vim
3047 2232 3102 2279 et
3140 2225 3548 2295 impressionem

1954 2312 2203 2368 hostilem
2237 2313 2523 2381 sustinere,
2547 2315 2660 2390 sive
2687 2315 2932 2370 sufferre.
2965 2315 3099 2370 llinc
3122 2317 3547 2387 proverbialiter,

1953 2421 2083 2477 pro,
2124 2405 2409 2477 Suscipere
2440 2406 2668 2476 alicujus
2700 2408 2775 2461 rei
2801 2407 3166 2463 defensionem
3186 2450 3201 2475 ,
3249 2409 3362 2464 sive
3393 2410 3553 2466 susti-

1953 2514 2103 2555 nere.
2134 2499 2491 2556 Tertullianus
2522 2502 2599 2557 sic
2627 2502 2897 2556 transtulit
2925 2502 2991 2557 ad
3023 2502 3335 2559 litterariam
3362 2504 3550 2579 dispu-

1951 2597 2208 2652 tationem
2231 2617 2242 2651 :
2266 2597 2410 2652 Alius
2432 2596 2630 2651 libellus
2647 2599 2781 2651 hunc
2801 2598 3015 2668 gradum
3032 2598 3292 2653 sustinebit
3310 2600 3553 2656 adversus

1947 2687 2227 2742 luereticos.

1949 2800 2037 2856 75.
2057 2800 2292 2857 Gradum
2321 2818 2483 2858 unum
2514 2803 2780 2867 insistere.
2819 2804 2963 2860 Tom.
2990 2803 3076 2860 lll.
3104 2806 3192 2862 lib.
3220 2806 3406 2880 Scorp.
3431 2808 3549 2866 adv.

2407 2895 2582 2951 Gnost.
2625 2914 2743 2968 cap.
2768 2898 2826 2953 8.
2858 2916 2998 2953 num.
3032 2899 3123 2957 52.

2027 3008 2189 3065 Addit
2234 3010 2623 3081 Tertullianus,
2669 3021 2724 3069 et
2767 3014 2998 3084 explicat
3040 3030 3099 3071 se
3129 3035 3142 3070 :
3172 3016 3238 3072 In
3265 3017 3359 3075 hoc
3388 3020 3554 3075 solum

1874 3099 1919 3163 C
1953 3120 2302 3175 provocamus.
2352 3106 2629 3174 lnsistere,
2679 3114 2733 3163 et
2758 3109 2959 3164 referre
2991 3110 3181 3180 pedem
3202 3153 3218 3179 ,
3266 3120 3319 3167 et
3346 3112 3555 3184 longius

1951 3200 2265 3270 procedere,
2299 3201 2568 3256 contraria
2600 3210 2743 3258 sunt.
2775 3200 2967 3259 Cicero
2997 3223 3009 3258 :
3072 3204 3334 3273 Insistere,
3369 3207 3425 3262 in
3452 3207 3556 3262 ali-

1951 3307 2060 3362 quo
2112 3301 2251 3363 statu
2283 3302 2365 3349 est
2394 3296 2738 3350 commorari.
2790 3284 3048 3353 Proverb.
3080 3296 3147 3354 a'b
3178 3300 3414 3354 instituta
3440 3299 3555 3354 dis-

1954 3389 2223 3456 putatione
2254 3402 2361 3444 non
2410 3389 2613 3460 egredi,
2643 3391 2779 3446 et‘in
2821 3391 2977 3448 unius
3013 3388 3090 3449 rei
3127 3393 3554 3464 disquisitionem

1958 3477 2291 3534 incumbere.

1951 3590 2041 3645 71.
2087 3591 2295 3649 Gradus
2323 3592 2410 3649 hic
2437 3593 2620 3649 stabit.
2666 3593 2808 3650 Tom.
2839 3595 2926 3652 lli.
2960 3596 3047 3651 lib.
3075 3597 3140 3653 de
3162 3596 3369 3666 Anima,
3398 3613 3516 3671 cap.

2505 3682 2513 3695 ’
2621 3704 2762 3746 uum.
2795 3689 2885 3747 85.

1989 3827 1999 3839 ι
2024 3798 2520 3856 Tertullianus.Sed
2544 3818 2636 3857 nec
2659 3802 2739 3856 hic
2758 3803 2950 3875 gradus
2968 3802 3136 3871 stabit,
3166 3803 3266 3861 hoc
3282 3812 3365 3861 est
3387 3821 3401 3859 :
3430 3803 3558 3863 Haec

1952 3894 2109 3960 ratio,
2141 3893 2256 3950 haec
2277 3894 2537 3961 definitio,
2566 3896 2668 3952 hoc
2689 3906 3061 3969 argumentum
3090 3899 3301 3980 firmum
3326 3916 3433 3957 non
3459 3903 3560 3958 erit

1954 4003 2129 4058 neque
2170 3991 2461 4055 consistet;
2511 3990 2666 4047 facile
2710 3993 2906 4064 poterit
2946 3992 3118 4050 refelli
3158 4006 3216 4050 et
3252 3982 3555 4053 infirmari:

1954 4079 2254 4149 Affirmate,
2299 4083 2400 4139 hoc
2425 4098 2525 4154 ego
2551 4082 2948 4141 defendendum
2975 4086 3234 4143 adversus
3263 4104 3451 4146 omnes
3476 4105 3561 4146 ra-

1955 4172 2132 4229 tiones
2160 4176 2482 4245 suscipiam;
2518 4173 2674 4247 hujus
2706 4180 3027 4247 pronuntiati
3056 4179 3336 4237 veritatem
3367 4196 3561 4253 propu-

1953 4267 2149 4335 gnabo.

1954 4378 2045 4433 75.
2088 4378 2167 4433 Ad
2187 4379 2410 4450 gradum
2434 4389 2755 4450 prccsenlem
2776 4396 3082 4442 occurrere.
3114 4383 3262 4442 Tom.
3285 4386 3376 4445 Ill.
3400 4352 3488 4446 lib.
3512 4389 3556 4446 Ι.

2138 4472 2143 4475 ⁴
2178 4470 2372 4525 advers.
2408 4469 2661 4526 Marcion.
2691 4489 2806 4543 cap.
2840 4473 2931 4530 19.
2965 4493 3106 4531 num.
3138 4476 3266 4534 125.

2029 4582 2219 4638 Cicero
2250 4602 2263 4637 :
2293 4583 2543 4639 Consiliis
2565 4585 2791 4656 alicujtis
2821 4602 3086 4646 occurrere
3113 4601 3263 4661 atque
3296 4590 3557 4648 obsistere.

1960 4674 2286 4731 Tertulliano
2322 4684 2437 4740 est,
2489 4686 2862 4747 argumentum
2907 4696 3005 4749 pro
3048 4698 3107 4739 re
3148 4692 3305 4751 nata,
3336 4682 3559 4740 eludere

1960 4783 2220 4838 reSponso
2245 4778 2299 4823 et
2325 4767 2595 4825 Contraria
2625 4771 2850 4828 ratione.

1961 4887 2049 4944 76.
2086 4887 2161 4944 De
2183 4887 2348 4959 gradu
2383 4891 2555 4958 primo
2581 4890 3062 4962 praeludereJ‘am.
3096 4892 3185 4949 ill.
3219 4893 3308 4950 lib.
3328 4893 3416 4952 ΙΙΙ.
3439 4896 3559 4952 adv.

1970 5016 1973 5023 ›
2345 4983 2353 4990 ’
2443 4982 2612 5037 Marc.
2646 4999 2762 5054 cap.
2794 4984 2845 5041 5.
2878 5000 2932 5038 n.
2965 4985 3051 5039 14.

2039 5095 2294 5167 Adjnngit
2319 5095 2639 5170 Tertullian.
2674 5097 2852 5151 Adhuc
2898 5108 2944 5151 et
2985 5098 3130 5168 quasi
3169 5099 3233 5156 de
3266 5101 3564 5175 longinquo,

1961 5190 2046 5245 cui
2075 5191 2254 5245 statim
2279 5191 2584 5260 oppositum
2607 5190 2883 5259 subjungit
2910 5206 2922 5242 :
2951 5188 3033 5243 Ad
3056 5199 3247 5246 certum
3268 5203 3314 5248 et
3335 5196 3568 5250 cominus

1963 5283 2237 5349 dimicare,
2291 5299 2410 5354 qum
2441 5298 2599 5354 supra
2647 5282 2914 5352 explicata
2962 5281 3068 5340 huc
3109 5284 3328 5341 faciunt.
3378 5286 3570 5344 Solent

1964 5374 2306 5447 gladiatores,
2356 5383 2479 5431 ante
2501 5375 2701 5445 justum
2732 5389 2851 5429 eum
2887 5378 3221 5448 antagonista
3274 5386 3566 5449 certamen,

1964 5467 2299 5524 ostentanda:
2320 5468 2451 5523 artis
2474 5476 2528 5523 et
2551 5465 2850 5521 oblectandi
2874 5472 3196 5538 spectatoris
3218 5486 3408 5529 caussa
3434 5489 3570 5544 prte-

1965 5560 2174 5629 ludere,
2206 5568 2266 5617 ut
2289 5558 2432 5630 apud
2454 5557 2734 5628 Virgilium
2759 5562 2985 5617 Acestes
3015 5582 3029 5618 :
3056 5639 3066 5649 ν
3129 5634 3137 5641 _

2093 5672 2356 5724 Ostentans
2378 5676 2536 5721 artem
2567 5670 2772 5732 pariter,
2797 5682 3064 5736 arcumque
3087 5683 3359 5727 sonantem.

324 5749 686 5815 Tertullianus
706 5754 785 5814 sic
806 5757 1185 5829 interpretatur
1204 5776 1216 5815 τ
1238 5757 1467 5817 ﬂevistis
1481 5760 1699 5832 gradum
1717 5770 1865 5818 επεν
1977 5758 2074 5816 Est
2101 5757 2259 5829 igitur
2286 5756 2421 5814 levia
2445 5764 2500 5812 et
2525 5755 2677 5828 quasi
2703 5755 2911 5817 ludicra
2953 5756 3149 5817 afferre
3174 5768 3490 5831 argumenta
3521 5771 3576 5818 et
