4106 6330
240 316 365 379 219
1439 310 1964 378 PROVERBIALES
1999 314 2380 383 FORMULIE.
3472 314 3583 377 230

249 443 368 500 tur,
418 433 506 491 vel
551 442 774 514 propter
817 435 1079 492 ostiorum
1121 432 1520 491 multitudinem
1561 434 1727 508 (inter
1753 446 1871 505 quae
1896 437 2077 506 Atis,
2122 424 2450 514 rationibus,
2501 432 3010 510 probationibusque
3050 430 3416 504 constabiliri;
3463 449 3571 509 quo

253 540 432 582 unum
455 536 537 582 est
559 513 967 595 Pseudostoma,
986 527 1138 598 quasi
1159 526 1347 583 falsum
1370 526 1454 584 vel
1473 526 1633 583 fallax
1652 526 1873 600 ostium)
1974 528 2162 597 verbo,
2194 530 2266 584 uti
2295 513 2352 585 et
2375 529 2610 596 militari,
2642 530 2848 598 muniri,
2880 515 3071 587 eodem
3098 528 3219 586 loco
3246 529 3413 585 utitur
3440 527 3567 586 Ter.

255 634 385 691 quae
414 618 562 675 fallat
587 620 642 674 in
672 620 916 676 instituto
943 634 1106 677 cursu
1136 622 1472 692 navigantes,
1504 621 1587 676 vel
1617 620 1760 691 quod
1784 624 1874 676 su-

1990 639 2067 699 90.
2109 634 2189 698 Ex
2214 641 2383 700 latere
2426 652 2670 716 utroque.
2714 642 2861 701 Tom.
2898 642 2964 705 ν.
2997 644 3081 700 tib.
3118 642 3180 699 de
3203 640 3415 715 Trinit.,
3447 658 3568 715 cap.

254 711 371 768 bitu
400 711 750 768 inundatione
783 712 1098 783 plerumque
1129 714 1341 770 accolas
1369 711 1647 784 inopinato
1681 711 1869 783 oppri-
1906 735 1926 756 ο
2565 711 2662 804 ξδ’
2696 754 2839 794 "um,
2875 736 2998 794 ιη,

252 818 393 877 mat,
426 809 619 864 'l‘lbul.
643 824 657 863 :

870 913 900 951 e
916 903 1091 961 ustis,

507 898 677 949 Fallax
701 913 768 964 qu

390 962 675 1015 Pannonius
697 962 782 1027 qui
804 962 919 1014 Istri
941 964 1120 1021 accola.

274 1047 511 1103 Auson.:

382 1157 451 1208 Et
472 1157 658 1209 fontem
681 1157 810 1210 latiis
832 1161 1051 1223 ignotum
1076 1158 1329 1209 annalibus
1350 1157 1527 1208 Histri.

260 1263 525 1337 (adspirat
554 1267 808 1337 namque)
836 1265 1099 1338 ignotum,
1132 1265 1256 1337 quia
1287 1265 1427 1321 fallit
1450 1273 1502 1320 et
1528 1264 1681 1321 latet.

263 1374 357 1434 87.
397 1377 590 1450 Iugum
618 1388 900 1447 excutere;
931 1389 977 1436 et
1008 1397 1026 1434 :
1051 1379 1325 1437 Ccrvicem
1364 1394 1392 1434 a
1425 1378 1555 1451 jugo
1581 1392 1864 1435 excusare.

303 1490 451 1550 Tom.
484 1495 546 1551 V.
578 1494 665 1551 lib.
691 1495 754 1552 de
779 1496 966 1552 Pudic.
997 1514 1111 1568 cap.
1137 1496 1226 1553 10.
1254 1496 1342 1551 12.
1364 1512 1506 1552 num.
1537 1490 1628 1550 81.
1653 1504 1699 1549 et
1721 1484 1811 1550 95.

334 1608 556 1682 Jugum,
588 1611 729 1683 quod
762 1611 927 1668 boves
955 1611 1181 1668 induunt
1220 1627 1342 1667 cum
1391 1610 1610 1666 trahunt
1631 1618 1868 1665 aratrum

258 1704 350 1760 vel
391 1720 630 1760 currum.
662 1704 836 1761 Cicer.
881 1706 1050 1761 Boum
1093 1704 1333 1763 cervices
1376 1714 1515 1760 natae
1561 1703 1627 1759 ad
1661 1706 1868 1774 jugum.

2056 838 2229 906 Verbi
2275 849 2666 907 iureconsultis
2712 844 3034 921 frequentia.
3075 846 3316 923 Ulpian.,
3362 847 3457 905 lib.
3490 845 3579 905 Ill.

1982 942 2100 1014 Dig.
2130 944 2211 998 tit.
2237 943 2304 1000 de
2324 953 2596 1015 procurat.
2623 943 2694 1000 Ut
2721 959 2788 999 ex
2814 929 3231 1014 utroque°latere
3258 944 3408 1014 quasi
3437 951 3584 998 actor
3648 961 3658 968 ·

1984 1035 2263 1092 habeatur.
2309 1036 2619 1104 EtJustin.,
2648 1036 2741 1092 lib.
2776 1034 2839 1095 V.
2885 1035 3018 1092 Cod.
3052 1034 3213 1091 luris.
3248 1037 3436 1107 inquit,
3471 1038 3579 1091 An-

1982 1141 2161 1187 ctores
2188 1147 2252 1187 ea:
2279 1141 2494 1201 utroque
2523 1131 2678 1187 latere
2706 1144 2956 1203 magnum
3008 1129 3242 1187 habuere
3286 1137 3579 1185 certamen.

1983 1224 2207 1281 Tertull.
2243 1224 2325 1281 Ex
2348 1235 2558 1297 utroque
2585 1226 2741 1281 latere
2763 1242 2853 1280 nos
2875 1224 3057 1279 veritas
3079 1224 3131 1278 in
3157 1224 3308 1277 istaut
3329 1222 3584 1283 concludit

1900 1322 1909 1328 ‘
1982 1318 2302 1383 sententiam,
2356 1317 2409 1373 id
2451 1326 2535 1374 est
2561 1335 2573 1372 :
2604 1318 2894 1389 utrimque,
2943 1323 2997 1371 ct
3034 1331 3104 1371 ex
3134 1316 3404 1385 utrimque
3428 1320 3585 1387 argu-

1976 1410 2145 1464 menti
2177 1418 2346 1479 parte.

1980 1521 2071 1577 9l.
2095 1523 2324 1594 Quoquo
2355 1524 2521 1580 latere
2545 1523 2697 1579 velis.
2726 1522 2873 1578 Tom.
2904 1521 2991 1578 ΙΙΙ.
3025 1522 3111 1576 (ib.
3144 1520 3232 1578 IV.
3264 1524 3381 1576 adu.
3414 1520 3579 1578 Marc.

2494 1631 2611 1687 cap.
2642 1618 2732 1672 5i.
2760 1631 2901 1670 num.
2935 1615 3061 1672 544.

2056 1726 2202 1783 Idem
2225 1742 2348 1783 cum
2366 1730 2628 1799 superiore
2650 1746 2668 1783 :
2690 1744 2753 1784 ea
2768 1738 2980 1800 utroque
3000 1729 3177 1795 latere,
3196 1728 3337 1800 quod
3355 1728 3581 1786 Tertull.

258 1796 662 1897 ¥?'3t{!{°"c"§
693 1800 1006 1897 §°“’“"‘°_m
1053 1809 1170 1897 θυι-
1189 1812 1326 1854 onus
1373 1813 1538 1897 5'3":
1581 1794 1866 1897 Signiﬁcaf‘
1901 1804 1955 1871 Β
1982 1823 2224 1880 declarat
2250 1838 2263 1878 :
2296 1794 2470 1880 Habes
2499 1826 2791 1897 nuptiarum
2815 1794 3013 1896 quoque
3039 1794 3168 1878 uelis
3189 1794 3345 1878 littere
3371 1839 3584 1893 prospe-

261 1888 400 1946 llinc
426 1888 514 1945 illa
537 1908 549 1943 :
570 1892 661 1945 sub
680 1892 868 1962 jugum
894 1892 1103 1947 mittere.
1136 1889 1329 1963 Jugum
1357 1889 1593 1961 dejicere
1622 1902 1652 1942 a
1694 1888 1871 1944 cervi«

259 1982 434 2050 cibus,
462 1993 544 2040 cst
564 2000 577 2038 :
601 1984 830 2042 liberare
852 1985 1084 2040 violenta
1113 1982 1503 2052 dominatione,
1523 1982 1670 2055 gravi
1704 1996 1869 2040 onere

258 2077 557 2133 servitutis.
587 2076 832 2134 Contrar.
862 2078 1005 2149 apud
1029 2078 1214 2150 Virgil.
1240 2076 1341 2132 Xll
1375 2094 1389 2130 :

393 2188 453 2239 Ni
478 2189 670 2240 frenum
692 2189 938 2253 accipere,
968 2196 1021 2241 et
1044 2191 1156 2241 victi
1178 2202 1356 2254 parere
1380 2187 1611 2244 fatentur.

271 2296 526 2365 Tertul|.,
550 2295 624 2353 lib
645 2298 712 2353 de
732 2297 868 2353 ldol.
884 2296 1155 2353 Vinculum
1174 2306 1219 2351 et
1235 2298 1424 2368 jugum
1444 2297 1585 2351 nobis
1606 2296 1873 2364 relaxavit,

260 2398 316 2445 et
346 2378 443 2445 lib.
472 2389 540 2446 de
586 2388 773 2447 Pudic.
807 2390 1031 2463 Operimt
1049 2393 1183 2464 juga
1209 2391 1395 2463 refecta
1420 2399 1558 2458 sunt,
1589 2408 1690 2447 non
1717 2392 1875 2447 disci-

260 2484 545 2554 plinarum.
815 2486 821 2494 ’

261 2596 356 2655 88.
398 2598 597 2658 lamiae
633 2608 827 2657 turres.
861 2594 1007 2655 Tom.
1040 2596 1124 2656 ΙΙΙ.
1155 2598 1245 2657 lib.
1273 2599 1472 2655 advers.
1513 2564 1708 2655 Valent.
1740 2616 1786 2654 c.
1817 2602 1870 2656 5.

918 2711 1060 2749 nam.
1091 2694 1184 2752 25.

336 2808 417 2869 De
440 2808 629 2864 Lamiis
652 2811 815 2865 multa
834 2809 1126 2865 Politianus
1148 2809 1202 2865 in
1222 2808 1547 2865 Przeiationc
1568 2808 1620 2864 in
1650 2809 1875 2864 Dialect.

272 2910 330 2957 et
376 2900 724 2958 Brassicanus
769 2901 884 2971 ejus
932 2909 1343 2965 commentator,
1391 2900 1645 2987 Hadrian.
1685 2899 1878 2955 Junius

245 2993 476 3071 ~Adagio
522 2993 609 3049 54.
662 2993 813 3049 Cent.
840 2990 900 3047 2.
935 3002 989 3048 et
1013 2992 1143 3048 Cael.
1170 2990 1427 3063 Rhodrig.
1456 3008 1504 3047 c.
1532 2993 1583 3046 5.
1611 2992 1645 3045 l.
1680 2990 1873 3047 XXIX.

274 3086 368 3140 ubi
398 3084 467 3141 de
493 3085 725 3159 Menippi
755 3084 904 3157 Lycii
926 3086 1121 3150 amica,
1151 3085 1202 3139 in
1229 3085 1513 3155 coningem
1536 3084 1756 3154 jamjam
1785 3083 1878 3139 ad-

264 3176 555 3234 sciscenda
582 3217 597 3241 ,
630 3185 750 3247 post
780 3176 945 3231 multa
973 3177 1049 3231 ait
1070 3176 1283 3247 quidam
1318 3175 1666 3246 philosophus
1691 3193 1703 3230 :
1731 3176 1877 3231 Bella
1901 3172 1951 3241 Ο

268 3268 394 3324 haec
415 3283 609 3339 sponsa
634 3284 737 3324 una
760 3260 1234 3338 Θεῑτᾶνὲμπουσῶν,
1257 3273 1313 3331 ἇς
1337 3279 1513 3338 lania;
1526 3294 1575 3325 τε
1601 3276 1679 3326 καὶ
1700 3292 1877 3341 μορμο-

266 3370 433 3422 inuia;
453 3369 498 3414 ei
512 3369 676 3415 πολλοὶ
689 3369 867 3417 vocans
883 3362 1030 3427 tim,
1046 3362 1146 3417 IIOC
1164 3373 1246 3418 est
1263 3379 1276 3416 ζ
1294 3377 1363 3418 ex
1380 3361 1650 3432 Empusis,
1673 3377 1807 3434 quas
1818 3372 1876 3419 et

267 3451 481 3508 Lamias
502 3462 556 3510 et
580 3453 954 3526 Mprmulycias
976 3454 1215 3525 plerique
1244 3463 1453 3525 putant.
1478 3454 1665 3511 Turres
1690 3465 1874 3513 autem

268 3554 678 3601 commemorat.
739 3545 960 3601 Tertull.
1015 3545 1159 3617 quod
1216 3548 1486 3618 ingentem
1531 3563 1750 3618 specum
1800 3548 1870 3604 ad

268 3636 423 3708 rupis
464 3635 671 3693 radices
712 3637 975 3694 insedisse
998 3628 1315 3694 fabulantur
1344 3638 1576 3693 Lamiam
1607 3641 1656 3694 in
1687 3638 1869 3711 Libya:

267 3729 411 3786 locis
437 3730 697 3802 reginam.
743 3718 956 3787 Dicetur
979 3731 1137 3801 igitur
1160 3731 1227 3787 de
1249 3730 1408 3787 rebus
1431 3732 1482 3787 in
1506 3733 1737 3803 speciem
1760 3732 1874 3788 for—

272 3818 645 3889 midabilium,
675 3820 729 3876 in
756 3822 950 3891 quibus
976 3822 1105 3877 nihil
1136 3824 1263 3878 insit
1285 3824 1529 3895 periculis.
1555 3823 1783 3882 Nomina
1807 3826 1876 3882 ad

270 3920 541 3969 terrorem
566 3914 803 3982 inventa,
832 3914 1029 3972 fabulte
1054 3915 1246 3973 aniles.
1566 3916 1571 3921 ’

307 4027 405 4086 89.
447 4028 639 4086 Latere
680 4028 784 4086 hoc
811 4030 1067 4087 defendit.
1114 4031 1258 4088 Tom.
1292 4032 1380 4087 ΠΙ.
1411 4032 1502 4089 lib.
1537 4034 1601 4091 de
1628 4034 1842 4091 Restm.

739 4141 879 4179 eam.
898 4140 1021 4195 cap.
1049 4124 1105 4180 9.
1139 4141 1283 4180 natm.
1313 4127 1404 4181 2i.

346 4237 413 4294 In
437 4237 575 4305 acie,
607 4238 709 4294 hoc
733 4234 847 4305 est,
865 4240 1099 4296 exercitu
1125 4239 1191 4295 ad
1216 4253 1443 4311 pugnam
1468 4224 1741 4310 procinctu
1763 4240 1881 4297 lucc

201 4326 211 4333 ’
272 4331 429 4388 fuere
458 4349 472 4385 :
512 4330 679 4400 frons,
716 4342 945 4403 tergum,
977 4332 1089 4387 duo
1114 4332 1303 4401 latera,
1328 4347 1447 4403 qum
1474 4342 1528 4388 et
1552 4333 1651 4389 alae
1676 4341 1731 4389 et
1752 4344 1879 4389 cor-

272 4441 388 4484 nua
418 4425 749 4483 dicebantur.
798 4424 1025 4482 Tectum
1064 4422 1222 4494 latus,
1266 4426 1351 4482 (ιθ
1381 4427 1451 4481 iis
1489 4428 1579 4497 qui
1621 4426 1784 4483 armis
1826 4433 1883 4483 et

277 4519 537 4593 pmidio
558 4519 747 4575 muniti
771 4528 896 4575 sunt
914 4535 930 4585 ;
958 4527 1205 4591 apertum
1228 4519 1297 4576 de
1323 4520 1393 4575 iis
1414 4521 1509 4592 qui
1532 4520 1771 4592 periculo
1790 4532 1891 4578 δια
1911 4544 1974 4612 1)

273 4612 462 4684 positi.
496 4612 715 4668 Terent.
751 4613 977 4668 llauton.
1008 4629 1022 4666 :

406 4724 691 4788 Triumpho,
718 4724 761 4774 sl
787 4724 906 4776 licet
927 4737 1007 4776 me
1030 4722 1190 4776 latere
1214 4729 1349 4776 tecto
1369 4719 1670 4776 abscedere:

279 4832 389 4887 hoc
426 4839 541 4898 est,
572 4829 651 4886 sic
674 4838 735 4885 ut
760 4829 892 4885 nihil
919 4829 1048 4885 mihi
1076 4842 1349 4887 accersam
1378 4830 1623 4901 periculi.
1669 4830 1883 4901 Cesar.,

278 4924 378 4981 lib.
408 4922 477 4978 ll.
511 4921 639 4979 bell.
670 4921 808 4979 Gall.
859 4922 988 4991 Quae
1014 4938 1102 4980 res
1129 4933 1184 4979 et
1208 4923 1364 4978 latius
1389 4936 1554 4979 unum
1583 4931 1884 4979 castrorum
1970 4934 1979 4941 ‘

280 5016 417 5087 ripis
437 5014 673 5070 fluminis
694 5015 988 5084 muniebat,
1012 5025 1094 5072 et:
1119 5016 1270 5073 Totis
1292 5015 1402 5073 fere
1422 5016 1614 5073 castris
1633 5031 1663 5071 a
1684 5015 1885 5086 fronte,

282 5117 337 5164 ct
380 5122 414 5162 a
463 5106 680 5163 sinistra
712 5118 861 5180 parte
890 5109 1124 5177 nudatis,
1177 5119 1266 5166 et:
1294 5125 1522 5183 quorum
1556 5124 1678 5181 pars
1700 5118 1895 5180 aperto

281 5201 456 5258 latere
481 5201 721 5274 legiones
747 5204 1157 5260 circumvenire.
1206 5204 1447 5260 Nennius
1476 5206 1527 5259 in
1556 5203 1890 5261 Miscellades

286 5296 355 5370 (si
383 5295 489 5351 rite
518 5295 779 5368 memini)
821 5304 875 5352 et
914 5312 1038 5353 eum
1068 5308 1282 5354 secutus
1305 5298 1500 5354 Muret.
1536 5299 1587 5353 in
1615 5298 1829 5354 Terent.
1856 5312 1889 5353 a

283 5386 673 5459 gladiatoribus
693 5397 961 5460 sumptum
984 5389 1387 5461 volunt,quibus
1410 5378 1455 5445 si
1482 5392 1657 5446 minus
1679 5389 1891 5462 plagam

283 5485 539 5552 aiat-maia»
556 5481 763 5552 possint
787 5481 1048 5554 inﬂigere,
1070 5482 1200 5538 satis
1226 5482 1582 5539 honoriﬁcum
1604 5491 1703 5548 est,
1723 5482 1895 5537 latere

285 5579 455 5641 tecto,
496 5572 548 5629 id
579 5581 678 5639 est,
723 5573 958 5646 integros
1001 5574 1305 5647 illaesosque
1349 5575 1517 5632 abire.
1568 5574 1897 5631 chcbantur

283 5672 551 5736 praetcrea
579 5683 590 5720 :
618 5667 758 5722 latus
783 5675 1025 5737 apertum
1072 5667 1313 5738 praebere
1334 5684 1367 5734 ,'
1396 5683 1558 5739 quum
1586 5668 1748 5723 ictum
1779 5682 1891 5724 non

288 5756 649 5826 declinarent,
683 5757 777 5815 sed
804 5758 979 5816 lictori
1005 5760 1273 5832 mortique
1298 5774 1357 5818 se
1381 5760 1544 5834 gratis
1572 5760 1890 5833 objicerent.

288 5845 480 5906 Latere
508 5847 599 5907 hoc
623 5848 828 5923 defendi
852 5849 1010 5925 igitur
1032 5860 1136 5925 est,
1167 5852 1251 5910 his
1275 5851 1574 5925 iisdemque
1599 5867 1893 5936 argumenj

1879 6049 1964 6077 με,

1983 1924 2193 1993 ctor_em,
2229 1916 2331 1972 hoc
2355 1924 2439 1972 est
2467 1932 2480 1971 :
2512 1930 2904 1987 quamcumque
2932 1916 2982 1970 in
3011 1925 3213 1986 partem
3240 1923 3290 1971 te
3310 1924 3509 1970 vertas.

2022 2029 2111 2087 92.
2154 2029 2271 2100 Quo
2298 2030 2542 2088 laterum.
2590 2028 2733 2085 Tom.
2769 2030 2832 2086 ν.
2876 2030 2963 2086 lib.
2991 2031 3055 2086 de
3094 2029 3272 2102 Jejun.
3301 2021 3415 2103 cui.
3459 2028 3546 2087 Η.

2655 2138 2797 2178 num.
2830 2122 2918 2177 72.

2058 2235 2186 2293 Utra
2213 2245 2366 2306 parte
2394 2236 2723 2307 argumenti;
2772 2251 2874 2308 qua
2912 2235 3153 2301 ratione,
3190 2253 3348 2309 quam
3376 2238 3429 2293 in
3457 2253 3585 2309 par-

1993 2329 2143 2384 tem?
2171 2328 2238 2384 Et
2279 2328 2364 2386 hic
2391 2330 2568 2385 utitur
2612 2329 2775 2385 verba
2818 2330 3191 2400 conﬁrmatum,
3232 2326 3299 2386 ut
3338 2331 3406 2387 ad
3453 2333 3590 2389 latus

1993 2430 2217 2487 tectum,
2246 2422 2296 2475 in
2324 2422 2565 2478 exercitu
2596 2421 2677 2477 vel
2701 2420 3017 2491 gladiatore,
3050 2422 3332 2480 referatur.

1972 2521 2085 2592 '93.
2128 2530 2337 2592 Lcones
2386 2534 2438 2591 in
2484 2550 2645 2607 pace;
2695 2536 2811 2592 vide
2856 2548 3012 2609 supra
3040 2553 3058 2593 :
3085 2535 3240 2594 Cervi
3284 2539 3336 2594 in
3383 2539 3584 2609 prtelio.

2124 2620 2272 2682 Tom.
2306 2622 2367 2683 η.
2402 2628 2488 2683 lib.
2523 2630 2586 2683 de
2611 2628 2725 2685 Cor.
2756 2628 2909 2687 milit.
2940 2646 3054 2701 cap.
3089 2628 3312 2685 1.1mm.
3348 2631 3438 2699 18.

2063 2736 2325 2797 Convenit
2368 2739 2419 2795 in
2448 2756 2540 2797 eos
2570 2742 2659 2812 qui
2692 2752 3019 2813 praepostere
3042 2758 3102 2799 se
3124 2753 3317 2815 gerunt
3343 2763 3355 2799 :
3387 2745 3474 2800 ubi
3501 2760 3591 2802 res

1990 2831 2229 2902 postulat
2269 2828 2545 2888 audaciam
2583 2844 2637 2888 et
2660 2832 2935 2902 virtutem,
2984 2834 3053 2890 ibi
3102 2834 3306 2900 timidi;
3357 2834 3587 2902 feroces,

1992 2924 2084 2978 ubi
2118 2924 2250 2979 nihil
2284 2923 2559 2982 ferocitate
2583 2941 2737 2997 opus.
2782 2926 2983 2983 Livius.
3032 2924 3091 2982 ln
3117 2927 3228 2982 otio
3257 2928 3588 2997 tumultuosi,

1992 3016 2049 3070 in
2079 3017 2221 3073 bello
2250 3032 2462 3089 segnes.
2512 3018 2771 3091 Syrtesius
2815 3037 2827 3073 :
2868 3025 2914 3074 ia
2937 3031 3019 3090 μὲν
3044 3027 3206 3094 ἐιρήνῃ
3236 3031 3436 3092 θρασεῖς,
3464 3029 3513 3077 ιν
3542 3028 3590 3077 at

1993 3119 2183 3181 πολέμῳ
2212 3115 2380 3179 δειλοί,
2418 3112 2472 3167 in
2505 3126 2634 3183 pace
2659 3114 2887 3181 feroces,
2918 3114 2969 3169 in
2997 3114 3136 3171 bello
3163 3115 3516 3173 formidolosi.

1991 3288 2004 3298 ι
2055 3224 2144 3283 94.
2186 3226 2246 3283 lu
2289 3226 2471 3285 limine
2499 3238 2801 3286 occurrere.
2836 3222 2984 3285 Tom.
3020 3228 3082 3286 ν.
3112 3230 3199 3287 lib.
3228 3232 3291 3287 de
3315 3232 3554 3308 illonog,

2546 3338 2662 3394 cap.
2691 3322 2745 3391 8,
2775 3339 2914 3379 num.
2946 3323 3037 3382 52.
3248 3328 3257 3333 ’

2060 3432 2118 3489 lu
2155 3436 2271 3506 ipso
2331 3437 2511 3507 operis
2567 3437 3051 3510 diSputationisque
3090 3442 3333 3514 ingressu
3362 3457 3484 3498 sese
3510 3443 3591 3498 of-

1983 3525 2149 3585 ferre.
2384 3572 2391 3577 .

1986 3616 2079 3676 95.
2124 3619 2199 3676 De
2245 3620 2427 3678 limine
2468 3618 2759 3680 on‘endere.
2808 3620 2957 3681 Tom.
2984 3620 3178 3695 lli.tib.
3206 3627 3324 3683 adv.
3366 3626 3587 3699 Valent.,

2524 3733 2638 3787 cap.
2672 3716 2726 3784 5,
2761 3734 2901 3772 mtm.
2933 3718 3026 3775 22.

2064 3827 2381 3885 “uesanos.
2432 3829 2779 3886 Proverbium
2810 3833 2876 3888 de
2901 3832 2986 3889 his
3011 3818 3098 3906 qui
3125 3835 3276 3890 initio
3304 3839 3403 3904 rei,
3433 3855 3591 3909 quam

1988 3923 2254 3993 agendam
2293 3932 2661 3994 susceperant,
2706 3935 2946 3994 peccant.
2991 3926 3177 3985 Simile
3216 3930 3288 3985 illi
3319 3949 3330 3985 :
3356 3932 3592 3988 Canthe-

1994 4021 2110 4073 rius
2143 4019 2194 4073 in
2227 4028 2398 4089 porta.
2439 4019 2574 4074 Cum
2606 4019 2707 4075 hoc
2730 4022 3057 4078 conveniunt
3088 4041 3099 4078 :
3132 4023 3185 4079 ln
3214 4035 3369 4096 portu
3400 4028 3593 4099 impin-

1990 4126 2125 4183 gere
2151 4128 2163 4165 :
2192 4111 2246 4167 fn
2278 4112 2463 4187 limine
2487 4112 2737 4170 deiicere.
2769 4115 2955 4187 Virgil.
2984 4135 2997 4172 :

2242 4226 2619 4295 Cuniudecores
2643 4229 2690 4279 in
2718 4228 2884 4281 limine
2911 4232 3067 4295 primo

2246 4290 2506 4342 Delicimus

1993 4412 2128 4472 pro,
2182 4398 2234 4453 in
2281 4398 2403 4467 ipso
2449 4399 2630 4469 cperis
2676 4400 2979 4471 negotiique
3020 4404 3253 4475 suscepti
3298 4400 3593 4477 primordio

2003 4504 2248 4564 peccare.
2278 4492 2361 4545 Ab
2386 4491 2450 4545 iis
2480 4491 2812 4559 translatum,
2862 4495 2951 4564 qui
2992 4508 3057 4550 ex
3101 4496 3305 4554 adibus
3332 4503 3597 4571 egressori

1999 4584 2052 4640 in
2085 4581 2272 4637 limine
2300 4580 2489 4651 pedem
2514 4579 2811 4638 offendunt.
2864 4582 3167 4644 Olfendisse
3201 4600 3377 4644 autem
3408 4592 3621 4661 limen,.

1998 4674 2246 4732 laciniam
2274 4675 2340 4729 ad
2368 4674 2419 4729 id
2455 4673 2791 4743 adhmsissc,
2832 4678 2917 4731 vel
2961 4680 3264 4750 prolapsum
3309 4683 3593 4747 cecidisse,

2000 4779 2210 4825 ostenta
2233 4769 2387 4825 fuere
2409 4770 2739 4840 inauspicata
2762 4779 2815 4827 ct
2840 4772 2963 4827 mall
2991 4774 3203 4842 ominis,
3223 4776 3422 4846 passim
3450 4774 3593 4848 apud

1999 4870 2207 4933 poetas.
2237 4860 2495 4917 Ovidius:

2249 4973 2440 5026 Dicitur
2465 4972 2651 5028 offenso
2670 4977 2989 5041 procubuisse
3014 4977 3159 5042 pede,

2037 5084 2126 5143 96.
2170 5085 2359 5142 Lineas
2389 5101 2568 5157 agere.
2610 5084 2757 5143 Tom.
2790 5074 3001 5237 111.856.
3037 5084 3100 5143 de
3123 5088 3314 5159 anima,
3344 5107 3457 5163 cap.
3502 5091 3592 5149 45.

2656 5196 2796 5237 num.
2824 5180 2861 5237 4
2939 5219 2953 5235 .

2656 5196 2796 5237 num.
2824 5180 2953 5237 480.

2077 5288 2305 5349 Hunmm'
2342 5293 2420 5349 vel
2457 5294 2675 5350 maxime
2712 5295 2844 5349 inilii
2880 5310 2940 5349 ac
2986 5295 3103 5365 ﬁnis
3160 5298 3320 5353 lineas
3375 5299 3601 5368 quotidie

2000 5401 2171 5458 agere.
2220 5386 2510 5442 Proverbia
2547 5401 2578 5441 a
2618 5386 2773 5442 lineis
2810 5385 2990 5455 ducta,
3029 5402 3147 5459 qua:
3174 5372 3597 5461 consequuntur,

2001 5479 2198 5549 partim
2221 5493 2251 5534 a
2274 5477 2599 5545 Geometria,
2623 5490 2742 5550 qum
2767 5477 2922 5536 lineis
2947 5480 3126 5536 omnia
3149 5482 3375 5553 perlicit,
3405 5484 3599 5554 partim

2001 5588 2035 5629 a
2062 5570 2338 5630 curriculis
2364 5582 2417 5629 et
2442 5572 2725 5645 palaestris,
2766 5584 2992 5645 quorum
3033 5576 3201 5646 spatia
3238 5576 3403 5632 certis
3444 5576 3602 5633 lineis

2000 5663 2412 5722 includebantur
2438 5682 2450 5719 :
2481 5663 2672 5735 partim
2708 5680 2737 5721 a
2776 5665 3095 5736 pictoribus,
3138 5669 3227 5739 qui
3253 5669 3503 5740 penicillo
3530 5670 3598 5726 ti-

2002 5774 2125 5814 neas
2153 5758 2338 5813 ducere
2366 5757 2541 5813 solent
2567 5758 2874 5831 priusquam
2898 5760 3141 5817 umbram
3170 5761 3286 5817 sine
3305 5762 3487 5819 colore
3508 5776 3600 5819 co-

2001 5851 2182 5909 torare
2228 5847 2503 5923 incipiant,
2529 5850 2781 5909 translata
2826 5858 2969 5910 sunt.
3018 5851 3132 5912 lloc
3157 5860 3335 5914 autem
3365 5853 3605 5928 primum

3335 6070 3343 6078 .
3375 6053 3419 6080 ul
