4082 6346
458 300 559 359 251

1547 291 1639 346 EX
1679 282 2141 346 TERTULLIANI
2180 279 2683 344 APOLOGETICO'

3642 288 3754 346 252

458 416 681 474 Tertull.
712 414 909 472 ducere
931 411 1140 468 videtur
1166 407 1249 465 vel
1274 408 1342 463 ab
1369 405 1520 462 initio
1544 415 1599 460 et
1629 401 1731 460 line
1756 405 2048 474 spatiorum
2077 406 2128 463 Α
2153 408 2397 467 tremant;
2439 418 2590 472 quam
2618 406 2864 472 quantum
2899 401 3102 472 proprie
3125 401 3307 473 pictor,
3336 400 3568 474 agnoscis
3597 402 3754 472 ﬁnem

457 511 512 567 in
545 513 829 576 Dromone,
859 508 943 562 vel
970 522 999 561 a
1028 506 1255 575 pictura,
1286 517 1451 574 quum
1480 500 1630 555 addit
1656 496 1906 555 ;11αηιιηι
1932 495 2055 565 [idei

458 605 721 676 porrigens
741 600 943 673 facilius
973 596 1278 669 adjuvandae
1300 611 1388 667 per
1417 593 1660 664 imagines
1684 602 1730 645 et
1759 587 2049 661 parabolas,

457 696 589 750 sicut
618 708 904 749 sermonum
930 690 1003 744 ita
1029 700 1074 743 et
1101 704 1291 743 rerum.
1339 686 1539 742 Deinde
1568 682 1593 739 τ’
1617 683 1851 754 praponit
1898 680 2054 751 igitur

458 788 578 851 tibi,
630 785 780 855 quasi
812 785 881 839 ob
920 784 1106 839 oculos
1145 782 1360 853 subjicit
1403 781 1454 836 in
1485 778 1688 851 pictura
1722 795 1735 832 :
1770 775 1940 841 Etiam
1966 791 2054 846 per

456 878 727 948 imaginem
754 877 950 932 mortis.

456 993 546 1050 97.
587 990 780 1047 Lineas
806 991 1009 1063 aliquas
1037 987 1376 1061 praeducere,
1406 986 1472 1041 ad
1502 951 1636 1056 quas
1665 983 1767 1040 erit
1792 981 2054 1038 dimican-

586 1086 733 1142 dum.
778 1084 923 1140 Tant.
954 1084 1038 1140 Ill.
1072 1083 1160 1138 lib.
1188 1083 1305 1138 adv.
1338 1080 1506 1145 Marc,
1534 1095 1649 1148 cap.
1682 1077 1733 1133 5.
1760 1093 1811 1130 η.
1841 1074 1925 1130 14.

531 1200 646 1255 Hoc
669 1207 942 1269 sumptum
960 1198 1027 1253 ab
1049 1197 1113 1253 iis
1130 1197 1217 1267 qui
1239 1194 1437 1260 duello,
1470 1184 1583 1248 sive
1609 1187 1857 1260 singulari
1877 1194 2054 1255 certa:

459 1292 607 1348 mine
649 1289 1096 1362 enngt'ediuntur;
1145 1286 1230 1342 vel
1269 1286 1334 1340 ab
1370 1284 1434 1339 iis
1460 1283 1548 1354 qui
1579 1282 1630 1335 in
1659 1279 1830 1335 stadio
1858 1277 2053 1345 decur-

438 1394 614 1450 runt,
653 1399 749 1454 pro
782 1402 797 1438 :
830 1394 1037 1439 certam
1064 1381 1300 1437 materia:
1333 1380 1501 1450 legem
1536 1366 1822 1447 praeﬁnire.

494 1499 587 1558 98.
629 1499 810 1556 Lineis
840 1499 1003 1555 certis
1027 1496 1406 1553 determinarc.
1450 1492 1597 1547 Tom.
1637 1491 1679 1547 1.
1706 1490 1793 1546 lib.
1818 1488 2016 1545 advers.

628 1596 631 1597 ⁷
660 1622 663 1627 ν
891 1592 1122 1660 Judteos,
1168 1607 1284 1661 cap.
1313 1589 1371 1647 2.
1403 1605 1541 1643 num.
1577 1588 1629 1643 6.

529 1710 694 1767 Addit
735 1709 1051 1766 Tertulliani.
1098 1722 1354 1761 summam
1395 1704 1685 1776 quarstionis
1747 1700 1927 1772 ipsius.
1975 1698 2059 1753 Ab

460 1805 649 1862 iisdem
674 1806 992 1859 certantium
1023 1802 1209 1866 lineis,
1240 1799 1379 1853 intra
1409 1813 1541 1869 quas
1572 1793 1892 1851 decertaturi
1921 1806 2052 1846 con-
2087 1773 2133 1832 Β

458 1898 676 1956 sistunt.
708 1896 768 1952 In
799 1896 872 1952 lib
898 1896 967 1951 de
1000 1893 1229 1951 Pudicit.
1263 1890 1511 1946 Euntdem
1539 1890 1747 1945 limitem
1777 1886 1973 1973 liminis
1990 1885 2057 1953 ﬁ-

456 1991 638 2063 gintus.
686 1988 789 2046 Ubi
818 1990 970 2044 limen
999 1998 1083 2044 est
1111 1988 1271 2054 linea,
1316 1994 1372 2040 ut
1401 1983 1540 2054 apud
1590 1981 1771 2052 Virgil.
1807 1980 2059 2049 limenque

456 2082 765 2152 relinquunt.
819 2080 1008 2136 Certos
1069 2079 1326 2134 terminos
1363 2085 1645 2146 certasque
1673 2073 1818 2143 leges
1851 2068 2058 2142 prtesn-
2115 2092 2122 2099 -

458 2182 610 2230 tuere
638 2173 894 2228 instituta:
921 2170 1290 2241 disputationi.

494 2286 585 2343 99.
628 2286 809 2343 Lineis
831 2284 1105 2341 claudere.
1147 2282 1297 2337 Tom.
1331 2281 1420 2336 111.
1449 2282 1537 2336 lib.
1564 2280 1606 2336 1.
1637 2278 1835 2336 advers.
1869 2277 2042 2344 Marc,

1009 2392 1125 2444 cap.
1155 2375 1209 2429 7.
1242 2388 1382 2428 num.
1414 2374 1505 2430 51.

527 2488 841 2560 Quanquam
873 2496 985 2543 tota
1023 2487 1247 2542 materia
1269 2487 1336 2542 de
1362 2486 1570 2541 duobus
1594 2485 1720 2542 Deis
1740 2485 2048 2552 dimicetur,

458 2580 544 2636 bis
589 2580 802 2635 interim
834 2580 989 2636 lineis
1019 2593 1136 2635 eam
1167 2578 1487 2644 clausimus,
1527 2578 1664 2632 intra
1702 2593 1801 2633 nos
1828 2592 2056 2648 congre-

408 2744 425 2749 “
457 2674 691 2730 diemur.
741 2674 836 2729 Est
876 2674 1038 2744 igitur
1065 2683 1201 2728 stata
1247 2672 1490 2743 quaedam
1539 2680 1850 2743 argumenta
1884 2672 2056 2741 prasti-

459 2765 579 2823 nire
609 2767 747 2822 intra
779 2783 896 2838 qua:
926 2782 1023 2822 ceu
1053 2767 1317 2822 cancellos
1356 2766 1615 2837 quosdam
1654 2774 1964 2822 coerceatur
1994 2764 2059 2820 li-

458 2860 643 2918 berior
667 2861 927 2917 orationis
956 2861 1220 2932 evagatio.

696 2974 817 3031 100.
859 2974 1041 3031 Lineis
1066 2973 1350 3031 deducere.
1382 2972 1523 3031 Ibid.
1578 2992 1693 3047 cap.
1726 2975 1817 3032 25.

528 3089 724 3146 Cicero
749 3108 763 3145 :
789 3089 903 3147 [lue
925 3096 1113 3146 caussa
1140 3089 1435 3145 deducitur.
1471 3089 1605 3146 Rem
1627 3090 1693 3145 de
1714 3089 1818 3145 huc
1838 3088 2053 3158 deduxi,

2156 510 2261 548 esse
2288 494 2427 548 omni
2449 496 2521 548 rei
2545 496 2688 565 cujus
2718 495 2852 549 linea
2880 502 3101 549 extrema
3125 504 3216 549 est.
3260 495 3411 565 Apud
3439 494 3751 552 Terentium

2156 582 2380 641 extrema
2407 588 2543 642 linea
2571 602 2773 653 amare,
2807 597 2889 642 est
2919 587 3309 659 impensissime
3339 597 3367 650 ἥ
3394 593 3519 659 ἄκρα
3555 602 3753 659 γραμμὴ

2122 694 2365 735 .summa
2405 680 2545 735 linea
2581 689 2635 736 et
2659 690 2939 736 extremus
2972 681 3251 746 terminus,
3297 690 3355 741 ut
3399 681 3471 736 ibi
3511 697 3755 738 summus

2157 785 2310 827 amur
2341 771 2705 853 signiﬁcetur.
2755 771 3038 840 Quomodo
3077 772 3266 842 Eurip.
3302 787 3423 831 cum
3451 783 3752 829 extremum

2160 865 2446 922 terminum
2496 866 2758 920 malorum
2809 876 2864 921 et
2912 865 3253 921 miseriarum
3303 865 3649 937 intelligeret,
3690 872 3751 922 επ

2159 970 2298 1032 ἄκρον
2330 969 2499 1029 ἥκομεν
2526 974 2746 1031 γραμμὴν
2770 972 2859 1017 τῶν
2885 972 3039 1017 κακῶν
3061 961 3213 1017 dixit.
3236 961 3354 1018 Non
3370 970 3546 1019 tamen
3572 963 3755 1035 inepte

2158 1051 2298 1122 apud
2325 1052 2542 1108 Terent.
2576 1052 2904 1110 intellexeris
2938 1065 3212 1109 extremam
3239 1055 3426 1110 lineam
3455 1055 3507 1110 in
3533 1070 3751 1125 amore,

2160 1143 2333 1214 ipsum
2379 1146 2456 1199 rei
2503 1154 2695 1200 amata:
2740 1155 2828 1200 aut
2872 1147 3172 1216 concupita:
3220 1146 3555 1217 adspeetum,
3600 1149 3755 1219 quasi

2160 1233 2332 1305 longis
2362 1235 2538 1303 lineis,
2571 1234 2677 1293 hoc
2698 1246 2802 1303 est,
2834 1236 2902 1293 de
2929 1238 3218 1310 longinquo
3247 1255 3449 1295 amare.
3501 1239 3756 1297 Erasmus

2160 1326 2575 1400 Hermogenem,
2599 1340 2872 1384 extremam
2896 1331 3081 1385 luteam
3100 1347 3130 1387 a
3152 1331 3484 1387 Tertulliano
3497 1333 3755 1404 appellari

2160 1428 2428 1488 autumat,
2466 1421 2620 1492 quasi
2647 1432 2945 1478 extremum
2972 1433 3025 1480 et
3065 1432 3393 1494 postremum
3437 1424 3520 1480 sui
3551 1434 3756 1497 tempo-

2160 1512 2237 1568 ris
2266 1512 2663 1585 lnereticorum,
2692 1516 2783 1587 qui
2811 1527 2970 1572 mtate
2995 1516 3305 1573 Tertulliani
3335 1526 3661 1589 superesset.

2198 1624 2322 1682 105.
2347 1626 2430 1682 Ad
2456 1627 2651 1684 lineam
2682 1628 2957 1686 dimicare.
2991 1628 3138 1685 Tant.
3169 1629 3235 1687 V.
3258 1631 3349 1686 lib.
3373 1633 3436 1687 de
3462 1630 3716 1701 Pudicit.,

2713 1739 2828 1793 cap.
2858 1722 2912 1779 6.
2945 1728 3087 1777 nu’nt.
3113 1722 3223 1780 59..

2233 1833 2323 1897 Ad,
2360 1834 2491 1887 hanc
2541 1836 2648 1901 iam
2695 1835 2881 1889 lineam
2927 1836 3187 1890 dimicabit
3231 1844 3405 1891 nostra
3447 1837 3754 1910 congressio.

2162 1923 2364 1982 Deinde
2407 1927 2637 1997 explicat
2679 1943 2781 1984 se:
2827 1927 3159 1983 Prtescribam
3206 1939 3372 1985 tanien
3411 1929 3500 1984 tibi
3539 1934 3757 2001 formant

2162 2005 2361 2073 necesse
2379 2029 2472 2085 est,
2501 2036 2564 2075 ne
2588 2021 2657 2075 ad
2679 2031 2845 2076 vetera
2872 2010 3324 2102 mattuntientittas,
3355 2040 3416 2077 ne
3440 2023 3492 2077 iu
3515 2021 3654 2094 terga
3679 2038 3759 2078 re-

2160 2112 2368 2182 spicias.
2414 2112 2505 2167 Est
2538 2112 2718 2186 itaque
2760 2115 2813 2169 in
2841 2113 3164 2185 disputando
3195 2131 3223 2169 a
3255 2131 3314 2171 re
3346 2116 3620 2186 proposita
3651 2130 3756 2173 non

2162 2214 2397 2277 evagari.
2652 2214 2657 2219 '

2162 2322 2285 2379 104.
2310 2324 2357 2378 Α
2379 2321 2534 2381 lineis
2554 2323 2838 2389 excedere.
2872 2321 3018 2378 Tant.
3038 2323 3126 2378 Ill.
3161 2324 3249 2381 lib.
3272 2325 3389 2380 adu.
3415 2325 3752 2398 Hermogern,

2678 2431 2796 2485 cap.
2823 2414 2914 2471 59.
2947 2433 3091 2471 nunt.
3121 2417 3245 2472 157.

2231 2531 2315 2587 Ab
2352 2531 2597 2587 instituto
2624 2540 2677 2586 et
2706 2532 2983 2601 proposito
3017 2531 3290 2597 aberrare,
3333 2548 3451 2603 qua:
3480 2532 3759 2588 translatio

2163 2624 2373 2680 videtur
2398 2633 2611 2696 sumpta
2640 2624 2709 2679 ab
2734 2625 2818 2691 iis,
2861 2625 2951 2695 qui
2981 2624 3137 2680 lineis
3168 2641 3273 2681 non
3305 2627 3631 2694 insistentes,
3656 2641 3757 2681 ex-

2163 2716 2376 2783 cidunt,
2424 2726 2519 2771 aut
2561 2716 2859 2783 excedunt,
2907 2717 3008 2773 hoc
3034 2725 3146 2785 est,
3181 2717 3314 2773 ultra
3344 2718 3537 2775 lineam
3566 2717 3756 2791 pedem

2163 2810 2305 2867 inter
2333 2809 2749 2867 dimidicandum
2778 2800 3028 2866 efferunt.

2579 2923 2702 2981 105.
2751 2923 2898 2980 Ultra
2926 2922 3144 2980 lineam.
3191 2923 3330 2980 Ibid.

2237 3044 2384 3102 Ultra
2402 3047 2756 3116 praestitutum
2778 3043 3157 3116 disputationis
3185 3044 3431 3100 limitem.

461 3182 515 3240 id
544 3192 628 3241 est
658 3183 711 3238 in
741 3182 881 3239 hunc
908 3191 1103 3238 statum
1124 3224 1138 3247 ,
1183 3182 1356 3238 locum
1383 3181 1599 3237 adduxi.
1630 3180 1856 3245 Tertull.
1911 3140 2059 3248 Quod

2168 3161 2293 3220 106.
2345 3161 2511 3219 Linea
2536 3176 2641 3219 una
2668 3171 2767 3219 est.
2801 3160 2947 3217 Tum.
2980 3162 3065 3219 111.
3101 3162 3374 3233 Scorpiac.
3407 3162 3523 3217 adv.
3556 3160 3756 3230 Gnost.,

458 3276 635 3330 attinet
678 3274 744 3329 ad
788 3275 1025 3329 bonitatis
1068 3275 1426 3341 auwstionem,
1480 3273 1557 3327 his
1583 3273 1730 3327 lineis
1756 3273 2061 3329 deduximus

460 3383 571 3423 eam
599 3367 806 3422 minime
833 3364 943 3421 Deo
973 3365 1265 3437 adaquari,
1307 3365 1407 3421 hoc
1435 3374 1517 3421 est
1545 3382 1558 3418 :
1592 3364 1731 3421 intra
1759 3366 1921 3422 hosce
1951 3375 2059 3422 ter-

459 3458 635 3516 minos
665 3460 1032 3516 tractavimus.
1796 3464 1801 3469 ’

460 3575 585 3631 101.
642 3576 834 3631 Lineas
864 3584 1040 3632 certas
1067 3575 1375 3646 praeducere
1401 3573 1455 3629 in
1478 3588 1639 3629 unam
1661 3570 2062 3644 congressionis

496 3669 750 3739 speciem.
784 3666 933 3722 Tant.
968 3666 1054 3722 111.
1078 3668 1266 3739 Scorp.
1290 3667 1407 3721 adv.
1433 3665 1638 3734 Gnost.,
1661 3682 1708 3719 c.
1734 3665 1790 3720 4.
1815 3681 1868 3718 n.
1894 3662 1984 3719 52.

532 3781 794 3836 Praecedit
824 3781 964 3851 apud
992 3780 1215 3836 Tertull.
1249 3779 1362 3835 Nos
1383 3780 1504 3837 alibi
1528 3779 1591 3833 de
1609 3777 1718 3834 Deo
1739 3778 2056 3833 dimicantes.

460 3872 646 3932 Certas
676 3874 821 3945 leges
850 3874 951 3928 sibi
986 3873 1333 3943 praescribere
1374 3886 1505 3942 quas
1533 3872 1685 3926 intra
1723 3870 1791 3927 de
1829 3886 1933 3925 una
1962 3884 2060 3926 ca-

459 3965 691 4037 dentque
718 3982 777 4021 re
804 3965 1054 4021 decurrat
1082 3965 1391 4035 disputatio.

464 4079 588 4137 102.
633 4078 796 4134 Linea
825 4087 1085 4155 extrema.
1132 4076 1277 4131 Tom.
1304 4074 1393 4131 111.
1431 4074 1520 4141 lib.
1565 4074 1682 4129 adv.
1715 4072 2048 4146 Hermogen.,

434 4248 435 4251 η
533 4188 659 4243 cap.
677 4172 732 4226 5.
762 4184 903 4225 nam.
936 4169 1026 4226 19.
1059 4179 1105 4223 et
1133 4185 1249 4241 cap.
1282 4167 1372 4224 58.
1406 4184 1546 4223 num.
1582 4167 1705 4223 152.
1740 4166 1866 4223 155.
1894 4175 1941 4222 et
1967 4166 2057 4224 lib.

532 4264 649 4319 adv.
681 4263 871 4330 Prax.,
901 4279 1019 4333 cap.
1049 4262 1138 4318 16.
1172 4278 1313 4316 num.
1348 4260 1470 4319 100.

533 4378 827 4435 [ineamus
856 4396 868 4433 :
896 4378 952 4433 lu
995 4378 1181 4449 spatiis
1222 4376 1350 4431 olim
1371 4417 1386 4443 ,
1435 4376 1489 4431 in
1525 4375 1719 4447 quibus
1742 4388 1935 4431 cursus
1959 4389 2060 4445 pu—

464 4472 603 4527 blice
648 4471 828 4538 licbat,
881 4471 1088 4526 initium
1120 4478 1174 4525 et
1215 4469 1335 4524 linis
1381 4468 1537 4523 lineis
1565 4467 1866 4523 notabatur.
1924 4466 2061 4522 Hinc

463 4564 722 4641 quidquid
743 4573 1073 4636 postremum
1096 4570 1199 4629 est,
1226 4571 1448 4615 extrema
1469 4559 1623 4627 linea,
1648 4557 2061 4615 Proverbialiter

462 4659 569 4716 dici
612 4658 794 4729 caepit.
863 4657 1002 4728 Ergo
1045 4670 1207 4726 qttum
1261 4653 1484 4710 Tertull.
1531 4652 1923 4724 Hermogenem
1972 4651 2061 4708 hic

463 4762 621 4810 vocat
648 4768 754 4807 non
784 4750 1173 4822 intelligentiam
1212 4757 1484 4804 extremam
1511 4747 1726 4814 lineam,
1768 4745 2062 4816 imperitis-

461 4845 658 4900 simum
706 4842 907 4914 accipe.
964 4841 1217 4897 Horatius
1264 4839 1558 4912 Epistolam
1608 4837 1674 4893 ad
1698 4836 1954 4904 Quintum
1984 4836 2065 4891 sic

459 4938 654 4994 claudit
685 4955 700 4993 :

707 5048 838 5100 Mors
856 5047 1029 5100 ultima
1045 5048 1177 5099 linea
1199 5060 1370 5097 rerum
1394 5052 1487 5098 est.

460 5155 588 5213 11ωο
617 5158 777 5212 etiam
799 5156 1037 5212 Turneb.
1066 5156 1291 5213 Advers.
1322 5155 1414 5211 lib.
1446 5153 1559 5210 ΧΠ.
1592 5168 1708 5224 cap.
1731 5153 1819 5209 10.
1854 5151 1957 5209 Ubi
1987 5152 2057 5209 si-

460 5249 644 5306 milem
668 5249 885 5305 Terent.
911 5250 1087 5305 locum
1111 5248 1362 5320 explicat,
1400 5257 1455 5302 et
1477 5246 1597 5301 calx
1617 5246 1895 5303 dicebatur
1913 5247 2056 5317 quod

458 5341 665 5397 scilicet
691 5342 838 5398 calce
865 5350 921 5396 et
949 5350 1094 5396 creta
1126 5326 1423 5395 notaretur.
1471 5337 1619 5394 Ultra
1649 5349 1826 5394 autem
1852 5340 2054 5395 calcem

459 5434 592 5490 nihil
617 5442 867 5504 superest
891 5449 997 5504 quo
1021 5447 1211 5489 cursus
1240 5431 1507 5487 tendatur.
1536 5432 1695 5501 Atqui
1722 5446 1883 5501 quum
1913 5432 2054 5488 Deus

456 5529 839 5595 universitatis,
870 5528 1142 5583 l.advers.
1165 5527 1351 5592 Prax.,
1385 5525 1629 5581 Extrema
1666 5526 1799 5581 linea
1836 5526 2048 5593 dicitur,

454 5622 694 5677 alludere
733 5621 910 5691 potius
938 5620 1150 5676 videtur
1192 5628 1380 5675 auctor
1408 5620 1475 5676 ad
1505 5619 1634 5675 illud
1681 5621 1872 5690 Apoc.,
1904 5621 1947 5676 1.
1995 5629 2054 5677 et

452 5713 614 5769 XXII.
638 5714 753 5785 Ego
767 5729 884 5785 sum
912 5736 947 5766 α
975 5721 1030 5769 et
1056 5736 1115 5779 ω,
1154 5712 1268 5767 sive
1296 5712 1612 5783 principium
1643 5723 1700 5767 et
1731 5711 1870 5768 linis.
1903 5712 2049 5781 Lib.,

448 5804 661 5861 advers.
694 5804 1020 5876 Hermogen.
1054 5802 1117 5860 Si
1151 5802 1536 5873 determinatur,
1564 5805 1712 5862 habet
1740 5805 1925 5861 tineam
1957 5821 2050 5863 ea:-

2700 3272 2815 3327 cap.
2846 3258 2933 3322 11,
2957 3273 3099 3311 nunt.
3129 3256 3221 3312 84.

2238 3369 2387 3425 Unus
2432 3380 2510 3425 est
2557 3383 2790 3441 scapus,
2850 3368 2917 3425 ad
2966 3384 3125 3441 quem
3175 3370 3339 3427 totius
3385 3366 3760 3440 disputationis

2165 3478 2375 3520 summa
2400 3474 2487 3522 est
2514 3464 2809 3537 dirigenda.
2887 3538 2902 3552 ο

2166 3577 2378 3661 107.Ad
2396 3580 2588 3635 lineam
2614 3595 2772 3635 unam
2796 3581 3194 3653 congressionis
3214 3580 3471 3652 dirigere.
3494 3580 3649 3635 Tant.
3671 3576 3758 3636 111.

2308 3718 2317 3723 .
2372 3671 2460 3725 lib.
2490 3672 2553 3727 de
2582 3672 2745 3728 Carne
2769 3674 2970 3739 Christi,
3001 3692 3116 3746 cap.
3148 3676 3236 3742 17,
3265 3691 3406 3729 num.
3437 3674 3561 3732 i35.

2238 3785 2295 3840 ln
2325 3801 2385 3842 re
2409 3801 2513 3842 una
2543 3783 2811 3853 insistere,
2842 3797 2897 3843 et
2916 3802 3035 3843 eam
3075 3787 3251 3843 allatis
3287 3788 3556 3859 utrimque
3593 3784 3764 3842 ratio.

2168 3879 2326 3935 uibus
2350 3879 2644 3951 disputare,
2677 3891 2735 3935 ut
2758 3897 2916 3953 supra
2944 3903 2959 3938 :
2992 3880 3190 3937 Eodem
3211 3882 3375 3956 gradu
3400 3881 3664 3937 dimicare.

2206 3996 2330 4054 108.
2352 3997 2532 4057 Linea:
2561 3999 2828 4057 insistere.
2859 4000 3007 4056 Tant.
3031 4001 3117 4056 lli.
3146 4001 3236 4057 lib.
3267 4000 3358 4057 IV.
3391 4000 3509 4054 adv.
3540 3997 3735 4067 Nam,

2668 4110 2783 4166 cap.
2824 4094 2914 4149 17.
2960 4111 3099 4149 nunt.
3134 4094 3262 4151 250.

2240 4203 2338 4261 Cui
2359 4206 2602 4277 superius
2621 4207 2947 4262 contrarium
2974 4217 3096 4263 est:
3122 4206 3167 4260 A
3188 4207 3331 4261 tineis
3361 4205 3616 4263 excedere.
3644 4205 3761 4273 Est,

2168 4299 2223 4357 in
2268 4303 2508 4358 instituto
2554 4318 2901 4374 permanere,
2937 4318 3110 4373 neque
3136 4303 3371 4374 evagari.
3400 4303 3560 4370 Quia,
3596 4312 3650 4357 ut
3682 4300 3757 4355 ait

2169 4393 2430 4462 Turneb.,
2485 4394 2563 4451 sic
2608 4395 2874 4451 interdum
2904 4396 3101 4452 collato
3145 4395 3280 4466 pede
3312 4395 3669 4466 pugnabatur,
3701 4379 3762 4451 ut
3800 4407 3807 4414 ’

2169 4487 2326 4543 lineae
2348 4488 2523 4543 ductae
2552 4487 2751 4559 pedem
2773 4482 2991 4559 semper
3017 4497 3291 4559 aporteret
3336 4488 3613 4554 insistere,
3661 4501 3763 4544 nec

2170 4580 2293 4636 inde
2320 4579 2536 4637 referri.
2910 4586 2915 4590 ’

2169 4690 2293 4747 109.
2337 4689 2520 4749 Lineis
2545 4691 2749 4767 eisdem
2802 4691 3079 4750 dimicare.
3128 4693 3277 4750 Tom.
3306 4691 3399 4749 111.
3421 4692 3510 4749 lib.
3541 4692 3611 4750 V.
3640 4693 3758 4748 adv.

2627 4783 2793 4840 Marc.
2820 4800 2934 4851 cap.
2970 4786 3023 4840 1.
3052 4802 3192 4840 num.
3222 4784 3309 4840 12.
3351 4828 3365 4855 .-

2173 4904 2183 4941 ι
2245 4900 2390 4967 Intra
2427 4909 2572 4957 certa
2610 4908 3042 4974 argumentorum
3081 4909 3229 4970 septa
3270 4914 3607 4972 permanere,
3649 4900 3762 4957 sive

2177 4992 2317 5049 intra
2347 4992 2566 5049 eosdem
2592 4993 2726 5049 lines
2755 4994 2808 5050 ln
2838 4992 3159 5065 disputando
3180 4993 3406 5049 versari.

2164 5112 2292 5168 110.
2344 5113 2618 5195 Adlineas
2647 5130 2879 5172 rursum.
2909 5114 3058 5172 Tom.
3088 5114 3175 5171 Ill.
3205 5114 3296 5172 lib.
3344 5115 3386 5172 l.
3426 5117 3544 5171 adu.
3583 5115 3757 5173 Marc.

2711 5227 2825 5282 cap.
2854 5211 2908 5267 9.
2939 5228 3077 5267 num.
3111 5211 3202 5268 55.

2234 5322 2350 5380 Hoc
2376 5332 2460 5380 est
2479 5365 2495 5392 ,
2540 5323 2607 5381 ad
2636 5326 2965 5396 propositum
2995 5333 3154 5395 atque
3181 5324 3481 5403 institutum
3521 5334 3642 5395 post
3668 5323 3757 5380 dl-

2161 5417 2495 5487 gressionem
2525 5416 2638 5472 sive
2667 5427 2950 5488 παρέκϐασιν
2980 5417 3201 5477 reverti.
3241 5415 3523 5488 Sumptum
3567 5416 3636 5472 ab
3668 5416 3754 5483 iis,

2164 5509 2255 5579 qui
2285 5525 2447 5580 quum
2475 5525 2506 5564 a
2550 5509 2704 5565 lineis
2736 5510 2847 5579 jam
2892 5508 3223 5577 exciderint,
3270 5524 3485 5566 rursum
3531 5509 3755 5581 gradum

2162 5598 2437 5670 colligunt.
2467 5599 2600 5655 Vide
2623 5614 2781 5669 supra
2806 5615 2822 5655 :
2846 5599 2911 5654 In
2934 5602 3153 5671 gradum
3177 5617 3403 5658 rursum.

2162 5714 2288 5770 111.
2313 5713 2368 5772 1η
2393 5716 2563 5772 lineas
2587 5714 2800 5772 easdem
2825 5715 3049 5789 gradum
3068 5717 3344 5790 colligere.
3371 5717 3522 5774 Tom.
3547 5715 3634 5773 111.
3661 5716 3751 5773 lib.

2517 5810 2581 5865 de
2599 5810 2804 5883 Anima,
2835 5811 3070 5885 cap.
3098 5829 3239 5869 nunt.
3270 5813 3396 5871 545.
