4106 6330
311 304 421 380 253

1488 324 2013 384 PROVERBIALES
2052 325 2427 385 FORMIJLAE.

3504 326 3611 386 254
3660 325 3667 331 ’

386 437 449 492 Β.
482 436 726 506 Hicron.,
750 438 803 494 in
830 436 1036 509 Dialog.
1051 437 1171 495 adv.
1190 436 1446 497 Lucifer:
1472 442 1523 495 in
1552 440 1776 514 gradum
1803 456 1916 497 rur-
1940 440 1995 501 Α
2025 442 2156 500 117.
2185 442 2290 498 Per
2316 443 2511 497 lineam
2546 422 2820 497 eamdem.
2841 408 3046 495 serram
3072 440 3428 513 reciprocare.
3456 442 3604 498 Tom.

315 543 438 584 sum
466 543 531 585 ac
557 528 729 586 lineas
751 530 1064 602 regredere.

316 662 446 720 112.
474 662 623 720 Ιηιηῐ
647 663 841 720 lineam
868 672 1161 721 extremam
1193 664 1488 721 includere.
1517 664 1666 721 Tom.
1697 664 1785 722 Ill.
1817 666 1907 721 lib.

562 758 683 815 adu.
730 758 1070 832 Hermogen.,
1101 776 1214 831 cap.
1239 760 1329 816 38.
1359 776 1501 817 nam.
1531 760 1673 815 154.

386 891 503 947 Hoc
532 900 803 962 sumptum
827 893 1034 949 videtur
1056 895 1231 967 magis.
1248 908 1277 948 a
1304 893 1605 950 Geometris
1622 936 1635 959 ,
1684 908 1910 964 quorum

312 985 562 1040 tractatio
591 996 675 1041 est
702 985 770 1041 de
792 987 1117 1057 "quantitate,
1158 986 1299 1053 loco,
1330 987 1635 1057 superﬁcie,
1668 998 1720 1042 et
1741 986 1908 1041 linea.

312 1079 576 1151 Loquitur
611 1081 679 1136 de
704 1082 921 1139 Materia
949 1083 1173 1140 Tertull.
1207 1099 1364 1155 quam
1401 1082 1763 1155 Hermogenes
1787 1099 1910 1139 cor-

312 1186 446 1241 pore
476 1173 735 1228 infinitam
764 1174 1020 1242 faciebat,
1067 1184 1124 1231 et
1153 1175 1326 1230 locum
1355 1184 1534 1231 tamen
1566 1177 1613 1232 ei
1641 1175 1914 1232 adscribe-

314 1263 427 1328 bat,
449 1280 557 1336 quo
583 1266 833 1333 ambiret,
870 1266 975 1323 hoc
1001 1278 1103 1333 est,
1127 1278 1350 1347 extrema
1370 1270 1503 1323 linea
1530 1268 1909 1325 includeretur.

313 1357 649 1427 Signiﬁcabit
688 1360 847 1431 igitur
884 1360 1256 1428 Proverbium,
1298 1362 1342 1417 si
1392 1362 1586 1432 placet,
1633 1363 1798 1418 certis
1852 1363 1911 1416 li-

315 1451 537 1506 utilibus
554 1452 765 1524 aliquid
797 1454 1261 1524 comprehendere
1291 1463 1344 1511 et
1371 1455 1545 1511 linire.
1603 1477 1606 1482 -

313 1565 438 1620 113.
484 1564 685 1622 Lineas
712 1564 947 1623 ducere-
1005 1567 1151 1623 Tom.
1185 1567 1276 1623 lll.
1320 1569 1407 1624 lib.
1438 1569 1500 1624 de
1547 1571 1757 1640 Anima,
1789 1534 1909 1642 cap.

897 1658 990 1725 36,
1020 1676 1165 1713 nunt.
1196 1661 1322 1716 452.
1434 1662 1442 1668 ’

387 1766 589 1825 Gracia
615 1774 745 1837 ἄγαν
774 1780 805 1832 ἥ
830 1776 1019 1842 γράφειν
1040 1782 1281 1841 γραμμὴ.
1332 1771 1401 1826 Ει
1428 1772 1645 1829 linearis
1684 1774 1910 1845 pictura,
1944 1803 1992 1864 B

318 1872 349 1924 ἡ
386 1875 580 1937 γραφὶς.
629 1864 765 1921 Hinc
808 1864 939 1938 illud
969 1883 981 1919 :
1017 1864 1221 1921 Primos
1263 1866 1423 1921 lineas
1451 1868 1653 1935 ducere,
1683 1869 1913 1940 eleganti

315 1958 630 2029 metaphora
674 1975 705 2015 a
751 1960 1064 2030 pictoribus,
1117 1977 1213 2032 pro
1258 1977 1324 2018 eo
1367 1964 1506 2033 quod
1538 1973 1638 2029 est,
1670 1964 1913 2020 umbram

317 2059 523 2107 tantum
548 2052 777 2123 alicujus
803 2052 878 2109 rei
902 2053 1185 2118 exhibere,
1214 2062 1373 2125 atque
1397 2055 1571 2109 obiter
1592 2055 1732 2125 (IUl’d
1761 2056 1914 2111 intel-

278 2192 291 2198 -
316 2141 408 2213 ligi
463 2144 649 2215 cupias
671 2144 963 2201 delineare.
996 2146 1146 2201 Ducit
1171 2155 1226 2201 et
1253 2147 1447 2216 primas
1475 2147 1662 2211 lineas,
1693 2149 1782 2218 qui
1812 2147 1915 2204 for-

316 2236 512 2291 mulam
559 2237 873 2292 exordiendi
920 2238 1117 2308 negotii
1165 2238 1485 2308 praescribit.
1518 2238 1583 2293 Et
1608 2240 1819 2294 mittere
1846 2239 1914 2293 li-

317 2346 471 2406 neam
496 2372 510 2394 .
560 2346 656 2401 pro
684 2349 697 2386 :
725 2330 858 2387 Rem
892 2341 1094 2387 tantum
1124 2331 1475 2399 adumbrare,
1514 2340 1567 2387 et
1595 2332 1917 2403 conjecturis

323 2418 638 2495 quibusdam
668 2423 1092 2492 investigandam
1121 2438 1443 2495 proponere.
1466 2423 1740 2494 Siquidem
1764 2440 1828 2479 ex
1856 2424 1917 2479 li-

319 2530 543 2572 nearum
568 2514 727 2571 ductu
763 2514 967 2586 justum
999 2516 1160 2572 etiam
1190 2518 1412 2587 picturas
1438 2517 1722 2572 artificium
1747 2516 1915 2573 disci-

320 2621 463 2664 mus.
495 2605 649 2664 Unde
676 2607 969 2663 versiculus
994 2625 1007 2661 :
1796 2594 1801 2599 ’

446 2738 599 2791 Linea
621 2751 732 2803 qua:
755 2747 980 2790 veterem
1002 2739 1151 2802 longe
1173 2730 1384 2791 fateatur
1404 2738 1647 2804 Apellem.

321 2863 551 2930 Plinius,
571 2864 662 2919 lib.
692 2863 910 2930 XXXV,
939 2878 988 2919 c.
1015 2863 1102 2927 10,
1133 2863 1377 2928 meminit
1414 2864 1673 2922 linearum
1693 2863 1918 2934 Apellis.

325 2957 517 3012 Solent
536 2957 678 3013 enim
707 2956 961 3026 pictores,
990 2956 1063 3011 uti
1090 2955 1250 3011 etiam
1286 2956 1460 3012 Rhen.
1504 2957 1799 3023 annotavit,
1830 2972 1920 3028 pe-

322 3050 507 3105 nicillo
528 3048 700 3104 lineas
719 3048 937 3117 ducere,
991 3048 1302 3119 priusquam
1328 3047 1571 3104 umbram
1596 3048 1714 3104 siue
1739 3049 1922 3103 colore

266 3182 273 3188 .
321 3141 566 3197 Colorare
592 3139 866 3211 incipiant.
1219 3144 1227 3153 ‘

321 3277 451 3333 114.
482 3260 672 3334 Lineas
701 3286 876 3334 rectas
904 3276 1301 3334 ducere.’Tum.
1327 3275 1412 3332 lll.
1443 3277 1529 3334 lib.
1560 3277 1678 3332 adv.
1712 3240 1920 3346 Herm,

838 3385 955 3439 cap.
989 3368 1077 3424 36.
1111 3383 1252 3422 nunt.
1283 3367 1409 3423 126.
1508 3378 1517 3383 ‘

399 3505 629 3576 Adaptat
676 3505 793 3561 haec
834 3504 1146 3570 Proverbia,
1192 3518 1227 3558 a
1265 3503 1487 3573 pictoria
1532 3514 1648 3558 arte
1672 3501 1921 3571 deducta,

327 3600 671 3675 llermogeni,
712 3598 803 3669 qui
829 3608 955 3652 ante
982 3597 1227 3652 haeresim
1250 3597 1537 3673 pictoriam
1566 3606 1879 3650 exercuerat
1906 3612 1919 3648 :

328 3691 451 3747 Nisi
477 3694 611 3763 quod
640 3693 684 3747 si
714 3701 817 3746 tam
840 3703 1001 3746 rectas
1031 3691 1189 3746 lineas
1204 3676 1358 3744 ‘ducis
1383 3688 1744 3760 Hermogenes,
1773 3706 1922 3759 quant

326 3789 461 3843 ratio
489 3788 607 3853 ista,
643 3788 806 3857 pictor
833 3796 881 3840 te
903 3785 1111 3839 bardior
1136 3801 1238 3839 non
1270 3792 1364 3838 est.
1411 3782 1624 3838 Referri
1661 3790 1834 3852 potest
1857 3783 1924 3838 ad

325 3896 451 3936 eum
476 3882 564 3951 qui
590 3879 823 3934 officium
847 3893 1004 3933 suum
1028 3878 1195 3948 probe
1220 3876 1384 3941 facit;
1415 3876 1505 3946 qui
1532 3875 1601 3929 ab
1629 3875 1925 3929 honestatis

328 3970 613 4043 praeceptis
640 3985 746 4025 non
775 3969 1034 4035 discedit;
1061 3968 1153 4038 qui
1184 3982 1297 4033 sua:
1318 3966 1450 4021 artis
1475 3965 1677 4036 peritus
1697 3974 1798 4020 est.
1825 3963 1925 4019 Cui

326 4072 631 4134 Opponatur
660 4062 820 4116 etiam
850 4079 863 4115 :
889 4078 921 4113 a
948 4060 1093 4114 lineis
1122 4057 1370 4113 excidere.

291 4236 297 4243 _
330 4178 463 4233 115.
483 4176 829 4233 Lineamenta
848 4174 1089 4231 ductare.
1116 4171 1263 4227 Tom.
1287 4170 1377 4226 lll.
1397 4172 1486 4227 lib.
1506 4173 1568 4226 de
1585 4171 1768 4226 Resur.
1792 4188 1925 4238 car.,

1001 4282 1139 4319 nunt.
1164 4265 1254 4320 55.

403 4384 593 4440 Cicero
638 4400 649 4433 :
682 4382 913 4452 ASpersa
940 4390 1140 4435 temere
1171 4379 1437 4449 pigmenta
1473 4378 1523 4432 in
1555 4377 1748 4433 tabella
1768 4417 1784 4444 ,
1817 4377 1926 4431 oris

328 4476 652 4533 lineamenta
679 4461 936 4543 efﬁngere
975 4481 1218 4542 possunt.
1249 4469 1449 4524 ϐνιυοὶε
1488 4478 1612 4521 sunt
1641 4474 1926 4538 περιγράςοαι

330 4580 390 4624 et
427 4552 754 4640 σκιαγράφίαι.
801 4565 932 4621 lteut
980 4564 1090 4618 (lic.
1146 4563 1197 4615 in
1225 4560 1374 4616 Orat.
1426 4561 1492 4614 ad
1538 4560 1687 4615 Brut.
1726 4559 1926 4613 Nume-

335 4677 429 4716 rus
448 4660 598 4729 quasi
623 4657 908 4730 quamdam
935 4655 1235 4726 palmstram
1258 4665 1310 4707 et
1339 4649 1579 4707 extrema
1608 4652 1926 4705 lineamenta

333 4752 563 4808 orationi
616 4749 792 4803 attulit
816 4746 977 4813 ,ηιοο
1004 4756 1119 4811 est,
1160 4752 1493 4799 venustatem
1522 4743 1586 4798 ad
1614 4744 1929 4797 ostentatio.

332 4860 459 4917 nem
487 4842 814 4904 adhibitam,
844 4850 897 4895 et
926 4836 1225 4894 extremam
1257 4837 1406 4907 quasi
1450 4851 1686 4889 manum.
1720 4834 1929 4890 Tertul.

334 4935 513 4997 liauus
547 4952 562 4991 :
601 4932 900 5003 Exprimere
931 4932 1313 5000 interpretatur
1334 4971 1347 4994 ,
1377 4928 1535 4981 lineas
1563 4928 1762 4981 ducere.
1794 4927 1924 4981 Rern

335 5016 543 5101 scilicet
572 5025 764 5081 clarius
791 5023 860 5078 ob
889 5022 1072 5077 oculos
1114 5034 1411 5090 proponere
1453 5028 1505 5073 et
1531 5017 1922 5073 demonstrare.

339 5142 466 5199 116.
494 5143 540 5199 A
582 5141 762 5197 Lineis
796 5138 1065 5196 excidere.
1108 5136 1252 5192 Tom.
1277 5135 1367 5190 Ill.
1394 5134 1480 5189 lib.
1511 5135 1629 5189 adu.
1658 5131 1930 5206 Hermog.,

848 5249 962 5304 cap.
993 5230 1083 5289 '59.
1112 5247 1254 5285 num.
1284 5229 1407 5285 157.

334 5404 337 5407 λ
413 5347 616 5403 Praeter
667 5346 1003 5417 superiorem
1048 5344 1547 5414 interpretationem
1603 5343 1673 5397 ab
1720 5343 1936 5398 athletis

337 5438 559 5496 ductam
584 5480 599 5501 .
633 5437 927 5508 pictoribus
949 5436 1054 5492 hoc
1085 5435 1337 5506 potiusju
1361 5434 1750 5504 Hermogenem
1776 5445 1930 5490 antea

336 5532 600 5604 pictorem
646 5528 830 5584 refert.
864 5527 1104 5583 Pictores
1151 5540 1382 5604 namque
1409 5542 1439 5580 a
1485 5525 1640 5580 lineis
1672 5525 1937 5594 penicillo

339 5620 587 5677 deductis
614 5620 961 5686 excidentes,
1008 5619 1146 5673 ultra
1194 5619 1387 5673 lineam
1428 5617 1687 5686 picturam
1723 5626 1938 5687 proten—

339 5714 482 5769 dunt
497 5727 672 5778 suam,
699 5723 756 5766 ut
779 5712 849 5767 sit
874 5729 887 5765 :
918 5711 1221 5767 exorbitare
1243 5710 1313 5765 ab
1341 5709 1607 5776 instituto,
1637 5709 1720 5766 vel
1744 5711 1937 5777 etiam,

343 5807 419 5866 ab
445 5805 624 5864 officio
651 5804 931 5869 discedere
951 5846 965 5869 ,
996 5815 1052 5859 et
1078 5803 1189 5860 falli
1214 5810 1374 5876 atque
1402 5820 1608 5861 errare.

638 5902 1100 5964 Temenum.
1148 5900 1198 5967 l.

1946 3160 1992 3223 C

2245 535 2311 590 ll.
2343 535 2430 589 lib.
2460 536 2523 590 de
2548 535 2733 591 Coron.
2758 535 2910 592 milii.
2936 551 2982 588 ε.
3014 535 3066 590 '5.
3097 551 3235 591 nam.
3269 536 3360 591 28.

2086 645 2379 703 Rhenanus
2406 665 2420 702 :
2451 647 2625 702 Habet
2662 647 2932 703 Proverbii
2963 649 3196 718 speciem
3233 649 3302 705 de
3351 650 3524 705 inutili
3551 657 3607 707 et

2014 755 2154 795 vano
2183 728 2387 796 labore.
2433 739 2741 809 Metaphora
2776 749 2988 810 sumpta
3027 755 3057 794 a
3093 741 3392 797 sectoribus
3430 742 3607 813 ligno-

2014 847 2136 887 rum
2164 850 2176 886 :
2204 833 2397 904 quisic
2442 832 2641 887 ducant
2670 848 2899 898 serram,
2932 839 2989 885 ut
3027 842 3117 887 aut
3156 848 3264 887 non
3295 832 3602 900 dimittant,

2015 934 2104 979 aut
2134 926 2184 979 in
2216 925 2405 981 eadem
2434 932 2637 979 tantum
2665 925 2805 979 linea
2833 932 3199 994 perseverent,
3262 924 3396 979 nihil
3421 928 3629 996 agent,-

2014 1021 2098 1075 vel
2143 1031 2290 1077 certe
2335 1036 2442 1075 non
2485 1020 2710 1075 multum
2755 1026 2932 1089 agent.
2976 1016 3322 1073 lnuuitTert.
3366 1018 3607 1074 inutilem

2016 1111 2254 1167 laborem
2300 1112 2441 1166 circa
2484 1127 2644 1166 unam
2690 1109 3042 1180 eamdemque
3083 1122 3229 1175 rem,
3276 1117 3333 1163 ut
3358 1110 3391 1164 ii
3431 1110 3519 1179 qui
3551 1110 3609 1166 in

2016 1202 2204 1259 eodem
2232 1213 2552 1273 argumento
2582 1201 2854 1256 immodici
2886 1209 3042 1266 sunt,
3094 1209 3149 1255 et
3196 1199 3342 1255 velut
3379 1214 3604 1271 cupres-

2017 1307 2136 1348 sum
2164 1294 2437 1349 simulant.
2473 1293 2599 1349 llzec
2627 1292 2815 1349 eodem
2840 1301 3084 1363 Spectant
3117 1310 3130 1347 :
3166 1291 3365 1348 Eadem
3400 1307 3614 1363 semper

2020 1386 2276 1441 oberrare
2320 1385 2485 1441 corda
2527 1399 2546 1441 ':
2594 1384 2854 1440 Eamdem
2909 1383 3156 1441 incudem
3214 1393 3376 1439 noctu
3415 1383 3615 1455 diuque

2022 1477 2265 1534 tundere.
2314 1478 2467 1549 Apud
2517 1478 2665 1548 Virg.
2720 1480 2935 1548 Argutae
2966 1478 3165 1532 lamina
3210 1492 3404 1543 serrae,
3446 1477 3621 1533 innuit

2022 1569 2524 1640 reciprocationem.
2558 1556 2905 1624 Sic’fullones
2932 1567 3183 1623 dicuntur
3210 1586 3222 1622 :
3253 1568 3499 1640 Argutari
3524 1584 3615 1639 pe-

2019 1659 2186 1727 dibus,
2219 1661 2321 1716 hoc
2344 1670 2446 1727 est,
2479 1660 2686 1717 alterno
2708 1670 2761 1717 et
2780 1660 3058 1729 reciproco
3084 1660 3221 1730 pede
3248 1660 3530 1717 exculcare
3555 1669 3611 1717 et

2021 1754 2199 1809 lavare
2217 1769 2443 1835 pannos.

2022 1866 2147 1923 118.
2168 1867 2620 1939 ιυοίῖυςω.Τοηι.
2652 1866 2743 1922 Ill.
2769 1868 2859 1924 lib.
2891 1869 2953 1921 de
2982 1865 3271 1936 Resurreet.
3297 1886 3427 1938 car.,
3456 1889 3501 1926 c.
3521 1872 3614 1928 47.

2659 1975 2800 2012 nam.
2848 1958 2973 2014 541.

2092 2072 2348 2144 Lucifuga
2398 2081 2452 2128 et
2483 2071 2764 2144 Lucifugns
2791 2115 2806 2139 ,
2865 2073 3059 2128 infame
3088 2088 3306 2130 nomen.
3336 2076 3508 2131 Homo
3537 2078 3619 2132 ni-

2021 2166 2217 2221 mirum
2259 2174 2467 2221 naturae
2486 2152 2787 2221 contrarius
2819 2175 2874 2220 et
2903 2176 3294 2237 praeposterus,
3336 2168 3454 2226 luce
3497 2169 3622 2226 dor-

2020 2257 2156 2322 mit,
2189 2266 2347 2313 noctu
2387 2256 2591 2328 vigilat,
2617 2273 2777 2327 quem
2801 2257 3159 2314 Jureconsulti
3191 2262 3471 2330 appellant
3496 2276 3620 2318 ves-

2020 2349 2392 2420 pertilionem,
2437 2348 2580 2419 quod
2605 2358 2797 2404 exacto
2844 2349 2954 2419 jam
2997 2349 3102 2428 diei
3156 2352 3466 2421 curriculo,
3521 2355 3622 2410 sub

2022 2454 2271 2510 noctem,
2322 2442 2721 2514 vespertilionis
2773 2444 2825 2497 in
2866 2458 3071 2498 morem
3113 2456 3385 2517 prorepat.
3434 2444 3622 2502 Graece

2023 2542 2266 2606 λυχνὸειος
2292 2578 2306 2602 ,
2372 2523 2687 2608 quibusdam
2765 2537 3071 2605 Tenebrio,
3112 2540 3265 2607 quasi
3308 2555 3496 2596 amans
3540 2549 3622 2598 te-

2021 2630 2333 2686 nebrarum.
2380 2629 2571 2685 Cicero
2638 2630 2692 2685 in
2738 2628 2899 2685 Catil.
2962 2630 3299 2687 Dormientes
3337 2633 3610 2703 appellat,

2024 2736 2190 2793 quum
2230 2720 2571 2790 vigilantibus
2596 2720 2838 2791 opponit.
2866 2721 3072 2776 Tertul.
3106 2721 3377 2795 Lucifugw
3400 2725 3620 2796 scriptu-
3670 2752 3677 2761 ν

2024 2831 2199 2869 rarum
2225 2856 2238 2879 ,
2264 2815 2353 2884 qui
2388 2815 2440 2868 in
2464 2829 2671 2869 summa
2703 2816 3026 2884 scriptorum
3055 2816 3319 2882 claritate,
3361 2827 3416 2872 et
3444 2820 3495 2871 in
3519 2818 3585 2874 iis
3607 2861 3620 2882 ,

2027 2917 2084 2962 ut
2124 2908 2305 2963 verbis
2343 2906 2569 2963 Tertull.
2625 2915 2780 2973 utar,
2829 2924 2944 2979 quae
2986 2909 3064 2963 vel
3114 2909 3275 2979 ipsius
3314 2911 3435 2965 solis
3476 2910 3624 2965 radio

2026 3002 2231 3071 scriptas
2267 3001 2495 3067 clarent,
2534 3000 2873 3072 impingunt,
2914 3010 2969 3056 ct
3008 3008 3067 3056 ιιι
3113 3001 3308 3058 dicitur
3336 3046 3350 3072 ,
3404 3004 3456 3058 in
3505 3002 3620 3059 sole

2033 3094 2285 3164 caligant.

2047 3205 2214 3290 .ll9.
2267 3205 2566 3262 Lucernam
2616 3205 2839 3262 meridie
2875 3206 3241 3263 circumferre.
3290 3207 3434 3265 Tom.
3476 3208 3561 3265 III.

2339 3299 2428 3353 lib.
2463 3298 2503 3353 l.
2533 3297 2647 3353 adv.
2684 3297 2850 3352 Marc.
2879 3315 2995 3370 cap.
3029 3300 3082 3354 1.
3116 3317 3257 3354 num.
3287 3300 3371 3357 l9.

2101 3410 2518 3465 Proverbialiter
2564 3411 2703 3465 idem
2742 3410 3063 3482 significabit
3104 3412 3246 3482 quod
3279 3454 3295 3478 ,
3348 3413 3619 3469 lucernam

2027 3501 2285 3581 adhibere
2312 3502 2395 3555 vel
2436 3501 2731 3557 accendere
2760 3503 2811 3556 in
2855 3492 3113 3568 meridie,
3144 3504 3283 3573 quod
3305 3514 3417 3572 est,
3449 3507 3626 3581 facere

2028 3593 2225 3664 aliquid
2257 3608 2363 3647 non
2390 3609 2490 3649 suo
2522 3603 2762 3663 tempore
2785 3636 2798 3658 ,
2826 3594 2911 3649 vel
2939 3615 2951 3649 :
2977 3593 3028 3648 in
3061 3610 3120 3649 re
3140 3594 3284 3649 clara
3311 3595 3623 3651 obscurita-

2030 3696 2138 3742 tem
2165 3685 2445 3759 aucupari,
2468 3685 2659 3740 Natum
2685 3701 2713 3738 a
2747 3686 2983 3756 Diogene
3002 3727 3017 3752 ,
3046 3688 3135 3758 qui
3158 3702 3383 3741 accensa
3409 3688 3626 3744 lucerna

2029 3779 2256 3835 meridie
2286 3777 2557 3832 hominem
2597 3778 2891 3848 quaerebat.

2030 3876 2493 3950 19.0.Luminibus
2514 3892 2978 3967 effossisorhatus.
3003 3892 3220 3950 Tom.V.
3246 3895 3336 3950 lib.
3360 3895 3422 3950 de
3440 3868 3625 3957 Trinit,

2543 4004 2659 4056 cap.
2689 3987 2779 4041 28.
2810 4003 2953 4043 num.
2988 3987 3113 4042 127.
3186 4046 3189 4049 ,

2100 4105 2315 4171 Virgil.,
2337 4086 2435 4159 ab.
2467 4103 2555 4159 III.
2584 4099 2865 4175 de'Polyp.

2159 4195 2374 4245 Luminis
2398 4194 2562 4244 eﬂossi
2602 4195 2800 4244 ﬂuidum
2840 4195 2956 4245 lavit
2988 4195 3101 4246 inde
3135 4209 3379 4247 cruorem.

1995 4280 2101 4338 .Et
2140 4281 2301 4350 paulo
2340 4280 2588 4349 superius
2623 4298 2634 4332 :
2661 4282 2761 4335 Cui
2797 4280 2976 4335 lumen
3007 4282 3337 4352 ademptum,
3364 4293 3417 4338 ct
3445 4301 3458 4337 :
3489 4284 3621 4340 Telo

2030 4373 2211 4428 lumen
2244 4373 2592 4426 terebramus.
2623 4371 2758 4426 Vide
2794 4388 2952 4442 supra
2980 4389 2993 4424 :
3024 4373 3196 4427 Caecus
3237 4375 3289 4427 in
3322 4389 3515 4444 petram
3538 4381 3622 4448 of-

2030 4467 2212 4539 fendit.
2247 4465 2500 4535 Adiungit
2547 4463 2871 4519 Novatianus
2902 4478 3016 4533 'per
3086 4467 3434 4535 Epexegesin.
3462 4466 3624 4520 Totas

2032 4563 2097 4614 sit
2126 4562 2178 4613 in
2209 4559 2455 4611 doctrina:
2476 4573 2582 4610 suae
2608 4557 2832 4611 ctecilate
2857 4566 3142 4626 superatus.
3178 4558 3244 4610 Ut
3271 4558 3622 4627 proverbiali-

2034 4661 2115 4705 ter
2141 4650 2209 4704 de
2238 4665 2303 4703 eo
2346 4647 2447 4701 dici
2482 4646 2688 4716 possit,
2726 4650 2814 4715 qui
2846 4635 3206 4700 doltrinarum
3251 4648 3333 4701 vel
3373 4660 3617 4700 errorum

2032 4742 2292 4813 pravitate
2320 4748 2623 4795 exczecatus
2651 4747 2755 4803 est,
2786 4748 2839 4793 et
2866 4739 2949 4792 cui
2979 4738 3111 4791 nihil
3141 4752 3286 4791 same
3317 4737 3512 4791 mentis
3540 4738 3623 4790 in-

2032 4833 2403 4904 telligentimve
2426 4830 2496 4885 sit
2521 4830 2805 4899 reliquum.
2835 4829 2934 4885 Vel
2977 4829 3041 4882 ad
3084 4828 3357 4902 Novatiani
3401 4837 3623 4883 senten-

2034 4926 2158 4978 tiam
2188 4923 2407 4994 propius
2441 4939 2453 4974 :
2487 4923 2569 4975 cui
2600 4920 2728 4973 nihil
2759 4918 3076 4988 subterfugii
3106 4926 3302 4983 restat,
3338 4934 3444 4988 quo
3466 4933 3626 4989 argu-

2036 5016 2233 5071 mentis
2262 5014 2436 5068 victus
2469 5022 2744 5077 recurrat,
2775 5010 3012 5080 nihilque
3037 5026 3220 5065 secum
3253 5021 3427 5081 potest
3454 5012 3624 5083 dispi-

2038 5124 2189 5173 cere,
2231 5121 2339 5178 quo
2364 5120 2605 5161 errorem
2636 5114 2864 5159 tueatur.
2925 5128 2933 5135 '

2041 5225 2167 5282 121.
2197 5222 2465 5280 Alumine
2507 5220 2810 5277 exorbitare
2854 5217 3101 5289 caligine.
3141 5218 3281 5274 Tom.
3332 5220 3396 5275 V.
3448 5220 3537 5274 lib.
3566 5221 3631 5275 de

2060 5308 2065 5314 ί
2450 5312 2641 5368 Pudic.
2671 5329 2785 5382 cap.
2814 5310 2869 5366 8.
2892 5325 3035 5364 nunt.
3066 5310 3156 5367 59.

2109 5431 2194 5486 Ab
2223 5428 2395 5484 orbita
2419 5468 2435 5492 ,
2480 5426 2619 5497 quod
2651 5435 2732 5480 est
2777 5423 3057 5494 vestigium
3090 5420 3425 5480 decurrentis
3457 5425 3507 5479 in
3541 5425 3627 5480 via

2038 5531 2192 5595 rotas,
2226 5529 2310 5575 est
2345 5517 2566 5573 verbum
2594 5514 2911 5580 exorbitare,
2943 5516 3095 5584 quasi
3135 5529 3163 5568 a
3193 5516 3273 5570 via
3302 5515 3589 5571 deﬂectere
3610 5559 3627 5583 ,

2044 5632 2157 5688 pra:
2187 5627 2431 5669 errorum
2453 5611 2692 5664 excitate
2721 5623 2898 5662 veram
2929 5607 3222 5664 doctrinam
3249 5652 3263 5676 ,
3293 5626 3409 5679 quae
3438 5624 3531 5679 per
3572 5625 3636 5665 se

2043 5709 2188 5765 lucet
2214 5748 2227 5772 ,
2261 5720 2366 5760 non
2396 5717 2560 5775 posse
2602 5700 2930 5771 perspicere.
2960 5700 3077 5756 Lib.
3107 5701 3194 5756 ad.
3227 5698 3417 5763 Gnost.
3446 5701 3520 5755 Ab
3545 5701 3638 5756 illo

2046 5800 2208 5875 (Deo)
2237 5799 2289 5854 in
2320 5795 2616 5852 idololatria
2634 5793 3067 5850 exorbitaverunt.

3116 5888 3360 5969 (non)
