4082 6346
415 329 522 387 259

1518 324 1610 379 EX
1649 319 2116 380 TEllTULLlANl
2153 322 2626 382 APOLOGETICO

3609 295 3716 388 ..ο

487 450 609 505 110.
639 447 779 506 Nutu
801 445 1031 502 tradere.
1053 443 1170 514 (nisi
1189 441 1466 497 traducere
1494 441 1604 510 quis
1633 439 1822 510 malit.)
1848 437 1920 493 Το
1935 453 2004 492 m.
2036 438 2091 498 Α
2118 435 2246 494 144.
2290 438 2346 518 In
2373 451 2576 511 partem
2601 453 2759 496 unam
2780 439 3114 498 incumbere.
3141 441 3286 498 Tom.
3313 439 3378 500 V.
3404 443 3494 501 lib.
3517 444 3580 500 de
3603 444 3718 507 Τνί.

733 539 772 593 1.
807 537 893 592 lib.
922 536 985 590 de
1013 533 1152 589 Pall.
1184 550 1300 605 cap.
1331 534 1385 588 4.
1410 549 1556 587 nam.
1588 531 1680 588 84.

484 652 654 707 Vide:
687 647 806 702 Acie
831 647 987 718 ﬁgere
1008 688 1022 712 ,
1054 654 1099 698 et
1140 637 1301 717 digito
1327 645 1602 699 destinare.
1631 644 1723 700 Est
1749 643 2003 700 deriden-

416 744 546 800 tium
577 751 632 807 et
676 740 1091 809 improbanlium
1139 737 1338 809 aliquid
1393 738 1693 794 clanculum
1725 740 1863 793 inter
1911 752 2004 803 se,

414 835 558 907 quod
589 833 761 906 palam
786 832 960 888 facere
985 846 1091 886 non
1121 832 1190 886 sit
1210 832 1427 902 impune
1449 830 1532 886 vel
1566 831 1764 886 decens
1793 847 1805 883 :
1839 844 2004 900 quum

415 941 591 997 neque
629 923 890 994 conjectis
930 923 982 977 in
1033 922 1305 977 hominem
1354 937 1536 976 remve
1581 921 1784 999 oculis,
1835 934 2008 989 neque

408 1019 674 1092 protentis
697 1016 876 1088 digitis
901 1016 951 1070 id
988 1014 1167 1070 facere
1196 1014 1320 1070 licet
1353 1036 1365 1070 :
1397 1023 1510 1068 tum
1535 1012 1868 1069 clanculario
1893 1013 2004 1068 sal-

409 1123 518 1170 tem
547 1127 611 1168 ac
641 1121 769 1168 nutu
801 1111 1160 1167 demonstrari
1188 1117 1382 1178 potest.

407 1230 434 1284 1
451 1228 534 1286 il.
557 1227 738 1284 Oculis
765 1225 978 1282 clausis.
1003 1224 1148 1278 Tom.
1169 1223 1216 1289 I,
1246 1223 1332 1278 lib.
1357 1223 1420 1276 de
1460 1219 1597 1276 Pall.
1624 1238 1740 1291 cap.
1762 1221 1819 1275 2.
1860 1237 2002 1277 num.

477 1319 570 1375 20.
599 1318 818 1390 Apolog.
840 1334 956 1388 cap.
982 1317 1036 1372 5.
1068 1334 1119 1370 n.
1151 1315 1240 1370 56.
1274 1313 1421 1369 Tom.
1449 1311 1537 1367 111.
1583 1312 1670 1367 lib.
1701 1314 1762 1366 de
1791 1312 1999 1368 Resurr.

403 1418 410 1441 '
479 1411 671 1477 carnis,
691 1426 806 1480 cap.
840 1409 932 1464 51.
959 1423 1097 1462 num.
1131 1404 1255 1462 561.

409 1527 468 1584 Si
493 1525 779 1583 subaudias
807 1526 1029 1581 verbum
1051 1566 1065 1591 ,
1093 1523 1298 1591 liquet,
1331 1535 1420 1576 res
1442 1529 1524 1581 est
1548 1520 1866 1583 clarissima,
1886 1519 2005 1574 luce

406 1619 707 1676 meridiana
731 1617 959 1681 clarior,
991 1623 1049 1669 ut
1086 1613 1276 1670 nolens
1303 1612 1596 1683 volensque
1622 1614 1795 1683 quivis
1817 1611 1901 1667 vel
1930 1610 2004 1664 vi-

404 1713 537 1769 dere
563 1715 730 1783 possit
757 1709 836 1765 vel
882 1707 1203 1778 intelligere.
1235 1705 1291 1761 Si
1322 1705 1609 1759 subaudias
1640 1707 1814 1774 Agere
1837 1701 1964 1773 quid
1985 1743 1999 1768 ,

2576 533 2672 586 nit.
2699 549 2815 604 cap.
2844 533 2937 590 25.
2981 551 3124 590 num.
3159 535 3281 591 102.

2183 646 2464 718 Sumptum
2489 664 2520 704 a
2551 649 2768 716 militia,
2797 651 2888 706 ubi
2934 652 2987 706 in
3027 651 3275 708 dextrum
3304 655 3393 710 vel
3431 656 3717 718 sinistrum

2113 741 2252 796 latus
2283 742 2396 796 sive
2430 758 2596 797 cornu
2631 744 2744 800 sive
2775 755 2979 815 partem
3010 747 3213 816 majore
3239 749 3440 818 impetu
3464 759 3518 806 et
3546 750 3714 822 perti-

2115 834 2265 888 nacia
2293 849 2548 889 conversa
2579 835 2814 906 undique
2837 838 2986 907 signa
3010 837 3363 895 inferentibus
3390 841 3711 900 adversariis

2114 926 2458 980 incumbitur.
2487 926 2695 992 Quibus
2721 928 2942 996 dejectis
2971 938 3024 986 et
3054 930 3172 986 loco
3201 933 3483 988 summotis
3507 935 3707 1004 procli-

2113 1017 2194 1071 vis
2220 1017 2289 1071 sit
2320 1018 2734 1085 vietoria,Caesa.
2767 1019 2820 1074 2.
2851 1020 2961 1076 Bel.
2991 1020 3109 1077 Gal.
3140 1023 3319 1078 Cmsar
3339 1024 3406 1078 ad
3427 1025 3709 1084 dexterum

2111 1125 2278 1167 cornu
2329 1111 2595 1182 profectus
2641 1114 2728 1170 ubi
2778 1129 2904 1169 suos
2932 1115 3280 1186 urgeri,'etc.
3323 1118 3419 1174 His
3446 1120 3621 1176 verbis
3649 1135 3711 1178 se

2110 1205 2342 1274 explicat
2366 1207 2568 1262 Auctor
2599 1206 2690 1261 lib.
2719 1206 2786 1262 de
2818 1207 3007 1263 Trinit.
3037 1207 3422 1266 luclinaverant
3441 1254 3457 1280 ,
3487 1214 3705 1284 trahere,

2107 1313 2375 1367 superare,
2408 1314 2527 1368 qua:
2558 1314 2587 1352 a
2621 1299 2809 1354 militia
2838 1299 2994 1355 ducta
3026 1313 3170 1357 sunt.

2114 1413 2237 1469 145.
2280 1411 2495 1484 Pepone
2525 1413 2696 1485 magis
2726 1413 2977 1470 insulsus.
3007 1413 3156 1470 Tom.
3191 1416 3282 1472 111.
3313 1417 3401 1472 lib.
3433 1419 3497 1474 de
3524 1420 3708 1476 Anima

2652 1524 2770 1578 cap.
2800 1507 2903 1575 52,
2937 1525 3078 1563 num.
3110 1511 3238 1565 587.

2180 1628 2377 1680 Πέπονες
2438 1619 2630 1676 molles
2697 1629 2752 1675 et
2811 1619 2993 1677 faciles
3048 1620 3344 1692 dicuntur,
3398 1625 3709 1696 metaphora

2109 1727 2140 1767 a
2174 1713 2395 1767 maturis
2424 1711 2682 1768 fructibus
2713 1713 2868 1769 ducta
2896 1730 2910 1780 ;
2937 1715 3020 1771 vel
3051 1717 3210 1772 etiam
3241 1721 3662 1777 acucumeribus
3687 1763 3705 1790 ,

407 1815 492 1861 est
518 1803 739 1872 abrupte
759 1840 774 1866 ,
809 1810 1013 1856 temere
1036 1799 1198 1866 ,._sine
1227 1796 1538 1852 discriminc
1566 1795 1764 1851 facere.
1794 1795 1862 1850 Ut
1904 1795 2003 1849 im-
2033 1802 2081 1861 B
2109 1805 2197 1876 qui
2244 1821 2462 1876 pepones
2488 1805 2626 1874 quod
2676 1804 3024 1873 mollescant,
3054 1818 3128 1876 et,
3161 1809 3318 1863 simul
3351 1819 3511 1882 atque
3535 1819 3709 1867 mam-

406 1896 633 1968 pingunt
661 1893 713 1952 in
741 1893 919 1947 odium
953 1889 1185 1946 nominis
1210 1888 1500 1944 Christiani
1527 1889 1712 1941 clausis
1729 1887 1909 1953 oculis,
1949 1896 2003 1941 et

405 1989 656 2046 caecitate-
671 1986 777 2042 odii
809 1986 860 2040 in
891 1983 1247 2054 naufragium,
1277 1982 1366 2052 qui
1407 1980 1482 2034 rei
1523 1979 1800 2034 veritatem
1830 1994 2002 2048 neque

406 2080 688 2151 explorant
717 2093 888 2148 neque
935 2078 1216 2146 explorare
1265 2075 1544 2136 laborant,
1579 2073 1672 2127 sed
1720 2071 2001 2127 affectibus

397 2173 512 2228 suis
543 2170 876 2241 iniquissime
920 2167 1196 2236 indulgent
1225 2182 1238 2231 ;
1273 2176 1325 2220 et
1351 2167 1498 2234 juxta
1530 2162 1748 2218 Terent.

521 2305 698 2366 Neque
719 2305 800 2366 jus
818 2313 987 2366 neque
1012 2301 1190 2366 bonum
1211 2307 1364 2366 atque
1389 2309 1583 2366 aequum
1607 2298 1786 2366 seiu_n_t.

526 2359 737 2425 Melius;
748 2359 920 2427 pejus;
931 2364 1099 2427 prosit,
1124 2360 1243 2410 nihil
1270 2359 1464 2420 vident,
1482 2360 1571 2407 nisi
1596 2359 1724 2422 quod
1747 2359 1902 2409 lubet.

398 2503 410 2520 ‘
474 2496 538 2552 Β.
569 2495 794 2565 August.
818 2493 948 2560 Qum
969 2490 1184 2546 tandem
1214 2489 1294 2544 vis
1314 2530 1329 2554 ,
1355 2489 1456 2542 nisi
1484 2488 1697 2543 caecitas
1717 2496 1770 2543 et
1792 2487 1997 2544 vanitas

405 2567 569 2644 animi
590 2587 732 2657 cogit
754 2585 1022 2640 hominem
1047 2582 1245 2637 clausis
1263 2624 1276 2647 ,
1296 2589 1353 2635 ut
1395 2580 1612 2645 dicitur,
1645 2577 1815 2634 oculis
1836 2619 1851 2644 ,
1877 2588 1994 2632 tan-

401 2694 563 2752 quam
608 2678 660 2732 in
689 2676 916 2732 alterum
953 2674 1134 2744 jacere
1158 2715 1172 2740 ,
1204 2671 1346 2742 quod
1377 2687 1499 2727 cum
1541 2671 1591 2726 in
1618 2686 1741 2726 eum
1764 2669 1954 2740 jecerit
1974 2711 1989 2735 ,

400 2770 657 2827 continuo
685 2767 914 2824 redeat?
943 2765 1006 2821 Β.
1040 2765 1351 2836 1·Ιὶθι·οιι)ιιιι.
1402 2763 1548 2817 More
1593 2761 1992 2816 Andabatarum

402 2865 460 2920 in
507 2862 742 2919 tenebris
789 2858 1023 2932 gladium
1068 2857 1348 2922 ventilant,
1373 2866 1422 2912 et
1454 2855 1676 2910 :Melius
1702 2865 1784 2910 est
1814 2838 1992 2910 tamen

399 2953 588 3024 clausis
635 2951 797 3023 (quod
848 2949 1064 3021 dicitur)
1111 2948 1271 3002 oculis
1296 2947 1694 3002 Andabalarum
1727 2961 1874 3001 more
1901 2962 1993 3016 pu-

401 3060 568 3117 gnare
592 3085 607 3111 ,
635 3059 793 3115 quam
822 3042 1026 3098 directa
1056 3041 1256 3110 spicula
1280 3040 1468 3110 clypeo
1493 3054 1596 3093 non
1622 3038 1882 3108 repellere
1904 3054 1990 3093 ve-

397 3137 594 3193 ritatis.
628 3136 694 3191 Et
723 3135 782 3190 Β.
815 3133 973 3189 Basil.
1005 3145 1324 3201 νυκτομαχίην
1354 3131 1514 3198 dixit,
1548 3141 1862 3186 nocturnam
1893 3146 1992 3202 pu-

400 3243 560 3300 gnam
588 3270 602 3295 ,
635 3228 689 3282 in
713 3240 808 3283 eos
836 3226 924 3296 qui
944 3226 1089 3280 nullo
1113 3225 1315 3295 judicio
1345 3224 1673 3279 insectantur
1699 3223 1917 3294 aliquid.

400 3339 527 3398 “2.
568 3338 749 3396 Oculis
805 3337 1125 3393 Homericis.
1161 3336 1305 3390 Tom.
1340 3335 1379 3388 1.
1408 3335 1495 3389 lib.
1519 3335 1590 3388 de
1622 3333 1759 3388 Pall.
1787 3351 1905 3404 cap.
1934 3334 1988 3388 ‘2.

1072 3447 1211 3485 num.
1243 3431 1333 3485 20.

391 3559 396 3567 ·
467 3549 765 3606 Videantur
809 3547 1009 3604 Adnot.
1047 3543 1292 3600 Pamelii.
1344 3543 1486 3600 ldein
1539 3558 1659 3598 cum
1689 3543 1987 3613 superiore.

403 3643 678 3706 Homerus,
704 3652 860 3697 antea
888 3638 1236 3710 Melesigenes
1277 3637 1480 3703 dictus,
1511 3652 1539 3690 a
1568 3635 1806 3692 caecitate
1846 3633 1990 3707 [nam

395 3738 467 3793 ab
496 3730 712 3792 ineunte
736 3741 894 3788 a-tate
918 3731 1207 3787 luminibus
1227 3739 1414 3799 captus
1446 3729 1683 3800 proditur
1703 3741 1789 3783 -τδυ
1815 3734 1993 3798 ἇμγξρου

397 3842 593 3882 nomen
640 3824 864 3880 sortitus
914 3818 1015 3877 est.
1063 3820 1217 3876 Unde
1257 3821 1344 3874 illa
1393 3822 1631 3875 omnium
1672 3821 1990 3887 admiratio,

394 3920 634 3975 omnium
658 3933 833 3973 rermn
863 3915 1215 3969 humanarum
1247 3914 1529 3968 simulacra
1559 3929 1809 3984 expressa
1835 3915 1989 3971 nobis

394 4022 522 4068 ante
568 4011 752 4066 oculos
795 4007 1045 4065 constitui
1097 4005 1334 4078 potuisse
1361 4006 1428 4060 ab
1459 4021 1524 4060 co
1570 4007 1660 4076 qui
1720 4022 1988 4078 nunquam

395 4125 460 4166 ea
490 4111 659 4166 oculis
690 4116 989 4178 usurparat.

396 4225 522 4280 145.
554 4223 712 4278 Palos
741 4220 1078 4277 Terminales
1118 4220 1297 4289 (igere.
1330 4201 1478 4272 Tom.
1512 4217 1576 4274 V.
1609 4219 1694 4272 lib.
1723 4218 1785 4273 de
1808 4189 1986 4287 Iejtin.

921 4330 1033 4384 cap.
1074 4314 1132 4366 11
1161 4355 1173 4376 ,
1203 4329 1340 4365 nam.
1376 4312 1463 4365 72.

470 4429 790 4484 Terminalis
821 4426 984 4495 lapis,
1010 4436 1058 4480 et
1090 4425 1375 4495 aliquando
1409 4408 1592 4494 palus,
1622 4425 1710 4495 qui
1747 4427 1800 4481 in
1829 4441 1987 4497 agro-

398 4538 518 4581 rum
543 4521 734 4578 ﬁnibus
765 4519 996 4590 ponitur,
1028 4527 1081 4572 et
1108 4527 1162 4570 ut
1192 4517 1380 4587 Virgil.
1413 4517 1478 4572 de
1504 4519 1644 4573 Saxo
1670 4537 1682 4572 :

739 4613 915 4674 Campo
937 4611 1022 4673 qui
1045 4608 1169 4674 forte
1188 4610 1384 4674 iacebat

490 4678 661 4728 Limes
683 4689 804 4738 agro
826 4671 1035 4738 positas,
1062 4671 1196 4722 litem
1218 4679 1272 4720 ut
1293 4673 1602 4722 discerneret
1622 4675 1766 4723 arvis.
1855 4682 1860 4684 ·

393 4764 463 4821 Et
492 4765 544 4819 in
584 4763 779 4832 Georg.

488 4875 594 4988 Ilico
613 4876 809 4987 sigpare
827 4871 1044 4935 quidem,
1063 4875 1146 4918 aut
1163 4869 1331 4933 partiri
1350 4869 1503 4920 limite
1518 4882 1738 4933 campum

532 4951 586 4987 as
603 4951 687 4987 era
713 4973 726 4985 .

532 4951 586 4987 38
603 4951 726 4987 erat.

472 5040 630 5094 Palas
657 5039 835 5095 autem
877 5037 994 5092 loco
1031 5036 1264 5112 lapidum
1305 5046 1397 5090 aut
1423 5051 1673 5092 saxorum
1706 5039 1830 5108 poni
1859 5053 1988 5094 con-

399 5131 639 5188 saevisse
683 5130 883 5184 indicat
926 5143 1161 5193 nomen,
1192 5125 1356 5180 Palen
1379 5166 1393 5190 ,
1425 5126 1668 5182 Flandris
1709 5145 1804 5200 pro
1830 5146 1985 5200 agro-

399 5239 519 5279 rum
563 5219 808 5277 terminis
849 5220 1122 5275 usitatum.
1153 5217 1252 5273 Vel
1288 5217 1474 5272 alludit
1499 5218 1719 5274 Tertull.
1751 5221 1816 5276 ad
1854 5221 1982 5278 dro-

397 5330 612 5372 monem
635 5313 748 5370 sive
774 5311 1004 5368 stadium
1031 5321 1281 5381 equestre
1305 5326 1319 5377 ;
1349 5309 1437 5365 ubi
1469 5312 1725 5366 terminus
1750 5323 1866 5369 erat
1895 5316 1984 5371 ubi

391 5418 612 5480 peracto
651 5421 811 5462 cursu
837 5403 1216 5474 quiescebant,
1248 5412 1302 5457 et
1343 5411 1480 5457 meta
1500 5445 1515 5468 ,
1546 5404 1691 5472 palus
1717 5415 1834 5461 erat
1859 5417 1984 5462 acu-

395 5502 633 5558 minatas
672 5501 725 5553 in
765 5497 924 5553 stadii
976 5496 1080 5550 line
1123 5495 1361 5564 positus,
1387 5494 1526 5548 circa
1553 5511 1710 5563 quem
1736 5497 1982 5568 girabant

388 5610 624 5652 cursmn.
644 5593 739 5647 Est
782 5590 960 5661 igitur,
985 5589 1128 5658 palos
1156 5588 1444 5642 terminales
1466 5588 1642 5658 ﬁgere,
1663 5590 1797 5646 intra
1819 5608 1986 5664 augu-

389 5700 505 5744 stos
545 5694 600 5743 et.
635 5694 813 5740 certos
843 5681 974 5736 lines
999 5680 1229 5749 aliquem
1261 5679 1582 5738 concludere
1605 5724 1620 5748 ,
1655 5697 1721 5739 ne
1749 5683 1876 5755 quid
1901 5688 1982 5743 vel

403 5786 551 5836 cntet
569 5817 585 5845 ,
611 5775 695 5835 vel
729 5774 893 5846 possit
917 5814 930 5839 ,
965 5771 1047 5826 vel
1075 5770 1353 5838 imperium
1382 5783 1633 5830 exerceat
1662 5775 1901 5835 ulterius.

2108 1896 2332 1964 ruerint,
2365 1894 2703 1964 flaccescant,
2736 1897 3091 1966 appellantur.
3127 1899 3254 1955 lude
3285 1900 3405 1957 illa:
3427 1911 3707 1970 μαλακώτεε

2108 2011 2184 2057 ρος
2238 1996 2434 2047 πέπονος
2488 1993 2664 2055 σύκου,
2721 1990 2936 2044 mollior
2991 1990 3091 2044 ﬁcu
3148 2002 3388 2059 matura;
3429 2006 3709 2066 πεπαίτερος

2104 2091 2288 2152 μώρων,
2332 2083 2588 2136 maturior
2633 2084 2819 2138 moris.
2892 2082 2960 2137 Et
3017 2085 3322 2139 convivium
3369 2087 3707 2156 proverbiale

2104 2189 2200 2244 per
2229 2174 2654 2241 translationem,
2675 2185 2890 2242 wine-acc,
2910 2168 3151 2232 τουτέσέιν
3173 2180 3352 2234 ἀπειλοὶ
3380 2191 3464 2234 καὶ
3480 2183 3701 2242 ἀσθενεῖς.

2105 2265 2203 2320 Est
2231 2275 2282 2320 et
2311 2266 2577 2320 interdum
2609 2266 2797 2321 blanda
2827 2277 2881 2322 et
2905 2267 3076 2323 amica
3132 2284 3232 2324 vox
3254 2311 3270 2337 ,
3317 2274 3354 2323 ὧ
3385 2280 3549 2337 πέπον,
3580 2294 3699 2326 του·

2101 2369 2254 2426 τέστι,
2287 2369 2674 2430 προσφιλέστατε,
2705 2368 2756 2425 ἦ,
2785 2370 3154 2431 «pomata-Terre,
3187 2377 3216 2416 3
3263 2363 3484 2418 maturis
3537 2362 3702 2433 placi-

2102 2449 2290 2520 disque
2316 2451 2574 2518 moribus,
2594 2453 2673 2506 vel
2699 2452 2840 2522 quod
2866 2459 2930 2507 τὰ
2948 2463 3131 2507 πέπονα
3154 2453 3254 2509 hoc
3277 2463 3362 2510 est
3380 2453 3561 2510 mollia
3582 2470 3700 2510 ma-

2104 2550 2328 2612 turaque
2353 2557 2596 2598 amemus
2624 2558 2833 2598 omnes.

2100 2679 2226 2734 M6.
2270 2679 2537 2748 Peponem
2581 2679 2758 2735 cordis
2789 2681 2909 2735 loco
2938 2680 3157 2738 habere.
3193 2681 3338 2738 Tom.
3369 2683 3455 2739 Ill.
3485 2683 3573 2741 lib.
3608 2683 3695 2742 IV.

2456 2773 2572 2824 adv.
2601 2771 2767 2825 Marc.
2798 2787 2912 2843 cap.
2941 2773 3030 2827 40.
3076 2790 3129 2826 ιι.
3157 2772 3283 2829 666.

2170 2905 2464 2962 Videantur
2513 2906 2614 2962 hoc
2659 2907 2778 2961 loco
2829 2906 3069 2962 adnotat.
3113 2907 3361 2976 Pamelii,
3407 2917 3463 2964 et
3499 2908 3698 2965 Feuar-

2098 2997 2264 3055 dentii
2301 2999 2367 3056 ad
2409 2999 2538 3054 illud
2569 2999 2630 3054 B.
2666 2999 2851 3054 lrcnani
2883 3000 2974 3053 lib.
3012 3001 3034 3054 1
3063 3041 3077 3066 ,
3107 3016 3226 3071 cap.
3258 3001 3321 3064 5,
3353 3016 3498 3056 num.
3531 3001 3617 3058 10.
3650 3001 3696 3056 0

2103 3107 2320 3161 pepones
2345 3090 2612 3161 Sophistae
2635 3091 3047 3161 vituperabiles,
3071 3101 3126 3148 et
3154 3108 3258 3147 non
3289 3093 3384 3148 viri
3417 3112 3430 3148 :
3460 3095 3601 3164 quod
3629 3109 3696 3150 ex

2021 3160 2066 3224 C
2100 3160 2318 3239 Homer.
2354 3160 2442 3238 llia
2473 3195 2529 3254 β.
2555 3160 2893 3253 desumptum
2923 3194 3024 3240 est.

2222 3297 2252 3350 ὸ
2284 3315 2444 3357 πέπονις,
2467 3313 2546 3348 ubi
2572 3311 2702 3361 ἰλίγχϋ
2717 3339 2727 3357 ,
2749 3307 2926 3360 ἀχαιῖδις,
2949 3312 3012 3349 οὒκ
3035 3311 3086 3349 ἴτ’
3109 3311 3229 3362 ἀχαιθὶ

2101 3408 2152 3462 id
2183 3419 2265 3463 cst
2294 3424 2308 3460 :
2715 3411 2740 3436 '

2222 3521 2264 3632 2
2291 3521 2482 3632 rlpqliles,
2510 3519 2635 3570 mala
2658 3521 2852 3582 probra,
2875 3529 2926 3570 et
2948 3518 3211 3581 Acbeides,
3238 3519 3368 3569 haud
3391 3520 3522 3570 enim

2267 3598 2293 3632 c
2331 3597 2374 3632 l'
2403 3621 2415 3632 .

2267 3597 2415 3642 cum,

2098 3692 2254 3760 Quod
2283 3692 2469 3763 Virgil.
2501 3690 2742 3745 imitatus
2776 3709 2786 3742 :

2222 3822 2263 3874 Ο
2289 3836 2408 3873 vere
2431 3823 2674 3885 Phrygiae,
2702 3834 2865 3884 neque
2888 3823 3017 3872 enim
3042 3821 3281 3885 Phryges.

2168 3928 2441 4001 Significat
2512 3929 2690 3998 itaque
2751 3927 3091 3998 proverbium
3141 3946 3154 3982 :
3201 3927 3485 3983 excordem
3530 3922 3689 3994 esse,

2095 4023 2180 4079 vel
2224 4021 2386 4077 corde
2454 4035 2575 4076 esse
2634 4021 2856 4102 insulso.
2929 4019 2984 4073 In
3029 4019 3191 4074 corde
3237 4020 3378 4074 enim
3428 4019 3692 4090 primaria).

2082 4113 2256 4191 pnimi
2299 4114 2455 4168 vires.
2510 4113 2642 4166 llinc
2695 4111 2896 4166 cordati
2928 4152 2942 4176 ,
2973 4111 3163 4180 quibus
3203 4126 3297 4165 cor
3334 4121 3491 4186 recte
3525 4110 3690 4166 affec-

2097 4215 2205 4260 tum
2247 4217 2328 4262 est
2392 4215 2442 4261 ct
2513 4206 2808 4260 robustum.
2887 4202 3156 4258 Excordes
3189 4245 3201 4268 ,
3249 4205 3437 4273 quibus
3482 4204 3691 4276 peponis

2097 4300 2281 4369 instar,
2327 4301 2525 4365 molle,
2557 4300 2873 4366 ﬂaccidum,
2927 4300 3144 4352 minime
3203 4299 3373 4353 virile.
3423 4297 3553 4352 Vide
3603 4313 3693 4352 su-

2096 4410 2188 4463 pra
2234 4412 2246 4446 :
2297 4393 2566 4448 Cerebram
2624 4394 2699 4446 rel
2763 4409 2849 4446 cor
2905 4408 3003 4444 non
3055 4390 3236 4444 habere
3266 4431 3280 4455 ,
3328 4399 3413 4457 et,
3445 4390 3588 4444 Cervi
3638 4390 3691 4445 in

2016 4521 2070 4580 D
2099 4486 2291 4556 praelia.

2103 4600 2222 4654 M7.
2265 4600 2555 4654 Personam
2605 4613 2783 4669 agere.
2832 4595 2983 4672 Tom.
3014 4595 3106 4650 Ill.
3135 4597 3220 4650 lib.
3257 4595 3338 4652 Ill.
3374 4595 3489 4650 adv.
3519 4595 3687 4652 Marc.

2597 4708 2710 4762 cap.
2745 4691 2834 4746 11.
2890 4707 3031 4744 nam.
3067 4690 3155 4743 77.

2171 4809 2301 4864 Vide
2331 4809 2465 4863 infra
2495 4827 2507 4862 :
2537 4808 2757 4864 Sccnam
2801 4807 3089 4860 decurrere.
3134 4805 3362 4861 Perona
3385 4847 3400 4872 ,
3430 4820 3528 4876 pro
3566 4820 3689 4861 mu-

2097 4921 2226 4961 nere
2255 4906 2368 4960 sive
2396 4903 2654 4973 partibus.
2676 4902 2853 4956 Cicer.
2882 4900 2990 4954 Has
3019 4909 3198 4970 partes
3219 4901 3454 4956 lenientis
3475 4917 3690 4972 semper

2094 4999 2174 5067 egi
2201 5039 2216 5062 ,
2249 4997 2390 5050 illam
2437 4993 2712 5065 gravitatis
2760 5009 3027 5062 personam
3074 5007 3178 5047 non
3210 4993 3463 5064 appetivi.
3493 4993 3577 5048 Ab
3603 4994 3688 5048 hi-

2093 5090 2356 5143 strionum
2387 5102 2633 5157 persona.
2665 5085 2948 5140 Personam
2973 5101 3182 5156 gerere,
3210 5087 3366 5154 tueri,
3398 5087 3684 5154 sustinere,

2092 5197 2280 5252 agere,
2311 5181 2378 5235 ab
2410 5180 2737 5235 histrionicis
2767 5179 3096 5234 auctoribus.

2092 5293 2217 5350 M8.
2260 5291 2539 5365 Physcone
2560 5291 2837 5364 impurior.
2869 5290 3014 5345 Tom.
3037 5291 3077 5346 1.
3119 5291 3208 5377 lia.
3235 5292 3299 5347 de
3324 5291 3600 5362 Pall..cap.
3626 5292 3683 5361 4,

2771 5402 2910 5439 num.
2952 5383 3041 5440 79.

2163 5504 2241 5560 De
2268 5502 2486 5559 homine
2517 5503 2607 5574 qui
2635 5502 2767 5558 sein
2789 5515 2947 5556 omne
2969 5499 3126 5556 luxus
3149 5499 3494 5572 libidinisque
3516 5513 3686 5570 genus

2087 5597 2397 5668 ingurgitat.
2423 5594 2544 5650 Fuit
2568 5594 2710 5652 enim
2736 5593 3062 5649 Ptolemaeus
3090 5590 3354 5663 Pityscon.
3380 5593 3434 5648 8.
3464 5590 3684 5663 Egypti

2085 5673 2234 5756 Rex,
2263 5689 2352 5760 qui
2400 5703 2562 5759 quum
2602 5685 2827 5760 Cyrena:
2874 5684 3160 5754 imperaret
3209 5683 3357 5740 fratri
3404 5683 3684 5754 Evergeta:

2085 5782 2342 5840 defuncto
2368 5782 2627 5839 successit
2653 5822 2665 5848 ,
2693 5779 2782 5850 qui
2813 5792 2973 5848 supra
3001 5777 3292 5834 belluinam
3322 5775 3594 5834 libidinen
3622 5783 3682 5834 et
