4106 6330
337 334 444 393 941

338 543 442 616 85)
472 543 656 616 sagina
682 544 904 608 ventris,
939 552 993 599 et
1021 545 1265 614 corporis
1291 543 1575 614 vultusque
1601 541 1940 597 deformitate

338 634 535 690 bellum
562 650 721 707 quam
749 634 952 689 homini
983 635 1227 689 similior:
1259 634 1388 703 Qua:
1413 634 1625 691 fmditas
1652 633 1705 689 in
1733 647 1799 689 eo
1825 632 1940 704 pel-

339 725 531 782 lucidze
556 726 724 782 chtis
750 726 1045 782 subtilitate
1065 768 1079 792 ,
1108 727 1260 797 quasi
1291 727 1358 782 de
1388 725 1648 781 industria
1671 767 1685 792 ,
1718 725 1832 780 sive
1855 738 1941 792 po-

342 819 449 874 tius
490 833 557 873 ex
604 818 1013 889 intemperantia
1058 818 1373 890 augebatur,
1403 817 1602 874 infame
1652 815 1941 889 Pltysconis

338 924 539 966 nomen
566 924 632 965 ex
657 924 717 965 re
743 908 894 975 tulit,
919 909 1069 980 quasi
1095 909 1384 965 ventricosi
1411 918 1465 965 et
1490 909 1752 979 aquarioli
1777 948 1793 973 ,
1815 922 1941 978 pro-

342 1009 462 1072 pter
508 986 814 1057 abdominis
860 1000 1115 1055 studium.
1148 1007 1345 1070 ρὺσκων-
1376 1002 1519 1055 enim
1558 1006 1583 1055 ὁ
1644 1006 1856 1071 γάπρων
1909 1006 1938 1059 ἡ

342 1100 523 1165 ταχὺς,
549 1094 647 1145 ἀπὸ
669 1106 756 1151 τίς
798 1096 992 1161 prium.
1013 1092 1154 1162 Quod
1185 1103 1263 1149 est
1283 1132 1298 1157 ,
1333 1091 1644 1157 intestinum
1672 1097 1936 1146 crassum.

343 1181 440 1238 Cui
471 1183 763 1238 et‘Persios
791 1183 901 1238 ait:

464 1294 670 1358 Pinguis
692 1284 992 1359 aqualiculus
1014 1308 1258 1360 propenso
1278 1294 1577 1360 sesquipede
1603 1297 1783 1344 exstat.

345 1396 469 1454 149.
494 1396 667 1468 Plaga:
696 1411 1003 1452 occurrere.
1028 1395 1175 1451 Tom.
1208 1397 1296 1452 lll.
1327 1398 1512 1468 Scorp.
1534 1397 1732 1451 advers.
1755 1394 1936 1450 Gnost.

907 1505 1021 1561 cap.
1047 1490 1098 1545 5.
1139 1505 1277 1543 num.
1303 1489 1391 1544 '55.

415 1605 692 1677 Sumptum
726 1622 755 1659 a
782 1604 1203 1680 gladiatoribus,
1229 1606 1318 1683 qui
1352 1605 1436 1661 vel
1462 1604 1755 1661 adversarii
1800 1604 1936 1674 petii

344 1696 543 1754 tionem
589 1699 830 1767 corporis
877 1696 1236 1754 declinatione
1267 1696 1561 1769 effugiunt,
1587 1696 1667 1752 vel
1696 1695 1947 1767 parmuld’

343 1789 651 1860 excipiunt,
704 1798 760 1843 ut
807 1789 876 1844 sit
918 1790 1111 1845 frustra
1160 1793 1403 1843 conatus.
1459 1788 1587 1844 Vide
1638 1803 1796 1859 supra
1829 1807 1841 1843 :
1871 1787 1936 1842 In
1967 1810 2014 1871 Β

342 1885 501 1938 alium
548 1885 703 1938 ictum
744 1880 1105 1948 considerare,
1138 1883 1200 1938 Β.
1249 1883 1467 1938 llicron.
1516 1890 1704 1938 contra
1751 1881 1933 1939 Joviu.

280 2040 291 2047 ,
342 1978 504 2045 Quasi
533 1976 604 2034 de
633 1978 752 2055 loco
774 1977 1019 2033 videmur
1043 1976 1268 2043 cedere,
1294 1986 1348 2033 ct
1375 1977 1683 2032 adversario
1714 1975 1936 2031 feriendi
1972 2034 1979 2035 ,

342 2071 683 2128 occasionem
711 2069 863 2127 dare.
894 2071 959 2127 Et
983 2088 998 2130 :
1022 2070 1225 2127 directa
1252 2071 1453 2142 spicula
1482 2072 1671 2143 clypeo
1690 2070 1938 2127 refellere

343 2166 602 2223 veritatis.
1831 2181 1839 2191 '

347 2283 474 2341 150.
513 2281 774 2340 Plaudere
802 2282 855 2337 in
882 2283 1080 2339 sinum.
1113 2281 1259 2336 Tom.
1295 2281 1355 2335 V.
1389 2280 1477 2335 lib.
1506 2282 1568 2334 de
1602 2279 1787 2334 Pudic.
1820 2296 1936 2351 cap.

466 2384 473 2391 “
981 2374 1036 2430 9.
1081 2390 1221 2428 num.
1264 2371 1351 2427 42.

416 2490 481 2547 Si
499 2506 598 2561 qua
616 2489 752 2545 vobis
772 2489 1002 2560 exempla
1022 2490 1075 2543 in
1090 2488 1257 2543 sinum
1272 2485 1514 2558 plaudent
1528 2527 1544 2553 ,
1566 2484 1667 2542 boc
1691 2494 1775 2541 est
1794 2528 1807 2552 ,
1834 2495 1940 2541 tam

343 2592 491 2655 grata
529 2580 991 2648 vobis-accidant,
1021 2596 1139 2650 qua:
1179 2579 1518 2634 informatam
1548 2579 1598 2634 in
1626 2578 1819 2634 animis
1846 2594 1939 2634 ve-

343 2674 468 2730 stris
489 2673 794 2745 opinionem
819 2672 1099 2728 videantur
1119 2672 1439 2727 continuare
1459 2713 1473 2737 ,
1500 2681 1559 2726 ut
1576 2670 1698 2726 inde
1727 2671 1938 2726 tacitam

342 2766 483 2839 apud
510 2781 604 2822 vos
629 2767 954 2837 voluptatem
990 2765 1231 2821 sentiatis
1257 2806 1272 2828 ,
1300 2773 1587 2834 vestroque
1615 2762 1831 2818 alfectui
1859 2762 1944 2817 in-

342 2857 622 2929 dulgeatis.
655 2858 809 2928 Apud
838 2859 1057 2925 Homer.
1109 2863 1154 2911 ἕν
1201 2864 1332 2926 θυμὼ
1388 2859 1593 2927 χπιριῖν.
1627 2853 1745 2908 Tib.
1771 2853 1837 2908 In
1863 2864 1940 2907 ta-

342 2951 442 3006 cito
469 2949 692 3022 gaudere
717 2950 851 3005 sinu.

416 3065 539 3121 151.
581 3063 841 3121 Plaudere
868 3061 1025 3135 parti.
1059 3061 1280 3129 Ibidem,
1309 3077 1424 3132 cap.
1459 3059 1546 3116 16.
1572 3074 1710 3113 num.
1739 3055 1861 3113 160.

414 3180 632 3251 Legitur
661 3178 824 3250 apud.
856 3178 1083 3234 Tertull.
1125 3178 1338 3232 diversa:
1377 3176 1513 3247 parti
1558 3173 1931 3244 supplauderc,
1963 3166 2007 3229 C
2038 3188 2044 3248 ᾖ

343 3272 429 3329 vel
456 3271 791 3345 subplaudrrc
813 3312 829 3338 ,
860 3270 1015 3341 quasi
1040 3268 1320 3340 suffragari
1350 3277 1404 3323 et
1429 3265 1766 3321 subscribere
1803 3264 1936 3319 alio-

342 3380 461 3422 rum
504 3363 803 3421 sententiae.
834 3363 917 3418 Ab
942 3362 1008 3418 iis
1030 3362 1120 3434 qui
1161 3345 1387 3447 pedibus
1426 3357 1705 3429 strepitum
1730 3356 1932 3423 edunt,

343 3458 427 3513 vel
453 3471 704 3513 manuum
733 3454 1102 3526 complosione
1130 3453 1449 3524 approbant.
1477 3450 1667 3507 Cicero
1693 3467 1705 3505 :
1737 3449 1935 3505 Pedem

341 3564 504 3607 nemo
531 3549 587 3606 in
628 3548 723 3605 illo
744 3547 949 3620 judicio
977 3546 1294 3618 supplausit.

342 3664 790 3737 152.'Polycrate
843 3661 1072 3719 felicior.
1123 3659 1269 3715 Tom.
1322 3658 1367 3715 Ι.
1416 3657 1634 3729 Apotag.
1665 3672 1781 3726 cap.
1842 3655 1931 3711 11.

1050 3770 1191 3808 num.
1215 3751 1339 3807 175.

411 3873 741 3946 Polycrates,
765 3870 911 3927 Sami
941 3869 1243 3941 Tyrannus,
1266 3878 1460 3921 aureus
1487 3862 1714 3917 fortuna)
1746 3860 1930 3926 fretus,

340 3966 429 4024 cui
469 3966 535 4021 ad
576 3974 761 4020 nutum
806 3963 1245 4029 voluntatemque
1292 3956 1472 4012 omnia
1502 3955 1791 4037 fluxerunt.
1825 3951 1932 4011 Sed

338 4059 430 4132 qui
456 4068 632 4114 tamen
660 4070 974 4128 prosperum
1004 4052 1070 4107 ad
1101 4050 1352 4107 invidiam
1382 4062 1552 4118 usque
1576 4047 1700 4102 vita:
1715 4058 1932 4101 cursum
1993 4072 1997 4076 ι

337 4147 631 4207 miserabili
673 4147 821 4203 exitu
853 4146 906 4200 in
942 4142 1264 4216 Mycaleusis
1303 4140 1505 4196 montis
1534 4139 1735 4195 vertice
1774 4150 1935 4192 cruce

337 4240 568 4299 suffixus
598 4238 882 4296 conclusit.
920 4236 1032 4291 Val.
1060 4235 1202 4291 Max.
1227 4233 1320 4289 lib.
1355 4232 1410 4291 6.
1456 4245 1574 4302 cap.
1607 4231 1694 4286 11.
1865 4278 1891 4306 ,

643 4353 768 4410 155.
810 4349 1065 4422 Pompeio
1093 4346 1394 4404 sublimior.
1425 4344 1643 4401 Ibidem.
1750 4360 1755 4365 ·

410 4469 656 4541 Pompeii
694 4468 924 4539 elogium
953 4463 1120 4520 habes
1148 4461 1290 4534 apud
1305 4461 1482 4519 Cicer.
1505 4458 1653 4515 Orat.
1679 4470 1773 4528 pro
1802 4454 1933 4526 Leg.

335 4566 546 4631 Manil.;
563 4563 717 4636 Apud
738 4563 875 4618 Plin.
910 4559 1124 4617 lib.Vlt.
1147 4568 1259 4615 toto
1279 4572 1399 4641 cap.
1427 4554 1522 4621 9.6,
1547 4569 1578 4609 a
1600 4566 1707 4624 quo
1732 4550 1809 4606 ait
1829 4563 1937 4605 non

334 4658 503 4716 modo
529 4656 820 4714 Alexandri
848 4652 1023 4725 Magni
1046 4666 1228 4708 rerum
1261 4647 1605 4720 splendorem
1635 4650 1931 4714 aequatum,

334 4752 436 4810 sed
478 4752 640 4808 etiam
684 4749 928 4819 Herwlis
968 4761 1137 4818 prope
1174 4759 1239 4800 ac
1281 4741 1482 4799 Liberi.
1511 4738 1935 4817 Cognomentum

232 4846 239 4849 ’
336 4844 511 4916 Magni
538 4857 659 4899 cum
687 4839 993 4898 Alexandro
1019 4851 1327 4905 commune,
1353 4844 1693 4890 communem
1722 4841 1936 4900 quoque

335 4922 682 4994 sublimitatis
710 4935 920 4990 titulum
948 4931 1115 4988 dedit.

342 5050 473 5109 154.
511 5050 571 5106 In
616 5048 764 5120 ponti
806 5055 941 5119 aestu
986 5044 1166 5101 medio
1216 5043 1443 5099 haerere.
1475 5039 1622 5095 Tom.
1654 5035 1741 5095 Ill.
1773 5035 1861 5091 lib.
1894 5032 1940 5089 l.

699 5136 705 5141 ’
770 5142 886 5197 adv.
920 5139 1085 5194 Marc.
1118 5154 1233 5209 cap.
1267 5136 1322 5196 7.
1354 5150 1496 5189 num.
1529 5131 1620 5190 50.

331 5239 346 5305 ζ
411 5232 662 5313 Virgilius
689 5231 782 5288 lib.
814 5230 880 5287 V.

464 5322 611 5373 Saxis
629 5322 681 5371 in
704 5320 1109 5384 procurrentibus
1130 5318 1289 5384 haesit.
1314 5319 1407 5367 Et:

462 5384 522 5435 In
544 5378 743 5449 scopulo
767 5384 1031 5435 luctantem
1054 5381 1390 5443 brevibusque
1412 5378 1564 5429 vadis.

332 5488 407 5545 Et
431 5487 527 5546 lib.
557 5486 628 5543 X.

460 5600 654 5653 Inflicta
672 5601 810 5652 vadis
830 5599 976 5652 dorso
996 5602 1115 5651 dum
1136 5598 1323 5664 pendet
1346 5598 1534 5661 iniquo,

332 5710 493 5779 Quae,
521 5709 597 5765 uti
635 5707 1104 5775 Tertullianicum,
1134 5703 1550 5764 Proverbialiter
1590 5699 1760 5771 accipi
1813 5713 1941 5771 pos-

332 5808 484 5858 sunt.
509 5799 855 5857 Contrarium
895 5799 1000 5857 erit
1026 5813 1095 5856 ex
1119 5797 1310 5857 eodem
1326 5797 1436 5854 ‘lib.

1530 330 2051 391 PROVERBIALES
2090 333 2461 396 FORMULAE.
3263 341 3283 373 “

337 450 711 510 crudelitatem
745 449 889 521 (quae
919 448 1155 507 facinora
1194 459 1582 507 commemorat
1605 448 1804 504 Justin.
1839 447 1932 502 lib.
1963 446 2018 506 A

2018 3637 2095 3685 et
2114 3629 2208 3686 lib.
2232 3628 2286 3701 6.

3530 348 3640 407 213

2168 449 2365 501 Labitur
2388 453 2485 505 alta
2506 466 2699 520 secans,
2725 456 2978 522 ﬂuctuque
3000 459 3224 524 astuque
3247 460 3484 514 secundo.
3534 428 3559 464 2‘
3624 436 3641 445 ‘

2115 552 2300 610 Αῖειιιε
2346 567 2545 617 autem.
2573 561 2861 632 aliquando
2907 563 3169 635 accipitur
3203 581 3302 638 pro
3329 567 3445 637 ipsa
3472 567 3641 626 maris

2043 649 2336 706 crescentis
2358 649 2827 728 decrescentisque
2846 662 3209 718 commotione
3227 702 3244 730 ,
3291 659 3397 718 hoc
3415 670 3499 719 est
3514 702 3533 729 ,
3548 675 3643 720 ac-

2043 750 2198 794 cessu
2249 742 2362 797 sive
2406 745 2741 803 incremento
2762 791 2777 813 ,
2806 749 2891 806 vel
2936 766 3150 809 recessu
3192 753 3308 811 sive
3335 754 3640 828 reciproca.-

2045 830 2209 888 tione.
2240 833 2542 906 Aliquando
2579 854 2677 910 pro
2704 856 2868 898 arena
2896 842 2987 899 illa
3018 843 3281 914 instabili,
3308 861 3430 919 quae
3452 846 3644 906 absor-

2045 926 2134 984 bet
2159 939 2213 985 et
2243 922 2417 986 haurit
2445 934 2644 1017 omnia.
2672 935 2861 1007 Virgil.

2292 1041 2431 1093 Furit
2452 1052 2597 1096 testas
2617 1049 2881 1098 arenis.....
2901 1051 2960 1101 Et

2292 1105 2432 1157 diam
2452 1110 2721 1159 miscentur
2744 1122 2909 1161 arena:
2953 1142 2956 1146 ι

2043 1204 2248 1261 Similia
2278 1207 2364 1263 illa
2397 1229 2409 1263 :
2439 1211 2657 1270 Hmrere
2681 1215 2735 1269 in
2766 1216 2957 1274 iisdem
2987 1218 3263 1290 scopulis,
3296 1220 3349 1276 iu
3381 1234 3517 1293 aqua
3539 1263 3555 1286 .
3583 1224 3640 1280 in

2046 1297 2211 1360 vado.
2242 1299 2293 1355 in
2337 1303 2568 1359 salebra.
2619 1306 2943 1380 Metaphorze
2969 1324 2999 1364 a
3030 1312 3402 1383 navigantibus
3426 1312 3600 1372 ducta
3619 1356 3637 1382 ,

2041 1391 2131 1459 qui
2159 1391 2294 1446 vado
2317 1393 2451 1449 illisa
2477 1398 2594 1451 navi
2617 1412 2832 1455 cursum
2857 1401 3151 1459 institutam
3178 1412 3363 1461 tenere
3388 1421 3493 1461 non
3518 1421 3641 1476 pos-

2043 1490 2188 1536 sunt.
2230 1483 2317 1539 Sic
2353 1485 2477 1540 dum
2511 1490 2660 1545 navis
2699 1501 2826 1546 reatu
2863 1494 3139 1564 reciproco
3162 1495 3267 1553 huc
3296 1506 3350 1553 et
3379 1475 3638 1555 illucim-
3706 1475 3719 1484 .

2043 1572 2277 1642 pellitur,
2314 1592 2491 1648 neque
2531 1582 2776 1657 progredi
2810 1593 3017 1654 potest,
3047 1595 3103 1641 ut
3144 1587 3475 1662 significetur
3514 1606 3642 1662 pro-

2043 1665 2191 1720 verb.
2221 1665 2291 1722 Se
2328 1683 2434 1724 non
2465 1672 2730 1729 extricare
2758 1684 2852 1730 aut
2877 1676 3164 1748 expedire,
3194 1694 3301 1734 non
3328 1658 3641 1740 satisfacere

2043 1767 2357 1827 argumento
2372 1803 2387 1827 ,
2412 1761 2505 1817 sed
2523 1762 2713 1820 eodem
2728 1765 2913 1822 relabi.
2942 1766 3073 1823 Vide
3093 1786 3107 1822 :
3132 1766 3346 1826 Fluctus
3366 1772 3640 1844 utrimque.

2044 1870 2167 1925 155.
2211 1870 2265 1925 In
2285 1886 2611 1944 praeruptum
2652 1877 2948 1948 imponere.
2983 1877 3132 1936 Tom.
3164 1879 3248 1936 ιιι.
3279 1880 3368 1937 lib.
3397 1882 3487 1939 IV.
3518 1884 3640 1940 adv.

2408 1998 2411 2001 ν
2462 1966 2627 2023 Marc.
2660 1986 2774 2040 cap.
2806 1970 2893 2027 57.
2925 1988 3065 2026 num.
3094 1971 3220 2029 607.

2116 2071 2447 2144 Praeruptum
2472 2114 2488 2141 ,
2522 2075 2856 2134 substantive
2881 2120 2897 2145 ,
2951 2088 3010 2133 ut
3050 2078 3335 2151 abruptum
3383 2081 3643 2153 quidquid

2040 2162 2205 2217 altum
2253 2172 2307 2219 et
2351 2181 2625 2237 praeceps,
2657 2183 2783 2223 saxa
2839 2180 3134 2241 prwrttpla,
3165 2179 3217 2227 et
3248 2186 3405 2228 mons
3448 2190 3645 2243 praeru-
3729 2162 3735 2174 ’

2045 2258 2388 2327 ριιιε,’θιιυε.
2437 2260 2575 2315 Plin.
2629 2261 2831 2317 Graecis
2866 2273 2923 2318 τὸ
2962 2266 3280 2335 ἀπόκρημνον,
3333 2265 3476 2322 unde
3516 2281 3644 2338 pro-

2044 2348 2181 2403 clive
2221 2350 2594 2422 prmcipitium.
2648 2352 2888 2425 Eaplicat
2915 2370 2975 2411 se
3001 2355 3409 2427 Tertullianusg:
3460 2352 3642 2415 Sciens

2046 2456 2268 2512 princeps
2286 2443 2446 2498 ituros
2475 2438 2721 2511 homines,
2762 2447 2873 2515 ipse
2898 2447 3014 2503 illos
3050 2449 3103 2502 in
3132 2458 3447 2521 prteruplum
3475 2451 3641 2524 impo-

2043 2532 2146 2586 suit
2172 2550 2191 2586 :
2218 2542 2275 2588 ut
2303 2534 2374 2589 sit
2397 2553 2409 2589 :
2430 2547 2620 2606 aperto
2646 2539 2886 2609 periculo
2909 2550 3210 2609 exponere,
3235 2555 3337 2597 nec
3362 2543 3490 2613 satis
3513 2558 3640 2613 pro-

2043 2624 2255 2692 videre,
2284 2641 2352 2682 ne
2382 2627 2511 2698 quid
2554 2608 2679 2683 mali
2709 2608 3022 2703 contingat,
3056 2641 3113 2687 ut
3150 2608 3201 2689 si
3229 2634 3433 2691 bomini
3460 2608 3639 2694 .avaro

2043 2725 2099 2771 et
2127 2718 2227 2773 furi
2271 2721 2511 2789 pecuniae
2552 2722 2947 2779 administratio
2984 2724 3387 2795 committatur,
3423 2727 3639 2785 adoles-

2043 2811 2183 2865 centi
2210 2808 2494 2868 libidinoso
2525 2812 2774 2883 pudicitia
2801 2814 3086 2887 virginum.

2045 2920 2170 2978 156.
2214 2920 2538 2979 Profundum
2582 2924 2957 2981 inenarrabile.
2992 2925 3138 2982 Tom.
3184 2927 3248 2983 ll.
3273 2928 3362 2984 lib.
3401 2929 3463 2985 dc
3492 2928 3635 2987 Idol.

2612 3033 2729 3087 cap.
2762 3019 2859 3072 ult.
2890 3035 3031 3074 num.
3067 3019 3190 3078 169.

2112 3128 2367 3198 Qoi'navi
2397 3131 2609 3188 excussi
2648 3132 2701 3187 in
2749 3134 2909 3188 maris
2941 3134 3264 3204 profundum
3295 3135 3637 3204 delabuntur,

2043 3226 2316 3281 natatione
2365 3226 2454 3280 vix
2499 3242 2733 3303 unquam
2787 3236 3071 3298 emergunt
3117 3228 3183 3286 de
3235 3230 3473 3299 periculo
3522 3230 3640 3289 ineo

2042 3315 2299 3371 luctabili.
2335 3316 2469 3373 Vide
2497 3316 2918 3390 Hypobrychium
2939 3360 2952 3384 ,
2977 3329 3031 3374 et
3057 3337 3070 3375 :
3102 3319 3473 3395 Naufragium.
3495 3321 3637 3379 Con-

2042 3411 2261 3466 trarium
2283 3410 2387 3467 erit
2417 3412 2548 3467 illud
2583 3412 2767 3483 Virgil.
2797 3412 2894 3468 lib.
2927 3412 2991 3467 V.

2284 3524 2458 3576 Fundo
2478 3527 2561 3577 vix
2584 3525 2781 3576 tandem
2802 3526 3027 3577 redditus
3053 3527 3153 3576 imo
3174 3530 3270 3579 est.

2281 3739 2531 3789 Adnabam
2551 3746 2728 3802 terra,
2755 3745 2810 3790 et
2824 3741 2924 3803 jam
2947 3745 3050 3796 tuta
3073 3740 3322 3792 tenebam.

2039 3843 2163 3908 157.
2205 3843 2286 3899 Ad
2306 3844 2518 3914 regulas
2534 3843 2847 3914 perducere.
2875 3843 3021 3911 Tom,
3040 3844 3129 3899 ιιι.
3153 3844 3242 3899 lib.
3261 3822 3303 3900 ἰ.
3328 3845 3446 3901 adv.
3464 3844 3634 3903 Marc.

2548 3951 2666 4003 cap.
2688 3934 2780 3989 2‘2.
2812 3952 2958 3999 num.
2990 3936 3114 3993 155.
3618 3950 3624 3957 ‘

2110 4049 2311 4121 Regula
2338 4091 2353 4117 ,
2383 4050 2518 4106 alias
2546 4066 2754 4120 norma,
2775 4060 2857 4107 est
2879 4050 3291 4109 instrumentum
3321 4052 3511 4111 fabrile
3532 4067 3639 4125 quo

2038 4150 2319 4199 structura:
2349 4142 2770 4213 longitudinem,
2803 4158 2870 4198 an
2914 4143 3267 4215 nespondeat,
3309 4146 3528 4215 exigunt
3551 4123 3636 4202 fa-
3730 4123 3765 4191 ι’

2038 4234 2152 4303 bri,
2179 4242 2234 4291 et
2255 4234 2420 4290 utitur
2438 4233 2670 4291 Tertull.
2699 4233 2864 4291 verbo
2889 4233 3098 4300 fabrili,
3129 4235 3195 4290 ad
3224 4235 3635 4293 examinandam

2012 4328 2134 4395 _Dei
2163 4328 2472 4385 bonitatem.
2503 4327 2639 4384 Hinc
2668 4328 2786 4383 illa:
2814 4327 3008 4400 Regula
3036 4328 3254 4397 rectior,
3276 4330 3489 4386 Amussi
3510 4346 3639 4386 exa-

2040 4421 2198 4487 ctior,
2229 4420 2295 4476 ad
2329 4419 2769 4492 perpendiculum
2797 4429 2852 4476 et
2879 4421 3161 4476 amussim.
3191 4421 3327 4478 Rem
3355 4421 3639 4495 diligenter

1961 4529 2017 4590 1)
2040 4501 2383 4586 expendere,
2405 4524 2462 4569 ut
2488 4512 2739 4570 omnibus
2764 4512 2877 4569 suis
2904 4513 3146 4585 partibus
3174 4507 3518 4586 numerisque
3543 4513 3638 4572 ab-

2041 4606 2215 4663 solute
2250 4612 2524 4662 tractetur.

2042 4719 2167 4778 158.
2208 4694 2572 4792 Sardanapalo
2603 4720 2837 4777 mollior.
2859 4686 3068 4776 Tom..l.
3090 4720 3180 4776 tib.
3201 4718 3419 4777 dePalt.
3437 4720 3627 4791 caput.

2705 4830 2848 4869 num.
2877 4814 2971 4870 79.
3126 4820 3131 4827 ’

2114 4928 2511 5000 Sardanapalus
2538 4939 2842 5000 postremus
2870 4929 3215 5001 Assyriorum
3237 4927 3349 4981 Rex
3372 4968 3389 4994 ,
3414 4926 3495 4981 vir
3523 4942 3640 4982 mu-

2045 5023 2177 5078 liere
2204 5021 2528 5092 corruptior,
2562 5021 2734 5092 inquit
2756 5020 2897 5076 Just.
2926 5020 3017 5075 lib.
3054 5019 3119 5086 1,
3150 5018 3241 5089 qui
3268 5016 3410 5073 inter
3428 5028 3640 5073 scorto-

2044 5097 2381 5185 rumgreges
2405 5113 2688 5179 inventus,
2722 5125 3010 5182 purpuram
3036 5108 3158 5166 colo
3182 5122 3342 5177 nere,
3370 5108 3641 5185 etmulie-

2044 5204 2127 5261 bri
2150 5204 2368 5270 habitu,
2392 5219 2514 5261 cum
2536 5204 2760 5261 mollitia
2778 5201 3019 5273 corporis
3039 5209 3096 5257 et
3119 5199 3397 5256 oculorum
3420 5199 3637 5255 lascivia

2043 5314 2232 5355 omnes
2260 5291 2508 5355 fin—minas
2527 5298 2789 5364 anteiret,
2815 5309 2978 5366 pensa
3006 5292 3148 5350 inter
3166 5280 3404 5364 virgines
3426 5289 3635 5362 partiri,

2044 5390 2182 5450 adeo
2208 5400 2267 5448 ut
2287 5392 2404 5463 ejus
2428 5404 2725 5462 cognomen
2753 5387 2823 5444 ob
2848 5386 3107 5458 insignem
3130 5384 3407 5442 mollitiem
3434 5382 3488 5439 in
3515 5396 3643 5455 pro-

2038 5486 2284 5543 verbium
2311 5483 2502 5539 abierit
2524 5480 2665 5553 apud
2690 5479 2906 5537 Graecos
2928 5485 2985 5536 et
3011 5477 3251 5533 Latinos.
3517 5477 3526 5482 “
3670 5486 3673 5493 ·

2042 5600 2171 5659 159.
2187 5600 2411 5658 Scenam
2425 5597 2713 5654 decurrere
2735 5603 2792 5650 et
2818 5592 3107 5650 desaltare.
3133 5589 3280 5646 Tom.
3311 5586 3401 5644 Ill.
3429 5586 3519 5642 lib.
3541 5583 3642 5651 Ill.

2414 5689 2531 5744 adv.
2566 5686 2733 5742 Marc.
2761 5695 2879 5756 cap.
2903 5685 2967 5740 11
2988 5725 3007 5752 ,
3038 5698 3180 5738 num.
3207 5682 3263 5736 7.

2045 5790 2063 5861 3
2117 5786 2293 5843 Seena
2317 5826 2331 5852 ,
2363 5781 2580 5854 proprie
2610 5779 2732 5835 fons
2762 5777 2958 5859 theatri
2979 5817 2994 5845 ,
3022 5776 3174 5833 locus
3198 5772 3450 5831 nimirum
3480 5769 3643 5829 Acto-
