4082 6346
450 362 560 431 243

1555 302 2146 421 EX‘lERTULLIANI
2185 352 2663 419 APOLOGETICO

3643 346 3754 414 2H

454 503 607 555 rum,
636 482 939 544 obstructus
966 478 1420 555 peripetasmatis,
1452 478 1483 537 e
1507 494 1610 552 quo
1632 476 1685 537 in
1708 480 2048 552 proscenium
2076 478 2128 540 Α
2156 478 2281 534 165.
2322 475 2538 552 Syiram
2566 475 2776 535 caedere
2819 480 2874 533 et
2922 482 3192 532 truncare.
3247 468 3392 530 Tom.
3435 468 3476 528 l.
3527 470 3750 547 Apolog.

458 572 630 629 acturi
662 570 948 626 histriones
990 564 1292 638 prodibant.
1338 563 1668 637 Frequenter
1697 580 1794 639 pro
1821 564 1937 637 ipsa
1965 563 2048 620 fa-

458 666 603 734 llitis,
637 662 932 747 Tragtedia,
966 662 1054 718 aut
1077 659 1363 718 commdla.
1385 656 1583 739 νίψει.
1784 654 1791 659 ’

501 785 505 788 ν
579 755 749 809 accitis
772 756 983 820 agitatus
1005 752 1241 817 Orestes;

289 882 295 888 ‘
334 918 349 951 5
457 850 512 919 id
555 854 673 932 est,
705 848 1004 937 Tragoedlis
1063 858 1365 951 celebratus
1419 864 1472 918 et
1519 860 1831 934 frequenter
1877 860 2048 917 actus.

452 956 639 1015 Horat.
1070 948 1075 959 ’

519 1106 529 1111 -
578 1070 732 1132 Quam
755 1082 851 1120 non
873 1070 1104 1121 adstricto
1126 1068 1383 1133 percurrat
1405 1065 1590 1132 pulpita
1610 1076 1767 1118 socco.

525 1182 737 1256 Pulpita
760 1197 859 1256 pro
876 1198 1059 1251 sema,
1082 1180 1186 1237 hoc
1209 1188 1292 1237 est
1310 1221 1324 1246 ,
1345 1193 1504 1251 quam
1528 1175 1824 1233 inconditas
1841 1183 1894 1231 et
1911 1171 2049 1231 male

454 1286 608 1350 aptas
634 1278 940 1336 conscribat
965 1274 1278 1333 comoedias.
1307 1273 1425 1330 Erit
1455 1273 1613 1344 igitur
1643 1271 1911 1325 decurrere
1942 1284 2049 1325 sce-

454 1388 609 1439 nam,
641 1370 896 1443 perﬁcere
918 1370 1036 1445 ejus
1051 1371 1157 1435 rei,
1177 1384 1295 1439 qua:
1317 1366 1558 1422 instituta
1579 1371 1728 1429 erat,
1758 1376 2043 1418 summam.

454 1466 685 1523 Cicero:
716 1466 848 1534 Qum
872 1464 968 1521 abs
988 1448 1049 1519 ‘tc
1073 1461 1307 1538 breviter
1349 1459 1418 1515 de
1464 1468 1581 1515 arte
1629 1457 1853 1512 decursa
1898 1464 2043 1510 sunt.

457 1560 740 1617 Decurrere
784 1575 989 1616 scenam
1030 1555 1403 1628 phantasmatis
1428 1552 1653 1623 Tertull.
1687 1559 1798 1615 est,
1827 1549 2049 1606 omnino

455 1662 505 1708 et
531 1652 773 1709 absolute
801 1650 1031 1722 probare
1044 1663 1262 1704 carnem
1283 1644 1480 1703 Christi
1504 1644 1819 1715 phantasma
1842 1650 2046 1699 tantum

444 1722 654 1810 tuisse,
678 1752 734 1800 et
762 1743 816 1803 ill
845 1754 912 1799 eo
939 1739 1216 1812 probando
1238 1737 1465 1794 haerere.
1498 1736 1587 1793 Sic
1620 1735 1747 1819 Cipi.
1779 1733 1847 1789 ad
1872 1732 2043 1790 Cicer.

2227 587 2343 641 cap.
2371 562 2429 627 4.
2475 584 2616 626 nam.
2647 569 2736 625 50.
2766 577 2810 623 et
2842 568 2929 624 5|.
2973 575 3021 622 et
3063 566 3151 622 lib.
3178 565 3241 622 de
3282 565 3584 637 Prtcscript.
3630 563 3749 621 adu.

2226 662 2351 717 Ilwr.
2382 676 2497 733 cap.
2530 656 2620 717 37.
2650 678 2792 715 num.
2823 659 2952 717 222.

2229 777 2342 846 Quo
2354 777 2478 849 jure
2495 777 2690 850 syleam
2708 792 2868 832 meam
2884 775 3059 845 credis,
3078 791 3202 848 qua:
3228 789 3258 831 a
3278 774 3396 846 jure
3418 775 3561 832 civili
3582 782 3755 833 trans-

2157 867 2480 933 fertomnia;
2499 866 2602 923 hoc
2622 867 2872 940 estzquid
2893 868 2944 924 in
2964 883 3136 925 meam
3156 868 3549 939 possessionem
3572 868 3756 924 irruis?

2155 958 2209 1014 in
2230 974 2404 1015 meam
2422 973 2651 1014 messem
2671 958 2862 1017 falcem
2883 958 3151 1016 immittis?
3167 960 3393 1031 Apolog.
3415 958 3596 1014 Totam
3612 960 3758 1016 illam

2154 1058 2362 1106 veterem
2383 1059 2429 1106 et
2456 1038 2787 1122 squallcntem
2809 1052 3002 1124 syloam
3025 1052 3216 1133 legum)-
3237 1052 3377 1105 novis
3398 1050 3758 1123 principalium

2153 1145 2510 1216 rescriptorum
2556 1155 2604 1200 et
2643 1136 2919 1200 edictorum
2952 1143 3207 1198 securibus
3236 1144 3482 1198 truncatis
3524 1154 3571 1199 et
3602 1142 3758 1198 credi-

2153 1236 2236 1290 tis.
2262 1236 2422 1307 Sylva
2439 1234 2665 1305 Latinis,
2691 1236 2763 1290 uti
2793 1247 2847 1292 et
2877 1234 3082 1301 Graecis
3112 1240 3219 1299 ὓλη,
3249 1235 3632 1306 nlelapllorice,
3657 1248 3756 1305 pro

2154 1328 2304 1399 capia
2327 1338 2381 1382 et
2402 1330 2645 1384 materia.
2676 1326 2866 1384 Cicero
2892 1348 2903 1383 :
2933 1330 3120 1384 Omnis
3142 1327 3356 1383 ubertas
3371 1338 3421 1384 et
3439 1329 3590 1400 quasi
3613 1328 3760 1400 sylva

2152 1418 2365 1477 dicendi
2395 1429 2448 1476 et
2474 1439 2486 1475 :
2521 1408 2717 1477 Rerum
2744 1430 2799 1476 et
2825 1421 3215 1477 sententiarum
3240 1420 3407 1492 sylva.
3438 1419 3551 1475 Hoc
3579 1429 3759 1477 autem

2152 1514 2494 1585 proverbium
2524 1521 2796 1584 sumptum
2822 1513 2890 1570 ab
2910 1505 3193 1570 arboribus
3211 1556 3225 1579 ,
3252 1529 3371 1584 quae
3393 1514 3472 1568 vel
3512 1523 3763 1585 putantur

2153 1618 2224 1662 ne
2262 1606 2573 1679 sylvescant
2610 1608 2898 1671 sarmentis
2921 1649 2937 1674 ,
2966 1615 3019 1662 et
3060 1607 3111 1661 in
3137 1620 3327 1662 omnes
3365 1615 3541 1677 partes
3583 1606 3762 1663 nimia:

2141 1685 2462 1763 Tondentur,
2487 1699 2575 1755 vel
2600 1698 2869 1755 radicibus
2896 1704 2999 1754 una
3034 1714 3158 1755 cum
3192 1705 3382 1755 trunco
3421 1698 3760 1754 exciduntur.

456 1835 552 1891 liti.
586 1794 654 1890 8.,
686 1833 855 1891 Scena
899 1794 1060 1890 ullius
1109 1832 1208 1897 rei,
1254 1830 1355 1886 hoc
1385 1838 1496 1895 est,
1524 1828 1575 1884 id
1604 1808 1793 1898 iniquo
1824 1834 1931 1881 tota
1963 1839 2051 1880 res
2083 1794 2283 1869 3164.
2319 1804 2549 1898 ,Sylvam
2612 1806 2865 1878 candere.
2913 1812 3229 1879 eradicarc.
3275 1823 3327 1868 cl
3377 1810 3756 1869 excaudicare-

455 1926 699 1994 vertitur,
730 1934 784 1981 et
827 1924 1069 1981 consumi
1115 1906 1293 1979 debet.
1345 1906 1464 1976 Lib.
1515 1919 1728 1981 advers.
1776 1904 2046 1973 Valentin.

454 2020 691 2092 appellat
717 2001 938 2075 Tertull.
990 2000 1314 2073 des’ultricem
1360 2016 1631 2092 virtutem,
1667 2011 1968 2068 instabilem
1998 2020 2053 2068 et

456 2088 596 2169 male
636 2108 841 2167 lii-mam
873 2106 927 2168 et
951 2110 1229 2166 motoriam
1256 2150 1271 2174 ,
1303 2119 1357 2165 et
1387 2088 1511 2163 ibde
1540 2125 1554 2162 :
1585 2098 1851 2160 desultdrii
1878 2096 2053 2159 homi-

458 2221 555 2261 nes
574 2247 589 2272 ,
621 2206 652 2259 il
678 2190 1039 2261 desultoribus
1068 2200 1335 2274 equitibus
1366 2199 1579 2272 proprie
1617 2198 1779 2254 cliam
1811 2206 2049 2268 usurpat,

370 2294 375 2299 ⁷
455 2290 533 2351 uti
572 2295 873 2357 decurrere,
906 2296 963 2350 iit
1001 2290 1252 2348 desultore
1275 2334 1292 2359 ,
1319 2291 1389 2348 sit
1429 2291 1568 2347 saltu
1610 2288 1826 2345 mimico
1857 2290 2051 2357 remai—

457 2385 696 2443 selllai'e.
727 2374 857 2442 Nam
888 2370 939 2441 in
971 2388 1143 2451 scena,
1175 2376 1449 2439 orchestra
1492 2374 1642 2451 chori
1687 2377 1903 2453 propria
1929 2380 2010 2433 est
2035 2421 2049 2446 ,

456 2468 614 2539 sicuti
663 2480 813 2537 scena
857 2462 1177 2535 histrionum
1199 2518 1215 2544 ,
1247 2478 1297 2533 in
1327 2477 1430 2549 qua
1479 2474 1625 2530 mimi
1656 2462 1901 2529 Solebant
1927 2484 2054 2526 suas

457 2570 696 2630 actiones
742 2562 1014 2629 exhibere.
1067 2566 1338 2643 ὂρχηστὺς,
1395 2574 1484 2624 ars
1534 2552 1794 2633 saltandi,
1845 2574 1901 2632 et
1931 2564 2045 2635 ipsa

457 2656 670 2724 saltatio
688 2708 706 2735 ,
738 2660 796 2723 ill
814 2658 1017 2723 alludat
1057 2652 1124 2721 ad
1153 2673 1410 2736 utrosque
1432 2671 1658 2733 utroque
1681 2652 1847 2715 verbo
1867 2699 1884 2725 ,
1910 2667 1962 2714 et
1983 2657 2051 2713 ad

458 2756 700 2815 scenicos
731 2744 1047 2825 histriones,
1071 2763 1124 2813 et
1151 2748 1219 2812 ad
1244 2754 1443 2811 mimos
1461 2795 1478 2825 ,
1498 2760 1554 2811 et
1577 2748 1645 2808 ab
1668 2738 1856 2808 iisdetn
1877 2736 2052 2807 diver.

457 2864 546 2908 sas
571 2849 746 2906 trahat
769 2848 1130 2919 metaphoras.

402 3028 405 3033 _
460 2949 584 3021 illi).
638 2946 960 3034 Scalpeilum
1007 2952 1346 3031 immergere.
1403 2952 1548 3014 Tom.
1591 2946 1630 3013 l.
1677 2946 1767 3013 lib.
1817 2956 1880 3012 de
1909 2944 2050 3010 Pali.

958 3071 1072 3127 cap.
1118 3046 1206 3110 11.
1254 3068 1396 3109 nunt.
1430 3042 1554 3109 1⁵15.

534 3158 848 3240 Scalpellus,
875 3158 960 3222 vel
998 3153 1324 3238 scalpellum,
1357 3174 1440 3222 est
1484 3156 1749 3235 scalprum
1793 3152 2054 3234 chirurgi-

456 3274 617 3329 cllm,
673 3256 973 3332 φλεϐότδμον.
1002 3252 1194 3315 Nescio
1239 3272 1306 3312 an
1350 3257 1509 3313 etiam
1557 3251 1841 3326 scalpella,
1887 3254 1943 3310 u't
1971 3254 2049 3325 pi-

457 3348 598 3409 stilia
641 3342 867 3421 Plauto,
895 3352 994 3423 pro
1038 3344 1258 3423 pistillo,
1290 3338 1448 3422 vulgo
1487 3340 1758 3417 lanceola,
1785 3364 1815 3403 a
1846 3345 2056 3404 chirur-

458 3446 541 3516 εἰς.
578 3453 825 3502 tractum.
860 3442 995 3501 Nam
1038 3457 1172 3499 voce
1210 3428 1501 3510 acerbitati,
1532 3428 1743 3497 videtur
1798 3430 2050 3498 cbolerici

457 3522 702 3595 humoris
729 3528 981 3594 in‘Vedlo
1019 3528 1342 3593 abundantis
1386 3528 1698 3607 signIIlCari.
1748 3526 1922 3591 Cicer.
1957 3551 2052 3606 pro

456 3632 599 3689 Sest.
626 3632 744 3690 Non
766 3646 828 3688 ea
852 3639 936 3688 est
960 3630 1253 3699 medicina,
1283 3645 1446 3702 quum
1473 3644 1618 3685 sanas
1645 3629 1779 3702 parti
1807 3630 2053 3701 carperis

455 3723 757 3796 scalpellum
798 3716 1102 3779 adhibetur.
1133 3721 1324 3779 Solent
1359 3721 1593 3792 chirurgi
1636 3721 1894 3776 immersa
1921 3721 2056 3775 παις-

460 3815 596 3886 pello
624 3810 815 3870 venam
844 3813 1114 3881 incidere,
1137 3822 1192 3868 et
1226 3812 1508 3868 humorem
1539 3812 1926 3868 redundantem
1954 3812 2057 3867 eli-

459 3921 604 3961 cere.
640 3906 778 3963 Usus
820 3907 923 3962 erit
950 3906 1223 3977 proverbii
1250 3906 1303 3962 in
1333 3905 1645 3975 morborum
1687 3906 1850 3960 animi
1879 3905 2055 3962 medi.

461 3998 583 4083 cina
605 4039 622 4064 ,
653 3999 733 4053 uti
757 4007 813 4054 et
837 4013 899 4055 ea
927 4015 1045 4070 qua:
1074 3980 1475 4072 consequuntilr
1512 3998 1653 4069 apud
1685 3998 1918 4083 Tertull.
1951 3999 2052 4054 Ca-

462 4074 733 4146 tllarticum
761 4089 903 4148 dare.
1126 4158 1174 4195 '
1194 4120 1207 4127 -
1238 4084 1275 4113 ³⁷
1374 4106 1381 4107 '
1728 4138 1741 4154 .
1789 4094 1797 4101 ’

463 4202 588 4260 161.
627 4200 878 4275 Scipione
919 4204 1135 4287 jllslipr,
1162 4213 1218 4262 et
1242 4205 1541 4262 militarior.
1570 4206 1720 4265 Tum.
1751 4204 1794 4262 li
1838 4205 2055 4281 Αροιοσ.

910 4358 917 4363 ,
959 4304 1078 4372 sap.
1111 4302 1199 4361 11.
1243 4313 1385 4356 nutus
1416 4300 1543 4359 173.

2302 1881 2447 1962 Tolli.
2484 1894 2545 1961 ν.
2578 1904 2665 1961 lib.
2699 1904 2762 1961 de
2789 1902 2978 1961 Pudic.
3010 1923 3128 1977 cap.
3162 1902 3251 1962 16.
3281 1923 3423 1961 num.
3459 1900 3584 1963 135.

2230 2022 2493 2090 Quantum
2536 2018 2701 2077 securi
2744 2037 2940 2076 omnem
2983 2021 3180 2092 sylvam
3209 2022 3474 2075 libidinum
3504 2020 3684 2085 caedat,
3717 2029 3764 2076 et

2159 2115 2388 2179 eradicet
2431 2124 2477 2169 et
2521 2114 2833 2169 excaudicet.
2885 2112 3073 2180 Addit,
3111 2113 3195 2168 Ne
3232 2114 3509 2185 quidquam
3548 2115 3612 2170 de
3633 2116 3765 2170 reci—

2157 2207 2273 2261 diva
2319 2207 2563 2278 fruticare
2608 2208 2886 2277 permittat.
2921 2207 3014 2261 Est
3044 2206 3256 2276 penitus
3295 2205 3492 2276 aliquid
3521 2207 3759 2275 abolere,

2165 2288 2414 2368 idemque
2442 2304 2563 2353 cunt
2592 2297 2889 2368 superiore.
2939 2294 3073 2353 Nam
3104 2300 3321 2353 truncus
3345 2303 3427 2352 est
3452 2299 3618 2368 stipes
3646 2299 3764 2369 ipse

2158 2389 2322 2444 ramis
2361 2398 2416 2444 et
2456 2387 2733 2445 frondibus
2780 2396 2996 2461 exutus.
3044 2384 3260 2445 Caudex
3295 2404 3417 2446 eum
3457 2389 3754 2447 frondibus.

2156 2478 2343 2552 Itaque
2370 2489 2654 2547 truncare.
2677 2489 2732 2536 et
2754 2480 3092 2536 mendicare
3106 2516 3121 2547 ,
3145 2481 3357 2537 eadem.

2160 2590 2285 2652 165.
2325 2592 2540 2667 Sylvam
2587 2590 2854 2666 ingentem
2888 2606 3248 2651 commovere.
3288 2590 3437 2651 Tom.
3474 2592 3535 2650 V.
3568 2596 3656 2652 lib.
3694 2594 3758 2653 de

2621 2682 2809 2744 Trinit.
2839 2702 2955 2761 cap.
2987 2686 3074 2745 16.
3116 2705 3169 2744 n.
3199 2686 3289 2746 8|.

2158 2850 2164 2861 ,
2232 2800 2449 2873 Sylvam
2502 2800 2885 2873 scripturarum
2951 2818 3262 2857 commovere
3324 2800 3465 2858 circa
3533 2802 3750 2876 aliquid.
3860 2845 3881 2856 -

2157 2882 2318 2949 blulla
2369 2898 2659 2961 excutere,
2708 2901 2762 2950 et
2800 2892 3036 2965 Undique
3077 2899 3389 2964 argumenta
3438 2888 3753 2973 desumere,

2157 2986 2267 3042 lato
2287 3001 2477 3056 campo
2502 2986 2737 3057 evagari.

2013 3162 2026 3174 ο
2078 3108 2125 3173 C
2161 3101 2284 3158 166.
2324 3099 2529 3170 Quanta
2578 3100 2748 3173 sylva.
2796 3095 2945 3156 Tom.
2978 3090 3071 3157 lli.
3113 3100 3201 3157 lib.
3247 3102 3309 3157 de
3339 3102 3509 3158 Anim.
3553 3120 3668 3175 cap.
3698 3103 3753 3159 2.

2822 3202 2964 3248 num.
2997 3192 3085 3250 30.

2227 3306 2360 3377 Qua:
2386 3304 2513 3362 vis?
2540 3321 2660 3378 quae
2699 3296 2851 3378 copia
2871 3305 2901 3360 3?
2929 3321 3086 3377 quam
3126 3302 3302 3378 ampla
3331 3306 3541 3379 lateque
3571 3315 3757 3381 patens

2032 3430 2049 3461 ξ
2102 3428 2103 3433 π
2156 3401 2422 3461 materia?

2160 3516 2284 3572 167.
2326 3514 2547 3572 Socrate
2592 3478 2907 3586 sapientior.
2947 3513 3097 3570 Tom.
3157 3513 3197 3571 ι.
3231 3513 3457 3589 Αροιος.
3500 3531 3616 3583 cap.
3664 3516 3754 3572 ii.

2790 3625 2932 3668 num.
2966 3609 3092 3665 157.

2229 3722 2346 3777 Non
2397 3720 2558 3777 modo
2605 3721 2883 3777 hominum
2936 3720 3342 3778 existimatione
3375 3764 3390 3788 ,
3440 3722 3535 3778 sed
3581 3710 3757 3796 Pythii

2158 3814 2428 3887 Apollinis
2455 3813 2671 3869 oraculo
2711 3813 3137 3884 sapientissimus
3160 3812 3429 3882 judicatus
3472 3812 3714 3870 Socrates
3738 3855 3754 3881 ,

2158 3916 2217 3964 et
2252 3907 2459 3964 cunctis
2505 3907 2759 3977 praelatus
2799 3906 3059 3978 proditur.
3112 3899 3249 3961 Plin.
3293 3905 3386 3961 lib.
3418 3902 3475 3962 7.
3516 3920 3637 3980 cap.
3664 3904 3758 3965 51.

2160 4003 2334 4060 Cicer.
2365 4002 2459 4059 lib.
2481 4001 2550 4058 dc
2575 4002 2793 4057 Amicit.

2161 4116 2291 4174 268.
2318 4116 2459 4174 Solis
2486 4116 2745 4187 pectines.
2764 4114 2914 4171 Tom.
2941 4113 3029 4172 111.
3051 4114 3142 4170 lib.
3174 4114 3292 4169 adu.
3326 4113 3528 4174 Valent.
3556 4132 3671 4188 cap.
3699 4118 3757 4176 ὅ.

2823 4225 2966 4265 nunt.
2996 4210 3091 4265 ἰαί.

2235 4326 2291 4381 1η
2319 4324 2629 4396 pectinibus,
2651 4324 2850 4397 quibus
2874 4336 3060 4382 comas
3101 4324 3183 4381 vel
3211 4324 3645 4381 diser-inlinamus
3674 4324 3761 4381 vel

473 4462 479 4469 .
539 4410 766 4477 Plinius,
792 4412 890 4469 lib.
918 4414 971 4483 7,
1001 4426 1149 4470 unm.
1180 4414 1274 4472 I7.
1304 4415 1437 4473 Cato
1450 4415 1656 4488 manus
1678 4424 1792 4474 tres
1815 4424 2056 4476 summas
2080 4423 2136 4485 D
2163 4419 2463 4491 pectimus,
2488 4417 2630 4475 radii
2676 4418 2829 4476 densi
2858 4426 2913 4474 et
2942 4418 3085 4486 rari,
3115 4433 3145 4473 a
3186 4418 3443 4474 solarium
3487 4417 3760 4474 radiorum

462 4505 517 4563 in
548 4506 765 4562 nonnae
791 4518 880 4562 res
928 4508 1241 4576 Wall‘tisse
1279 4508 1618 4582 existimatus
1651 4519 1736 4566 est
1761 4523 1780 4566 ς
1809 4504 2058 4582 Optimus

462 4608 667 4665 orator,
690 4597 1006 4670 Imperator,
1035 4596 1295 4667 Senator;
1323 4616 1444 4671 qum
1471 4600 1600 4656 mihi
1625 4603 1806 4657 omnia
1834 4604 2056 4660 etiamsi

461 4706 570 4747 non
594 4691 770 4762 prius.
804 4698 1041 4748 attamen
1062 4673 1264 4749 Rarius
1288 4680 1499 4749 fulsisse
1527 4693 1582 4748 in
1606 4693 1859 4767 Scipione
1884 4694 2058 4761 Mil-

461 4781 606 4837 iiano
646 4781 910 4838 videntur.
966 4781 1217 4854 Ejusdem
1267 4783 1384 4841 laus
1428 4784 1571 4855 apud
1614 4785 1791 4844 Cicer.
1840 4788 1938 4845 lib.
1987 4789 2093 4846 de'

461 4874 680 4930 Amicit.
706 4873 921 4931 Justitia
946 4885 1001 4930 et
1027 4873 1239 4932 bonitas
1265 4877 1316 4932 in
1346 4877 1518 4933 altero
1541 4877 1791 4949 Scipione
1825 4878 2015 4938 Nasica
2037 4922 2053 4949 ,

462 4962 887 5024 commendatur.
920 4954 1216 5041 Utrimque
1269 4980 1449 5028 tamen
1494 4978 1548 5028 et
1579 4971 1800 5043 iustitiae
1828 4985 1880 5033 et
1912 4976 2055 5033 mili-

460 5058 599 5145 taris
623 5052 877 5145 scientiis,
889 5047 1123 5145 studium
1150 5050 1384 5145 Scipioni
1407 5052 1601 5121 minori
1627 5055 1739 5123 sive
1764 5062 2055 5129 [Emiiiano

462 5140 706 5241 attribuit
738 5143 934 5217 Laelius
977 5142 1116 5227 apud
1147 5144 1321 5213 Cicer.
1350 5148 1445 5212 lib.
1468 5148 1682 5215 eodem.
1716 5148 1906 5235 Major,
1930 5148 2055 5220 sive

458 5243 748 5304 Africanus
762 5284 785 5316 ,
817 5257 1043 5321 utraque
1066 5247 1228 5323 etiam
1252 5249 1413 5311 laude
1434 5251 1713 5308 excelluit.
1924 5320 1929 5327 ι

462 5358 589 5418 iss.
623 5359 828 5435 Scytha
870 5361 1084 5423 teu‘ior.
1110 5361 1262 5425 Tom.
1284 5362 1490 5423 tua».
1514 5364 1562 5421 ι.
1584 5366 1705 5424 cdo.
1737 5364 2049 5441 ιποφ.

1052 5509 1063 5518 .
1097 5458 1150 5514 ίι
1187 5474 1336 5517 Μ.
1361 5458 1453 5521 li.

452 5565 2056 5649 svum.m.mwswm

458 5662 629 5718 moria
653 5702 669 5729 ,
701 5670 757 5718 et
795 5664 1034 5720 omnium
1066 5665 1185 5722 fere
1206 5667 1448 5739 Nam
1472 5671 1909 5744 inmaturumque
1940 5673 2055 5729 exi-

782 5753 849 5810 ad
870 5753 1017 5813 bella
1036 5765 1099 5813 et
1124 5756 1605 5820 ωεωωωειιωα
1634 5765 2047 5838 “inquam

451 5840 519 5896 ad
547 5842 712 5900 ullum
739 5845 1082 5905 humanitatis
1111 5849 1346 5908 studium
1393 5862 1537 5909 nata.
1737 5856 1755 5900 ξ

2157 4510 2545 4580 similitudine,
2576 4509 2829 4571 dicuntur
2854 4527 2870 4578 ;
2899 4520 2953 4566 et
2981 4512 3253 4583 reciproca
3285 4512 3599 4587 metaphora
3623 4528 3642 4566 :
3668 4529 3761 4584 pe-

2161 4608 2319 4662 ctines
2360 4608 2525 4677 satis,
2559 4605 2700 4677 quod
2743 4620 2959 4667 omnem
3008 4606 3060 4664 in
3104 4615 3307 4676 partem
3355 4605 3536 4662 radios
3560 4646 3574 4668 ,
3608 4606 3761 4678 quasi

2160 4699 2381 4756 creuula
2407 4699 2579 4755 instar
2606 4688 2831 4769 pectinis
2870 4698 3153 4755 intercisos
3178 4698 3406 4771 enliltat.
3441 4690 3595 4755 Unde
3619 4697 3763 4771 apud

2158 4793 2378 4850 Lucret.
2409 4788 2532 4848 Tela
2557 4791 2691 4860 diei,
2722 4792 2873 4863 quasi
2906 4792 3167 4859 missiles,
3199 4763 3423 4848 telorum
3451 4791 3504 4847 in
3532 4807 3759 4859 morem,

2158 4886 2313 4942 radii.
2348 4884 2415 4941 Et
2466 4891 2683 4948 ἓιιῄϐολος
2739 4885 2981 4949 Κπόλλων,
3028 4883 3143 4940 SOI.
3185 4883 3254 4939 Al
3279 4898 3400 4939 cum
3429 4883 3514 4939 ltlS
3543 4881 3719 4941 verbis
3740 4925 3759 4951 ,

2158 4991 2451 5049 puerorum
2483 4975 2920 5033 terriculamenta
2946 5017 2962 5041 ,
2995 4975 3072 5029 uti
3103 4983 3190 5042 et,
3223 4972 3418 5029 Lamia:
3452 4966 3657 5043 turres,
3690 4976 3762 5031 si-

2158 5064 2495 5141 gniﬁcentur,
2549 5068 2948 5131 consueverunt
2976 5062 3203 5124 fortasse
3226 5070 3462 5125 nutrices
3479 5109 3495 5136 ,
3520 5068 3609 5124 Vel
3630 5081 3760 5139 pue-

2158 5164 2313 5220 rilem
2343 5161 2597 5232 eiulatum
2623 5168 2970 5232 compesCere
2987 5203 3001 5229 ,
3025 5158 3108 5217 vel
3136 5159 3455 5216 obstinatam
3482 5202 3495 5225 ,
3526 5159 3651 5215 dum
3671 5175 3759 5216 ca-

2072 5288 2081 5293 -
2158 5265 2261 5328 put
2280 5255 2384 5313 sibi
2413 5255 2550 5326 pecli
2578 5270 2685 5312 nou
2715 5254 2925 5320 lerunt,
2954 5251 3345 5313 contumaciam
3368 5293 3382 5317 ,
3408 5252 3558 5309 hisce
3579 5234 3760 5310 verbis

2157 5347 2481 5418 infringere,
2512 5346 2641 5429 dum
2682 5342 2903 5418 pectines
2929 5345 3089 5414 solis,
3120 5345 3284 5403 veluti
3310 5334 3546 5417 strigiles
3563 5387 3579 5411 ,
3604 5345 3671 5402 ad
3697 5359 3759 5403 se

2162 5439 2342 5497 afferri
2383 5440 2667 5511 imperant.
3164 5462 3171 5473 ι

2162 5556 2286 5613 169.
2329 5555 2471 5612 Solis
2512 5554 2663 5611 radio
2695 5556 2977 5646 scriptum.
3023 5553 3170 5611 Tom.
3194 5553 3285 5611 111.
3311 5552 3406 5610 lib.
3430 5553 3496 5611 de
3530 5552 3770 5612 Restm.-

2586 5665 2731 5707 σαι-η.
2753 5665 2870 5721 cap.
2903 5651 2991 5715 47.
3019 5666 3159 5705 num.
3187 5649 3310 5705 511.
3549 5656 3554 5661 ⁷

2230 5765 2334 5821 Pro
2361 5763 2643 5835 perspicuo
2656 5802 2674 5833 ,
2696 5770 2836 5820 eteo
2849 5761 2994 5836 quod
3012 5762 3203 5819 claret.
3228 5760 3367 5819 Nam
3383 5775 3502 5836 qua:
3519 5760 3753 5821 maxime

2158 5862 2433 5925 constant,
2466 5854 2802 5925 maximeque
2846 5856 2897 5913 in
2939 5854 3192 5912 confesso
3224 5861 3369 5925 sunt,
3396 5869 3458 5913 ea
3489 5853 3603 5911 s‘ole
3634 5854 3750 5911 cla-
