4106 6330
330 302 453 367 338

1517 313 2042 378 PROVERBIALES
2077 319 2450 415 γοιωυιε.

346 422 491 481 riora
521 419 772 481 dicimus.
802 422 940 484 Hinc
978 424 1067 484 illa
1101 440 1116 483 :
1153 425 1212 486 in
1240 429 1357 486 sole
1383 429 1648 504 caligare;
1679 431 1936 492 adversus
1964 436 2017 499 Α
2041 449 2339 509 creperum.
2367 441 2467 511 Qui
2493 456 2623 502 vero
2647 443 2811 518 quuin
2838 445 3008 506 cliens
3028 462 3135 506 non
3161 459 3324 519 esset,
3357 465 3458 510 nec
3485 431 3636 512 ordi-

346 519 518 575 solem
542 519 707 590 loqui.
734 518 852 575 Lib.
882 520 952 577 de
980 521 1210 580 Pudicit.
1237 536 1355 596 cap;
1387 526 1440 582 7.
1469 526 1662 595 Quibus
1682 529 1942 596 exquiren-

347 612 429 669 dis
457 627 560 667 non
585 611 807 670 lacerate
827 615 1024 684 spiculo
1046 616 1263 687 lumine,
1296 619 1387 674 sed
1412 621 1566 679 totius
1586 622 1727 699 solis
1760 621 1941 680 (unm:

346 720 480 775 opus
517 713 609 760 est.

349 819 473 880 170.
518 819 576 879 In
602 819 779 881 solido
804 836 943 909 esse.
976 823 1132 881 Tom;
1157 826 1227 882 V.
1265 827 1356 884 lib.
1396 829 1461 886 de
1501 828 1730 891 Pudicit.
1762 848 1809 888 ο.
1849 832 1933 907 to.

996 933 1144 974 num.
1175 919 1267 976 85.

422 1026 683 1085 Securum
720 1040 873 1096 esse,
902 1036 958 1087 et
991 1030 1129 1088 bene
1155 1030 1390 1102 firmum,
1418 1035 1808 1107 munitumque.
1840 1034 1939 1094 Cui

346 1118 615 1191 opponit:
642 1118 907 1178 Pandente
942 1123 1151 1195 vestigia
1177 1125 1402 1196 ingredi,
1425 1136 1517 1182 et:
1560 1126 1627 1182 In
1653 1128 1819 1200 gradu
1864 1137 1942 1183 to-
2024 1154 2039 1167 -

347 1217 458 1269 litat
481 1227 611 1279 esse,
637 1210 817 1269 Παεισιί
839 1212 903 1270 de
935 1222 1127 1270 tenore.
1160 1216 1295 1272 lluio
1329 1216 1525 1274 similia
1552 1237 1565 1274 :
1605 1219 1820 1276 Duabus
1845 1233 1942 1276 an-

345 1304 492 1363 coris
517 1293 710 1363 fultum
730 1319 871 1363 esse.
893 1305 949 1364 In
974 1307 1109 1365 \latlo
1139 1324 1279 1365 esse.
1305 1310 1453 1383 Virg.
1481 1311 1577 1368 lib.
1608 1311 1671 1368 ll.

688 1437 866 1489 Multos
886 1408 1075 1490 alterna
1091 1442 1317 1491 revisens

473 1499 628 1563 Lusit,
653 1507 698 1552 et
720 1499 773 1554 in
793 1500 948 1555 solido
965 1515 1136 1556 rursus
1155 1503 1347 1585 fortuna
1369 1502 1560 1557 locavit.

352 1630 477 1685 171.
513 1628 907 1703 Ad,speculum
936 1630 1281 1701 respondere.
1346 1631 1567 1689 Ibidem.
1600 1650 1647 1688 c.
1696 1633 1751 1690 8.
1797 1650 1940 1691 nam.

527 1720 618 1777 64.
646 1722 737 1776 lib.
767 1720 855 1778 IV.
875 1722 993 1777 adu.
1025 1722 1194 1778 lare.
1220 1740 1336 1794 cap.
1356 1725 1446 1781 51.
1467 1741 1609 1780 num.
1630 1726 1763 1782 5H.

423 1834 676 1890 Aduersus
719 1837 983 1908 speculum
1026 1838 1315 1910 parabolis,
1348 1838 1552 1896 dixisse
1594 1839 1807 1897 videtur
1847 1856 1943 1911 pro

353 1939 515 1982 sensu
545 1929 869 1999 anagogico,
897 1929 1013 1986 sive
1044 1930 1152 2001 ipsa
1188 1946 1452 2005 anagoge,
1495 1932 1583 2002 qui
1625 1942 1709 1989 est
1753 1948 1944 1989 sensus

352 2017 735 2090 scripturarum
757 2062 772 2086 ,
799 2020 1167 2090 parabolarum
1191 2063 1206 2089 ,
1237 2024 1577 2079 oraculorum
1611 2026 1867 2097 mysticus
1890 2035 1945 2082 et

354 2112 690 2178 reconditus;
718 2115 914 2185 quique
938 2115 1159 2170 interius
1196 2127 1249 2171 et
1273 2118 1424 2187 quasi
1452 2119 1552 2173 sub
1575 2118 1772 2174 cortice
1793 2118 1939 2174 latet.

354 2204 448 2263 Sic
464 2204 535 2260 ad
556 2207 815 2276 speculum
834 2209 1140 2278 respondere
1162 2209 1268 2282 (uti
1298 2209 1351 2265 in
1380 2212 1541 2266 rebus
1562 2210 1858 2280 fabrilibus,
1877 2212 1945 2270 ad

357 2299 593 2371 regulam
619 2342 634 2365 ,
673 2301 928 2357 amussim
947 2345 963 2368 ,
990 2302 1470 2375 perpendiculum)
1501 2306 1605 2360 erit
1638 2306 1815 2361 omnia
1845 2322 1907 2362 ea
1927 2349 1943 2376 ,

355 2408 477 2467 qua:
506 2392 754 2464 parabola
788 2404 1185 2465 proponuntur,
1219 2411 1379 2466 posse
1411 2398 1810 2455 accommodari
1838 2399 1905 2455 iis
1928 2440 1945 2468 ,

357 2500 476 2554 qua:
501 2484 692 2541 eadem
713 2486 1100 2556 significantur.
1126 2487 1282 2556 Et,ut
1305 2489 1538 2563 loquitur
1560 2491 1945 2560 Tertulliunus,

357 2578 589 2650 mntpla
612 2579 913 2650 persequuti.
1339 2656 1348 2664 _

276 2744 281 2749 .
362 2689 485 2745 172.
514 2688 749 2763 Spongia
776 2691 1083 2750 Marcionis.
1107 2693 1257 2750 Tum.
1290 2694 1377 2752 lll.
1408 2695 1497 2751 tib.
1531 2695 1594 2751 ν.
1615 2692 1732 2753 adv.
1764 2697 1947 2777 ﬂare.

891 2801 1025 2859 sop._
1041 2788 1098 2843 4.
1138 2804 1278 2843 num.
1322 2787 1412 2847 ιδ.

420 2896 579 2954 ‘Usus
608 2898 837 2969 spongia:
864 2898 1160 2968 pictoribus
1196 2898 1254 2954 in
1278 2899 1468 2956 colore
1497 2899 1760 2967 delenda;
1808 2902 1950 2975 quod

360 2998 505 3063 patet
525 3004 592 3046 ex
619 2988 881 3054 Plin.,lib.
915 2989 1005 3045 55.
1032 3004 1151 3062 cap.
1181 2989 1270 3047 10.
1294 2991 1633 3050 dePietorib.
1655 3003 1710 3049 et
1732 2992 1800 3048 de
1822 2992 1954 3049 Pro-

358 3096 574 3157 togene.
592 3083 933 3141 Absterscrat
951 3085 1167 3155 saepius,
1185 3093 1592 3156 mutaverattu
1607 3085 1913 3156 penicillum
1928 3127 1946 3155 ,

361 3186 654 3251 postremo,
681 3177 955 3248 spongiam
973 3190 1093 3237 eam
1115 3175 1356 3248 impegit,
1388 3177 1562 3233 inviso
1587 3178 1603 3232 l

361 3274 563 3334 Λυδοῦ.
587 3271 641 3328 in
662 3271 833 3343 EpiSt.
852 3271 1084 3344 quadam
1110 3288 1124 3326 :
1148 3272 1296 3328 Fuco
1318 3282 1423 3328 tua:
1444 3271 1835 3331 emendationis
1852 3272 1953 3329 ad-

355 3366 504 3439 jecto
525 3365 789 3438 impingas
810 3365 1103 3436 spongiam,
1131 3380 1250 3436 qua:
1273 3365 1643 3436 imperfectum
1669 3380 1807 3437 opus
1828 3363 1955 3436 equi

362 3457 505 3517 male
530 3457 829 3530 spumantis
855 3456 1118 3513 absolvat.
1170 3454 1312 3513 Usus
1341 3456 1503 3514 etiam
1532 3457 1585 3514 in
1609 3457 1955 3528 estergeudis

364 3552 563 3608 mensis
582 3550 1031 3616 cumulariorum,
1057 3548 1433 3621 prmeipueque
1447 3549 1649 3617 abacis,
1678 3550 1733 3607 in
1760 3550 1956 3620 quibus

362 3642 690 3711 scribebant,
723 3651 781 3699 et
816 3642 1030 3698 inducta
1055 3642 1272 3713 spongia
1297 3642 1661 3714 corrigebat“.
1689 3642 1756 3705 Et
1783 3642 1838 3701 iu
1869 3658 1955 3714 pa-

364 3734 676 3806 limpsestis,
704 3735 807 3793 hoc
825 3744 907 3791 est
932 3724 1143 3795 tabellis
1166 3733 1560 3789 membranisve
1580 3733 1833 3790 deletitiis
1853 3775 1867 3801 ,
1901 3737 1955 3791 in

366 3833 557 3905 quibus
587 3832 728 3903 stylo
743 3828 1056 3901 graphiario
1068 3844 1291 3885 exarare
1317 3829 1573 3886 solemus.
1595 3829 1733 3885 Hinc
1758 3831 1958 3900 Augus-

369 3936 472 3991 tus,
505 3925 723 3996 Ajacem
748 3921 1090 3995 Tragoediam
1112 3964 1127 3987 ,
1157 3937 1318 3993 quam
1344 3921 1702 3994 conscriptam
1725 3936 1752 3976 a
1780 3937 1839 3977 se
1864 3923 1973 3990 des

368 4021 523 4089 lerat,
556 4020 608 4075 in
634 4017 903 4093 spongiam
932 4015 1251 4073 decubuisse
1276 4015 1519 4082 dicebat,
1548 4015 1613 4071 ad
1654 4016 1957 4086 exemplum

369 4113 569 4185 Aiacis,
596 4111 687 4185 qui
730 4111 782 4165 in
824 4110 1023 4165 ferrum
1060 4107 1398 4164 incubuerat.
1437 4107 1699 4163 Aristides
1723 4107 1777 4161 in
1807 4105 1957 4162 Orat.

368 4204 594 4281 quadam
622 4207 752 4259 οῦδὲν
772 4206 846 4256 δεῖ
860 4218 944 4265 τῆς
960 4209 1250 4271 Στησιχόρου
1271 4204 1574 4265 παλινωδίας,
1608 4201 1730 4255 ἀλλὰ
1768 4209 1961 4266 σπόγγος

368 4304 562 4353 literas
590 4338 605 4365 ,
656 4295 788 4350 nihil
845 4307 980 4364 opus
1018 4291 1180 4347 fuerit
1214 4290 1513 4347 Stesichori
1553 4289 1818 4362 palinodia
1850 4290 1963 4344 sive

370 4390 756 4455 rccantatione,
785 4386 879 4444 sed
901 4387 1117 4459 spongia
1144 4384 1466 4441 medebitur.
1496 4383 1589 4439 Sic.
1616 4396 1782 4454 quum
1811 4381 1961 4437 Mar-

372 4472 521 4551 cion,
566 4495 701 4553 quos
750 4478 956 4546 vellet,
999 4491 1167 4533 sacra:
1214 4477 1506 4547 Scriptum
1551 4475 1719 4531 libros
1760 4473 1965 4531 deleret

372 4575 392 4649 (
415 4574 557 4649 quod
587 4572 915 4631 declaratum
941 4580 1023 4629 est
1045 4585 1204 4642 supra
1232 4588 1246 4624 :
1272 4570 1559 4641 Abruptam
1585 4570 1962 4641 amplissimum

375 4670 561 4737 salire;
600 4679 653 4725 et
698 4668 800 4724 hoc
828 4668 949 4723 loco
978 4666 1158 4721 statim
1190 4664 1507 4735 subiungit:
1549 4679 1670 4734 quae
1708 4663 1961 4731 abstulit,

375 4778 494 4834 qua:
520 4752 824 4831 servavit):
838 4754 1109 4831 spongiam
1138 4754 1416 4810 Hareionis
1446 4754 1760 4824 appellavit,
1798 4751 1966 4808 auda-

376 4855 512 4910 (iam
534 4852 677 4925 illam
708 4851 762 4906 in
792 4847 1163 4923 expungendis
1180 4847 1376 4915 Libris,
1402 4855 1454 4905 et
1476 4845 1719 4903 censoria
1747 4845 1966 4901 temeri—

376 4954 487 5002 tate
510 4942 915 5001 intercidendis.
1430 4942 1435 4947 ⁴

382 5062 506 5119 175.
537 5059 841 5133 Sportulam
872 5057 1189 5114 furunculus
1226 5064 1423 5128 captat.
1453 5053 1604 5110 Tom.
1630 5054 1720 5111 Ill.
1752 5054 1846 5115 lib.
1874 5053 1967 5117 III.

767 5151 881 5205 adv.
910 5148 1076 5204 Marc.
1107 5165 1224 5221 cap.
1259 5148 1349 5205 16.
1376 5165 1430 5203 n.
1462 5148 1587 5204 111.

452 5267 724 5338 Sportula,
755 5281 785 5321 a
806 5264 1064 5341 sportulis
1094 5263 1340 5333 sparteis,
1365 5276 1705 5321 nummorum
1729 5268 1973 5331 recepta-

1971 1805 2019 1866 B

2010 611 2019 617 .
2042 532 2226 588 uarius
2243 532 2520 604 salutator,
2542 538 2633 593 alii
2649 552 2772 596 sese
2793 537 3092 613 ingerebat,
3108 553 3164 599 ot
3183 548 3467 616 sportulam
3488 550 3634 606 acci-

2044 638 2176 695 pere
2197 625 2413 698 ignotus
2458 632 2847 702 contendebat,
2881 638 3183 706 furunculus
3218 638 3328 695 boc
3353 640 3472 698 loco
3498 638 3634 698 dici-

2044 724 2148 801 tur.
2179 717 2236 775 In
2284 735 2410 777 eum
2438 724 2724 781 conveniet
2761 727 2852 797 qui
2886 726 3024 785 falso
3063 730 3165 787 sibi
3206 731 3337 810 quid
3364 732 3633 805 vindicat,

2043 817 2102 864 ut
2130 807 2266 867 deus
2301 811 2586 871 Marcionis
2610 830 2809 873 nomen
2838 816 3063 876 Christi.

2046 920 2170 975 174.
2201 920 2462 994 Stipulam
2484 927 2604 997 quis
2628 926 2680 983 in
2710 928 2887 985 alieno
2911 931 3072 988 oculo
3102 932 3310 991 facilius
3343 936 3631 1009 pchpicit,

2114 1029 2274 1086 quam
2324 1018 2406 1167 in0
2424 1034 2523 1077 suo
2570 1022 2798 1079 trabem.
2856 1024 3004 1082 Tom.
3052 1027 3094 1082 l.
3136 1029 3355 1103 Apotog.
3398 1048 3515 1106 gap.
3545 1034 3637 1092 59.

2116 1121 2257 1161 nam.
2300 1109 2362 1164 51
2413 1149 2426 1167 .
2528 1138 2535 1145 -

2116 1121 2257 1161 nam.
2300 1109 2426 1167 510.
2528 1138 2535 1145 -

2118 1238 2465 1299 Proverbium
2507 1244 2888 1319 Evangelicum
2913 1290 2928 1317 ,
2960 1250 3145 1307 Matth.
3177 1253 3234 1327 5,
3304 1263 3357 1311 et
3402 1255 3530 1312 Luc.
3580 1260 3639 1315 6.

2045 1345 2154 1401 quo
2176 1330 2432 1401 philantia
2462 1344 2681 1393 notatur
2720 1354 2909 1397 eorum
2930 1382 2945 1408 ,
2977 1344 3066 1419 qui
3105 1341 3329 1401 aliorum
3362 1348 3447 1404 vel
3476 1344 3640 1406 mini-

2048 1422 2151 1479 mis
2179 1424 2322 1480 vitiis
2347 1426 2708 1497 ofl'enduntur,
2755 1432 2869 1489 suis
2899 1442 2954 1488 et
2984 1435 3232 1492 maximis
3266 1435 3632 1507 blandiuntur,

2047 1522 2263 1589 κάρφος,
2303 1520 2495 1588 stipula
2531 1521 2847 1581 Tertullian.
2904 1526 3130 1599 vulgata:
3178 1528 3428 1588 editionis
3470 1533 3638 1589 inter-

2049 1609 2191 1678 preti
2214 1627 2228 1665 :
2260 1609 2481 1668 festuca.
2512 1615 2698 1671 Horat.

2173 1723 2267 1793 Qui
2289 1739 2353 1793 ne
2376 1727 2636 1793 tuberibus
2658 1731 2863 1793 prOpriis
2884 1732 3099 1784 offendat
3117 1736 3326 1787 amicum

2168 1785 2418 1849 Postulat,
2442 1785 2907 1853 ignoscat'vc'rrucls
2930 1794 3057 1856 illius
3078 1785 3392 1859 aequumiest.

2049 1891 2117 1945 Et
2136 1893 2279 1970 aliud
2304 1894 2561 1950 Proverb.
2588 1897 2831 1953 Pustulas
2857 1898 3078 1965 alienas,
3105 1901 3376 1958 ulceribus
3401 1894 3636 1958 scatens.

2050 2002 2175 2059 175.
2206 2004 2317 2069 Sub
2344 2007 2463 2077 sinu
2486 2016 2540 2062 et
2561 2009 2753 2063 tunica.
2790 1980 2945 2064 Tom:
2968 2010 3032 2067 ν.
3065 2012 3132 2067 lib
3156 2013 3219 2068 de
3257 2012 3394 2086 Fug.
3434 2015 3488 2075 in
3520 2030 3639 2086 per-

2508 2110 2665 2154 secat.
2695 2118 2811 2172 cap.
2834 2101 2920 2157 l2.
2945 2118 3087 2159 num.
3110 2104 3202 2161 89.

2124 2214 2286 2279 Addit
2324 2214 2546 2279 Tertull.
2586 2225 2643 2277 ut
2685 2219 2906 2290 furtiuo,
2939 2228 2995 2276 et
3031 2220 3253 2292 opponit
3286 2239 3300 2276 :
3330 2238 3507 2277 omni
3541 2228 3645 2278 tota

2051 2306 2262 2361 mundo.
2293 2307 2560 2378 Quidquid
2592 2311 2872 2380 propatulo
2915 2326 3020 2366 non
3053 2312 3132 2380 fit,
3159 2312 3253 2368 sed
3294 2311 3550 2370 insidiose
3592 2321 3650 2369 et

2049 2399 2223 2468 clam,
2271 2400 2495 2461 reniotis
2537 2400 2778 2470 arbitris.
2827 2413 2884 2463 et
2930 2403 3105 2463 aliena
3147 2404 3646 2471 conscientia,sub
3712 2438 3721 2443 -

2051 2490 2172 2545 sinu
2195 2490 2308 2547 fieri
2342 2491 2554 2547 dicitur.
2589 2492 2682 2549 Sic
2708 2510 2722 2553 :
2754 2493 2815 2561 In
2837 2495 3012 2557 sinum
3041 2493 3311 2562 conferre,
3342 2503 3574 2560 vertere,
3595 2494 3652 2550 id
3756 2486 3774 2495 ’

2052 2596 2154 2652 est,
2186 2584 2240 2641 in
2269 2586 2533 2659 privatum
2559 2587 2906 2651 commodum
2934 2588 3157 2650 referre.
3186 2590 3253 2649 Et
3276 2589 3452 2655 Plinio
3475 2589 3648 2648 Scau-

2054 2692 2148 2735 rus
2188 2677 2387 2737 dicitur
2438 2680 2745 2752 rapinarum
2803 2682 3217 2752 provincialium
3263 2683 3436 2749 sinus.
3482 2683 3650 2761 quiin

2053 2785 2165 2841 sua:
2208 2772 2449 2829 avaritiae
2470 2775 2792 2846 tvoraginem
2824 2776 3004 2843 omnia
3036 2784 3399 2837 converteret.
3437 2775 3497 2839 In
3524 2776 3650 2839 sinu
3700 2842 3703 2845 ,

2051 2864 2309 2939 gaudere,
2339 2875 2421 2921 est
2451 2866 2703 2938 gaudium
2726 2883 2885 2941 suum
2914 2868 2967 2927 in
2996 2867 3184 2943 vulgus
3212 2882 3322 2929 non
3347 2866 3651 2937 edere,uec

2053 2957 2229 3028 palam
2252 2956 2445 3014 facere.

2093 3074 2216 3132 176.
2243 3074 2387 3149 Sylla
2414 3048 2639 3135 felicior.
2671 3076 2819 3134 Tom.
2848 3077 2890 3139 l.
2911 3078 3180 3152 Apologet.
3212 3079 3296 3141 11·
3331 3094 3456 3137 nunt
3476 3077 3604 3137 175.
3644 3082 3648 3086 “

1731 3178 1949 3237 tabulae.
1976 3163 2023 3228 Ο
2130 3189 2263 3246 Huic
2285 3189 2448 3262 Syllae
2473 3190 2739 3251 felicitatis
2759 3198 3026 3249 ostentum
3054 3189 3239 3246 datum
3269 3199 3353 3247 est
3393 3187 3640 3257 fulmine,

2060 3291 2118 3338 ut
2144 3282 2219 3337 ait
2244 3282 2383 3338 Plin.
2418 3282 2511 3339 lib.
2557 3281 2759 3354 ILcap
2799 3283 2890 3341 54.
2936 3283 3086 3345 Unus
3115 3282 3393 3343 hominum
3419 3323 3436 3350 ,
3483 3281 3657 3351 inquit

2059 3377 2200 3434 idem
2229 3375 2455 3445 Plinius,
2488 3377 2697 3437 lib.\’lf.
2724 3391 2843 3453 cap.
2872 3377 2965 3435 44.
2995 3376 3062 3433 ad
3084 3375 3188 3433 hoc
3207 3375 3329 3445 aevi,
3360 3373 3531 3435 felicis
3550 3372 3657 3431 sibi

2061 3485 2363 3547 cognomen
2395 3472 2642 3533 asseruit.
2676 3471 2846 3540 Quam
2880 3471 3235 3533 temeritatem
3270 3482 3392 3533 cum
3426 3465 3660 3527 stultitia

2059 3566 2396 3636 conjunctam
2426 3562 2618 3623 eodem
2645 3564 2765 3622 loco
2789 3562 3003 3621 refellit.

2062 3706 2186 3763 177.
2215 3702 2371 3759 Tanti
2399 3702 2651 3769 vitreum,
2677 3700 2862 3771 quanti
2885 3698 3271 3771 margaritum?
3290 3656 3444 3753 Tum.
3466 3697 3531 3754 ll.
3557 3696 3650 3753 lib.

2451 3795 2568 3850 adv.
2600 3793 2768 3849 Marc.
2792 3809 2906 3865 cap.
2932 3792 2990 3849 4.
3023 3790 3289 3866 ηαηικδϐ.

2134 3935 2277 3995 Istud
2309 3949 2415 3991 non
2459 3932 2636 3993 solum
2680 3924 2875 4001 legitur
2905 3927 3048 3999 apud
3088 3927 3315 3987 Tertull.
3355 3927 3455 3987 sed
3490 3926 3658 3987 etiam

2060 4027 2205 4100 apud
2228 4028 2291 4082 Β.
2321 4026 2634 4097 Hieronym.
2661 4022 2779 4092 Quo
2806 4021 2951 4079 dicto
2975 4035 3185 4078 summa
3212 4035 3391 4075 rerum
3419 4019 3659 4090 inzequa-
3766 4038 3769 4042 ·
3823 4109 3833 4119 ⁸

2066 4120 2189 4175 litas
2237 4115 2642 4189 significabitur.
2692 4112 3132 4184 Margaritarum,
3180 4111 3315 4167 alias
3364 4111 3658 4177 unionem,

2060 4226 2335 4271 summum
2360 4211 2503 4267 inter
2524 4221 2769 4280 gemmas
2790 4206 3043 4276 pretium.
3065 4203 3276 4260 Vitrum
3300 4202 3617 4259 vilissimum
3638 4242 3660 4270 ,

2060 4306 2208 4380 quod
2235 4315 2416 4361 tamen
2444 4301 2792 4373 margaritam
2818 4298 3041 4356 mentiri
3062 4304 3264 4369 potest,
3303 4305 3358 4353 et
3394 4294 3662 4365 imperitis

2064 4401 2365 4471 imponere,
2388 4395 2623 4466 explicat
2651 4406 2712 4448 se
2742 4390 2969 4447 Tertull.
3015 4397 3070 4446 et
3114 4388 3233 4445 huic
3264 4389 3405 4444 inter
3435 4400 3497 4443 se
3530 4400 3666 4442 con-

2065 4492 2191 4559 fert,
2236 4487 2515 4543 Terrenum
2539 4483 2791 4557 gloriam,
2834 4481 3055 4554 gloriam
3084 4480 3358 4549 caelestem,
3397 4476 3667 4549 premitur:

2068 4582 2236 4641 laudis
2265 4581 2522 4645 tum,
2544 4576 2770 4632 divinam
2784 4574 3088 4631 "ntercedem.

2073 4720 2199 4779 t78.
2228 4718 2464 4791 Teutpus
2489 4711 2671 4775 omnia
2696 4709 3121 4860 reveletbfom.
3143 4708 3186 4763 ι.
3221 4704 3438 4781 Apolog.
3463 4719 3578 4777 cap.
3611 4703 3668 4757 7.

2715 4821 2855 4860 num.
2890 4804 2914 4859 1
3000 4846 3012 4859 .
3380 4854 3387 4857 _

2715 4821 2855 4861 num.
2890 4804 3012 4860 107.

2142 4926 2344 4987 Seneca
2366 4940 2379 4983 :
2400 4920 2695 4982 Veritatem
2721 4918 2837 4983 dies
3086 4914 3272 4977 uorat.

2199 5061 2443 5129 Quidquid
2465 5060 2558 5110 sub
2578 5064 2714 5129 terra
2737 5057 2886 5129 estin
2908 5054 3121 5129 apricum
3144 5049 3367 5116 proferet
3398 5055 3545 5111 tetas,

2197 5122 2451 5186 Domist,
2472 5122 2752 5185 audetque
2774 5122 2999 5171 nitentia

2077 5263 2245 5327 χρὸνθς
2270 5257 2454 5311 πάντων
2470 5257 3004 5322 βασανιστής,1οη]ρυ5
3024 5243 3201 5303 omnia
3223 5240 3557 5323 explorat.Et
3573 5238 3677 5301 So.

383 5335 517 5421 culis
560 5361 704 5417 dicta
723 5401 737 5426 ,
768 5359 1051 5419 donarium
1070 5399 1085 5424 ,
1135 5359 1249 5413 sive
1278 5358 1455 5428 potius
1480 5355 1798 5420 obsonium,
1829 5370 1955 5427 qum

2080 5347 2258 5420 phocli
2279 5356 2436 5420 χρόα
2457 5345 2649 5400 dicitur
2674 5342 2806 5397 πάνθ’
2834 5346 2948 5411 ὁρῶν
2966 5348 3047 5393 καὶ
3072 5341 3249 5391 ἀκαίρων
3269 5348 3353 5391 καὶ
3377 5335 3512 5391 πάντ’
3525 5343 3677 5440 ἀνεξικα-

383 5451 577 5509 divites
620 5424 778 5507 Rom.
812 5448 1192 5505 salutatoribus
1237 5424 1471 5514 dabant,
1506 5447 1604 5519 ipsi
1635 5424 1948 5502 secreto—cce

2080 5446 2286 5507 τὺσσειν,
2302 5439 2478 5495 omnia
2494 5435 2674 5490 videre
2696 5442 2749 5487 et
2769 5430 2975 5494 audire,
2992 5429 3152 5487 etiam
3172 5428 3223 5485 in
3238 5439 3479 5499 apertum
3496 5424 3677 5499 prola-

385 5554 597 5599 nantes.
628 5541 727 5597 Cui
776 5540 1021 5611 opposita
1058 5539 1223 5594 Recta
1264 5553 1458 5606 cinna,
1507 5552 1665 5609 quam
1711 5536 1981 5599 civiliores
2084 5543 2283 5588 turum.
2311 5531 2483 5599 Atque
2500 5528 2625 5582 hinc
2651 5525 2866 5581 Veritas
2884 5521 3168 5630 Temporis
3188 5519 3673 5630 filiaOapteltl‘icitur,

388 5632 677 5693 clientibus
743 5632 1126 5688 salutatoribus
1171 5633 1282 5687 suis
1334 5630 1631 5704 legitimum
1677 5630 1980 5687 convivium
2030 5674 2037 5677 .
2084 5642 2203 5700 qua:
2225 5624 2481 5696 temporis
2506 5634 3004 5699 progressu,quum
3033 5617 3340 5704 aliquandiu
3366 5616 3678 5680 delituerit.

389 5729 707 5786 exhiberem
729 5768 744 5794 ,
778 5743 897 5800 quae
944 5727 1074 5781 olim
1121 5699 1445 5797 pauperibus
1471 5732 1677 5780 tantum
1712 5722 1939 5779 dabatur
1962 5763 1980 5793 ,
2084 5699 2141 5774 in
2167 5718 2644 5814 riucem‘emergat;
2675 5712 2813 5814 Hinc
2852 5713 3035 5768 illud:
3068 5699 3176 5783 ἔμε
3217 5714 3265 5814 ξι
3310 5719 3429 5814 ape;
3468 5717 3559 5781 eo;
3591 5716 3684 5814 23¢

390 5831 576 5894 postea
606 5798 809 5878 divites:
835 5820 996 5878 etiam
1042 5819 1325 5891 sportulam
1345 5826 1561 5888 captare
1590 5826 1643 5875 et
1688 5829 1985 5888 exposcere
2088 5805 2312 5873 ἀλήθειαν
2356 5801 2542 5878 κρόνος.
2583 5806 2651 5862 At
2679 5805 2961 5863 veritatem
2994 5813 3201 5874 tempus
3228 5802 3280 5858 in
3318 5800 3491 5857 lucem
3512 5798 3677 5856 eruit.
