4106 6330
358 301 378 321 ⁹
492 295 597 353 247

476 411 487 421 ’
626 410 751 467 179.
807 409 988 466 Terra:
1017 409 1131 465 ﬁlii.
1154 408 1352 464 Ibidem
1380 426 1494 481 cap.
1527 410 1614 466 10.
1643 426 1786 465 num.
1819 407 1942 464 162.

566 522 857 577 Videantur
907 521 1087 576 adnot.
1133 521 1374 578 Pamelii.
1440 522 1611 579 Terra:
1660 522 1826 579 Filios
1873 521 2082 595 (inquit

490 616 745 685 Tertull.)
778 615 978 687 ~vulgus
1020 626 1188 681 vocat,
1245 634 1461 690 quorum
1490 636 1646 690 genus
1690 621 1938 674 incertum
1985 630 2077 689 est,

485 714 687 781 γηγενεῖς
716 750 728 773 ,
781 716 838 763 et
874 707 997 762 inde
1051 709 1310 781 gigantes,
1343 711 1495 780 quasi
1537 727 1568 765 e
1600 720 1740 767 terra
1772 713 1899 767 nati.
1928 712 2080 783 Apud

485 800 735 857 Juvenal.
765 801 1111 857 Fraterculus
1148 799 1440 873 gigantum,
1475 818 1572 873 pro
1595 804 1796 872 ignoto.
1822 806 2077 861 Persius:

485 893 778 963 Progenies
806 903 999 949 terrae:
1013 892 1143 950 Vide
1166 909 1360 964 supra:
1393 894 1470 949 De
1493 895 1619 950 caelo
1649 897 1957 965 supervenit.

490 1005 615 1061 180.
642 1005 863 1087 Terram
894 1022 1111 1077 gravem
1160 1008 1466 1077 imprecari.
1502 1008 1645 1062 Tom.
1681 1008 1721 1063 Ι.
1744 1008 1833 1063 lib.
1865 1009 1928 1064 de
1962 1008 2083 1064 Tes-

873 1100 984 1152 tim.
1015 1099 1217 1167 animte.
1243 1116 1357 1169 cap.
1387 1101 1437 1154 4.
1463 1117 1602 1153 num.
1629 1100 1719 1155 21.

558 1209 815 1267 Solebant
850 1212 1072 1283 antiqui,
1108 1222 1165 1267 ut
1199 1228 1263 1269 ex
1294 1215 1542 1270 omnibus
1572 1216 1683 1270 fere
1731 1227 1874 1287 patet
1904 1219 2081 1277 latinis

487 1300 690 1369 Poetis,
722 1305 966 1359 manibus
994 1306 1143 1374 ejus,
1197 1307 1349 1376 cujus
1390 1309 1722 1375 memoriam,
1773 1321 1828 1363 nt
1854 1311 2076 1367 Tertull.

416 1418 423 1425 ε
488 1394 565 1448 ait
591 1435 606 1457 ,
638 1410 751 1448 cum
783 1396 1004 1467 alicujus
1031 1396 1238 1464 offensae
1275 1415 1448 1453 morsu
1477 1402 1736 1468 facerent,
1771 1413 1822 1455 et
1854 1404 2079 1459 maledi-

483 1500 608 1540 cere
629 1486 848 1551 vellent,
880 1499 1065 1542 terram
1090 1506 1295 1564 gravem
1325 1496 1594 1560 imprecari
1618 1509 1638 1557 ;
1682 1494 1798 1564 ejus
1841 1511 1968 1551 vero
1995 1497 2080 1552 cui

482 1580 711 1648 gratiam
738 1579 1036 1644 deberent,
1087 1584 1297 1641 ossibus
1343 1595 1397 1638 et
1424 1587 1695 1642 cineribus
1744 1588 2077 1657 refrigerium

486 1673 841 1740 comprecari.
880 1673 941 1727 Et
976 1689 1161 1729 mense
1203 1678 1498 1745 pricscr'tim
1544 1676 1838 1735 Februario
1868 1680 2077 1738 duode-

483 1764 587 1818 cim
637 1766 974 1819 continentes
1020 1766 1168 1831 dies,
1225 1782 1321 1837 pro
1368 1770 1702 1836 impetranda
1747 1782 2076 1829 mortuorum
2108 1765 2155 1823 Β

485 1855 730 1910 manibus
748 1857 949 1926 quiete,
982 1859 1210 1929 populus
1231 1859 1574 1917 lustratioues
1598 1874 1653 1918 et
1679 1864 1882 1934 piacula
1913 1866 2080 1924 facie-

462 1947 596 2035 ιω.
624 1948 760 2003 Hinc
786 1951 910 2005 illa:

608 2084 817 2149 Molliter
838 2099 946 2149 ossa
970 2088 1274 2147 cubent,.....

670 2147 733 2197 Et
754 2148 975 2217 cinerem
1000 2150 1149 2199 tellus
1171 2164 1266 2200 non
1290 2164 1497 2217 onerosa
1520 2160 1726 2217 premat.

601 2208 725 2278 Ossa
743 2212 912 2278 quieta
938 2225 1108 2278 precor
1130 2218 1234 2262 tuta
1258 2208 1577 2277 requiescere
1602 2217 1653 2265 in
1682 2230 1825 2278 urna,

669 2270 733 2323 Et
755 2270 819 2321 Sit
844 2270 1018 2322 bunins
1039 2277 1194 2324 cineri
1214 2289 1313 2325 non
1335 2270 1543 2328 onerosa
1563 2286 1665 2329 tuo.

494 2397 623 2452 181.
654 2390 850 2454 Tliales
882 2401 933 2454 in
971 2409 1206 2471 puteum.
1241 2401 1385 2457 Tam.
1418 2403 1509 2461 Ill.
1535 2405 1624 2459 lib.
1653 2406 1717 2463 de
1752 2408 2075 2480 Anim..cap.

1120 2493 1172 2547 6.
1208 2511 1350 2551 num.
1383 2496 1473 2552 89.
1839 2505 1843 2509 ’

554 2605 689 2662 Vide
713 2607 814 2662 hoc
841 2600 1491 2679 proverbiumtractatum
1513 2628 1541 2665 a
1568 2613 1790 2669 Platone
1810 2616 1862 2670 in
1881 2606 2075 2672 Theae-

485 2707 617 2754 teto.
656 2698 730 2755 De
759 2701 822 2755 iis
865 2704 952 2770 qui
987 2717 1084 2757 nec
1118 2718 1213 2772 pro
1242 2703 1463 2772 pedibus
1504 2707 1853 2777 prospiciunt.
1888 2708 2077 2766 Thales

482 2803 514 2844 e
556 2799 759 2860 septem
792 2790 1014 2847 Graeciae
1045 2794 1378 2862 sapientibus
1417 2812 1554 2852 unus
1589 2809 1643 2854 et
1685 2801 1907 2870 primus,
1947 2803 2073 2858 dum

480 2880 719 2937 caelestia
748 2880 1464 2956 intentius‘eontemplatur,
1516 2890 1569 2944 in
1608 2890 1818 2948 foveam
1862 2895 2071 2954 incidit.

478 2974 616 3030 Hinc
642 2989 672 3029 a
699 2977 876 3031 vetula
900 2977 1012 3032 sive
1040 2979 1108 3034 ab
1131 2981 1323 3035 ancilla
1347 2982 1555 3041 irrisus.
1783 2984 1800 3002 ”

1140 295 1236 350 EX
1275 292 1457 349 TERT
1467 290 1733 383 ULLIAw
1775 288 2071 349 APOLOGE

2176 288 2251 348 ΞΟ
2286 292 2810 357 PROVEBBIALES
2846 298 3222 359 FORMULIE.

3670 306 3775 365 218

2108 408 2161 467 Α
2190 417 2272 466 tus
2290 411 2649 481 eritconatus,
2683 417 2759 472 uti
2777 428 3105 476 evanescunt
3145 436 3208 477 ea
3237 435 3358 493 quae
3381 421 3634 480 delentur
3660 426 3777 483 sive

2186 503 2599 576 dispunguntur,
2631 524 2730 581 pro
2751 522 3155 585 expunguntur.

2187 619 2312 676 184.
2356 621 2590 679 Titulum
2642 625 2899 682 incidere.
2933 626 3079 683 Tant.
3127 627 3215 683 111.
3244 629 3334 685 lib.
3377 628 3417 685 1.
3450 630 3573 700 adv.
3606 631 3775 689 Marc.

2730 717 2844 790 cap.
2878 721 2932 776 9.
2962 738 3101 776 num.
3126 722 3215 778 57.
3746 735 3749 738 ’

2259 829 2495 886 Incidere
2524 840 2606 887 est
2632 842 2817 890 notare
2852 836 3051 906 aliquid
3096 838 3148 892 in
3168 902 3179 905 γλ
3201 839 3545 896 monimentis
3588 848 3775 899 rerum

2186 932 2475 994 gestarum.
2510 923 2701 981 Cicero
2727 945 2741 980 :
2773 926 3010 983 Incidere
3037 929 3267 1002 elogium
3300 932 3479 1003 (aliis,
3499 933 3776 1007 etMureto

2186 1012 2451 1083 imprimis
2473 1015 2739 1085 elogium)
2769 1016 2822 1072 in
2869 1020 3117 1087 sepulcro
3138 1062 3153 1088 ,
3186 1021 3239 1076 in
3277 1036 3371 1087 ms,
3401 1021 3453 1077 in
3484 1038 3773 1081 marmiire.

2187 1107 2326 1162 Plin.
2356 1107 2425 1163 de
2448 1108 2634 1178 Pomp.
2667 1109 2877 1180 Magno,
2906 1126 3007 1183 cap
3029 1112 3121 1168 26.
3149 1113 3362 1169 lib.Vll.
3387 1126 3775 1173 commemorat

2187 1199 2370 1255 titulos
2395 1201 2742 1256 victoriarum
2772 1213 2825 1258 et
2849 1204 3243 1275 triumphorum
3266 1215 3496 1263 notatos.
3513 1207 3686 1290 Quem
3706 1208 3772 1266 ad

2188 1309 2392 1348 morem
2438 1294 2621 1349 allusit
2665 1295 2887 1351 Tertull.
2923 1306 2982 1353 ut
3010 1298 3116 1365 sit',
3175 1299 3388 1367 publica
3415 1312 3773 1373 cognomento

2186 1384 2474 1441 honestare
2500 1387 2581 1440 vel
2610 1388 2889 1456 infamare,
2919 1398 2977 1444 et
3002 1390 3175 1461 elogio
3203 1392 3509 1447 nobilitare.

2189 1497 2309 1553 l83.
2331 1499 2503 1554 Tullio
2556 1499 2913 1570 eloquentior.
2949 1501 3097 1559 Tom.
3147 1503 3185 1557 1.
3236 1505 3456 1577 Apolog.
3504 1523 3622 1579 cap.
3680 1508 3768 1578 11,

2837 1610 2978 1649 ηιιηι.
3012 1596 3102 1650 17.

2257 1703 2328 1757 Μ.
2382 1703 2539 1759 Tullii
2563 1705 2796 1776 elogium
2816 1706 2982 1763 babes
3006 1708 3216 1763 Iib.VIl.
3248 1725 3336 1763 nu.
3364 1710 3452 1765 50.
3476 1710 3613 1781 apud
3636 1712 3771 1768 Plin.

2185 1795 2273 1851 ubi
2298 1811 2419 1852 eum
2450 1809 2607 1852 vocat
2636 1796 3341 1871 facundiaeLatinarumque
3364 1803 3657 1859 litterarum
3685 1822 3776 1878 pa-

2186 1896 2414 1943 rentem.
2443 1889 2668 1957 Quintil.
2717 1891 2807 1945 lib.
2830 1892 2919 1947 IX.
2946 1892 3118 1948 lnstit.
3155 1894 3208 1947 In
3242 1910 3423 1965 quem,
3445 1896 3539 1963 ait,
3564 1899 3774 1969 capiant

2185 1981 2559 2048 Platonis,vim
2585 1985 2978 2055 Demosmenis,
2999 1989 3316 2044 suavitatem
3342 1989 3590 2048 Isocratis
3611 1992 3777 2051 fuisse

2187 2075 2531 2131 transfusam.
2593 2072 2601 2078 ’

2187 2187 2312 2244 186.
2344 2188 2645 2245 Vaaitatem
2680 2191 2912 2248 vanitate
2941 2193 3228 2273 depellere.
3265 2194 3414 2251 Tant.
3447 2198 3538 2255 Ill.
3569 2200 3658 2258 lib.
3684 2201 3772 2258 Ν.

2561 2285 2678 2340 adv.
2713 2285 2879 2340 Marc.
2907 2304 3022 2360 cap.
3057 2288 3144 2344 50.
3177 2307 3230 2344 u.
3264 2290 3391 2345 496.

2256 2397 2352 2453 Est
2373 2406 2542 2452 artem
2572 2408 2706 2459 arte,
2735 2400 3071 2456 mendacium
3100 2401 3381 2458 mendacio
3399 2403 3638 2460 cludere.
3658 2405 3776 2462 Fri-

2184 2490 2362 2545 volum
2392 2498 2786 2561 argumentum,
2810 2500 2864 2547 et
2906 2493 2972 2547 ad
3007 2509 3118 2549 rem
3152 2509 3259 2548 non
3286 2498 3771 2564 accommodatum,

2186 2581 2380 2637 frivola
2400 2591 2450 2636 et
2474 2582 2646 2637 alieno
2666 2582 2953 2654 infringere
2975 2596 3025 2638 et
3044 2585 3311 2642 refellere.
3333 2586 3424 2642 Illa
3445 2589 3769 2658 persimilis:

2176 2672 2503 2763 Cum.vulpe
2524 2675 2809 2745 vulpiuari,
2841 2692 2962 2731 cum
2990 2675 3232 2733 Cretensi
3260 2680 3553 2738 cretizare.

2183 2788 2307 2843 187.
2336 2788 2515 2843 Venas
2538 2788 2824 2844 deducere.
2859 2788 3006 2844 Tom.
3038 2789 3103 2846 V.
3133 2791 3221 2846 lib.
3252 2792 3316 2846 de
3356 2792 3537 2848 Trinit.
3572 2796 3623 2850 l.
3656 2813 3772 2869 cap.

2789 2883 2844 2938 2.
2879 2900 3021 2939 num.
3057 2886 3180 2940 151.

2254 2995 2553 3051 Translatio
2569 2996 2728 3052 ducta
2761 3010 2789 3050 a
2814 2996 3070 3065 fontibus,
3092 2999 3232 3053 unde
3253 3001 3350 3055 rivi
3380 3010 3433 3057 et
3455 3002 3605 3073 quasi
3624 3018 3775 3060 vente

479 3088 604 3144 182.
631 3088 994 3147 Themistocle
1024 3093 1322 3151 sublimior.
1363 3097 1511 3153 Tam.
1538 3099 1579 3153 Ι.
1608 3100 1828 3174 Apolog-
1868 3120 1986 3176 cap.
2014 3105 2071 3161 2.

2181 3101 2437 3160 aquarum
2460 3089 2818 3145 deducuntur.
2850 3090 2987 3146 Hinc
3009 3091 3096 3145 illa
3122 3108 3135 3147 :
3162 3093 3337 3148 Divite
3351 3095 3434 3149 vel
3456 3096 3597 3151 tenui
3618 3112 3771 3164 vena,

1132 3203 1271 3242 num.
1308 3189 1430 3245 175.

555 3295 839 3354 Militarem
872 3297 1018 3353 illum
1048 3301 1284 3370 appellat
1332 3302 1559 3361 Tertull.
1608 3306 1742 3366 Hinc
1790 3310 2072 3383 legendum

480 3387 695 3442 videtur
723 3390 1013 3454 militarior,
1044 3393 1126 3446 vel
1159 3393 1364 3448 militize
1390 3407 1480 3450 aut
1509 3398 1756 3456 militaris
1779 3406 1910 3459 artis
1941 3407 2075 3476 peri-

478 3478 604 3533 tior.
643 3478 812 3550 Ipsius
860 3491 1036 3536 autem
1061 3481 1418 3541 adolescentis
1457 3490 1625 3557 gloria
1665 3494 1884 3550 emicuit
1932 3495 2074 3553 bello

479 3570 707 3636 Medico,
742 3588 911 3644 pugna
952 3575 1305 3643 Marathonia,
1360 3580 1462 3635 sub
1501 3586 1750 3655 auspiciis
1796 3587 2065 3647 Miltiadis.

481 3662 685 3717 Deinde
713 3664 916 3735 aliquot
944 3667 1099 3722 annis
1140 3680 1259 3737 post
1282 3671 1851 3753 dux.Atlieniensium,
1880 3687 2074 3737 adver-

487 3767 580 3831 sus
606 3752 802 3809 Xerxis
834 3757 1053 3812 navales
1083 3758 1354 3828 capias’ad
1381 3752 1711 3829 Salaminem
1740 3772 2074 3829 memorabili

489 3828 611 3899 cum
644 3846 798 3901 laude
814 3850 1071 3903 conﬂixit.
1926 3860 1943 3872 ‘

440 3956 605 4015 185.
639 3959 869 4016 Titulum
912 3964 1255 4036 dispungere.
1310 3967 1460 4028 Tant.
1487 3971 1550 4025 V.
1603 3974 1690 4027 lib.
1746 3976 1809 4030 de
1856 3977 2069 4053 Monog.

981 4082 990 4111 ς
1025 4074 1143 4127 cap.
1169 4060 1223 4114 8.
1258 4077 1400 4115 num.
1428 4063 1519 4119 55.

555 4166 888 4239 Dispungere
916 4170 1153 4227 rationes
1192 4175 1331 4243 apud
1364 4175 1771 4236 Jureconsultos
1814 4192 1900 4239 est
1923 4200 2072 4245 com-

479 4267 686 4328 putum,
711 4268 768 4314 ut
796 4261 954 4333 vulgo
987 4262 1271 4334 loquimur,
1308 4269 1647 4337 examinare,
1693 4273 1808 4329 sive
1828 4318 1842 4342 ,
1873 4288 1930 4330 ut
1963 4278 2073 4334 Pa-

480 4353 626 4422 pian.
649 4353 925 4419 describit,
957 4356 1203 4414 conferre
1226 4370 1445 4431 accepta
1496 4373 1548 4417 et
1596 4365 1719 4438 data
1742 4408 1757 4435 ,
1806 4377 1862 4424 et
1898 4370 2023 4427 alibi
2052 4391 2066 4427 :

2180 3181 2323 3252 quod
2348 3180 2578 3261 longum
2607 3182 2697 3237 alii
2731 3183 3039 3253 angustiore
3067 3199 3200 3238 vena
3231 3197 3449 3241 manant
3469 3229 3485 3254 ,
3518 3188 3606 3242 alii
3654 3202 3771 3244 nra-

2175 3274 2315 3344 jore,
2351 3283 2409 3329 ut
2435 3277 2632 3331 llumen
2660 3276 2929 3344 efficiant;
2972 3277 3056 3332 vel
3092 3279 3253 3333 etiam
3280 3295 3321 3348 _a
3353 3281 3607 3348 metallis,
3640 3297 3775 3353 quo-

2179 3386 2297 3424 rum
2327 3385 2497 3436 venre,
2526 3380 2583 3424 ut
2618 3385 2833 3440 genere,
2871 3372 2940 3424 ita
2985 3371 3135 3440 copia
3186 3374 3450 3428 interdum
3496 3375 3770 3432 differunt.

2177 3461 2399 3529 Quintil.
2433 3463 2681 3517 Pleniore
2725 3463 2897 3517 canali
2932 3463 3120 3517 llutmt.
3171 3464 3238 3519 Et
3283 3473 3456 3536 poetae
3487 3483 3652 3525 venas
3702 3469 3771 3526 ab

2182 3555 2418 3610 Homero
2445 3562 2692 3625 tanquam
2724 3554 2957 3610 Poeseos
2983 3555 3149 3623 fonte,
3173 3556 3394 3615 duxisse
3415 3559 3684 3617 dicuntur.

2182 3667 2308 3723 188.
2340 3668 2436 3724 Via
2463 3668 2650 3724 eadem
2674 3683 2885 3724 sursum
2912 3680 2964 3725 et
2992 3670 3266 3727 deorsum.
3305 3672 3449 3729 Tom.
3474 3675 3566 3757 ill.
3591 3677 3681 3732 lib.
3706 3676 3770 3735 ΙΙ.

2176 3757 2187 3765 ’
2589 3760 2706 3814 adv.
2734 3759 2900 3815 Marc.
2921 3778 3035 3832 cap.
3058 3762 3149 3818 28.
3175 3781 3227 3817 n.
3252 3764 3375 3821 195.

2252 3871 2364 3926 Hoc
2401 3873 2745 3943 proverbium
2792 3873 3068 3932 Heraclito
3113 3889 3447 3949 usurpatum,
3484 3883 3773 3941 transferre

2178 3965 2664 4022 videtur'Tertull.
2726 3968 2791 4023 ad
2829 3967 2980 4024 suam
3032 3973 3767 4042 argumentundirationem.

2176 4058 2309 4113 Nam
2342 4073 2408 4113 eo
2438 4056 2675 4114 faciunt:
2707 4059 2902 4132 Supra,
2932 4070 2984 4116 et
3006 4061 3143 4118 infra
3175 4079 3254 4119 se.
3288 4064 3413 4122 Htec
3456 4068 3671 4139 quidem
3701 4071 3769 4127 ad

2177 4150 2515 4220 dignitatem,
2549 4151 2636 4205 illa
2666 4168 2881 4207 sursum
2921 4168 2984 4208 ac
3013 4153 3264 4210 deorsum
3314 4157 3382 4213 ad
3404 4159 3581 4215 locum
3608 4176 3769 4231 spec-

2179 4242 2363 4297 tantia.
2394 4242 2503 4298 lloc
2528 4242 2671 4298 enim
2693 4259 2819 4300 vere
2839 4254 2924 4301 est
2963 4244 3222 4302 adversus
3258 4247 3579 4307 Marcioncm
3622 4254 3767 4308 anti-

2178 4333 2378 4388 theseis
2407 4333 2627 4388 tumulas
2662 4333 2858 4402 facere,
2886 4352 3007 4407 qua:
3032 4354 3137 4392 non
3166 4340 3338 4395 solum
3376 4341 3428 4396 in
3451 4345 3765 4413 sententiis,
3865 4382 3871 4391 ι

478 4449 779 4515 percontari
803 4488 818 4512 ,
846 4452 1157 4509 examinare
1177 4493 1194 4520 ,
1232 4427 1539 4512 describere
1569 4427 1827 4529 rationes,
1864 4480 1960 4533 pro
2002 4482 2068 4523 eo
2094 4478 2147 4541 D
2176 4427 3627 4541 ‘:_‘f'}“',i,'f‘f_'{‘?.‘ffall"sed.l".v9°“l’"lis"

476 4540 619 4609 quod
647 4549 731 4595 est
759 4541 1078 4612 dispungere.
1105 4545 1267 4635 aliud
1290 4558 1371 4602 est
1417 4564 1747 4635 espungere,
1793 4555 1936 4625 quod
1986 4567 2069 4613 est

482 4633 693 4688 nunctis
735 4634 1138 4692 circumducere
1181 4648 1235 4692 et
1257 4633 1467 4701 tollere,
1514 4653 1568 4699 et
1595 4648 1744 4713 quasi
1788 4663 1902 4703 rem
1934 4664 2064 4703 con-

475 4735 671 4780 tectam
702 4727 939 4781 eximere
966 4743 995 4781 e
1022 4729 1223 4783 codice.
1250 4730 1426 4785 Utitur
1443 4732 1666 4790 Tertull.
1698 4742 2011 4809 metaphora
2038 4759 2074 4797 a.

474 4818 947 4874 ratiocinatoribus
977 4820 1158 4887 ducta,
1192 4834 1245 4876 et
1283 4840 1312 4878 a
1340 4827 1678 4895 censoribus,
1708 4830 1799 4900 qui
1827 4832 1877 4886 in
1911 4834 2065 4890 tabu-

475 4909 557 4963 las
580 4909 821 4965 referunt
846 4914 1057 4968 nomina
1064 4925 1141 4993 ξι
1172 4916 1355 4971 titulos
1382 4934 1568 4973 eorum
1598 4904 2060 4993 qui'proﬁteutur.

479 4999 538 5055 Si
576 5003 981 5071 proverbialiter
1012 4999 1272 5076 usﬁrpare
1303 5009 1493 5078 placet,
1525 5012 1658 5065 erit:
1692 5021 1955 5075 rationem
1981 5021 2065 5076 vel

475 5106 744 5178 caussam,
766 5094 977 5163 justaue
1006 5098 1074 5151 sit
1098 5115 1163 5151 an
1192 5109 1401 5158 contra.
1440 5105 1780 5173 expendere;
1809 5110 1891 5163 vel
1923 5111 2063 5180 diju-

472 5166 661 5240 dicare
708 5178 1004 5245 idoneusne
1032 5191 1100 5244 sit
1129 5194 1249 5261 quis
1280 5195 1343 5247 ad
1386 5213 1578 5252 munus
1605 5199 1819 5273 aliquod
1851 5204 2061 5261 obeun-

473 5276 599 5330 dum
631 5286 685 5332 et
728 5281 838 5334 suis
878 5280 1091 5338 dotibus
1138 5284 1333 5340 affatim
1366 5288 1674 5345 instructus.
1701 5292 1817 5347 Lib.
1848 5295 1939 5351 1V.
1967 5297 2063 5352 ad-

420 5434 427 5443 :
471 5381 615 5423 vers.
643 5368 805 5423 Marc.
834 5370 1122 5429 Creatorem
1165 5390 1313 5432 vocat
1330 5381 1559 5450 judicent
1594 5394 1639 5437 et
1681 5366 2061 5455 dispunctorcm

466 5460 807 5516 meritormn.
855 5465 969 5520 Lib.
1016 5468 1078 5522 V.
1122 5471 1523 5539 dispunctionem
1575 5476 1693 5530 boni
1741 5489 1890 5548 atque
1941 5484 2068 5538 ntali

463 5553 647 5620 aperis.
684 5554 800 5609 Lib.
841 5556 909 5612 de
937 5558 1162 5618 Patieut.
1203 5564 1380 5621 Omnis
1426 5569 1616 5640 injuria
1658 5587 1818 5641 quum
1850 5576 2053 5644 patien-

416 5715 423 5727 .
458 5645 581 5698 tiam
600 5647 888 5717 offenderit,
911 5655 1086 5709 cadent
1111 5659 1248 5712 exitu
1277 5660 1628 5734 dispungetur,
1664 5682 1764 5736 quo
1796 5668 1951 5723 telum
1995 5670 2050 5726 in

458 5747 601 5804 petra
629 5741 862 5798 libratum
894 5756 940 5801 et
968 5748 1217 5817 obtusum,
1247 5750 1354 5807 ltoc
1377 5764 1457 5810 est
1484 5774 1497 5811 :
1522 5769 1805 5817 evanescat
1826 5770 1878 5817 et
1913 5763 2035 5819 irri-

2174 4518 2303 4581 dixi,
2335 4520 2651 4575 consistant.
2679 4520 2978 4578 Heraclitus
3002 4524 3428 4593 usurparit'forte
3465 4529 3515 4583 iu
3549 4529 3770 4601 Psycbi-

2173 4612 2250 4666 cis
2274 4610 2571 4682 disciplinis
2600 4611 2704 4668 hoc
2731 4615 3014 4668 obscurius
3043 4615 3280 4683 dictum;
3330 4634 3495 4690 quum
3539 4621 3765 4678 Sursum

2174 4704 2513 4759 tie-deorsum
2542 4704 2596 4759 in
2620 4704 2719 4761 loci
2744 4706 2951 4762 ratione
2982 4707 3169 4763 sintex
3191 4725 3419 4766 numero
3432 4727 3620 4769 eorum
3642 4729 3764 4785 qua:

2172 4796 2423 4851 dicuntur
2464 4807 2576 4868 πρὸς
2614 4801 2683 4863 τὶ,
2721 4798 2833 4852 sive
2886 4798 3075 4853 relata.
3111 4798 3341 4877 Cicero;
3369 4801 3518 4859 Ferri
3560 4822 3764 4861 sursum

2173 4890 2333 4945 rectis
2352 4890 2531 4957 lineis,
2559 4898 2614 4945 et
2642 4889 2879 4945 deorsum
2906 4889 2971 4945 ad
3000 4891 3216 4949 lineam.
3242 4895 3413 4965 Atque
3436 4897 3507 4951 ita
3530 4895 3758 4953 Tertull.

2171 4982 2686 5052 argumentationem
2717 4998 2893 5051 suam,
2930 4994 3171 5042 τουτέστιν
3202 4985 3451 5043 Heracliti
3494 4990 3763 5048 axiomate

2168 5074 2379 5144 probat.

2169 5185 2292 5243 189.
2326 5188 2459 5244 Viva
2478 5203 2627 5245 voce.
2658 5189 2804 5245 Tom.
2834 5189 2920 5246 ΙΙΙ.
2948 5191 3035 5246 lib.
3061 5192 3125 5248 de
3152 5191 3453 5279 Prtescript.
3492 5195 3612 5251 adv.
3649 5188 3761 5253 kal?-

2341 5294 2349 5301 '
2614 5292 2711 5338 ret.
2739 5301 2853 5357 cap.
2878 5283 2968 5340 21.
3001 5303 3143 5340 num.
3175 5286 3300 5344 128.

2237 5393 2373 5450 Huic
2407 5376 2587 5451 statim
2632 5398 2943 5467 opponitur,
2994 5416 3085 5469 per
3133 5380 3430 5473 Epistolas,
3478 5403 3758 5461 subintell.

2164 5487 2522 5557 prcedicando.
2560 5489 2693 5560 Vivo,
2720 5508 2839 5560 vox,
2889 5495 3039 5563 quasi
3068 5493 3246 5550 vivida
3285 5505 3448 5567 atque
3473 5495 3665 5554 efﬁcax
3687 5500 3757 5555 ab

2161 5579 2279 5650 ipso
2308 5583 2701 5651 pronuntiantis
2725 5599 2841 5652 ore,
2875 5596 3146 5657 percepta,
3174 5587 3226 5642 in
3247 5603 3350 5659 qua
3381 5590 3561 5645 nativa
3581 5598 3634 5646 et
3660 5605 3758 5662 ge-

2160 5670 2319 5726 nuina
2341 5674 2593 5730 elucescit
2618 5678 2809 5746 gratia,
2829 5686 2886 5734 et
2910 5680 3052 5734 actio
3069 5695 3190 5735 cum
3219 5690 3398 5748 motu,
3417 5696 3538 5752 qua:
3561 5685 3612 5736 in
3632 5697 3756 5738 ora-

2159 5764 2317 5821 tionis
2347 5769 2592 5840 estvita,
2632 5772 2958 5832 inhaerescit.
2983 5777 3115 5847 Quae
3150 5778 3338 5834 omnia
3382 5796 3414 5837 a
3458 5779 3751 5848 scriptura.
