4082 6346
331 309 445 369 249

1650 308 1944 367 LECTORI
1973 308 2303 367 CANDIDO.

3524 314 3647 373 250.

333 440 461 499 qua:
510 437 691 503 veram
723 423 1006 491 vivamque
1045 435 1231 479 vocem
1265 427 1469 478 tantum
1502 422 1758 486 imitatur,
1805 432 1927 480 sunt
1956 425 2011 484 Α
2038 423 2159 480 I90.
2190 422 2449 480 Umbram
2473 423 2588 480 sine
2608 422 2811 481 lumine
2831 425 3099 481 colorare.
3115 424 3261 481 Tom.
3284 423 3372 481 IlI.
3398 425 3487 482 lib.
3510 428 3629 485 adv.
3684 403 3689 409 ’

335 519 606 589 sejuncta.
640 515 859 583 Quinct.
892 514 1048 571 Actio
1096 514 1358 570 orationis
1385 514 1536 586 quasi
1562 514 1668 569 vita
1695 523 1778 569 est
1798 556 1812 581 ,
1843 531 1932 571 re-

335 626 459 666 rum
478 608 716 664 inventio
735 607 938 663 ossium
964 609 1132 663 instar
1151 617 1231 662 est
1250 624 1262 659 :
1279 607 1413 662 ordo
1442 622 1638 663 nervos
1665 607 1923 676 imitatur,
1940 598 1946 607 ’

336 702 573 759 elocutio
602 717 843 769 carnem,
872 710 1048 757 cutem
1078 710 1130 756 el
1158 701 1395 758 colorem
1436 700 1628 768 refert;
1668 702 1929 757 memoria

336 796 559 868 spiritus
590 796 711 850 vice
742 786 1231 865 I‘ungiturCQuibus
1258 794 1508 849 omnibus
1553 793 1761 850 accedit
1809 808 1933 863 pro-
1966 788 1980 798 ’

338 887 796 954 nuntiatio,velut
837 898 1013 943 motus
1045 886 1259 958 quidam
1286 887 1481 942 vitalis.
1526 886 1738 941 Nullum
1786 887 1929 942 enim

337 980 539 1038 certius
555 989 930 1051 argumentum
950 978 1093 1046 vitze,
1113 980 1279 1047 ’quam
1299 988 1477 1033 motus
1497 995 1512 1043 ;
1544 976 1687 1032 unde
1710 976 1928 1033 ﬂumina

335 1073 479 1139 viva,
504 1089 534 1128 a
561 1083 727 1128 tnotu.
752 1071 814 1126 Β.
841 1071 1060 1127 Ilieron.
1083 1072 1132 1126 in
1151 1071 1364 1126 Prmfat.
1390 1070 1523 1127 Gen.
1550 1071 1720 1126 [labet
1747 1072 1930 1126 nescio

335 1164 468 1236 quid
493 1164 710 1226 latentis
730 1163 959 1234 energize
978 1164 1088 1219 viva
1114 1179 1230 1220 vox.
1258 1164 1391 1219 IIuie
1413 1164 1655 1235 opponit,
1688 1174 1745 1219 ut
1786 1165 1896 1220 dixi
1913 1207 1926 1230 ,

337 1254 565 1312 Tertull.
613 1273 704 1327 per
733 1254 1020 1326 Epistolam
1046 1256 1343 1327 prazdicarc.
1380 1257 1447 1311 Et
1475 1257 1629 1313 aliis:
1653 1256 1781 1333 Muli
1814 1273 1927 1313 nta-

335 1350 511 1422 gistri.
533 1364 655 1421 qua:
671 1358 796 1404 sunt
818 1350 1015 1420 scripta
1034 1366 1242 1415 eorum,
1260 1351 1350 1422 qtti
1372 1350 1567 1406 eruditi
1596 1351 1792 1422 ingenii
1814 1367 1927 1406 mo-

335 1453 593 1500 numenta
612 1442 913 1513 posteritati
934 1442 1128 1499 litteris
1144 1443 1391 1499 mandata
1412 1443 1925 1514 reliquerunt,quasi

336 1534 484 1591 vocis
502 1542 558 1590 et
578 1533 699 1588 vita:
725 1542 993 1602 expertes.

654 1720 860 1728 .._———_-
882 1721 1025 1728 ——-

2464 515 2710 588 Hermog.
2748 534 2863 590 cap.
2887 518 2943 574 2.
2963 534 3086 584 nun;
3117 517 3198 573 l2.

2110 607 2191 661 Ab
2230 615 2346 663 arte
2394 605 2641 677 pictoria,
2690 624 2848 679 quam
2894 610 3259 681 Hermogenes
3292 621 3629 681 exercuerat,

2037 709 2284 756 tractum.
2318 700 2496 756 Prima
2545 702 2768 771 picturae.
2797 703 2948 758 initia
2996 703 3211 777 (inquit
3237 705 3375 761 Plin.
3404 706 3423 776 )
3454 706 3633 761 umbra

2032 793 2266 849 hominis
2308 792 2463 848 lineis
2511 794 2895 861 circumducta,
2925 812 3043 866 qua:
3069 796 3282 852 linearis
3330 796 3473 852 dicta
3499 838 3515 862 .
3541 811 3628 853 sc—

2034 886 2209 942 eunda
2228 886 2451 957 singulis
2476 885 2780 953 coloribus,
2822 896 2877 942 et
2922 888 3395 944 monochromatos
3439 887 3625 959 appel-

2033 978 2159 1033 lata.
2193 976 2375 1046 Itaque
2403 977 2570 1047 prima
2603 978 2717 1034 sine
2740 977 2854 1034 ullo
2883 980 3064 1034 Colore
3090 979 3209 1047 fuit,
3240 980 3376 1035 adeo
3408 990 3463 1034 ut
3491 993 3627 1051 quos

2036 1071 2339 1142 pingerent,
2368 1070 2679 1127 adscribere
2707 1080 2852 1126 esset
2882 1072 3206 1126 institutum.
3236 1071 3441 1126 Deinde
3471 1072 3629 1127 linea:

2032 1163 2263 1220 colorari
2291 1172 2483 1233 empta:
2507 1173 2641 1220 testa
2675 1165 2818 1219 trita.
2839 1164 3152 1236 Cujusmodi
3182 1165 3405 1236 picturae
3431 1166 3481 1219 in
3507 1175 3625 1221 arte

2035 1258 2295 1314 tectonica
2320 1273 2413 1327 par
2432 1267 2513 1313 est
2535 1271 2839 1333 ιχνογραφία,
2862 1276 2980 1330 qua:
3001 1269 3085 1315 est
3106 1275 3243 1316 arere
3259 1259 3446 1327 jacens
3473 1258 3634 1315 emar-

2032 1354 2196 1407 matio
2222 1360 2274 1406 et
2298 1351 2662 1421 snperliciaria
2708 1352 3020 1423 deseri-ptio,
3048 1352 3207 1406 futuri
3247 1351 3428 1422 Operis
3456 1350 3632 1420 speci-
3700 1342 3707 1347 ’

2031 1442 2155 1525 inet)
2172 1443 2462 1499 exhibens:
2489 1443 2905 1511 Detorqnebitur
2917 1442 2983 1499 ad
3001 1442 3290 1511 sermonis,
3307 1442 3631 1514 argumenti,

2030 1537 2107 1590 rei
2134 1535 2516 1591 demonstratae
2546 1536 2947 1592 obscuritatem.

3070 1724 3497 1734 Μ

330 1870 1089 1955 ARGUMENTA
1149 1870 1687 1956 CAPITUM
1741 1872 2149 1958 PROUT
2204 1874 2326 1957 IN
2376 1874 2625 1958 MSS.
2696 1873 3632 1978 CONCIPIUNTUR,

657 2077 801 2135 ΝΛΜ
837 2077 1248 2134 COPIOSIORA
1287 2077 1375 2133 ET
1414 2076 1905 2136 ACCURATIORA
1943 2075 2076 2134 NOS
2111 2075 2420 2135 SINGULIS
2456 2075 2815 2135 CAI‘ITIBUS
2853 2056 3313 2168 PRAEFIXIMUS.

331 2258 562 2316 CAPUT
581 2259 626 2316 1.
659 2259 735 2314 De
768 2260 1029 2329 iniquitate
1049 2259 1333 2323 iudicandi.

586 2330 649 2386 II.
680 2333 867 2399 Contra
894 2330 1298 2399 lnqmsitionem.

586 2401 672 2457 lll.
702 2401 781 2457 De
807 2390 1047 2456 Nominis
1070 2401 1479 2473 exprobratione.
1536 2448 1539 2451 γ

586 2473 675 2529 1V.
704 2473 782 2528 De
805 2473 1041 2545 Legibus.

594 2545 653 2597 V.
688 2543 892 2600 Contra
906 2543 1076 2598 Idola.

585 2615 675 2687 Vl.
711 2616 785 2687 De
812 2616 1025 2687 Legibus
1050 2614 1305 2687 neglectis:

586 2686 700 2741 VII.
732 2686 805 2758 De
837 2684 1168 2758 Infanticidia
1187 2697 1241 2758 'et
1270 2685 1434 2740 Fama
1459 2684 1714 2742 Incestus.

592 2758 725 2815 VIII.
758 2757 834 2813 De
852 2756 1017 2811 Fama
1044 2756 1251 2810 Incerti;

586 2829 676 2885 IX.
716 2828 788 2883 De
811 2826 1098 2883 Sceleribus
1127 2826 1425 2883 Gentilium.

588 2901 655 2955 Χ.
692 2901 764 2954 De
789 2916 888 2953 non
916 2899 1125 2953 colendo
1161 2897 1329 2953 Idolo.

585 2971 676 3026 XI.
713 2970 790 3025 De
815 2970 1102 3025 hominibus
1131 2980 1242 3040 post
1271 2980 1483 3026 mortem
1514 2972 1567 3027 in
1607 2971 1934 3027 Divinitatem

650 3044 865 3098 allectis.

589 3114 703 3169 XII.
737 3116 925 3169 Contra
952 3112 1173 3167 Deorum
1201 3112 1514 3169 Simulacra.

584 3185 724 3242 XIII.
752 3185 832 3239 De
854 3186 1173 3238 irreverentia
1200 3202 1319 3257 erga
1351 3186 1505 3240 Deos.

366 2361 517 2372 .-

365 2432 515 2444 —

365 2501 516 2516 ﬂ

367 2574 529 2586 _‘

366 2645 515 2658 ——

366 2718 515 2729 ——

366 2790 516 2803 ——

365 2861 515 2871 —

365 2932 515 2944 —

366 3004 513 3015 —

328 3115 375 3173 C

381 3115 469 3172 AP

366 3154 450 3172 ιιιι
474 3154 490 3170 ο

366 3208 513 3229 ..ι-

366 3289 516 3302 ——

367 3360 523 3372 -η

589 3257 731 3314 XIV.
769 3258 843 3310 De
846 3256 1254 3382 ﬁacriﬁraudq.
1294 3329 1305 3339 _
1836 3328 1848 3339 .

589 3328 701 3382 XV.
734 3328 812 3382 De
893 3327 1058 3382 abults
1087 3338 1132 3381 et
1159 3325 1332 3382 Minas
1372 3325 1696 3382 Deorumaue
1726 3329 1845 3382 findi

585 3328 701 3411 XV.
734 3328 812 3384 De
846 3325 1058 3383 Fabulis
1087 3338 1132 3381 et
1159 3325 1332 3387 Mimis
1372 3325 1696 3397 Deorumque
1725 3328 1933 3399 [tudita-

282 3519 293 3528 .
333 3470 492 3529 CAP.
596 3402 845 3526 XVIIIHDe
872 3469 1050 3540 Capite
1074 3470 1285 3524 Asiniuo
1316 3480 1362 3523 et
1399 3471 1592 3524 caeteris
1628 3468 1928 3540 insignibus,

380 3544 387 3551 ’
660 3559 772 3597 (tua:
800 3542 1076 3597 Christiani
1100 3542 1398 3596 dicebantur
1424 3541 1608 3595 colere.

331 3614 489 3672 CAP.
588 3612 753 3669 XVII.
778 3613 855 3669 De
882 3612 1008 3667 Deo.

586 3684 775 3740 XVIII.
810 3685 886 3738 De
927 3684 1195 3755 Prop/ictis
1223 3692 1271 3738 et
1302 3682 1587 3753 Scripturis
1626 3683 1929 3739 Dominicis.

590 3756 729 3811 XIX.
761 3755 838 3810 De
870 3755 1063 3827 Moyse
1080 3755 1359 3825 Propheta,

585 3826 705 3882 XX.
738 3827 814 3880 De
840 3826 992 3882 Statu
1024 3826 1353 3896 Temporum.

585 3898 727 3982 XXI.
759 3897 847 3982 De‘
865 3897 1169 3982 Christianis
1189 3907 1236 3952 et
1256 3895 1476 3963 Judwis,
1499 3895 1701 3953 Christo
1727 3907 1773 3951 et
1805 3897 1933 3951 0m-

333 4042 490 4100 CAP.
588 3980 1196 4097 Xle.ol;:l$wiitonuin
1222 4051 1431 4095 natura.

370 4143 514 4155 -—-—
588 4111 791 4195 XXIII:
813 4111 886 4166 De
937 4112 1390 4168 Phantasmatibus
1428 4113 1637 4184 magicis
1662 4122 1709 4166 et
1735 4111 1929 4166 dtemo-

288 4288 296 4295 ~
332 4254 487 4311 CAP.
591 4200 892 4310 XXIVI’De
935 4256 1187 4312 Varielate
1215 4253 1462 4311 Deorum.

368 3713 514 3728 *-

370 3787 517 3798 ——

371 3858 516 3870 _—

370 3929 516 3942 ’-

1961 2265 2012 2324 Β

2072 2290 2215 2301 ————-

2073 2360 2215 2371 .—

2071 2432 2216 2443 _

2070 2503 2217 2514 ——

2073 2574 2218 2585 ..ι-

2072 2644 2216 2657 ——_

2074 2717 2219 2728 —_

1956 3584 2006 3688 ἓ

2287 2259 2454 2316 XXV.
2492 2261 2566 2315 De
2590 2261 2937 2332 Religiosiﬁtate
2968 2261 3337 2317 Romanorunt.

2288 2332 2479 2387 XXVI.
2508 2332 2581 2403 De
2604 2331 2778 2403 Regna
2817 2331 2906 2388 Dei

2287 2403 2500 2458 XXVII.
2534 2402 2610 2456 De
2640 2402 2844 2470 Spiritu
2873 2403 3222 2459 Dtemoniaco.

2289 2474 2526 2529 XXVIII.
2558 2473 2638 2528 De
2673 2476 2844 2543 Regna
2878 2475 3282 2544 lmperatorum.

2290 2545 2479 2599 XXIX.
2513 2546 2589 2599 An
2618 2548 2807 2615 possint
2832 2547 3067 2615 prodesse
3090 2545 3259 2601 Idola.

2293 2565 2479 2599 Λλιι.
2513 2565 2589 2599 All
2654 2565 2807 2600 osstnt
2832 2565 3067 2615 proacsse
3090 2565 3259 2601 taota.

2288 2615 2456 2671 XXX.
2490 2618 2562 2671 De
2594 2565 2834 2672 lyrect'bus
2864 2618 3293 2671 Christianorum;

2291 2686 2481 2742 XXXI.
2514 2688 2591 2743 De
2621 2690 2864 2761 Oratione
2890 2707 2983 2761 pro
3009 2690 3249 2757 inimicis,
3275 2704 3368 2760 pro
3399 2687 3635 2760 Imperio

2323 2772 2385 2831 et
2400 2770 2641 2831 potestate
2678 2759 2953 2831 Imperator
2962 2777 3064 2814 um.

2296 2829 2514 2902 XXXII.
2545 2832 2619 2886 D'
2647 2829 2997 2898 non'iurando
3020 2848 3108 2902 per
3145 2829 3360 2885 Genium
3392 2829 3633 2887 Ctesaris.

2289 2901 2532 2973 XXXIII.
2562 2903 2664 2958 Pro
2692 2901 3031 2973 Imperatore.

2289 2972 2529 3046 XIV.
2560 2975 2673 3046 ﬁl’ro
2703 2971 2926 3046 Augusto
2949 2971 3286 3046 Imperatore.

2289 3041 2508 3100 XXXV.
2545 3045 2621 3100 De
2642 3041 2967 3100 Solemnibus
2995 3043 3276 3099 Ctesarum.

2290 3112 2533 3171 XXXVI.
2559 3116 2638 3170 De
2660 3114 2982 3185 Equalitate
3010 3115 3237 3169 omnium
3269 3130 3630 3183 personarum.

2290 3184 2555 3242 XXXVII.
2594 3186 2674 3241 Ne
2699 3184 2888 3241 malum
2908 3196 3086 3240 contra
3111 3188 3323 3240 ntalum.

2291 3255 2578 3312 XXXVIII.
2610 3257 2686 3313 De
2705 3257 2869 3313 Ccetu.
3370 3284 3387 3299 ο

2288 3325 2528 3399 XXXIX.
2559 3328 2633 3382 De
2658 3330 2930 3399 disciplina
2955 3327 3386 3383 Christianorum.

2291 3398 2401 3454 XL.
2432 3401 2619 3456 Contra
2645 3398 2912 3455 Ethnicam
2938 3401 3201 3453 rationem.

2288 3469 2421 3524 XLI.
2450 3472 2598 3538 Quod
2630 3472 2763 3525 Deus
2793 3472 3051 3539 spernitur
3068 3480 3110 3521 et
3127 3479 3311 3524 statuta
3333 3468 3657 3524 adamatura.

2292 3540 2452 3612 XLII.
2483 3543 2641 3612 Quod
2666 3541 3020 3612 lnfructuosos
3047 3539 3241 3594 dicunt.

2292 3611 2473 3669 XLIII.
2507 3611 2580 3667 De
2610 3611 2903 3667 Lenocinio.

2291 3682 2477 3739 XLIV.
2510 3684 2586 3737 De
2615 3684 2874 3739 Custodiis
2905 3682 3266 3738 Ethnicorum.

2293 3752 2450 3811 XLV.
2486 3754 2559 3809 De
2582 3754 2879 3810 Innocentia
2902 3754 3329 3810 Christianorum.

2289 3820 2473 3883 XLVI.
2508 3826 2582 3880 De
2607 3825 2911 3882 Christianis
2939 3836 2984 3881 et
3019 3825 3372 3893 Philosophis.

2289 3897 2499 3969 XLVII.
2533 3898 2682 3965 Quod
2707 3896 3013 3969 PhilosOphi
3040 3908 3087 3952 et
3110 3895 3281 3952 Poetae
3305 3912 3400 3951 sua
3420 3911 3484 3951 ea:
3508 3893 3644 3968 Lege

2362 3968 2455 4023 Dei
2483 3970 2877 4036 desumpserint.

2294 4039 2524 4096 XLVIII.
2559 4040 2632 4094 De
2660 4040 3046 4095 Resurrectione
3076 4038 3339 4110 Corporis.

2290 4111 2480 4167 XLIX.
2518 4111 2592 4166 De
2620 4110 2925 4166 Tolerandis
2954 4111 3277 4166 Christianis:

2289 4184 2351 4239 L.
2387 4182 2699 4239 Prwstantia
2729 4184 2975 4238 doctrinis
2999 4181 3325 4239 Christiantz.

2037 2828 2077 2883 C

2087 2831 2122 2883 Α

2072 2830 2191 2884 lAP.

2072 3217 2217 3228 ’.η-

2072 3287 2217 3298 —_

2073 3358 2217 3370 ——

2071 3429 2215 3441 CI..—

2072 3501 2215 3512 -ι

2073 3571 2218 3583 -α-

2074 3643 2219 3655 ——-

2074 3714 2219 3725 α*

2074 3786 2218 3797 -υ

2075 3858 2217 3869 --οι-

2074 3930 2217 3940 -ι-

2039 4041 2193 4097 CAP.

703 4415 2787 4434 ν--ᾑ--α--η-αα-η--ΜΜ-ο*

333 4410 3635 4474 M

1156 4599 1957 4732 LECTORI
2016 4532 2866 4732 CANDIDO

908 4892 913 4897 ‘
969 4870 1058 4946 S.
1108 4875 1200 4949 P.
1258 4874 1362 4944 D.
1416 4871 1933 4953 SIGEBER'I

2034 4868 2083 4944 s
2133 4866 2987 4976 HAVERCAMPUS.
3030 4948 3039 4953 ,
3096 4877 3107 4917 ι

1232 5032 1239 5035 ’
1342 5082 1354 5146 ;
1685 5048 2304 5162 «minima»

348 5200 359 5213 ⁸
412 5215 628 5292 Settiper
646 5221 823 5293 Africa
848 5221 962 5276 novi
989 5220 1204 5290 aliquid.
1248 5216 1369 5283 Illa,
1402 5217 1673 5273 solitudine
1702 5215 1929 5281 horrida,
1957 5216 2010 5276 D
2037 5232 2195 5288 genus
2220 5258 2234 5282 ,
2269 5219 2408 5272 triste
2438 5219 2628 5289 malum
2658 5219 2766 5272 uvis
2791 5258 2806 5285 ,
2853 5213 3296 5286 protuberantibus
3327 5213 3548 5284 primum
3585 5211 3640 5266 in

312 5312 562 5383 ‘ferarum
590 5314 762 5379 altrix,
795 5314 996 5368 scholas
1027 5313 1321 5380 bestiarum,
1352 5310 1795 5379 Romanorumque
1815 5308 1937 5363 olim

339 5419 551 5457 munera
576 5444 591 5469 ,
617 5403 777 5470 mille,
811 5405 1014 5459 diversa
1059 5405 1284 5459 horroris
1317 5405 1482 5474 specie
1502 5403 1792 5472 roborisque
1821 5418 1935 5455 am-

339 5492 591 5565 plitudine
615 5536 630 5561 ,
663 5495 842 5551 ditavit
865 5496 1194 5551 animalibus.
1232 5494 1335 5551 Illa
1362 5497 1415 5550 in
1440 5495 1758 5551 sanctissima
1786 5492 1934 5548 Mar-

338 5594 510 5656 tyrum
533 5602 751 5658 corpora
770 5629 785 5653 ,
812 5596 1072 5659 spectante
1098 5588 1217 5644 lteta
1247 5588 1451 5643 Romuli
1478 5572 1648 5659 plebe,
1674 5577 1930 5656 spectato-4

335 5675 478 5732 ribus
523 5694 626 5733 non
676 5679 945 5735 dissimilia
999 5681 1185 5752 Lybica
1238 5680 1446 5735 immisit
1499 5688 1745 5734 monstra.
1807 5677 1931 5734 Fuit

333 5770 513 5827 eadem
550 5772 764 5844 Africa,
814 5790 929 5843 qtae
971 5790 1071 5829 non
1112 5774 1287 5844 vulpes
1330 5774 1524 5843 solum,
1571 5774 1678 5830 doli
1720 5774 1927 5845 plenum

2042 5306 2273 5364 Ecclesia
2299 5310 2588 5364 Christiana
2614 5309 2792 5362 vitibus
2813 5350 2828 5375 ,
2863 5307 3145 5377 procreavit
3169 5322 3184 5371 ;
3215 5305 3305 5359 sed
3334 5315 3380 5360 et
3408 5315 3635 5358 metuen-

2039 5402 2133 5459 dos
2155 5402 2384 5456 dentibus
2409 5418 2560 5472 apros
2584 5440 2598 5467 ,
2630 5401 2795 5454 vineta
2821 5400 2935 5470 ipsa
2964 5396 3264 5466 cﬂ'odienles
3284 5397 3477 5464 ,‘horre
3489 5395 3638 5449 Idam

2036 5498 2289 5568 rugientes
2327 5496 2526 5557 leones,
2576 5494 2889 5564 immitesque
2936 5508 3082 5546 ursos
3124 5489 3506 5546 subministra:i
3534 5536 3541 5544 .
3571 5488 3640 5541 At

2036 5600 2152 5645 vero
2178 5590 2307 5643 sicut
2332 5588 2401 5641 ad
2430 5590 2811 5659 temperandam
2839 5583 3009 5639 -Urbis
3051 5582 3125 5638 ΑΞ
3132 5592 3288 5639 terna:
3316 5622 3331 5649 ,
3376 5594 3472 5651 qur
3503 5578 3637 5648 {also

2034 5681 2238 5737 nomine
2278 5679 2375 5734 sibi
2406 5677 2762 5733 blandiebatur
2809 5676 2977 5732 Roma
2999 5719 3014 5745 ,
3044 5676 3272 5731 laetitiam
3297 5716 3311 5741 ,
3343 5673 3461 5744 Afri
3497 5685 3635 5741 pra:-

2033 5774 2203 5829 serlim
2251 5770 2665 5842 efﬂagitabantur
2684 5781 2972 5839 venatores,
3014 5770 3122 5841 qui,
3151 5764 3339 5823 viribus
3366 5766 3592 5821 valentes
3612 5800 3631 5831 ,
