  <div class='ocr_page' id='page_1' title='image "/cluster/home/n/w/nwhite01/storage/ocr_20150623/1/hvd.32044015466733/151.png"; bbox 0 0 4106 6330; ppageno 0'>
   <div class='ocr_carea' id='block_1_1' title="bbox 478 337 585 401">
    <p class='ocr_par' dir='ltr' id='par_1_1' title="bbox 478 337 585 401">
     <span class='ocr_line' id='line_1_1' title="bbox 478 337 585 401; baseline -0.009 0"><span class='ocrx_word' id='word_1_1' title='bbox 478 337 585 401; x_wconf 66' lang='grc' dir='ltr'><strong>ῑδι</strong></span> 
     </span>
    </p>
   </div>
   <div class='ocr_carea' id='block_1_2' title="bbox 1795 326 2431 416">
    <p class='ocr_par' dir='ltr' id='par_1_2' title="bbox 1795 326 2431 416">
     <span class='ocr_line' id='line_1_2' title="bbox 1795 326 2431 416; baseline -0.002 -22"><span class='ocrx_word' id='word_1_2' title='bbox 1795 328 2092 395; x_wconf 78' lang='lat' dir='ltr'><strong><em>LECTORI</em></strong></span> <span class='ocrx_word' id='word_1_3' title='bbox 2126 326 2431 416; x_wconf 71' lang='lat' dir='ltr'><strong><em>csnmoo</em></strong></span> 
     </span>
    </p>
   </div>
   <div class='ocr_carea' id='block_1_3' title="bbox 3668 326 3778 400">
    <p class='ocr_par' dir='ltr' id='par_1_3' title="bbox 3668 326 3778 400">
     <span class='ocr_line' id='line_1_3' title="bbox 3668 326 3778 400; baseline 0.018 -4"><span class='ocrx_word' id='word_1_4' title='bbox 3668 326 3778 400; x_wconf 55' lang='grc' dir='ltr'><strong><em>’δι</em></strong></span> 
     </span>
    </p>
   </div>
   <div class='ocr_carea' id='block_1_4' title="bbox 372 426 3777 532">
    <p class='ocr_par' dir='ltr' id='par_1_4' title="bbox 372 426 3777 532">
     <span class='ocr_line' id='line_1_4' title="bbox 372 426 3777 532; baseline -0.001 -20"><span class='ocrx_word' id='word_1_5' title='bbox 372 491 381 494; x_wconf 65' lang='grc' dir='ltr'><strong><em>ο</em></strong></span> <span class='ocrx_word' id='word_1_6' title='bbox 483 453 888 532; x_wconf 82' lang='lat' dir='ltr'><strong><em>frustrandisque</em></strong></span> <span class='ocrx_word' id='word_1_7' title='bbox 933 451 1203 513; x_wconf 83' lang='lat' dir='ltr'><strong><em>bestiarum</em></strong></span> <span class='ocrx_word' id='word_1_8' title='bbox 1243 426 1493 507; x_wconf 62' lang='lat' dir='ltr'><strong><em>morsibus</em></strong></span> <span class='ocrx_word' id='word_1_9' title='bbox 1530 448 1753 520; x_wconf 71' lang='lat' dir='ltr'><strong><em>artiﬁces</em></strong></span> <span class='ocrx_word' id='word_1_10' title='bbox 1775 491 1790 518; x_wconf 91' lang='lat'><strong><em>,</em></strong></span> <span class='ocrx_word' id='word_1_11' title='bbox 1831 450 2076 522; x_wconf 88' lang='lat' dir='ltr'><strong><em>impetum</em></strong></span> <span class='ocrx_word' id='word_1_12' title='bbox 2100 447 2156 513; x_wconf 80' lang='grc' dir='ltr'><strong>Α</strong></span> <span class='ocrx_word' id='word_1_13' title='bbox 2180 447 2382 505; x_wconf 69' lang='lat' dir='ltr'><strong><em>Graecas</em></strong></span> <span class='ocrx_word' id='word_1_14' title='bbox 2408 446 2766 523; x_wconf 84' lang='lat' dir='ltr'><strong><em>Romanasque</em></strong></span> <span class='ocrx_word' id='word_1_15' title='bbox 2791 455 3085 505; x_wconf 74' lang='lat' dir='ltr'><strong><em>tractamus.</em></strong></span> <span class='ocrx_word' id='word_1_16' title='bbox 3123 466 3143 503; x_wconf 77' lang='grc' dir='ltr'><strong><em>ι</em></strong></span> <span class='ocrx_word' id='word_1_17' title='bbox 3177 449 3362 506; x_wconf 88' lang='lat' dir='ltr'><strong><em>Merita</em></strong></span> <span class='ocrx_word' id='word_1_18' title='bbox 3405 451 3576 522; x_wconf 86' lang='lat' dir='ltr'><strong><em>itaque</em></strong></span> <span class='ocrx_word' id='word_1_19' title='bbox 3617 449 3777 508; x_wconf 85' lang='lat' dir='ltr'><strong><em>nobili</em></strong></span> 
     </span>
    </p>
   </div>
   <div class='ocr_carea' id='block_1_5' title="bbox 484 542 2077 617">
    <p class='ocr_par' dir='ltr' id='par_1_5' title="bbox 484 542 2077 617">
     <span class='ocr_line' id='line_1_5' title="bbox 484 542 2077 617; baseline -0.004 -12"><span class='ocrx_word' id='word_1_20' title='bbox 484 565 660 605; x_wconf 88' lang='lat' dir='ltr'><strong><em>earum</em></strong></span> <span class='ocrx_word' id='word_1_21' title='bbox 689 547 978 613; x_wconf 89' lang='lat' dir='ltr'><strong><em>eluderent,</em></strong></span> <span class='ocrx_word' id='word_1_22' title='bbox 1006 545 1244 617; x_wconf 83' lang='lat' dir='ltr'><strong><em>ipsasque</em></strong></span> <span class='ocrx_word' id='word_1_23' title='bbox 1266 543 1609 612; x_wconf 69' lang='lat' dir='ltr'><strong><em>conﬁcerent;</em></strong></span> <span class='ocrx_word' id='word_1_24' title='bbox 1645 542 1717 597; x_wconf 92' lang='lat' dir='ltr'><strong><em>sic</em></strong></span> <span class='ocrx_word' id='word_1_25' title='bbox 1757 542 1909 598; x_wconf 90' lang='lat' dir='ltr'><strong><em>etiam</em></strong></span> <span class='ocrx_word' id='word_1_26' title='bbox 1952 543 2077 599; x_wconf 91' lang='lat' dir='ltr'><strong><em>satis</em></strong></span> 
     </span>
    </p>
   </div>
   <div class='ocr_carea' id='block_1_6' title="bbox 485 634 2078 715">
    <p class='ocr_par' dir='ltr' id='par_1_6' title="bbox 485 634 2078 715">
     <span class='ocr_line' id='line_1_6' title="bbox 485 634 2078 715; baseline -0.005 -18"><span class='ocrx_word' id='word_1_27' title='bbox 485 656 725 715; x_wconf 85' lang='lat' dir='ltr'><strong><em>magnum</em></strong></span> <span class='ocrx_word' id='word_1_28' title='bbox 762 648 952 695; x_wconf 72' lang='lat' dir='ltr'><strong><em>(eterna</em></strong></span> <span class='ocrx_word' id='word_1_29' title='bbox 1006 654 1117 694; x_wconf 86' lang='lat' dir='ltr'><strong><em>vere</em></strong></span> <span class='ocrx_word' id='word_1_30' title='bbox 1143 635 1241 692; x_wconf 88' lang='lat' dir='ltr'><strong><em>Dei</em></strong></span> <span class='ocrx_word' id='word_1_31' title='bbox 1266 636 1370 692; x_wconf 90' lang='lat' dir='ltr'><strong><em>veri</em></strong></span> <span class='ocrx_word' id='word_1_32' title='bbox 1412 635 1598 692; x_wconf 89' lang='lat' dir='ltr'><strong><em>Civitas</em></strong></span> <span class='ocrx_word' id='word_1_33' title='bbox 1637 642 1814 691; x_wconf 85' lang='lat' dir='ltr'><strong><em>contra</em></strong></span> <span class='ocrx_word' id='word_1_34' title='bbox 1850 634 2078 691; x_wconf 82' lang='lat' dir='ltr'><strong><em>Valenti-</em></strong></span> 
     </span>
    </p>
   </div>
   <div class='ocr_carea' id='block_1_7' title="bbox 486 725 2119 801">
    <p class='ocr_par' dir='ltr' id='par_1_7' title="bbox 486 725 2119 801">
     <span class='ocr_line' id='line_1_7' title="bbox 486 725 2119 801; baseline -0.003 -12"><span class='ocrx_word' id='word_1_35' title='bbox 486 735 664 790; x_wconf 89' lang='lat' dir='ltr'><strong><em>nianos</em></strong></span> <span class='ocrx_word' id='word_1_36' title='bbox 688 774 703 800; x_wconf 91' lang='lat'><strong><em>,</em></strong></span> <span class='ocrx_word' id='word_1_37' title='bbox 737 728 1035 800; x_wconf 87' lang='lat' dir='ltr'><strong><em>Cnosticas,</em></strong></span> <span class='ocrx_word' id='word_1_38' title='bbox 1079 731 1333 798; x_wconf 84' lang='lat' dir='ltr'><strong><em>Arianas,</em></strong></span> <span class='ocrx_word' id='word_1_39' title='bbox 1376 728 1663 801; x_wconf 87' lang='lat' dir='ltr'><strong><em>similiaque</em></strong></span> <span class='ocrx_word' id='word_1_40' title='bbox 1692 725 1910 793; x_wconf 63' lang='lat' dir='ltr'><strong><em>Nature;</em></strong></span> <span class='ocrx_word' id='word_1_41' title='bbox 1952 743 2078 799; x_wconf 88' lang='lat' dir='ltr'><strong><em>par-</em></strong></span> <span class='ocrx_word' id='word_1_42' title='bbox 2112 781 2119 789; x_wconf 89' lang='grc'><em>,</em></span> 
     </span>
    </p>
   </div>
   <div class='ocr_carea' id='block_1_8' title="bbox 483 820 2073 904">
    <p class='ocr_par' dir='ltr' id='par_1_8' title="bbox 483 820 2073 904">
     <span class='ocr_line' id='line_1_8' title="bbox 483 820 2073 904; baseline -0.003 -22"><span class='ocrx_word' id='word_1_43' title='bbox 483 835 621 884; x_wconf 90' lang='lat' dir='ltr'><strong><em>tenta</em></strong></span> <span class='ocrx_word' id='word_1_44' title='bbox 642 867 658 895; x_wconf 93' lang='lat'><strong><em>,</em></strong></span> <span class='ocrx_word' id='word_1_45' title='bbox 690 825 914 901; x_wconf 88' lang='lat' dir='ltr'><strong><em>genitum</em></strong></span> <span class='ocrx_word' id='word_1_46' title='bbox 954 841 1018 881; x_wconf 66' lang='grc' dir='ltr'><strong><em>επ</em></strong></span> <span class='ocrx_word' id='word_1_47' title='bbox 1063 823 1239 880; x_wconf 86' lang='lat' dir='ltr'><strong><em>eadem</em></strong></span> <span class='ocrx_word' id='word_1_48' title='bbox 1263 822 1359 879; x_wconf 90' lang='lat' dir='ltr'><strong><em>sibi</em></strong></span> <span class='ocrx_word' id='word_1_49' title='bbox 1384 823 1561 895; x_wconf 78' lang='lat' dir='ltr'><strong><em>Africa</em></strong></span> <span class='ocrx_word' id='word_1_50' title='bbox 1596 821 1740 904; x_wconf 70' lang='lat' dir='ltr'><strong><em>vidit~</em></strong></span> <span class='ocrx_word' id='word_1_51' title='bbox 1759 820 2073 895; x_wconf 64' lang='lat' dir='ltr'><strong><em>prasidium.</em></strong></span> 
     </span>
    </p>
   </div>
   <div class='ocr_carea' id='block_1_9' title="bbox 488 913 2075 993">
    <p class='ocr_par' dir='ltr' id='par_1_9' title="bbox 488 913 2075 993">
     <span class='ocr_line' id='line_1_9' title="bbox 488 913 2075 993; baseline -0.004 -18"><span class='ocrx_word' id='word_1_52' title='bbox 488 920 626 989; x_wconf 83' lang='lat' dir='ltr'><strong><em>Quid</em></strong></span> <span class='ocrx_word' id='word_1_53' title='bbox 668 917 1114 993; x_wconf 79' lang='lat' dir='ltr'><strong><em>enim&#39;Augustini</em></strong></span> <span class='ocrx_word' id='word_1_54' title='bbox 1151 934 1244 991; x_wconf 93' lang='lat' dir='ltr'><strong><em>ego</em></strong></span> <span class='ocrx_word' id='word_1_55' title='bbox 1287 915 1613 975; x_wconf 74' lang='lat' dir='ltr'><strong><em>subtilitatem</em></strong></span> <span class='ocrx_word' id='word_1_56' title='bbox 1656 923 1702 970; x_wconf 91' lang='lat' dir='ltr'><strong><em>et</em></strong></span> <span class='ocrx_word' id='word_1_57' title='bbox 1744 913 2075 970; x_wconf 82' lang='lat' dir='ltr'><strong><em>eruditionem</em></strong></span> 
     </span>
    </p>
   </div>
   <div class='ocr_carea' id='block_1_10' title="bbox 484 1006 2078 1087">
    <p class='ocr_par' dir='ltr' id='par_1_10' title="bbox 484 1006 2078 1087">
     <span class='ocr_line' id='line_1_10' title="bbox 484 1006 2078 1087; baseline -0.004 -20"><span class='ocrx_word' id='word_1_58' title='bbox 484 1011 732 1067; x_wconf 80' lang='lat' dir='ltr'><strong><em>(audens?</em></strong></span> <span class='ocrx_word' id='word_1_59' title='bbox 785 1010 1088 1083; x_wconf 80' lang='lat' dir='ltr'><strong><em>melliﬂuam</em></strong></span> <span class='ocrx_word' id='word_1_60' title='bbox 1130 1008 1411 1087; x_wconf 74' lang='lat' dir='ltr'><strong><em>Lactantii</em></strong></span> <span class='ocrx_word' id='word_1_61' title='bbox 1434 1007 1770 1081; x_wconf 79' lang='lat' dir='ltr'><strong><em>eloquentiam</em></strong></span> <span class='ocrx_word' id='word_1_62' title='bbox 1822 1006 2026 1078; x_wconf 77' lang='lat' dir='ltr'><strong><em>probem</em></strong></span> <span class='ocrx_word' id='word_1_63' title='bbox 2051 1006 2078 1060; x_wconf 72' lang='grc' dir='ltr'><em>γ</em></span> 
     </span>
    </p>
   </div>
   <div class='ocr_carea' id='block_1_11' title="bbox 483 1097 2077 1172">
    <p class='ocr_par' dir='ltr' id='par_1_11' title="bbox 483 1097 2077 1172">
     <span class='ocr_line' id='line_1_11' title="bbox 483 1097 2077 1172; baseline -0.001 -15"><span class='ocrx_word' id='word_1_64' title='bbox 483 1103 695 1158; x_wconf 89' lang='lat' dir='ltr'><strong><em>Arnobii</em></strong></span> <span class='ocrx_word' id='word_1_65' title='bbox 740 1103 942 1160; x_wconf 89' lang='lat' dir='ltr'><strong><em>doctam</em></strong></span> <span class='ocrx_word' id='word_1_66' title='bbox 988 1102 1333 1158; x_wconf 73' lang='lat' dir='ltr'><strong><em>curiositatem</em></strong></span> <span class='ocrx_word' id='word_1_67' title='bbox 1383 1099 1696 1172; x_wconf 78' lang='lat' dir='ltr'><strong><em>persequar?</em></strong></span> <span class='ocrx_word' id='word_1_68' title='bbox 1740 1097 1975 1171; x_wconf 80' lang='lat' dir='ltr'><strong><em>Undique</em></strong></span> <span class='ocrx_word' id='word_1_69' title='bbox 2023 1098 2077 1155; x_wconf 88' lang='lat' dir='ltr'><strong><em>in</em></strong></span> 
     </span>
    </p>
   </div>
   <div class='ocr_carea' id='block_1_12' title="bbox 484 1191 2073 1265">
    <p class='ocr_par' dir='ltr' id='par_1_12' title="bbox 484 1191 2073 1265">
     <span class='ocr_line' id='line_1_12' title="bbox 484 1191 2073 1265; baseline -0.003 -16"><span class='ocrx_word' id='word_1_70' title='bbox 484 1192 730 1265; x_wconf 81' lang='lat' dir='ltr'><strong><em>Cypriani</em></strong></span> <span class='ocrx_word' id='word_1_71' title='bbox 758 1194 961 1265; x_wconf 85' lang='lat' dir='ltr'><strong><em>scriptis</em></strong></span> <span class='ocrx_word' id='word_1_72' title='bbox 987 1191 1293 1250; x_wconf 85' lang='lat' dir='ltr'><strong><em>relucentem</em></strong></span> <span class='ocrx_word' id='word_1_73' title='bbox 1328 1193 1565 1263; x_wconf 85' lang='lat' dir='ltr'><strong><em>pietatem</em></strong></span> <span class='ocrx_word' id='word_1_74' title='bbox 1586 1233 1600 1257; x_wconf 90' lang='lat'><strong><em>,</em></strong></span> <span class='ocrx_word' id='word_1_75' title='bbox 1634 1205 1785 1263; x_wconf 89' lang='lat' dir='ltr'><strong><em>quam</em></strong></span> <span class='ocrx_word' id='word_1_76' title='bbox 1815 1191 1924 1261; x_wconf 89' lang='lat' dir='ltr'><strong><em>ipse</em></strong></span> <span class='ocrx_word' id='word_1_77' title='bbox 1950 1206 2073 1246; x_wconf 63' lang='lat' dir='ltr'><strong><em>sano</em></strong></span> 
     </span>
    </p>
   </div>
   <div class='ocr_carea' id='block_1_13' title="bbox 484 1282 2075 1360">
    <p class='ocr_par' dir='ltr' id='par_1_13' title="bbox 484 1282 2075 1360">
     <span class='ocr_line' id='line_1_13' title="bbox 484 1282 2075 1360; baseline -0.001 -21"><span class='ocrx_word' id='word_1_78' title='bbox 484 1287 634 1360; x_wconf 81' lang='lat' dir='ltr'><strong><em>guine</em></strong></span> <span class='ocrx_word' id='word_1_79' title='bbox 656 1304 748 1342; x_wconf 89' lang='lat' dir='ltr'><strong><em>suo</em></strong></span> <span class='ocrx_word' id='word_1_80' title='bbox 770 1286 1025 1358; x_wconf 89' lang='lat' dir='ltr'><strong><em>signavit,</em></strong></span> <span class='ocrx_word' id='word_1_81' title='bbox 1057 1284 1375 1356; x_wconf 80' lang='lat' dir='ltr'><strong><em>suspiciam?</em></strong></span> <span class='ocrx_word' id='word_1_82' title='bbox 1403 1282 1542 1352; x_wconf 89' lang='lat' dir='ltr'><strong><em>Quid</em></strong></span> <span class='ocrx_word' id='word_1_83' title='bbox 1570 1282 1786 1354; x_wconf 88' lang='lat' dir='ltr'><strong><em>denique</em></strong></span> <span class='ocrx_word' id='word_1_84' title='bbox 1810 1324 1827 1351; x_wconf 93' lang='lat'><strong><em>,</em></strong></span> <span class='ocrx_word' id='word_1_85' title='bbox 1854 1282 1941 1352; x_wconf 88' lang='lat' dir='ltr'><strong><em>qui</em></strong></span> <span class='ocrx_word' id='word_1_86' title='bbox 1972 1298 2075 1338; x_wconf 90' lang='lat' dir='ltr'><strong><em>uno</em></strong></span> 
     </span>
    </p>
   </div>
   <div class='ocr_carea' id='block_1_14' title="bbox 484 1364 2077 1449">
    <p class='ocr_par' dir='ltr' id='par_1_14' title="bbox 484 1364 2077 1449">
     <span class='ocr_line' id='line_1_14' title="bbox 484 1364 2077 1449; baseline -0.003 -16"><span class='ocrx_word' id='word_1_87' title='bbox 484 1380 632 1447; x_wconf 77' lang='lat' dir='ltr'><strong><em>etiam</em></strong></span> <span class='ocrx_word' id='word_1_88' title='bbox 655 1378 824 1433; x_wconf 80' lang='lat' dir='ltr'><strong><em>libello</em></strong></span> <span class='ocrx_word' id='word_1_89' title='bbox 838 1376 1051 1434; x_wconf 88' lang='lat' dir='ltr'><strong><em>multum</em></strong></span> <span class='ocrx_word' id='word_1_90' title='bbox 1069 1392 1197 1434; x_wconf 70' lang='lat' dir='ltr'><strong><em>vera:</em></strong></span> <span class='ocrx_word' id='word_1_91' title='bbox 1216 1375 1393 1449; x_wconf 78' lang='lat' dir='ltr'><strong><em>gloria:</em></strong></span> <span class='ocrx_word' id='word_1_92' title='bbox 1408 1364 1607 1443; x_wconf 87' lang='lat' dir='ltr'><strong><em>meruit,</em></strong></span> <span class='ocrx_word' id='word_1_93' title='bbox 1630 1372 1843 1430; x_wconf 74' lang='lat' dir='ltr'><strong><em>Minucii</em></strong></span> <span class='ocrx_word' id='word_1_94' title='bbox 1855 1372 2077 1429; x_wconf 86' lang='lat' dir='ltr'><strong><em>admirer</em></strong></span> 
     </span>
    </p>
   </div>
   <div class='ocr_carea' id='block_1_15' title="bbox 485 1466 2078 1542">
    <p class='ocr_par' dir='ltr' id='par_1_15' title="bbox 485 1466 2078 1542">
     <span class='ocr_line' id='line_1_15' title="bbox 485 1466 2078 1542; baseline -0.004 -16"><span class='ocrx_word' id='word_1_95' title='bbox 485 1473 760 1527; x_wconf 84' lang='lat' dir='ltr'><strong><em>rotundum</em></strong></span> <span class='ocrx_word' id='word_1_96' title='bbox 784 1480 832 1527; x_wconf 88' lang='lat' dir='ltr'><strong><em>et</em></strong></span> <span class='ocrx_word' id='word_1_97' title='bbox 860 1470 1134 1542; x_wconf 72' lang='lat' dir='ltr'><strong><em>lene/luens</em></strong></span> <span class='ocrx_word' id='word_1_98' title='bbox 1158 1470 1414 1540; x_wconf 84' lang='lat' dir='ltr'><strong><em>eloquium</em></strong></span> <span class='ocrx_word' id='word_1_99' title='bbox 1433 1469 1454 1524; x_wconf 91' lang='lat'><strong><em>!</em></strong></span> <span class='ocrx_word' id='word_1_100' title='bbox 1483 1466 1629 1525; x_wconf 89' lang='lat' dir='ltr'><strong><em>Unus</em></strong></span> <span class='ocrx_word' id='word_1_101' title='bbox 1655 1468 1818 1523; x_wconf 90' lang='lat' dir='ltr'><strong><em>instar</em></strong></span> <span class='ocrx_word' id='word_1_102' title='bbox 1849 1467 2078 1522; x_wconf 86' lang='lat' dir='ltr'><strong><em>omnium</em></strong></span> 
     </span>
    </p>
   </div>
   <div class='ocr_carea' id='block_1_16' title="bbox 486 1558 2077 1634">
    <p class='ocr_par' dir='ltr' id='par_1_16' title="bbox 486 1558 2077 1634">
     <span class='ocr_line' id='line_1_16' title="bbox 486 1558 2077 1634; baseline -0.006 -13"><span class='ocrx_word' id='word_1_103' title='bbox 486 1575 558 1621; x_wconf 86' lang='lat' dir='ltr'><strong><em>est</em></strong></span> <span class='ocrx_word' id='word_1_104' title='bbox 597 1565 1009 1623; x_wconf 67' lang='lat' dir='ltr'><strong><em>Taurusumus</em></strong></span> <span class='ocrx_word' id='word_1_105' title='bbox 1031 1605 1046 1629; x_wconf 91' lang='lat'><strong><em>,</em></strong></span> <span class='ocrx_word' id='word_1_106' title='bbox 1077 1564 1133 1618; x_wconf 90' lang='lat' dir='ltr'><strong><em>in</em></strong></span> <span class='ocrx_word' id='word_1_107' title='bbox 1171 1577 1271 1634; x_wconf 85' lang='lat' dir='ltr'><strong><em>qua</em></strong></span> <span class='ocrx_word' id='word_1_108' title='bbox 1299 1558 1511 1617; x_wconf 84' lang='lat' dir='ltr'><strong><em>multum</em></strong></span> <span class='ocrx_word' id='word_1_109' title='bbox 1539 1559 1634 1629; x_wconf 79' lang='lat' dir='ltr'><strong><em>sibi</em></strong></span> <span class='ocrx_word' id='word_1_110' title='bbox 1664 1560 1828 1631; x_wconf 86' lang='lat' dir='ltr'><strong><em>placet</em></strong></span> <span class='ocrx_word' id='word_1_111' title='bbox 1858 1558 2077 1630; x_wconf 85' lang='lat' dir='ltr'><strong><em>Augus-</em></strong></span> 
     </span>
    </p>
   </div>
   <div class='ocr_carea' id='block_1_17' title="bbox 486 1649 2078 1728">
    <p class='ocr_par' dir='ltr' id='par_1_17' title="bbox 486 1649 2078 1728">
     <span class='ocr_line' id='line_1_17' title="bbox 486 1649 2078 1728; baseline -0.004 -17"><span class='ocrx_word' id='word_1_112' title='bbox 486 1658 658 1724; x_wconf 84' lang='lat' dir='ltr'><strong><em>tinus;</em></strong></span> <span class='ocrx_word' id='word_1_113' title='bbox 687 1656 866 1711; x_wconf 84' lang='lat' dir='ltr'><strong><em>Omnis</em></strong></span> <span class='ocrx_word' id='word_1_114' title='bbox 894 1655 1089 1728; x_wconf 81' lang='lat' dir='ltr'><strong><em>generis</em></strong></span> <span class='ocrx_word' id='word_1_115' title='bbox 1116 1654 1396 1709; x_wconf 86' lang='lat' dir='ltr'><strong><em>litterarum</em></strong></span> <span class='ocrx_word' id='word_1_116' title='bbox 1437 1653 1670 1723; x_wconf 89' lang='lat' dir='ltr'><strong><em>peritiam</em></strong></span> <span class='ocrx_word' id='word_1_117' title='bbox 1694 1650 1920 1722; x_wconf 85' lang='lat' dir='ltr'><strong><em>agnoscit</em></strong></span> <span class='ocrx_word' id='word_1_118' title='bbox 1945 1649 2078 1704; x_wconf 83' lang='lat' dir='ltr'><strong><em>Lac-</em></strong></span> 
     </span>
    </p>
   </div>
   <div class='ocr_carea' id='block_1_18' title="bbox 484 1738 2077 1815">
    <p class='ocr_par' dir='ltr' id='par_1_18' title="bbox 484 1738 2077 1815">
     <span class='ocr_line' id='line_1_18' title="bbox 484 1738 2077 1815; baseline -0.004 -14"><span class='ocrx_word' id='word_1_119' title='bbox 484 1749 711 1812; x_wconf 87' lang='lat' dir='ltr'><strong><em>tantius;</em></strong></span> <span class='ocrx_word' id='word_1_120' title='bbox 744 1746 905 1815; x_wconf 83' lang='lat' dir='ltr'><strong><em>Quem</em></strong></span> <span class='ocrx_word' id='word_1_121' title='bbox 928 1740 1232 1814; x_wconf 85' lang='lat' dir='ltr'><strong><em>sequendum</em></strong></span> <span class='ocrx_word' id='word_1_122' title='bbox 1261 1742 1355 1798; x_wconf 91' lang='lat' dir='ltr'><strong><em>sibi</em></strong></span> <span class='ocrx_word' id='word_1_123' title='bbox 1383 1742 1617 1814; x_wconf 86' lang='lat' dir='ltr'><strong><em>proponit</em></strong></span> <span class='ocrx_word' id='word_1_124' title='bbox 1640 1740 1929 1808; x_wconf 72' lang='lat' dir='ltr'><strong><em>Arnobius;</em></strong></span> <span class='ocrx_word' id='word_1_125' title='bbox 1958 1738 2077 1795; x_wconf 80' lang='lat' dir='ltr'><strong><em>Ma-</em></strong></span> 
     </span>
    </p>
   </div>
   <div class='ocr_carea' id='block_1_19' title="bbox 482 1818 2155 1912">
    <p class='ocr_par' dir='ltr' id='par_1_19' title="bbox 482 1818 2155 1912">
     <span class='ocr_line' id='line_1_19' title="bbox 482 1818 2155 1912; baseline -0.004 -18"><span class='ocrx_word' id='word_1_126' title='bbox 482 1841 694 1912; x_wconf 80' lang='lat' dir='ltr'><strong><em>gistrum</em></strong></span> <span class='ocrx_word' id='word_1_127' title='bbox 718 1880 734 1904; x_wconf 91' lang='lat'><strong><em>,</em></strong></span> <span class='ocrx_word' id='word_1_128' title='bbox 782 1837 975 1909; x_wconf 82' lang='lat' dir='ltr'><strong><em>quoties</em></strong></span> <span class='ocrx_word' id='word_1_129' title='bbox 1000 1835 1153 1892; x_wconf 82' lang='lat' dir='ltr'><strong><em>libros</em></strong></span> <span class='ocrx_word' id='word_1_130' title='bbox 1178 1837 1288 1908; x_wconf 84' lang='lat' dir='ltr'><strong><em>ejus</em></strong></span> <span class='ocrx_word' id='word_1_131' title='bbox 1314 1836 1478 1907; x_wconf 84' lang='lat' dir='ltr'><strong><em>poscit</em></strong></span> <span class='ocrx_word' id='word_1_132' title='bbox 1499 1874 1516 1903; x_wconf 94' lang='lat'><strong><em>,</em></strong></span> <span class='ocrx_word' id='word_1_133' title='bbox 1565 1841 1708 1889; x_wconf 88' lang='lat' dir='ltr'><strong><em>vocat</em></strong></span> <span class='ocrx_word' id='word_1_134' title='bbox 1750 1833 2077 1906; x_wconf 77' lang='lat' dir='ltr'><strong><em>Cyprianus;</em></strong></span> <span class='ocrx_word' id='word_1_135' title='bbox 2105 1818 2155 1879; x_wconf 86' lang='grc' dir='ltr'><strong>Β</strong></span> 
     </span>
    </p>
   </div>
   <div class='ocr_carea' id='block_1_20' title="bbox 482 1925 2077 2000">
    <p class='ocr_par' dir='ltr' id='par_1_20' title="bbox 482 1925 2077 2000">
     <span class='ocr_line' id='line_1_20' title="bbox 482 1925 2077 2000; baseline -0.004 -15"><span class='ocrx_word' id='word_1_136' title='bbox 482 1933 537 1986; x_wconf 92' lang='lat' dir='ltr'><strong><em>in</em></strong></span> <span class='ocrx_word' id='word_1_137' title='bbox 563 1946 654 1985; x_wconf 87' lang='lat' dir='ltr'><strong><em>suo</em></strong></span> <span class='ocrx_word' id='word_1_138' title='bbox 680 1927 895 1997; x_wconf 86' lang='lat' dir='ltr'><strong><em>denique</em></strong></span> <span class='ocrx_word' id='word_1_139' title='bbox 923 1925 1145 2000; x_wconf 87' lang='lat' dir='ltr'><strong><em>Dialogo</em></strong></span> <span class='ocrx_word' id='word_1_140' title='bbox 1162 1969 1178 1995; x_wconf 92' lang='lat'><strong><em>,</em></strong></span> <span class='ocrx_word' id='word_1_141' title='bbox 1222 1927 1309 1998; x_wconf 88' lang='lat' dir='ltr'><strong><em>qui</em></strong></span> <span class='ocrx_word' id='word_1_142' title='bbox 1334 1926 1482 1980; x_wconf 69' lang='lat' dir='ltr'><strong><em>velut.</em></strong></span> <span class='ocrx_word' id='word_1_143' title='bbox 1506 1935 1821 1981; x_wconf 87' lang='lat' dir='ltr'><strong><em>contractum</em></strong></span> <span class='ocrx_word' id='word_1_144' title='bbox 1846 1941 1909 1980; x_wconf 77' lang='lat' dir='ltr'><strong><em>ea:</em></strong></span> <span class='ocrx_word' id='word_1_145' title='bbox 1937 1932 2077 1979; x_wconf 88' lang='lat' dir='ltr'><strong><em>vasto</em></strong></span> 
     </span>
    </p>
   </div>
   <div class='ocr_carea' id='block_1_21' title="bbox 483 2003 2078 2101">
    <p class='ocr_par' dir='ltr' id='par_1_21' title="bbox 483 2003 2078 2101">
     <span class='ocr_line' id='line_1_21' title="bbox 483 2003 2078 2101; baseline -0.004 -21"><span class='ocrx_word' id='word_1_146' title='bbox 483 2024 798 2096; x_wconf 80' lang='lat' dir='ltr'><strong><em>Apologetici</em></strong></span> <span class='ocrx_word' id='word_1_147' title='bbox 823 2024 978 2094; x_wconf 81' lang='lat' dir='ltr'><strong><em>hujus</em></strong></span> <span class='ocrx_word' id='word_1_148' title='bbox 1020 2022 1202 2093; x_wconf 85' lang='lat' dir='ltr'><strong><em>pelago</em></strong></span> <span class='ocrx_word' id='word_1_149' title='bbox 1242 2022 1385 2101; x_wconf 78' lang='lat' dir='ltr'><strong><em>sinus</em></strong></span> <span class='ocrx_word' id='word_1_150' title='bbox 1426 2030 1501 2077; x_wconf 91' lang='lat' dir='ltr'><strong><em>est</em></strong></span> <span class='ocrx_word' id='word_1_151' title='bbox 1542 2035 1809 2080; x_wconf 85' lang='lat' dir='ltr'><strong><em>curvamen</em></strong></span> <span class='ocrx_word' id='word_1_152' title='bbox 1830 2060 1846 2087; x_wconf 92' lang='lat'><strong><em>,</em></strong></span> <span class='ocrx_word' id='word_1_153' title='bbox 1866 2003 2078 2077; x_wconf 83' lang='lat' dir='ltr'><strong><em>tantum</em></strong></span> 
     </span>
    </p>
   </div>
   <div class='ocr_carea' id='block_1_22' title="bbox 480 2111 2073 2185">
    <p class='ocr_par' dir='ltr' id='par_1_22' title="bbox 480 2111 2073 2185">
     <span class='ocr_line' id='line_1_22' title="bbox 480 2111 2073 2185; baseline -0.001 -14"><span class='ocrx_word' id='word_1_154' title='bbox 480 2133 581 2171; x_wconf 90' lang='lat' dir='ltr'><strong><em>non</em></strong></span> <span class='ocrx_word' id='word_1_155' title='bbox 607 2113 891 2171; x_wconf 85' lang='lat' dir='ltr'><strong><em>transcribit</em></strong></span> <span class='ocrx_word' id='word_1_156' title='bbox 913 2113 1185 2169; x_wconf 73' lang='lat' dir='ltr'><strong><em>Minatius.</em></strong></span> <span class='ocrx_word' id='word_1_157' title='bbox 1214 2111 1292 2168; x_wconf 89' lang='lat' dir='ltr'><strong><em>De</em></strong></span> <span class='ocrx_word' id='word_1_158' title='bbox 1314 2130 1413 2185; x_wconf 89' lang='lat' dir='ltr'><strong><em>quo</em></strong></span> <span class='ocrx_word' id='word_1_159' title='bbox 1451 2113 1653 2184; x_wconf 84' lang='lat' dir='ltr'><strong><em>quidem</em></strong></span> <span class='ocrx_word' id='word_1_160' title='bbox 1671 2111 2073 2182; x_wconf 74' lang='lat' dir='ltr'><strong><em>TERTULLIANO,</em></strong></span> 
     </span>
    </p>
   </div>
   <div class='ocr_carea' id='block_1_23' title="bbox 480 2206 2077 2280">
    <p class='ocr_par' dir='ltr' id='par_1_23' title="bbox 480 2206 2077 2280">
     <span class='ocr_line' id='line_1_23' title="bbox 480 2206 2077 2280; baseline -0.002 -17"><span class='ocrx_word' id='word_1_161' title='bbox 480 2210 604 2280; x_wconf 88' lang='lat' dir='ltr'><strong><em>quid</em></strong></span> <span class='ocrx_word' id='word_1_162' title='bbox 643 2208 844 2264; x_wconf 85' lang='lat' dir='ltr'><strong><em>Veteres</em></strong></span> <span class='ocrx_word' id='word_1_163' title='bbox 870 2216 916 2262; x_wconf 89' lang='lat' dir='ltr'><strong><em>et</em></strong></span> <span class='ocrx_word' id='word_1_164' title='bbox 941 2206 1189 2263; x_wconf 70' lang='lat' dir='ltr'><strong><em>meantes</em></strong></span> <span class='ocrx_word' id='word_1_165' title='bbox 1217 2207 1460 2263; x_wconf 62' lang='lat' dir='ltr'><strong><em>ductores</em></strong></span> <span class='ocrx_word' id='word_1_166' title='bbox 1488 2222 1590 2262; x_wconf 90' lang='lat' dir='ltr'><strong><em>non</em></strong></span> <span class='ocrx_word' id='word_1_167' title='bbox 1618 2207 1728 2262; x_wconf 89' lang='lat' dir='ltr'><strong><em>sine</em></strong></span> <span class='ocrx_word' id='word_1_168' title='bbox 1753 2206 1965 2261; x_wconf 86' lang='lat' dir='ltr'><strong><em>laudum</em></strong></span> <span class='ocrx_word' id='word_1_169' title='bbox 1995 2221 2077 2261; x_wconf 88' lang='lat' dir='ltr'><strong><em>cu-</em></strong></span> 
     </span>
    </p>
   </div>
   <div class='ocr_carea' id='block_1_24' title="bbox 482 2283 2074 2375">
    <p class='ocr_par' dir='ltr' id='par_1_24' title="bbox 482 2283 2074 2375">
     <span class='ocr_line' id='line_1_24' title="bbox 482 2283 2074 2375; baseline -0.001 -19"><span class='ocrx_word' id='word_1_170' title='bbox 482 2302 622 2357; x_wconf 91' lang='lat' dir='ltr'><strong><em>mulo</em></strong></span> <span class='ocrx_word' id='word_1_171' title='bbox 658 2300 939 2367; x_wconf 87' lang='lat' dir='ltr'><strong><em>senserint,</em></strong></span> <span class='ocrx_word' id='word_1_172' title='bbox 968 2298 1217 2372; x_wconf 58' lang='lat' dir='ltr'><strong><em>quamvis</em></strong></span> <span class='ocrx_word' id='word_1_173' title='bbox 1237 2298 1319 2375; x_wconf 82' lang='lat' dir='ltr'><strong><em>hic</em></strong></span> <span class='ocrx_word' id='word_1_174' title='bbox 1362 2283 1645 2356; x_wconf 75' lang='lat' dir='ltr'><strong><em>exscribere</em></strong></span> <span class='ocrx_word' id='word_1_175' title='bbox 1688 2299 1815 2353; x_wconf 82' lang='lat' dir='ltr'><strong><em>mihi</em></strong></span> <span class='ocrx_word' id='word_1_176' title='bbox 1857 2314 1959 2360; x_wconf 83' lang='lat' dir='ltr'><strong><em>non</em></strong></span> <span class='ocrx_word' id='word_1_177' title='bbox 2007 2298 2074 2357; x_wconf 86' lang='lat' dir='ltr'><strong><em>sit</em></strong></span> 
     </span>
    </p>
   </div>
   <div class='ocr_carea' id='block_1_25' title="bbox 482 2391 2068 2467">
    <p class='ocr_par' dir='ltr' id='par_1_25' title="bbox 482 2391 2068 2467">
     <span class='ocr_line' id='line_1_25' title="bbox 482 2391 2068 2467; baseline -0.003 -17"><span class='ocrx_word' id='word_1_178' title='bbox 482 2394 831 2467; x_wconf 88' lang='lat' dir='ltr'><strong><em>propositum,</em></strong></span> <span class='ocrx_word' id='word_1_179' title='bbox 859 2403 1027 2449; x_wconf 78' lang='lat' dir='ltr'><strong><em>tamen</em></strong></span> <span class='ocrx_word' id='word_1_180' title='bbox 1065 2409 1168 2449; x_wconf 75' lang='lat' dir='ltr'><strong><em>non</em></strong></span> <span class='ocrx_word' id='word_1_181' title='bbox 1192 2409 1397 2464; x_wconf 79' lang='lat' dir='ltr'><strong><em>possunt</em></strong></span> <span class='ocrx_word' id='word_1_182' title='bbox 1418 2432 1436 2457; x_wconf 84' lang='lat'><strong><em>.</em></strong></span> <span class='ocrx_word' id='word_1_183' title='bbox 1463 2395 1585 2461; x_wconf 75' lang='lat' dir='ltr'><strong><em>quin</em></strong></span> <span class='ocrx_word' id='word_1_184' title='bbox 1633 2408 1798 2463; x_wconf 76' lang='lat' dir='ltr'><strong><em>pauca</em></strong></span> <span class='ocrx_word' id='word_1_185' title='bbox 1835 2391 2068 2447; x_wconf 80' lang='lat' dir='ltr'><strong><em>delibem.</em></strong></span> 
     </span>
    </p>
   </div>
   <div class='ocr_carea' id='block_1_26' title="bbox 396 2483 2072 2559">
    <p class='ocr_par' dir='ltr' id='par_1_26' title="bbox 396 2483 2072 2559">
     <span class='ocr_line' id='line_1_26' title="bbox 396 2483 2072 2559; baseline -0.002 -17"><span class='ocrx_word' id='word_1_186' title='bbox 396 2512 401 2517; x_wconf 57' lang='grc'><strong>’</strong></span> <span class='ocrx_word' id='word_1_187' title='bbox 482 2486 552 2542; x_wconf 84' lang='lat' dir='ltr'><strong><em>Et</em></strong></span> <span class='ocrx_word' id='word_1_188' title='bbox 588 2487 819 2543; x_wconf 85' lang='lat' dir='ltr'><strong><em>Veterum</em></strong></span> <span class='ocrx_word' id='word_1_189' title='bbox 843 2486 1046 2557; x_wconf 85' lang='lat' dir='ltr'><strong><em>quidem</em></strong></span> <span class='ocrx_word' id='word_1_190' title='bbox 1075 2484 1447 2559; x_wconf 76' lang='lat' dir='ltr'><strong><em>perhonoriﬁca</em></strong></span> <span class='ocrx_word' id='word_1_191' title='bbox 1475 2483 1764 2541; x_wconf 87' lang='lat' dir='ltr'><strong><em>testimonia</em></strong></span> <span class='ocrx_word' id='word_1_192' title='bbox 1788 2483 1926 2539; x_wconf 84' lang='lat' dir='ltr'><strong><em>hisce</em></strong></span> <span class='ocrx_word' id='word_1_193' title='bbox 1952 2497 2072 2538; x_wconf 85' lang='lat' dir='ltr'><strong><em>con-</em></strong></span> 
     </span>
    </p>
   </div>
   <div class='ocr_carea' id='block_1_27' title="bbox 480 2572 2068 2648">
    <p class='ocr_par' dir='ltr' id='par_1_27' title="bbox 480 2572 2068 2648">
     <span class='ocr_line' id='line_1_27' title="bbox 480 2572 2068 2648; baseline -0.004 -13"><span class='ocrx_word' id='word_1_194' title='bbox 480 2582 635 2636; x_wconf 75' lang='lat' dir='ltr'><strong><em>traxit</em></strong></span> <span class='ocrx_word' id='word_1_195' title='bbox 674 2578 975 2637; x_wconf 78' lang='lat' dir='ltr'><strong><em>Vincentius</em></strong></span> <span class='ocrx_word' id='word_1_196' title='bbox 1008 2578 1325 2648; x_wconf 82' lang='lat' dir='ltr'><strong><em>Lirinensis,</em></strong></span> <span class='ocrx_word' id='word_1_197' title='bbox 1370 2578 1531 2648; x_wconf 90' lang='lat' dir='ltr'><strong><em>quinti</em></strong></span> <span class='ocrx_word' id='word_1_198' title='bbox 1558 2574 1753 2647; x_wconf 85' lang='lat' dir='ltr'><strong><em>seculi,</em></strong></span> <span class='ocrx_word' id='word_1_199' title='bbox 1802 2576 1884 2633; x_wconf 89' lang='lat' dir='ltr'><strong><em>cui</em></strong></span> <span class='ocrx_word' id='word_1_200' title='bbox 1925 2572 2068 2631; x_wconf 88' lang='lat' dir='ltr'><strong><em>illum</em></strong></span> 
     </span>
    </p>
   </div>
   <div class='ocr_carea' id='block_1_28' title="bbox 452 2670 2068 2744">
    <p class='ocr_par' dir='ltr' id='par_1_28' title="bbox 452 2670 2068 2744">
     <span class='ocr_line' id='line_1_28' title="bbox 452 2670 2068 2744; baseline 0.004 -22"><span class='ocrx_word' id='word_1_201' title='bbox 452 2670 707 2744; x_wconf 79' lang='lat' dir='ltr'><strong><em>Congius</em></strong></span> <span class='ocrx_word' id='word_1_202' title='bbox 727 2706 744 2737; x_wconf 84' lang='lat'><strong><em>,</em></strong></span> <span class='ocrx_word' id='word_1_203' title='bbox 768 2672 996 2743; x_wconf 75' lang='lat' dir='ltr'><strong><em>assignat</em></strong></span> <span class='ocrx_word' id='word_1_204' title='bbox 1012 2710 1028 2738; x_wconf 96' lang='lat'><strong><em>,</em></strong></span> <span class='ocrx_word' id='word_1_205' title='bbox 1054 2687 1157 2727; x_wconf 76' lang='lat' dir='ltr'><strong><em>non</em></strong></span> <span class='ocrx_word' id='word_1_206' title='bbox 1184 2670 1496 2742; x_wconf 75' lang='lat' dir='ltr'><strong><em>infacundus</em></strong></span> <span class='ocrx_word' id='word_1_207' title='bbox 1538 2672 1778 2742; x_wconf 75' lang='lat' dir='ltr'><strong><em>scriptor.</em></strong></span> <span class='ocrx_word' id='word_1_208' title='bbox 1830 2672 1956 2741; x_wconf 78' lang='lat' dir='ltr'><strong><em>llic,</em></strong></span> <span class='ocrx_word' id='word_1_209' title='bbox 1984 2675 2068 2729; x_wconf 82' lang='lat' dir='ltr'><strong><em>in-</em></strong></span> 
     </span>
    </p>
   </div>
   <div class='ocr_carea' id='block_1_29' title="bbox 475 2750 2071 2840">
    <p class='ocr_par' dir='ltr' id='par_1_29' title="bbox 475 2750 2071 2840">
     <span class='ocr_line' id='line_1_29' title="bbox 475 2750 2071 2840; baseline 0.003 -20"><span class='ocrx_word' id='word_1_210' title='bbox 475 2767 608 2837; x_wconf 84' lang='lat' dir='ltr'><strong><em>quit,</em></strong></span> <span class='ocrx_word' id='word_1_211' title='bbox 630 2764 771 2838; x_wconf 85' lang='lat' dir='ltr'><strong><em>apud</em></strong></span> <span class='ocrx_word' id='word_1_212' title='bbox 798 2765 1018 2828; x_wconf 81' lang='lat' dir='ltr'><strong><em>Latinos</em></strong></span> <span class='ocrx_word' id='word_1_213' title='bbox 1045 2750 1352 2822; x_wconf 83' lang='lat' dir='ltr'><strong><em>nostrorum</em></strong></span> <span class='ocrx_word' id='word_1_214' title='bbox 1369 2766 1611 2823; x_wconf 86' lang='lat' dir='ltr'><strong><em>omnium</em></strong></span> <span class='ocrx_word' id='word_1_215' title='bbox 1641 2766 1797 2827; x_wconf 78' lang='lat' dir='ltr'><strong><em>facile</em></strong></span> <span class='ocrx_word' id='word_1_216' title='bbox 1821 2768 2071 2840; x_wconf 84' lang='lat' dir='ltr'><strong><em>princeps</em></strong></span> 
     </span>
    </p>
   </div>
   <div class='ocr_carea' id='block_1_30' title="bbox 475 2854 2069 2930">
    <p class='ocr_par' dir='ltr' id='par_1_30' title="bbox 475 2854 2069 2930">
     <span class='ocr_line' id='line_1_30' title="bbox 475 2854 2069 2930; baseline 0.003 -16"><span class='ocrx_word' id='word_1_217' title='bbox 475 2857 815 2930; x_wconf 77' lang='lat' dir='ltr'><strong><em>iudicandus.</em></strong></span> <span class='ocrx_word' id='word_1_218' title='bbox 857 2855 995 2926; x_wconf 83' lang='lat' dir='ltr'><strong><em>Quid</em></strong></span> <span class='ocrx_word' id='word_1_219' title='bbox 1039 2854 1182 2914; x_wconf 89' lang='lat' dir='ltr'><strong><em>enim</em></strong></span> <span class='ocrx_word' id='word_1_220' title='bbox 1220 2857 1321 2916; x_wconf 91' lang='lat' dir='ltr'><strong><em>hoc</em></strong></span> <span class='ocrx_word' id='word_1_221' title='bbox 1369 2859 1485 2916; x_wconf 82' lang='lat' dir='ltr'><strong><em>viro</em></strong></span> <span class='ocrx_word' id='word_1_222' title='bbox 1527 2858 1785 2916; x_wconf 79' lang='lat' dir='ltr'><strong><em>doctius?</em></strong></span> <span class='ocrx_word' id='word_1_223' title='bbox 1832 2861 1969 2930; x_wconf 85' lang='lat' dir='ltr'><strong><em>Quid</em></strong></span> <span class='ocrx_word' id='word_1_224' title='bbox 2014 2860 2069 2919; x_wconf 88' lang='lat' dir='ltr'><strong><em>in</em></strong></span> 
     </span>
    </p>
   </div>
   <div class='ocr_carea' id='block_1_31' title="bbox 481 2951 2069 3030">
    <p class='ocr_par' dir='ltr' id='par_1_31' title="bbox 481 2951 2069 3030">
     <span class='ocr_line' id='line_1_31' title="bbox 481 2951 2069 3030; baseline 0.006 -23"><span class='ocrx_word' id='word_1_225' title='bbox 481 2952 689 3008; x_wconf 85' lang='lat' dir='ltr'><strong><em>Divinis</em></strong></span> <span class='ocrx_word' id='word_1_226' title='bbox 726 2962 887 3023; x_wconf 81' lang='lat' dir='ltr'><strong><em>atque</em></strong></span> <span class='ocrx_word' id='word_1_227' title='bbox 932 2951 1410 3010; x_wconf 66' lang='lat' dir='ltr'><strong><em>llumanisltebus</em></strong></span> <span class='ocrx_word' id='word_1_228' title='bbox 1436 2955 1823 3029; x_wconf 64' lang='lat' dir='ltr'><strong><em>exercitatius?</em></strong></span> <span class='ocrx_word' id='word_1_229' title='bbox 1866 2956 2069 3030; x_wconf 80' lang='lat' dir='ltr'><strong><em>Nempe</em></strong></span> 
     </span>
    </p>
   </div>
   <div class='ocr_carea' id='block_1_32' title="bbox 479 3042 2070 3122">
    <p class='ocr_par' dir='ltr' id='par_1_32' title="bbox 479 3042 2070 3122">
     <span class='ocr_line' id='line_1_32' title="bbox 479 3042 2070 3122; baseline 0.006 -21"><span class='ocrx_word' id='word_1_230' title='bbox 479 3044 694 3101; x_wconf 81' lang='lat' dir='ltr'><strong><em>omnem</em></strong></span> <span class='ocrx_word' id='word_1_231' title='bbox 727 3044 1125 3117; x_wconf 72' lang='lat' dir='ltr'><strong><em>Philosophiam</em></strong></span> <span class='ocrx_word' id='word_1_232' title='bbox 1150 3054 1206 3102; x_wconf 78' lang='lat' dir='ltr'><strong><em>et</em></strong></span> <span class='ocrx_word' id='word_1_233' title='bbox 1229 3056 1454 3103; x_wconf 82' lang='lat' dir='ltr'><strong><em>cunctas</em></strong></span> <span class='ocrx_word' id='word_1_234' title='bbox 1476 3042 1923 3122; x_wconf 74' lang='lat' dir='ltr'><strong><em>Philosophorum</em></strong></span> <span class='ocrx_word' id='word_1_235' title='bbox 1947 3052 2070 3109; x_wconf 86' lang='lat' dir='ltr'><strong><em>Sec-</em></strong></span> 
     </span>
    </p>
   </div>
   <div class='ocr_carea' id='block_1_33' title="bbox 483 3138 2141 3246">
    <p class='ocr_par' dir='ltr' id='par_1_33' title="bbox 483 3138 2141 3246">
     <span class='ocr_line' id='line_1_33' title="bbox 483 3138 2141 3246; baseline 0.007 -55"><span class='ocrx_word' id='word_1_236' title='bbox 483 3146 563 3192; x_wconf 85' lang='lat' dir='ltr'><strong><em>tas</em></strong></span> <span class='ocrx_word' id='word_1_237' title='bbox 587 3178 601 3203; x_wconf 93' lang='lat'><strong><em>,</em></strong></span> <span class='ocrx_word' id='word_1_238' title='bbox 656 3144 902 3220; x_wconf 72' lang='lat' dir='ltr'><strong><em>auctores</em></strong></span> <span class='ocrx_word' id='word_1_239' title='bbox 952 3146 1359 3212; x_wconf 86' lang='lat' dir='ltr'><strong><em>assertoresque</em></strong></span> <span class='ocrx_word' id='word_1_240' title='bbox 1400 3138 1684 3228; x_wconf 71' lang='lat' dir='ltr'><strong><em>Sectaruns</em></strong></span> <span class='ocrx_word' id='word_1_241' title='bbox 1712 3185 1729 3213; x_wconf 93' lang='lat'><strong><em>,</em></strong></span> <span class='ocrx_word' id='word_1_242' title='bbox 1770 3157 2069 3217; x_wconf 83' lang='lat' dir='ltr'><strong><em>omnesque</em></strong></span> <span class='ocrx_word' id='word_1_243' title='bbox 2097 3181 2141 3246; x_wconf 65' lang='grc' dir='ltr'><strong>Ο</strong></span> 
     </span>
    </p>
   </div>
   <div class='ocr_carea' id='block_1_34' title="bbox 1638 3220 1642 3228">
    <p class='ocr_par' dir='ltr' id='par_1_34' title="bbox 1638 3220 1642 3228">
     <span class='ocr_line' id='line_1_34' title="bbox 1638 3220 1642 3228; baseline 0 0"><span class='ocrx_word' id='word_1_244' title='bbox 1638 3220 1642 3228; x_wconf 75' lang='grc' dir='ltr'><strong>Δ</strong></span> 
     </span>
    </p>
   </div>
   <div class='ocr_carea' id='block_1_35' title="bbox 480 3205 2069 3307">
    <p class='ocr_par' dir='ltr' id='par_1_35' title="bbox 480 3205 2069 3307">
     <span class='ocr_line' id='line_1_35' title="bbox 480 3205 2069 3307; baseline 0.006 -23"><span class='ocrx_word' id='word_1_245' title='bbox 480 3242 666 3285; x_wconf 90' lang='lat' dir='ltr'><strong><em>eorum</em></strong></span> <span class='ocrx_word' id='word_1_246' title='bbox 694 3205 1003 3300; x_wconf 78' lang='lat' dir='ltr'><strong><em>disciplinas</em></strong></span> <span class='ocrx_word' id='word_1_247' title='bbox 1021 3270 1037 3298; x_wconf 96' lang='lat'><strong><em>,</em></strong></span> <span class='ocrx_word' id='word_1_248' title='bbox 1063 3245 1278 3307; x_wconf 77' lang='lat' dir='ltr'><strong><em>omnem</em></strong></span> <span class='ocrx_word' id='word_1_249' title='bbox 1302 3220 1649 3290; x_wconf 74' lang='lat' dir='ltr'><strong><em>historiarum</em></strong></span> <span class='ocrx_word' id='word_1_250' title='bbox 1674 3244 1732 3293; x_wconf 87' lang='lat' dir='ltr'><strong><em>ct</em></strong></span> <span class='ocrx_word' id='word_1_251' title='bbox 1768 3205 2069 3294; x_wconf 68' lang='lat' dir='ltr'><strong><em>studiorum</em></strong></span> 
     </span>
    </p>
   </div>
   <div class='ocr_carea' id='block_1_36' title="bbox 479 3322 2070 3402">
    <p class='ocr_par' dir='ltr' id='par_1_36' title="bbox 479 3322 2070 3402">
     <span class='ocr_line' id='line_1_36' title="bbox 479 3322 2070 3402; baseline 0.009 -27"><span class='ocrx_word' id='word_1_252' title='bbox 479 3322 791 3378; x_wconf 69' lang='lat' dir='ltr'><strong><em>varietatem</em></strong></span> <span class='ocrx_word' id='word_1_253' title='bbox 820 3323 954 3379; x_wconf 84' lang='lat' dir='ltr'><strong><em>mira</em></strong></span> <span class='ocrx_word' id='word_1_254' title='bbox 974 3323 1203 3395; x_wconf 79' lang='lat' dir='ltr'><strong><em>quadam</em></strong></span> <span class='ocrx_word' id='word_1_255' title='bbox 1231 3326 1426 3383; x_wconf 82' lang='lat' dir='ltr'><strong><em>mentis</em></strong></span> <span class='ocrx_word' id='word_1_256' title='bbox 1447 3327 1741 3399; x_wconf 75' lang='lat' dir='ltr'><strong><em>capacitato</em></strong></span> <span class='ocrx_word' id='word_1_257' title='bbox 1757 3332 2070 3402; x_wconf 78' lang='lat' dir='ltr'><strong><em>complexus</em></strong></span> 
     </span>
    </p>
   </div>
   <div class='ocr_carea' id='block_1_37' title="bbox 480 3416 2073 3492">
    <p class='ocr_par' dir='ltr' id='par_1_37' title="bbox 480 3416 2073 3492">
     <span class='ocr_line' id='line_1_37' title="bbox 480 3416 2073 3492; baseline 0.006 -19"><span class='ocrx_word' id='word_1_258' title='bbox 480 3424 580 3473; x_wconf 86' lang='lat' dir='ltr'><strong><em>est.</em></strong></span> <span class='ocrx_word' id='word_1_259' title='bbox 610 3416 829 3489; x_wconf 79' lang='lat' dir='ltr'><strong><em>Ingenio</em></strong></span> <span class='ocrx_word' id='word_1_260' title='bbox 859 3433 985 3483; x_wconf 62' lang='lat' dir='ltr'><strong><em>vero</em></strong></span> <span class='ocrx_word' id='word_1_261' title='bbox 1013 3433 1193 3476; x_wconf 87' lang='lat' dir='ltr'><strong><em>nonne</em></strong></span> <span class='ocrx_word' id='word_1_262' title='bbox 1220 3427 1327 3475; x_wconf 88' lang='lat' dir='ltr'><strong><em>tam</em></strong></span> <span class='ocrx_word' id='word_1_263' title='bbox 1368 3419 1516 3492; x_wconf 62' lang='lat' dir='ltr'><strong><em>g‘raii</em></strong></span> <span class='ocrx_word' id='word_1_264' title='bbox 1544 3430 1597 3477; x_wconf 86' lang='lat' dir='ltr'><strong><em>ct</em></strong></span> <span class='ocrx_word' id='word_1_265' title='bbox 1641 3421 1946 3481; x_wconf 69' lang='lat' dir='ltr'><strong><em>vehementi</em></strong></span> <span class='ocrx_word' id='word_1_266' title='bbox 1977 3442 2073 3483; x_wconf 80' lang='lat' dir='ltr'><strong><em>ex-</em></strong></span> 
     </span>
    </p>
   </div>
   <div class='ocr_carea' id='block_1_38' title="bbox 480 3510 2135 3619">
    <p class='ocr_par' dir='ltr' id='par_1_38' title="bbox 480 3510 2135 3619">
     <span class='ocr_line' id='line_1_38' title="bbox 480 3510 2135 3619; baseline 0.008 -54"><span class='ocrx_word' id='word_1_267' title='bbox 480 3510 697 3619; x_wconf 59' lang='lat' dir='ltr'><strong><em>celluit,</em></strong></span> <span class='ocrx_word' id='word_1_268' title='bbox 730 3512 803 3568; x_wconf 85' lang='lat' dir='ltr'><strong><em>uti</em></strong></span> <span class='ocrx_word' id='word_1_269' title='bbox 832 3511 965 3619; x_wconf 71' lang='lat' dir='ltr'><strong><em>nihil</em></strong></span> <span class='ocrx_word' id='word_1_270' title='bbox 1005 3510 1106 3570; x_wconf 84' lang='lat' dir='ltr'><strong><em>sibi</em></strong></span> <span class='ocrx_word' id='word_1_271' title='bbox 1155 3514 1411 3619; x_wconf 42' lang='lat' dir='ltr'><strong><em>pcnead.</em></strong></span> <span class='ocrx_word' id='word_1_272' title='bbox 1433 3517 1843 3619; x_wconf 78' lang='lat' dir='ltr'><strong><em>expugnandum</em></strong></span> <span class='ocrx_word' id='word_1_273' title='bbox 1876 3537 2072 3619; x_wconf 70' lang='lat' dir='ltr'><strong><em>prapo-</em></strong></span> <span class='ocrx_word' id='word_1_274' title='bbox 2088 3576 2135 3619; x_wconf 57' lang='grc' dir='ltr'><strong><em>ο</em></strong></span> 
     </span>
    </p>
   </div>
   <div class='ocr_carea' id='block_1_39' title="bbox 479 3604 2073 3691">
    <p class='ocr_par' dir='ltr' id='par_1_39' title="bbox 479 3604 2073 3691">
     <span class='ocr_line' id='line_1_39' title="bbox 479 3604 2073 3691; baseline 0.009 -33"><span class='ocrx_word' id='word_1_275' title='bbox 479 3606 677 3671; x_wconf 84' lang='lat' dir='ltr'><strong><em>suerit,</em></strong></span> <span class='ocrx_word' id='word_1_276' title='bbox 707 3604 847 3674; x_wconf 86' lang='lat' dir='ltr'><strong><em>quod</em></strong></span> <span class='ocrx_word' id='word_1_277' title='bbox 873 3621 979 3661; x_wconf 90' lang='lat' dir='ltr'><strong><em>non</em></strong></span> <span class='ocrx_word' id='word_1_278' title='bbox 1009 3615 1100 3661; x_wconf 85' lang='lat' dir='ltr'><strong><em>aut</em></strong></span> <span class='ocrx_word' id='word_1_279' title='bbox 1128 3607 1377 3664; x_wconf 80' lang='lat' dir='ltr'><strong><em>acumine</em></strong></span> <span class='ocrx_word' id='word_1_280' title='bbox 1395 3608 1683 3681; x_wconf 83' lang='lat' dir='ltr'><strong><em>irruperit,</em></strong></span> <span class='ocrx_word' id='word_1_281' title='bbox 1710 3623 1803 3668; x_wconf 81' lang='lat' dir='ltr'><strong><em>aut</em></strong></span> <span class='ocrx_word' id='word_1_282' title='bbox 1831 3613 2073 3691; x_wconf 75' lang='lat' dir='ltr'><strong><em>pondere</em></strong></span> 
     </span>
    </p>
   </div>
   <div class='ocr_carea' id='block_1_40' title="bbox 480 3694 2074 3784">
    <p class='ocr_par' dir='ltr' id='par_1_40' title="bbox 480 3694 2074 3784">
     <span class='ocr_line' id='line_1_40' title="bbox 480 3694 2074 3784; baseline 0.009 -32"><span class='ocrx_word' id='word_1_283' title='bbox 480 3694 695 3753; x_wconf 81' lang='lat' dir='ltr'><strong><em>illiserit</em></strong></span> <span class='ocrx_word' id='word_1_284' title='bbox 720 3698 743 3751; x_wconf 86' lang='lat'><strong>?</strong></span> <span class='ocrx_word' id='word_1_285' title='bbox 771 3698 889 3754; x_wconf 85' lang='lat' dir='ltr'><strong><em>Jam</em></strong></span> <span class='ocrx_word' id='word_1_286' title='bbox 919 3713 1079 3779; x_wconf 72' lang='lat' dir='ltr'><strong><em>porro</em></strong></span> <span class='ocrx_word' id='word_1_287' title='bbox 1106 3700 1367 3757; x_wconf 84' lang='lat' dir='ltr'><strong><em>orationis</em></strong></span> <span class='ocrx_word' id='word_1_288' title='bbox 1386 3716 1500 3760; x_wconf 83' lang='lat' dir='ltr'><strong><em>suae</em></strong></span> <span class='ocrx_word' id='word_1_289' title='bbox 1527 3703 1714 3763; x_wconf 87' lang='lat' dir='ltr'><strong><em>laudes</em></strong></span> <span class='ocrx_word' id='word_1_290' title='bbox 1728 3708 1859 3778; x_wconf 79' lang='lat' dir='ltr'><strong><em>quis</em></strong></span> <span class='ocrx_word' id='word_1_291' title='bbox 1881 3711 2074 3784; x_wconf 66' lang='lat' dir='ltr'><strong><em>esequi</em></strong></span> 
     </span>
    </p>
   </div>
   <div class='ocr_carea' id='block_1_41' title="bbox 478 3789 2075 3868">
    <p class='ocr_par' dir='ltr' id='par_1_41' title="bbox 478 3789 2075 3868">
     <span class='ocr_line' id='line_1_41' title="bbox 478 3789 2075 3868; baseline 0.01 -24"><span class='ocrx_word' id='word_1_292' title='bbox 478 3789 696 3846; x_wconf 80' lang='lat' dir='ltr'><strong><em>valeat?</em></strong></span> <span class='ocrx_word' id='word_1_293' title='bbox 719 3790 848 3862; x_wconf 82' lang='lat' dir='ltr'><strong><em>Quae</em></strong></span> <span class='ocrx_word' id='word_1_294' title='bbox 882 3800 1062 3862; x_wconf 83' lang='lat' dir='ltr'><strong><em>tanta,</em></strong></span> <span class='ocrx_word' id='word_1_295' title='bbox 1109 3796 1293 3851; x_wconf 88' lang='lat' dir='ltr'><strong><em>nescio</em></strong></span> <span class='ocrx_word' id='word_1_296' title='bbox 1319 3812 1458 3868; x_wconf 86' lang='lat' dir='ltr'><strong><em>qua,</em></strong></span> <span class='ocrx_word' id='word_1_297' title='bbox 1499 3798 1767 3856; x_wconf 84' lang='lat' dir='ltr'><strong><em>rationum</em></strong></span> <span class='ocrx_word' id='word_1_298' title='bbox 1810 3800 2075 3863; x_wconf 80' lang='lat' dir='ltr'><strong><em>densitate</em></strong></span> 
     </span>
    </p>
   </div>
   <div class='ocr_carea' id='block_1_42' title="bbox 476 3888 2076 3963">
    <p class='ocr_par' dir='ltr' id='par_1_42' title="bbox 476 3888 2076 3963">
     <span class='ocr_line' id='line_1_42' title="bbox 476 3888 2076 3963; baseline 0.008 -23"><span class='ocrx_word' id='word_1_299' title='bbox 476 3893 725 3940; x_wconf 83' lang='lat' dir='ltr'><strong><em>conserta</em></strong></span> <span class='ocrx_word' id='word_1_300' title='bbox 743 3895 829 3941; x_wconf 85' lang='lat' dir='ltr'><strong><em>est</em></strong></span> <span class='ocrx_word' id='word_1_301' title='bbox 848 3927 865 3953; x_wconf 90' lang='lat'><strong><em>,</em></strong></span> <span class='ocrx_word' id='word_1_302' title='bbox 894 3897 952 3942; x_wconf 82' lang='lat' dir='ltr'><strong><em>ut</em></strong></span> <span class='ocrx_word' id='word_1_303' title='bbox 978 3888 1047 3943; x_wconf 85' lang='lat' dir='ltr'><strong><em>ad</em></strong></span> <span class='ocrx_word' id='word_1_304' title='bbox 1072 3902 1393 3944; x_wconf 76' lang='lat' dir='ltr'><strong><em>consensum</em></strong></span> <span class='ocrx_word' id='word_1_305' title='bbox 1415 3890 1497 3945; x_wconf 84' lang='lat' dir='ltr'><strong><em>sui</em></strong></span> <span class='ocrx_word' id='word_1_306' title='bbox 1517 3928 1535 3959; x_wconf 96' lang='lat'><strong><em>,</em></strong></span> <span class='ocrx_word' id='word_1_307' title='bbox 1558 3906 1696 3963; x_wconf 86' lang='lat' dir='ltr'><strong><em>quos</em></strong></span> <span class='ocrx_word' id='word_1_308' title='bbox 1714 3893 1946 3951; x_wconf 75' lang='lat' dir='ltr'><strong><em>suadere</em></strong></span> <span class='ocrx_word' id='word_1_309' title='bbox 1966 3911 2076 3953; x_wconf 80' lang='lat' dir='ltr'><strong><em>non</em></strong></span> 
     </span>
    </p>
   </div>
   <div class='ocr_carea' id='block_1_43' title="bbox 485 3975 2074 4052">
    <p class='ocr_par' dir='ltr' id='par_1_43' title="bbox 485 3975 2074 4052">
     <span class='ocr_line' id='line_1_43' title="bbox 485 3975 2074 4052; baseline 0.009 -24"><span class='ocrx_word' id='word_1_310' title='bbox 485 3975 717 4045; x_wconf 79' lang='lat' dir='ltr'><strong><em>potuerit</em></strong></span> <span class='ocrx_word' id='word_1_311' title='bbox 741 4016 756 4042; x_wconf 94' lang='lat'><strong><em>,</em></strong></span> <span class='ocrx_word' id='word_1_312' title='bbox 791 3976 1064 4048; x_wconf 88' lang='lat' dir='ltr'><strong><em>impellat:</em></strong></span> <span class='ocrx_word' id='word_1_313' title='bbox 1087 3980 1239 4052; x_wconf 84' lang='lat' dir='ltr'><strong><em>cujus</em></strong></span> <span class='ocrx_word' id='word_1_314' title='bbox 1266 3988 1398 4052; x_wconf 84' lang='lat' dir='ltr'><strong><em>quot</em></strong></span> <span class='ocrx_word' id='word_1_315' title='bbox 1422 3995 1561 4052; x_wconf 80' lang='lat' dir='ltr'><strong><em>pene</em></strong></span> <span class='ocrx_word' id='word_1_316' title='bbox 1604 3982 1767 4039; x_wconf 78' lang='lat' dir='ltr'><strong><em>verba</em></strong></span> <span class='ocrx_word' id='word_1_317' title='bbox 1788 4024 1807 4051; x_wconf 88' lang='lat'><strong><em>,</em></strong></span> <span class='ocrx_word' id='word_1_318' title='bbox 1838 3987 1917 4040; x_wconf 76' lang='lat' dir='ltr'><strong><em>tat</em></strong></span> <span class='ocrx_word' id='word_1_319' title='bbox 1944 4001 2074 4043; x_wconf 82' lang='lat' dir='ltr'><strong><em>seu-</em></strong></span> 
     </span>
    </p>
   </div>
   <div class='ocr_carea' id='block_1_44' title="bbox 486 4054 2073 4141">
    <p class='ocr_par' dir='ltr' id='par_1_44' title="bbox 486 4054 2073 4141">
     <span class='ocr_line' id='line_1_44' title="bbox 486 4054 2073 4141; baseline 0.008 -21"><span class='ocrx_word' id='word_1_320' title='bbox 486 4066 666 4122; x_wconf 76' lang='lat' dir='ltr'><strong><em>tentia:</em></strong></span> <span class='ocrx_word' id='word_1_321' title='bbox 692 4076 856 4137; x_wconf 88' lang='lat' dir='ltr'><strong><em>sunt,</em></strong></span> <span class='ocrx_word' id='word_1_322' title='bbox 878 4054 1256 4141; x_wconf 80' lang='lat' dir='ltr'><strong><em>quotsensus,</em></strong></span> <span class='ocrx_word' id='word_1_323' title='bbox 1292 4080 1372 4127; x_wconf 86' lang='lat' dir='ltr'><strong><em>tat</em></strong></span> <span class='ocrx_word' id='word_1_324' title='bbox 1393 4072 1649 4129; x_wconf 57' lang='lat' dir='ltr'><strong><em>victoria}.</em></strong></span> <span class='ocrx_word' id='word_1_325' title='bbox 1681 4073 1766 4130; x_wconf 78' lang='lat' dir='ltr'><strong><em>Es:</em></strong></span> <span class='ocrx_word' id='word_1_326' title='bbox 1800 4074 2073 4133; x_wconf 83' lang='lat' dir='ltr'><strong><em>Recentio-</em></strong></span> 
     </span>
    </p>
   </div>
   <div class='ocr_carea' id='block_1_45' title="bbox 482 4150 2075 4253">
    <p class='ocr_par' dir='ltr' id='par_1_45' title="bbox 482 4150 2075 4253">
     <span class='ocr_line' id='line_1_45' title="bbox 482 4150 2075 4253; baseline 0.009 -41"><span class='ocrx_word' id='word_1_327' title='bbox 482 4159 621 4253; x_wconf 82' lang='lat' dir='ltr'><strong><em>ribus</em></strong></span> <span class='ocrx_word' id='word_1_328' title='bbox 659 4160 897 4229; x_wconf 71' lang='lat' dir='ltr'><strong><em>quidem,</em></strong></span> <span class='ocrx_word' id='word_1_329' title='bbox 945 4150 1521 4253; x_wconf 37' lang='lat' dir='ltr'><strong><em>Illustris&#39;Nobt&#39;litotis</em></strong></span> <span class='ocrx_word' id='word_1_330' title='bbox 1542 4165 1771 4240; x_wconf 70' lang='lat' dir='ltr'><strong><em>Joscplto</em></strong></span> <span class='ocrx_word' id='word_1_331' title='bbox 1810 4150 2075 4242; x_wconf 73' lang='lat' dir='ltr'><strong><em>Scaligoro</em></strong></span> 
     </span>
    </p>
   </div>
   <div class='ocr_carea' id='block_1_46' title="bbox 483 4251 2078 4328">
    <p class='ocr_par' dir='ltr' id='par_1_46' title="bbox 483 4251 2078 4328">
     <span class='ocr_line' id='line_1_46' title="bbox 483 4251 2078 4328; baseline 0.009 -27"><span class='ocrx_word' id='word_1_332' title='bbox 483 4251 746 4305; x_wconf 81' lang='lat' dir='ltr'><strong><em>sublimius</em></strong></span> <span class='ocrx_word' id='word_1_333' title='bbox 800 4263 845 4305; x_wconf 92' lang='lat' dir='ltr'><strong><em>et</em></strong></span> <span class='ocrx_word' id='word_1_334' title='bbox 902 4251 1175 4325; x_wconf 76' lang='lat' dir='ltr'><strong><em>perfectius</em></strong></span> <span class='ocrx_word' id='word_1_335' title='bbox 1220 4256 1274 4309; x_wconf 91' lang='lat' dir='ltr'><strong><em>in</em></strong></span> <span class='ocrx_word' id='word_1_336' title='bbox 1321 4257 1482 4310; x_wconf 73' lang='lat' dir='ltr'><strong><em>amni&#39;</em></strong></span> <span class='ocrx_word' id='word_1_337' title='bbox 1505 4273 1688 4328; x_wconf 84' lang='lat' dir='ltr'><strong><em>genere</em></strong></span> <span class='ocrx_word' id='word_1_338' title='bbox 1732 4259 1979 4323; x_wconf 73' lang='lat' dir='ltr'><strong><em>doctrina:</em></strong></span> <span class='ocrx_word' id='word_1_339' title='bbox 2028 4269 2078 4316; x_wconf 89' lang='lat' dir='ltr'><strong><em>et</em></strong></span> 
     </span>
    </p>
   </div>
   <div class='ocr_carea' id='block_1_47' title="bbox 487 4342 2078 4425">
    <p class='ocr_par' dir='ltr' id='par_1_47' title="bbox 487 4342 2078 4425">
     <span class='ocr_line' id='line_1_47' title="bbox 487 4342 2078 4425; baseline 0.008 -28"><span class='ocrx_word' id='word_1_340' title='bbox 487 4342 832 4397; x_wconf 85' lang='lat' dir='ltr'><strong><em>Scientiarnm</em></strong></span> <span class='ocrx_word' id='word_1_341' title='bbox 873 4362 975 4400; x_wconf 89' lang='lat' dir='ltr'><strong><em>non</em></strong></span> <span class='ocrx_word' id='word_1_342' title='bbox 1031 4348 1168 4402; x_wconf 90' lang='lat' dir='ltr'><strong><em>novit</em></strong></span> <span class='ocrx_word' id='word_1_343' title='bbox 1222 4348 1374 4405; x_wconf 88' lang='lat' dir='ltr'><strong><em>Orbis</em></strong></span> <span class='ocrx_word' id='word_1_344' title='bbox 1424 4351 1670 4406; x_wconf 85' lang='lat' dir='ltr'><strong><em>eruditus.</em></strong></span> <span class='ocrx_word' id='word_1_345' title='bbox 1733 4350 1863 4408; x_wconf 88' lang='lat' dir='ltr'><strong><em>Vide</em></strong></span> <span class='ocrx_word' id='word_1_346' title='bbox 1908 4354 2078 4425; x_wconf 87' lang='lat' dir='ltr'><strong><em>itaque</em></strong></span> 
     </span>
    </p>
   </div>
   <div class='ocr_carea' id='block_1_48' title="bbox 484 4437 2076 4510">
    <p class='ocr_par' dir='ltr' id='par_1_48' title="bbox 484 4437 2076 4510">
     <span class='ocr_line' id='line_1_48' title="bbox 484 4437 2076 4510; baseline 0.011 -27"><span class='ocrx_word' id='word_1_347' title='bbox 484 4446 727 4504; x_wconf 80' lang='lat' dir='ltr'><strong><em>quantum</em></strong></span> <span class='ocrx_word' id='word_1_348' title='bbox 755 4437 818 4490; x_wconf 85' lang='lat' dir='ltr'><strong><em>sit</em></strong></span> <span class='ocrx_word' id='word_1_349' title='bbox 844 4453 875 4491; x_wconf 91' lang='lat' dir='ltr'><strong><em>a</em></strong></span> <span class='ocrx_word' id='word_1_350' title='bbox 906 4437 1115 4495; x_wconf 89' lang='lat' dir='ltr'><strong><em>laudato</em></strong></span> <span class='ocrx_word' id='word_1_351' title='bbox 1142 4439 1365 4495; x_wconf 88' lang='lat' dir='ltr'><strong><em>laudari.</em></strong></span> <span class='ocrx_word' id='word_1_352' title='bbox 1400 4438 1570 4498; x_wconf 72' lang='lat' dir='ltr'><strong><em>Verba</em></strong></span> <span class='ocrx_word' id='word_1_353' title='bbox 1594 4442 1704 4510; x_wconf 81' lang='lat' dir='ltr'><strong><em>eius</em></strong></span> <span class='ocrx_word' id='word_1_354' title='bbox 1727 4455 1846 4500; x_wconf 88' lang='lat' dir='ltr'><strong><em>sunt</em></strong></span> <span class='ocrx_word' id='word_1_355' title='bbox 1874 4445 1927 4500; x_wconf 89' lang='lat' dir='ltr'><strong><em>in</em></strong></span> <span class='ocrx_word' id='word_1_356' title='bbox 1948 4442 2076 4500; x_wconf 87' lang='lat' dir='ltr'><strong><em>Pri-</em></strong></span> 
     </span>
    </p>
   </div>
   <div class='ocr_carea' id='block_1_49' title="bbox 2182 542 3775 612">
    <p class='ocr_par' dir='ltr' id='par_1_49' title="bbox 2182 542 3775 612">
     <span class='ocr_line' id='line_1_49' title="bbox 2182 542 3775 612; baseline 0.001 -12"><span class='ocrx_word' id='word_1_357' title='bbox 2182 543 2437 612; x_wconf 89' lang='lat' dir='ltr'><strong><em>litterato,</em></strong></span> <span class='ocrx_word' id='word_1_358' title='bbox 2481 555 2528 598; x_wconf 89' lang='lat' dir='ltr'><strong><em>et</em></strong></span> <span class='ocrx_word' id='word_1_359' title='bbox 2574 543 2777 611; x_wconf 64' lang='lat' dir='ltr'><strong><em>diffusa!</em></strong></span> <span class='ocrx_word' id='word_1_360' title='bbox 2817 543 3114 599; x_wconf 88' lang='lat' dir='ltr'><strong><em>eruditionis</em></strong></span> <span class='ocrx_word' id='word_1_361' title='bbox 3142 542 3358 600; x_wconf 87' lang='lat' dir='ltr'><strong><em>Barthia</em></strong></span> <span class='ocrx_word' id='word_1_362' title='bbox 3402 546 3546 600; x_wconf 86' lang='lat' dir='ltr'><strong><em>audit</em></strong></span> <span class='ocrx_word' id='word_1_363' title='bbox 3589 545 3775 602; x_wconf 72' lang='lat' dir='ltr'><strong><em>Pnzn</em></strong></span> 
     </span>
    </p>
   </div>
   <div class='ocr_carea' id='block_1_50' title="bbox 2181 635 3780 710">
    <p class='ocr_par' dir='ltr' id='par_1_50' title="bbox 2181 635 3780 710">
     <span class='ocr_line' id='line_1_50' title="bbox 2181 635 3780 710; baseline 0.001 -17"><span class='ocrx_word' id='word_1_364' title='bbox 2181 650 2563 702; x_wconf 69' lang='lat' dir='ltr'><strong><em>ERUDITIONUH,</em></strong></span> <span class='ocrx_word' id='word_1_365' title='bbox 2592 636 2682 691; x_wconf 91' lang='lat' dir='ltr'><strong><em>lib.</em></strong></span> <span class='ocrx_word' id='word_1_366' title='bbox 2711 635 2984 691; x_wconf 84' lang='lat' dir='ltr'><strong><em>Adversar.</em></strong></span> <span class='ocrx_word' id='word_1_367' title='bbox 3013 653 3127 692; x_wconf 82' lang='lat' dir='ltr'><strong><em>xm.</em></strong></span> <span class='ocrx_word' id='word_1_368' title='bbox 3151 636 3281 709; x_wconf 87' lang='lat' dir='ltr'><strong><em>Cap.</em></strong></span> <span class='ocrx_word' id='word_1_369' title='bbox 3310 653 3429 693; x_wconf 76' lang='lat' dir='ltr'><strong><em>xw.</em></strong></span> <span class='ocrx_word' id='word_1_370' title='bbox 3454 638 3609 708; x_wconf 86' lang='lat' dir='ltr'><strong><em>Apud</em></strong></span> <span class='ocrx_word' id='word_1_371' title='bbox 3631 654 3780 710; x_wconf 89' lang='lat' dir='ltr'><strong><em>quem</em></strong></span> 
     </span>
    </p>
   </div>
   <div class='ocr_carea' id='block_1_51' title="bbox 2180 728 3775 802">
    <p class='ocr_par' dir='ltr' id='par_1_51' title="bbox 2180 728 3775 802">
     <span class='ocr_line' id='line_1_51' title="bbox 2180 728 3775 802; baseline 0 -18"><span class='ocrx_word' id='word_1_372' title='bbox 2180 730 2272 784; x_wconf 90' lang='lat' dir='ltr'><strong><em>lib.</em></strong></span> <span class='ocrx_word' id='word_1_373' title='bbox 2301 744 2423 784; x_wconf 69' lang='lat' dir='ltr'><strong><em>xxx.</em></strong></span> <span class='ocrx_word' id='word_1_374' title='bbox 2454 728 2583 801; x_wconf 86' lang='lat' dir='ltr'><strong><em>Cap.</em></strong></span> <span class='ocrx_word' id='word_1_375' title='bbox 2611 743 2649 784; x_wconf 94' lang='grc' dir='ltr'><strong>ι.</strong></span> <span class='ocrx_word' id='word_1_376' title='bbox 2679 728 2789 783; x_wconf 53' lang='lat' dir='ltr'><strong><em>haec</em></strong></span> <span class='ocrx_word' id='word_1_377' title='bbox 2819 729 2970 783; x_wconf 84' lang='lat' dir='ltr'><strong><em>etiam</em></strong></span> <span class='ocrx_word' id='word_1_378' title='bbox 2995 729 3092 802; x_wconf 85' lang='lat' dir='ltr'><strong><em>legi</em></strong></span> <span class='ocrx_word' id='word_1_379' title='bbox 3124 739 3351 799; x_wconf 91' lang='lat' dir='ltr'><strong><em>possunt.</em></strong></span> <span class='ocrx_word' id='word_1_380' title='bbox 3383 748 3402 782; x_wconf 72' lang='grc' dir='ltr'><strong><em>ι</em></strong></span> <span class='ocrx_word' id='word_1_381' title='bbox 3431 729 3775 801; x_wconf 86' lang='lat' dir='ltr'><strong><em>Scriptorum,</em></strong></span> 
     </span>
    </p>
   </div>
   <div class='ocr_carea' id='block_1_52' title="bbox 2185 821 3778 894">
    <p class='ocr_par' dir='ltr' id='par_1_52' title="bbox 2185 821 3778 894">
     <span class='ocr_line' id='line_1_52' title="bbox 2185 821 3778 894; baseline 0.002 -19"><span class='ocrx_word' id='word_1_382' title='bbox 2185 840 2206 875; x_wconf 82' lang='lat' dir='ltr'><strong><em>s</em></strong></span> <span class='ocrx_word' id='word_1_383' title='bbox 2237 832 2483 894; x_wconf 88' lang='lat' dir='ltr'><strong><em>quantum</em></strong></span> <span class='ocrx_word' id='word_1_384' title='bbox 2509 821 2579 877; x_wconf 88' lang='lat' dir='ltr'><strong><em>ad</em></strong></span> <span class='ocrx_word' id='word_1_385' title='bbox 2606 838 2700 878; x_wconf 90' lang='lat' dir='ltr'><strong><em>nos</em></strong></span> <span class='ocrx_word' id='word_1_386' title='bbox 2743 822 2908 888; x_wconf 86' lang='lat' dir='ltr'><strong><em>venit,</em></strong></span> <span class='ocrx_word' id='word_1_387' title='bbox 2962 822 3211 877; x_wconf 86' lang='lat' dir='ltr'><strong><em>eruditior</em></strong></span> <span class='ocrx_word' id='word_1_388' title='bbox 3256 837 3401 877; x_wconf 89' lang='lat' dir='ltr'><strong><em>nemo</em></strong></span> <span class='ocrx_word' id='word_1_389' title='bbox 3440 831 3513 878; x_wconf 89' lang='lat' dir='ltr'><strong><em>est</em></strong></span> <span class='ocrx_word' id='word_1_390' title='bbox 3536 863 3551 888; x_wconf 91' lang='lat'><strong><em>,</em></strong></span> <span class='ocrx_word' id='word_1_391' title='bbox 3616 838 3778 894; x_wconf 68' lang='lat' dir='ltr'><strong><em>eatque</em></strong></span> 
     </span>
    </p>
   </div>
   <div class='ocr_carea' id='block_1_53' title="bbox 2186 911 3777 986">
    <p class='ocr_par' dir='ltr' id='par_1_53' title="bbox 2186 911 3777 986">
     <span class='ocr_line' id='line_1_53' title="bbox 2186 911 3777 986; baseline 0.003 -19"><span class='ocrx_word' id='word_1_392' title='bbox 2186 932 2208 967; x_wconf 71' lang='grc' dir='ltr'><strong><em>ι</em></strong></span> <span class='ocrx_word' id='word_1_393' title='bbox 2245 930 2345 986; x_wconf 85' lang='lat' dir='ltr'><strong><em>quo</em></strong></span> <span class='ocrx_word' id='word_1_394' title='bbox 2388 915 2541 983; x_wconf 89' lang='lat' dir='ltr'><strong><em>plura</em></strong></span> <span class='ocrx_word' id='word_1_395' title='bbox 2565 913 3096 985; x_wconf 71' lang='lat' dir='ltr'><strong><em>candiscere~possis,</em></strong></span> <span class='ocrx_word' id='word_1_396' title='bbox 3146 929 3299 986; x_wconf 92' lang='lat' dir='ltr'><strong><em>quam</em></strong></span> <span class='ocrx_word' id='word_1_397' title='bbox 3341 911 3777 981; x_wconf 73' lang='lat' dir='ltr'><strong><em>TEBTULLIANUS,</em></strong></span> 
     </span>
    </p>
   </div>
   <div class='ocr_carea' id='block_1_54' title="bbox 2187 1004 3772 1081">
    <p class='ocr_par' dir='ltr' id='par_1_54' title="bbox 2187 1004 3772 1081">
     <span class='ocr_line' id='line_1_54' title="bbox 2187 1004 3772 1081; baseline 0.001 -20"><span class='ocrx_word' id='word_1_398' title='bbox 2187 1026 2207 1061; x_wconf 84' lang='grc'><strong><em>‹</em></strong></span> <span class='ocrx_word' id='word_1_399' title='bbox 2247 1004 2441 1063; x_wconf 87' lang='lat' dir='ltr'><strong><em>Nullus</em></strong></span> <span class='ocrx_word' id='word_1_400' title='bbox 2466 1007 2521 1062; x_wconf 89' lang='lat' dir='ltr'><strong><em>in</em></strong></span> <span class='ocrx_word' id='word_1_401' title='bbox 2543 1023 2602 1062; x_wconf 88' lang='lat' dir='ltr'><strong><em>ea</em></strong></span> <span class='ocrx_word' id='word_1_402' title='bbox 2628 1024 2762 1079; x_wconf 69' lang='lat' dir='ltr'><strong><em>apex</em></strong></span> <span class='ocrx_word' id='word_1_403' title='bbox 2780 1016 2853 1063; x_wconf 87' lang='lat' dir='ltr'><strong><em>est</em></strong></span> <span class='ocrx_word' id='word_1_404' title='bbox 2880 1025 2983 1063; x_wconf 88' lang='lat' dir='ltr'><strong><em>non</em></strong></span> <span class='ocrx_word' id='word_1_405' title='bbox 3008 1024 3124 1063; x_wconf 88' lang='lat' dir='ltr'><strong><em>cum</em></strong></span> <span class='ocrx_word' id='word_1_406' title='bbox 3148 1020 3272 1064; x_wconf 84' lang='lat' dir='ltr'><strong><em>cura</em></strong></span> <span class='ocrx_word' id='word_1_407' title='bbox 3296 1008 3517 1081; x_wconf 86' lang='lat' dir='ltr'><strong><em>positus,</em></strong></span> <span class='ocrx_word' id='word_1_408' title='bbox 3544 1016 3603 1063; x_wconf 83' lang='lat' dir='ltr'><strong><em>ut</em></strong></span> <span class='ocrx_word' id='word_1_409' title='bbox 3625 1050 3640 1075; x_wconf 92' lang='lat'><strong><em>,</em></strong></span> <span class='ocrx_word' id='word_1_410' title='bbox 3671 1024 3772 1081; x_wconf 83' lang='lat' dir='ltr'><strong><em>quo</em></strong></span> 
     </span>
    </p>
   </div>
   <div class='ocr_carea' id='block_1_55' title="bbox 2186 1090 3777 1172">
    <p class='ocr_par' dir='ltr' id='par_1_55' title="bbox 2186 1090 3777 1172">
     <span class='ocr_line' id='line_1_55' title="bbox 2186 1090 3777 1172; baseline 0.001 -17"><span class='ocrx_word' id='word_1_411' title='bbox 2186 1119 2207 1154; x_wconf 71' lang='grc' dir='ltr'><strong><em>ι</em></strong></span> <span class='ocrx_word' id='word_1_412' title='bbox 2246 1110 2393 1171; x_wconf 89' lang='lat' dir='ltr'><strong><em>pacto</em></strong></span> <span class='ocrx_word' id='word_1_413' title='bbox 2420 1101 2511 1156; x_wconf 90' lang='lat' dir='ltr'><strong><em>alii</em></strong></span> <span class='ocrx_word' id='word_1_414' title='bbox 2549 1090 2759 1172; x_wconf 80' lang='lat' dir='ltr'><strong><em>inapia,</em></strong></span> <span class='ocrx_word' id='word_1_415' title='bbox 2784 1101 2865 1156; x_wconf 88' lang='lat' dir='ltr'><strong><em>hic</em></strong></span> <span class='ocrx_word' id='word_1_416' title='bbox 2892 1101 3207 1157; x_wconf 88' lang='lat' dir='ltr'><strong><em>abundantia</em></strong></span> <span class='ocrx_word' id='word_1_417' title='bbox 3247 1103 3534 1156; x_wconf 88' lang='lat' dir='ltr'><strong><em>litterarum</em></strong></span> <span class='ocrx_word' id='word_1_418' title='bbox 3564 1117 3777 1172; x_wconf 84' lang='lat' dir='ltr'><strong><em>peccare</em></strong></span> 
     </span>
    </p>
   </div>
   <div class='ocr_carea' id='block_1_56' title="bbox 2186 1192 3777 1273">
    <p class='ocr_par' dir='ltr' id='par_1_56' title="bbox 2186 1192 3777 1273">
     <span class='ocr_line' id='line_1_56' title="bbox 2186 1192 3777 1273; baseline 0.003 -28"><span class='ocrx_word' id='word_1_419' title='bbox 2186 1210 2206 1245; x_wconf 70' lang='grc' dir='ltr'><strong><em>ι</em></strong></span> <span class='ocrx_word' id='word_1_420' title='bbox 2241 1206 2606 1265; x_wconf 86' lang='lat' dir='ltr'><strong><em>nonnunquam</em></strong></span> <span class='ocrx_word' id='word_1_421' title='bbox 2631 1192 2881 1250; x_wconf 86' lang='lat' dir='ltr'><strong><em>videatur.</em></strong></span> <span class='ocrx_word' id='word_1_422' title='bbox 2916 1213 2935 1247; x_wconf 76' lang='grc' dir='ltr'><strong><em>ι</em></strong></span> <span class='ocrx_word' id='word_1_423' title='bbox 2965 1193 3160 1273; x_wconf 82' lang='lat' dir='ltr'><strong><em>Quibus</em></strong></span> <span class='ocrx_word' id='word_1_424' title='bbox 3187 1194 3366 1250; x_wconf 87' lang='lat' dir='ltr'><strong><em>merito</em></strong></span> <span class='ocrx_word' id='word_1_425' title='bbox 3394 1193 3777 1267; x_wconf 88' lang='lat' dir='ltr'><strong><em>adjungendum</em></strong></span> 
     </span>
    </p>
   </div>
   <div class='ocr_carea' id='block_1_57' title="bbox 2184 1283 3781 1358">
    <p class='ocr_par' dir='ltr' id='par_1_57' title="bbox 2184 1283 3781 1358">
     <span class='ocr_line' id='line_1_57' title="bbox 2184 1283 3781 1358; baseline -0.001 -17"><span class='ocrx_word' id='word_1_426' title='bbox 2184 1283 2393 1341; x_wconf 81' lang='lat' dir='ltr'><strong><em>Thamce</em></strong></span> <span class='ocrx_word' id='word_1_427' title='bbox 2420 1286 2765 1358; x_wconf 76' lang='lat' dir='ltr'><strong><em>Campanellce</em></strong></span> <span class='ocrx_word' id='word_1_428' title='bbox 2802 1286 3175 1354; x_wconf 88' lang='lat' dir='ltr'><strong><em>testimonium,</em></strong></span> <span class='ocrx_word' id='word_1_429' title='bbox 3223 1286 3321 1341; x_wconf 87' lang='lat' dir='ltr'><strong><em>viri</em></strong></span> <span class='ocrx_word' id='word_1_430' title='bbox 3380 1286 3530 1358; x_wconf 84' lang='lat' dir='ltr'><strong><em>cujus</em></strong></span> <span class='ocrx_word' id='word_1_431' title='bbox 3587 1285 3781 1358; x_wconf 89' lang='lat' dir='ltr'><strong><em>ingenii</em></strong></span> 
     </span>
    </p>
   </div>
   <div class='ocr_carea' id='block_1_58' title="bbox 2182 1378 3782 1452">
    <p class='ocr_par' dir='ltr' id='par_1_58' title="bbox 2182 1378 3782 1452">
     <span class='ocr_line' id='line_1_58' title="bbox 2182 1378 3782 1452; baseline 0 -19"><span class='ocrx_word' id='word_1_432' title='bbox 2182 1380 2545 1435; x_wconf 89' lang='lat' dir='ltr'><strong><em>vehementiam</em></strong></span> <span class='ocrx_word' id='word_1_433' title='bbox 2573 1388 2620 1435; x_wconf 87' lang='lat' dir='ltr'><strong><em>et</em></strong></span> <span class='ocrx_word' id='word_1_434' title='bbox 2640 1378 2826 1451; x_wconf 87' lang='lat' dir='ltr'><strong><em>judicii</em></strong></span> <span class='ocrx_word' id='word_1_435' title='bbox 2855 1378 3184 1434; x_wconf 87' lang='lat' dir='ltr'><strong><em>acrimoniam</em></strong></span> <span class='ocrx_word' id='word_1_436' title='bbox 3224 1395 3359 1452; x_wconf 75' lang='lat' dir='ltr'><strong><em>stupe</em></strong></span> <span class='ocrx_word' id='word_1_437' title='bbox 3396 1395 3510 1434; x_wconf 87' lang='lat' dir='ltr'><strong><em>sum</em></strong></span> <span class='ocrx_word' id='word_1_438' title='bbox 3551 1379 3782 1433; x_wconf 86' lang='lat' dir='ltr'><strong><em>admira-</em></strong></span> 
     </span>
    </p>
   </div>
   <div class='ocr_carea' id='block_1_59' title="bbox 2184 1467 3861 1540">
    <p class='ocr_par' dir='ltr' id='par_1_59' title="bbox 2184 1467 3861 1540">
     <span class='ocr_line' id='line_1_59' title="bbox 2184 1467 3861 1540; baseline -0.001 -16"><span class='ocrx_word' id='word_1_439' title='bbox 2184 1478 2282 1525; x_wconf 89' lang='lat' dir='ltr'><strong><em>tus.</em></strong></span> <span class='ocrx_word' id='word_1_440' title='bbox 2313 1471 2417 1526; x_wconf 83' lang='lat' dir='ltr'><strong><em>Ille</em></strong></span> <span class='ocrx_word' id='word_1_441' title='bbox 2443 1471 2495 1526; x_wconf 91' lang='lat' dir='ltr'><strong><em>in</em></strong></span> <span class='ocrx_word' id='word_1_442' title='bbox 2526 1469 2723 1526; x_wconf 89' lang='lat' dir='ltr'><strong><em>Libello</em></strong></span> <span class='ocrx_word' id='word_1_443' title='bbox 2749 1470 2811 1525; x_wconf 92' lang='lat' dir='ltr'><strong><em>de</em></strong></span> <span class='ocrx_word' id='word_1_444' title='bbox 2834 1468 3003 1525; x_wconf 87' lang='lat' dir='ltr'><strong><em>Libris</em></strong></span> <span class='ocrx_word' id='word_1_445' title='bbox 3035 1468 3269 1540; x_wconf 86' lang='lat' dir='ltr'><strong><em>Propriis</em></strong></span> <span class='ocrx_word' id='word_1_446' title='bbox 3296 1480 3344 1525; x_wconf 92' lang='lat' dir='ltr'><strong><em>et</em></strong></span> <span class='ocrx_word' id='word_1_447' title='bbox 3372 1467 3532 1523; x_wconf 82' lang='lat' dir='ltr'><strong><em>Recta</em></strong></span> <span class='ocrx_word' id='word_1_448' title='bbox 3562 1469 3782 1525; x_wconf 87' lang='lat' dir='ltr'><strong><em>Ratione</em></strong></span> <span class='ocrx_word' id='word_1_449' title='bbox 3854 1472 3861 1477; x_wconf 86' lang='grc'><strong>’</strong></span> 
     </span>
    </p>
   </div>
   <div class='ocr_carea' id='block_1_60' title="bbox 2182 1562 3780 1637">
    <p class='ocr_par' dir='ltr' id='par_1_60' title="bbox 2182 1562 3780 1637">
     <span class='ocr_line' id='line_1_60' title="bbox 2182 1562 3780 1637; baseline -0.003 -14"><span class='ocrx_word' id='word_1_450' title='bbox 2182 1566 2436 1623; x_wconf 90' lang='lat' dir='ltr'><strong><em>Studendi</em></strong></span> <span class='ocrx_word' id='word_1_451' title='bbox 2465 1564 2593 1637; x_wconf 88' lang='lat' dir='ltr'><strong><em>Cap.</em></strong></span> <span class='ocrx_word' id='word_1_452' title='bbox 2616 1563 2821 1620; x_wconf 67' lang='lat' dir='ltr'><strong><em>ILEdit</em></strong></span> <span class='ocrx_word' id='word_1_453' title='bbox 2844 1564 3147 1621; x_wconf 77' lang='lat' dir='ltr'><strong><em>:Creniance</em></strong></span> <span class='ocrx_word' id='word_1_454' title='bbox 3173 1582 3292 1634; x_wconf 90' lang='lat' dir='ltr'><strong><em>pag.</em></strong></span> <span class='ocrx_word' id='word_1_455' title='bbox 3321 1562 3448 1619; x_wconf 73' lang='lat'><strong><em>2|6.</em></strong></span> <span class='ocrx_word' id='word_1_456' title='bbox 3467 1563 3552 1618; x_wconf 88' lang='lat' dir='ltr'><strong><em>ubi</em></strong></span> <span class='ocrx_word' id='word_1_457' title='bbox 3577 1563 3780 1619; x_wconf 75' lang='lat' dir='ltr'><strong><em>virtutes</em></strong></span> 
     </span>
    </p>
   </div>
   <div class='ocr_carea' id='block_1_61' title="bbox 2180 1656 3782 1731">
    <p class='ocr_par' dir='ltr' id='par_1_61' title="bbox 2180 1656 3782 1731">
     <span class='ocr_line' id='line_1_61' title="bbox 2180 1656 3782 1731; baseline -0.003 -15"><span class='ocrx_word' id='word_1_458' title='bbox 2180 1669 2228 1716; x_wconf 89' lang='lat' dir='ltr'><strong><em>et</em></strong></span> <span class='ocrx_word' id='word_1_459' title='bbox 2251 1660 2373 1715; x_wconf 89' lang='lat' dir='ltr'><strong><em>vitia</em></strong></span> <span class='ocrx_word' id='word_1_460' title='bbox 2400 1658 2723 1731; x_wconf 87' lang='lat' dir='ltr'><strong><em>Scriptorum</em></strong></span> <span class='ocrx_word' id='word_1_461' title='bbox 2759 1658 3134 1731; x_wconf 84' lang='lat' dir='ltr'><strong><em>quorumdam,</em></strong></span> <span class='ocrx_word' id='word_1_462' title='bbox 3165 1661 3253 1730; x_wconf 90' lang='lat' dir='ltr'><strong><em>qui</em></strong></span> <span class='ocrx_word' id='word_1_463' title='bbox 3294 1656 3603 1730; x_wconf 85' lang='lat' dir='ltr'><strong><em>Theologica</em></strong></span> <span class='ocrx_word' id='word_1_464' title='bbox 3647 1664 3782 1711; x_wconf 89' lang='lat' dir='ltr'><strong><em>trac-</em></strong></span> 
     </span>
    </p>
   </div>
   <div class='ocr_carea' id='block_1_62' title="bbox 2182 1740 3772 1820">
    <p class='ocr_par' dir='ltr' id='par_1_62' title="bbox 2182 1740 3772 1820">
     <span class='ocr_line' id='line_1_62' title="bbox 2182 1740 3772 1820; baseline -0.002 -14"><span class='ocrx_word' id='word_1_465' title='bbox 2182 1762 2387 1820; x_wconf 90' lang='lat' dir='ltr'><strong><em>tarunt,</em></strong></span> <span class='ocrx_word' id='word_1_466' title='bbox 2429 1751 2734 1808; x_wconf 89' lang='lat' dir='ltr'><strong><em>enumeravit</em></strong></span> <span class='ocrx_word' id='word_1_467' title='bbox 2758 1793 2773 1819; x_wconf 88' lang='lat'><strong><em>,</em></strong></span> <span class='ocrx_word' id='word_1_468' title='bbox 2828 1754 2901 1806; x_wconf 89' lang='lat' dir='ltr'><strong><em>ita</em></strong></span> <span class='ocrx_word' id='word_1_469' title='bbox 2945 1752 2998 1807; x_wconf 93' lang='lat' dir='ltr'><strong><em>in</em></strong></span> <span class='ocrx_word' id='word_1_470' title='bbox 3037 1752 3131 1806; x_wconf 87' lang='lat' dir='ltr'><strong><em>hac</em></strong></span> <span class='ocrx_word' id='word_1_471' title='bbox 3161 1750 3355 1806; x_wconf 86' lang='lat' dir='ltr'><strong><em>Nostro</em></strong></span> <span class='ocrx_word' id='word_1_472' title='bbox 3399 1740 3617 1805; x_wconf 73' lang='lat' dir='ltr'><strong><em>Auctore</em></strong></span> <span class='ocrx_word' id='word_1_473' title='bbox 3639 1748 3772 1818; x_wconf 83' lang='lat' dir='ltr'><strong><em>ﬁnit.</em></strong></span> 
     </span>
    </p>
   </div>
   <div class='ocr_carea' id='block_1_63' title="bbox 2187 1842 3776 1917">
    <p class='ocr_par' dir='ltr' id='par_1_63' title="bbox 2187 1842 3776 1917">
     <span class='ocr_line' id='line_1_63' title="bbox 2187 1842 3776 1917; baseline -0.002 -18"><span class='ocrx_word' id='word_1_474' title='bbox 2187 1864 2208 1899; x_wconf 70' lang='grc' dir='ltr'><strong><em>ι</em></strong></span> <span class='ocrx_word' id='word_1_475' title='bbox 2248 1846 2661 1903; x_wconf 63' lang='grc' dir='ltr'><strong>Τειιτυιιιιλιιιυε</strong></span> <span class='ocrx_word' id='word_1_476' title='bbox 2709 1844 2925 1917; x_wconf 83' lang='lat' dir='ltr'><strong><em>denique</em></strong></span> <span class='ocrx_word' id='word_1_477' title='bbox 2966 1855 3022 1900; x_wconf 89' lang='lat' dir='ltr'><strong><em>ut</em></strong></span> <span class='ocrx_word' id='word_1_478' title='bbox 3077 1844 3451 1916; x_wconf 83' lang='lat' dir='ltr'><strong><em>Theologorum</em></strong></span> <span class='ocrx_word' id='word_1_479' title='bbox 3494 1842 3776 1915; x_wconf 74' lang='lat' dir='ltr'><strong><em>Magister,</em></strong></span> 
     </span>
    </p>
   </div>
   <div class='ocr_carea' id='block_1_64' title="bbox 2187 1934 3777 2010">
    <p class='ocr_par' dir='ltr' id='par_1_64' title="bbox 2187 1934 3777 2010">
     <span class='ocr_line' id='line_1_64' title="bbox 2187 1934 3777 2010; baseline -0.001 -20"><span class='ocrx_word' id='word_1_480' title='bbox 2187 1956 2206 1990; x_wconf 77' lang='grc' dir='ltr'><strong><em>ι</em></strong></span> <span class='ocrx_word' id='word_1_481' title='bbox 2247 1940 2364 2008; x_wconf 87' lang='lat' dir='ltr'><strong><em>plus</em></strong></span> <span class='ocrx_word' id='word_1_482' title='bbox 2391 1938 2569 2010; x_wconf 87' lang='lat' dir='ltr'><strong><em>probat</em></strong></span> <span class='ocrx_word' id='word_1_483' title='bbox 2595 1937 2793 1993; x_wconf 89' lang='lat' dir='ltr'><strong><em>duobus</em></strong></span> <span class='ocrx_word' id='word_1_484' title='bbox 2822 1939 2983 1993; x_wconf 84' lang='lat' dir='ltr'><strong><em>verbis</em></strong></span> <span class='ocrx_word' id='word_1_485' title='bbox 3007 1980 3020 2001; x_wconf 84' lang='lat'><strong><em>,</em></strong></span> <span class='ocrx_word' id='word_1_486' title='bbox 3048 1955 3203 2009; x_wconf 90' lang='lat' dir='ltr'><strong><em>quam</em></strong></span> <span class='ocrx_word' id='word_1_487' title='bbox 3231 1936 3398 1992; x_wconf 82' lang='lat' dir='ltr'><strong><em>cteteri</em></strong></span> <span class='ocrx_word' id='word_1_488' title='bbox 3435 1934 3574 1990; x_wconf 86' lang='lat' dir='ltr'><strong><em>mille</em></strong></span> <span class='ocrx_word' id='word_1_489' title='bbox 3619 1950 3777 2005; x_wconf 88' lang='lat' dir='ltr'><strong><em>argu-</em></strong></span> 
     </span>
    </p>
   </div>
   <div class='ocr_carea' id='block_1_65' title="bbox 2187 2028 3780 2103">
    <p class='ocr_par' dir='ltr' id='par_1_65' title="bbox 2187 2028 3780 2103">
     <span class='ocr_line' id='line_1_65' title="bbox 2187 2028 3780 2103; baseline -0.002 -20"><span class='ocrx_word' id='word_1_490' title='bbox 2187 2050 2205 2083; x_wconf 74' lang='lat' dir='ltr'><strong><em>e</em></strong></span> <span class='ocrx_word' id='word_1_491' title='bbox 2243 2031 2423 2086; x_wconf 87' lang='lat' dir='ltr'><strong><em>mentis</em></strong></span> <span class='ocrx_word' id='word_1_492' title='bbox 2452 2047 2471 2085; x_wconf 91' lang='lat'><strong><em>:</em></strong></span> <span class='ocrx_word' id='word_1_493' title='bbox 2496 2031 2663 2103; x_wconf 87' lang='lat' dir='ltr'><strong><em>gravis</em></strong></span> <span class='ocrx_word' id='word_1_494' title='bbox 2686 2072 2700 2097; x_wconf 93' lang='lat'><strong><em>,</em></strong></span> <span class='ocrx_word' id='word_1_495' title='bbox 2733 2029 2927 2085; x_wconf 87' lang='lat' dir='ltr'><strong><em>arduus</em></strong></span> <span class='ocrx_word' id='word_1_496' title='bbox 2951 2069 2966 2096; x_wconf 91' lang='lat'><strong><em>,</em></strong></span> <span class='ocrx_word' id='word_1_497' title='bbox 2993 2046 3111 2085; x_wconf 85' lang='lat' dir='ltr'><strong><em>acer</em></strong></span> <span class='ocrx_word' id='word_1_498' title='bbox 3133 2069 3149 2095; x_wconf 93' lang='lat'><strong><em>,</em></strong></span> <span class='ocrx_word' id='word_1_499' title='bbox 3181 2029 3371 2101; x_wconf 69' lang='lat' dir='ltr'><strong><em>efﬁcax</em></strong></span> <span class='ocrx_word' id='word_1_500' title='bbox 3390 2068 3405 2092; x_wconf 91' lang='lat'><strong><em>,</em></strong></span> <span class='ocrx_word' id='word_1_501' title='bbox 3433 2028 3591 2082; x_wconf 84' lang='lat' dir='ltr'><strong><em>brevis</em></strong></span> <span class='ocrx_word' id='word_1_502' title='bbox 3613 2070 3628 2092; x_wconf 86' lang='lat'><strong><em>,</em></strong></span> <span class='ocrx_word' id='word_1_503' title='bbox 3658 2043 3780 2081; x_wconf 86' lang='lat' dir='ltr'><strong><em>con-</em></strong></span> 
     </span>
    </p>
   </div>
   <div class='ocr_carea' id='block_1_66' title="bbox 2185 2119 3774 2193">
    <p class='ocr_par' dir='ltr' id='par_1_66' title="bbox 2185 2119 3774 2193">
     <span class='ocr_line' id='line_1_66' title="bbox 2185 2119 3774 2193; baseline -0.001 -18"><span class='ocrx_word' id='word_1_504' title='bbox 2185 2141 2203 2175; x_wconf 78' lang='grc' dir='ltr'><strong><em>ι</em></strong></span> <span class='ocrx_word' id='word_1_505' title='bbox 2242 2122 2421 2177; x_wconf 87' lang='lat' dir='ltr'><strong><em>cinnus</em></strong></span> <span class='ocrx_word' id='word_1_506' title='bbox 2444 2138 2463 2177; x_wconf 91' lang='lat'><strong><em>:</em></strong></span> <span class='ocrx_word' id='word_1_507' title='bbox 2488 2121 2855 2193; x_wconf 76' lang='lat' dir='ltr'><strong><em>philosophiae</em></strong></span> <span class='ocrx_word' id='word_1_508' title='bbox 2898 2125 3245 2192; x_wconf 68' lang='lat' dir='ltr'><strong><em>grammatice:</em></strong></span> <span class='ocrx_word' id='word_1_509' title='bbox 3270 2161 3285 2188; x_wconf 91' lang='lat'><strong><em>,</em></strong></span> <span class='ocrx_word' id='word_1_510' title='bbox 3344 2137 3447 2175; x_wconf 92' lang='lat' dir='ltr'><strong><em>non</em></strong></span> <span class='ocrx_word' id='word_1_511' title='bbox 3495 2128 3663 2175; x_wconf 89' lang='lat' dir='ltr'><strong><em>autem</em></strong></span> <span class='ocrx_word' id='word_1_512' title='bbox 3702 2119 3774 2174; x_wconf 89' lang='lat' dir='ltr'><strong><em>ci-</em></strong></span> 
     </span>
    </p>
   </div>
   <div class='ocr_carea' id='block_1_67' title="bbox 2185 2212 3774 2285">
    <p class='ocr_par' dir='ltr' id='par_1_67' title="bbox 2185 2212 3774 2285">
     <span class='ocr_line' id='line_1_67' title="bbox 2185 2212 3774 2285; baseline -0.003 -12"><span class='ocrx_word' id='word_1_513' title='bbox 2185 2232 2205 2273; x_wconf 83' lang='lat' dir='ltr'><strong><em>t</em></strong></span> <span class='ocrx_word' id='word_1_514' title='bbox 2238 2214 2351 2270; x_wconf 87' lang='lat' dir='ltr'><strong><em>vilis</em></strong></span> <span class='ocrx_word' id='word_1_515' title='bbox 2396 2214 2600 2281; x_wconf 90' lang='lat' dir='ltr'><strong><em>cultor,</em></strong></span> <span class='ocrx_word' id='word_1_516' title='bbox 2647 2224 2692 2268; x_wconf 92' lang='lat' dir='ltr'><strong><em>et</em></strong></span> <span class='ocrx_word' id='word_1_517' title='bbox 2740 2230 2833 2269; x_wconf 88' lang='lat' dir='ltr'><strong><em>suo</em></strong></span> <span class='ocrx_word' id='word_1_518' title='bbox 2880 2213 3212 2285; x_wconf 79' lang='lat' dir='ltr'><strong><em>africanismo</em></strong></span> <span class='ocrx_word' id='word_1_519' title='bbox 3255 2213 3484 2269; x_wconf 77' lang='lat' dir='ltr'><strong><em>homines</em></strong></span> <span class='ocrx_word' id='word_1_520' title='bbox 3528 2212 3661 2268; x_wconf 85' lang='lat' dir='ltr'><strong><em>velut</em></strong></span> <span class='ocrx_word' id='word_1_521' title='bbox 3701 2213 3774 2268; x_wconf 86' lang='lat' dir='ltr'><strong><em>ad</em></strong></span> 
     </span>
    </p>
   </div>
   <div class='ocr_carea' id='block_1_68' title="bbox 2183 2304 3076 2377">
    <p class='ocr_par' dir='ltr' id='par_1_68' title="bbox 2183 2304 3076 2377">
     <span class='ocr_line' id='line_1_68' title="bbox 2183 2304 3076 2377; baseline 0 -18"><span class='ocrx_word' id='word_1_522' title='bbox 2183 2325 2203 2359; x_wconf 75' lang='grc' dir='ltr'><strong><em>ι</em></strong></span> <span class='ocrx_word' id='word_1_523' title='bbox 2233 2307 2528 2377; x_wconf 86' lang='lat' dir='ltr'><strong><em>peregrinas</em></strong></span> <span class='ocrx_word' id='word_1_524' title='bbox 2551 2321 2738 2361; x_wconf 88' lang='lat' dir='ltr'><strong><em>merces</em></strong></span> <span class='ocrx_word' id='word_1_525' title='bbox 2766 2304 3021 2363; x_wconf 88' lang='lat' dir='ltr'><strong><em>alliciens.</em></strong></span> <span class='ocrx_word' id='word_1_526' title='bbox 3054 2324 3076 2359; x_wconf 87' lang='lat' dir='ltr'><strong><em>s</em></strong></span> 
     </span>
    </p>
   </div>
   <div class='ocr_carea' id='block_1_69' title="bbox 2252 2378 3777 2470">
    <p class='ocr_par' dir='ltr' id='par_1_69' title="bbox 2252 2378 3777 2470">
     <span class='ocr_line' id='line_1_69' title="bbox 2252 2378 3777 2470; baseline -0.003 -18"><span class='ocrx_word' id='word_1_527' title='bbox 2252 2397 2391 2466; x_wconf 89' lang='lat' dir='ltr'><strong><em>Quid</em></strong></span> <span class='ocrx_word' id='word_1_528' title='bbox 2417 2398 2572 2470; x_wconf 90' lang='lat' dir='ltr'><strong><em>igitur</em></strong></span> <span class='ocrx_word' id='word_1_529' title='bbox 2600 2398 2785 2453; x_wconf 83' lang='lat' dir='ltr'><strong><em>mirum</em></strong></span> <span class='ocrx_word' id='word_1_530' title='bbox 2803 2440 2819 2465; x_wconf 92' lang='lat'><strong><em>,</em></strong></span> <span class='ocrx_word' id='word_1_531' title='bbox 2841 2398 2888 2452; x_wconf 90' lang='lat' dir='ltr'><strong><em>si</em></strong></span> <span class='ocrx_word' id='word_1_532' title='bbox 2909 2405 3079 2459; x_wconf 82' lang='lat' dir='ltr'><strong><em>tantus</em></strong></span> <span class='ocrx_word' id='word_1_533' title='bbox 3101 2378 3293 2451; x_wconf 74' lang='lat' dir='ltr'><strong><em>Auctor</em></strong></span> <span class='ocrx_word' id='word_1_534' title='bbox 3318 2411 3421 2451; x_wconf 88' lang='lat' dir='ltr'><strong><em>non</em></strong></span> <span class='ocrx_word' id='word_1_535' title='bbox 3447 2403 3644 2450; x_wconf 85' lang='lat' dir='ltr'><strong><em>tantum</em></strong></span> <span class='ocrx_word' id='word_1_536' title='bbox 3668 2403 3777 2449; x_wconf 83' lang='lat' dir='ltr'><strong><em>tam</em></strong></span> 
     </span>
    </p>
   </div>
   <div class='ocr_carea' id='block_1_70' title="bbox 2175 2487 3775 2562">
    <p class='ocr_par' dir='ltr' id='par_1_70' title="bbox 2175 2487 3775 2562">
     <span class='ocr_line' id='line_1_70' title="bbox 2175 2487 3775 2562; baseline -0.001 -18"><span class='ocrx_word' id='word_1_537' title='bbox 2175 2490 2406 2562; x_wconf 89' lang='lat' dir='ltr'><strong><em>insignes</em></strong></span> <span class='ocrx_word' id='word_1_538' title='bbox 2436 2490 2726 2545; x_wconf 87' lang='lat' dir='ltr'><strong><em>laudatores</em></strong></span> <span class='ocrx_word' id='word_1_539' title='bbox 2746 2531 2759 2556; x_wconf 91' lang='lat'><strong><em>,</em></strong></span> <span class='ocrx_word' id='word_1_540' title='bbox 2799 2489 2891 2544; x_wconf 89' lang='lat' dir='ltr'><strong><em>sed</em></strong></span> <span class='ocrx_word' id='word_1_541' title='bbox 2914 2498 2972 2544; x_wconf 72' lang='lat' dir='ltr'><strong><em>et</em></strong></span> <span class='ocrx_word' id='word_1_542' title='bbox 3003 2488 3230 2544; x_wconf 84' lang='lat' dir='ltr'><strong><em>omnium</em></strong></span> <span class='ocrx_word' id='word_1_543' title='bbox 3261 2487 3501 2542; x_wconf 80' lang='lat' dir='ltr'><strong><em>Gentium</em></strong></span> <span class='ocrx_word' id='word_1_544' title='bbox 3533 2488 3775 2543; x_wconf 85' lang='lat' dir='ltr'><strong><em>invenerit</em></strong></span> 
     </span>
    </p>
   </div>
   <div class='ocr_carea' id='block_1_71' title="bbox 2176 2581 3776 2640">
    <p class='ocr_par' dir='ltr' id='par_1_71' title="bbox 2176 2581 3776 2640">
     <span class='ocr_line' id='line_1_71' title="bbox 2176 2581 3776 2640; baseline -0.002 -1"><span class='ocrx_word' id='word_1_545' title='bbox 2176 2581 2628 2640; x_wconf 84' lang='lat' dir='ltr'><strong><em>Commentatares.</em></strong></span> <span class='ocrx_word' id='word_1_546' title='bbox 2656 2582 2783 2639; x_wconf 86' lang='lat' dir='ltr'><strong><em>Cum</em></strong></span> <span class='ocrx_word' id='word_1_547' title='bbox 2821 2582 3185 2640; x_wconf 63' lang='grc' dir='ltr'><strong>Τεκτιιιοιιιλια</strong></span> <span class='ocrx_word' id='word_1_548' title='bbox 3223 2582 3356 2638; x_wconf 76' lang='lat' dir='ltr'><strong><em>enim</em></strong></span> <span class='ocrx_word' id='word_1_549' title='bbox 3375 2582 3576 2637; x_wconf 86' lang='lat' dir='ltr'><strong><em>nomine</em></strong></span> <span class='ocrx_word' id='word_1_550' title='bbox 3602 2598 3776 2637; x_wconf 81' lang='lat' dir='ltr'><strong><em>conse-</em></strong></span> 
     </span>
    </p>
   </div>
   <div class='ocr_carea' id='block_1_72' title="bbox 2174 2666 3773 2747">
    <p class='ocr_par' dir='ltr' id='par_1_72' title="bbox 2174 2666 3773 2747">
     <span class='ocr_line' id='line_1_72' title="bbox 2174 2666 3773 2747; baseline -0.001 -15"><span class='ocrx_word' id='word_1_551' title='bbox 2174 2688 2315 2732; x_wconf 90' lang='lat' dir='ltr'><strong><em>crata</em></strong></span> <span class='ocrx_word' id='word_1_552' title='bbox 2331 2676 2653 2741; x_wconf 48' lang='lat' dir='ltr'><strong><em>sEternitati,</em></strong></span> <span class='ocrx_word' id='word_1_553' title='bbox 2680 2694 2745 2734; x_wconf 67' lang='lat' dir='ltr'><strong><em>ex</em></strong></span> <span class='ocrx_word' id='word_1_554' title='bbox 2765 2678 2908 2732; x_wconf 86' lang='lat' dir='ltr'><strong><em>omni</em></strong></span> <span class='ocrx_word' id='word_1_555' title='bbox 2937 2686 3072 2732; x_wconf 73' lang='lat' dir='ltr'><strong><em>statu</em></strong></span> <span class='ocrx_word' id='word_1_556' title='bbox 3101 2666 3149 2730; x_wconf 83' lang='lat' dir='ltr'><strong><em>et</em></strong></span> <span class='ocrx_word' id='word_1_557' title='bbox 3174 2675 3469 2747; x_wconf 89' lang='lat' dir='ltr'><strong><em>disciplina,</em></strong></span> <span class='ocrx_word' id='word_1_558' title='bbox 3502 2674 3773 2730; x_wconf 72' lang='lat' dir='ltr'><strong><em>manebunt</em></strong></span> 
     </span>
    </p>
   </div>
   <div class='ocr_carea' id='block_1_73' title="bbox 2176 2765 3778 2837">
    <p class='ocr_par' dir='ltr' id='par_1_73' title="bbox 2176 2765 3778 2837">
     <span class='ocr_line' id='line_1_73' title="bbox 2176 2765 3778 2837; baseline 0 -13"><span class='ocrx_word' id='word_1_559' title='bbox 2176 2771 2380 2824; x_wconf 87' lang='lat' dir='ltr'><strong><em>nomina</em></strong></span> <span class='ocrx_word' id='word_1_560' title='bbox 2414 2770 2787 2827; x_wconf 72' lang='lat' dir='ltr'><strong><em>Rucnsnonun</em></strong></span> <span class='ocrx_word' id='word_1_561' title='bbox 2807 2812 2822 2837; x_wconf 92' lang='lat'><strong><em>,</em></strong></span> <span class='ocrx_word' id='word_1_562' title='bbox 2857 2768 3211 2826; x_wconf 68' lang='lat' dir='ltr'><strong><em>PAIELIORUI</em></strong></span> <span class='ocrx_word' id='word_1_563' title='bbox 3230 2809 3245 2832; x_wconf 86' lang='lat'><strong><em>,</em></strong></span> <span class='ocrx_word' id='word_1_564' title='bbox 3271 2765 3538 2824; x_wconf 75' lang='lat' dir='ltr'><strong><em>Jomosou</em></strong></span> <span class='ocrx_word' id='word_1_565' title='bbox 3562 2809 3578 2837; x_wconf 90' lang='lat'><strong><em>,</em></strong></span> <span class='ocrx_word' id='word_1_566' title='bbox 3607 2782 3675 2823; x_wconf 76' lang='lat' dir='ltr'><strong><em>nn</em></strong></span> <span class='ocrx_word' id='word_1_567' title='bbox 3703 2781 3778 2824; x_wconf 67' lang='lat' dir='ltr'><strong><em>LL</em></strong></span> 
     </span>
    </p>
   </div>
   <div class='ocr_carea' id='block_1_74' title="bbox 2174 2857 3927 2929">
    <p class='ocr_par' dir='ltr' id='par_1_74' title="bbox 2174 2857 3927 2929">
     <span class='ocr_line' id='line_1_74' title="bbox 2174 2857 3927 2929; baseline 0.001 -13"><span class='ocrx_word' id='word_1_568' title='bbox 2174 2859 2466 2917; x_wconf 73' lang='lat' dir='ltr'><strong><em>CERDARUII</em></strong></span> <span class='ocrx_word' id='word_1_569' title='bbox 2490 2904 2502 2926; x_wconf 85' lang='lat'><strong><em>,</em></strong></span> <span class='ocrx_word' id='word_1_570' title='bbox 2523 2861 2890 2918; x_wconf 74' lang='lat' dir='ltr'><strong><em>HERALDOBUI</em></strong></span> <span class='ocrx_word' id='word_1_571' title='bbox 2911 2903 2928 2929; x_wconf 92' lang='lat'><strong><em>,</em></strong></span> <span class='ocrx_word' id='word_1_572' title='bbox 2956 2861 3429 2919; x_wconf 73' lang='lat' dir='ltr'><strong><em>Gornornenonuu</em></strong></span> <span class='ocrx_word' id='word_1_573' title='bbox 3445 2902 3458 2925; x_wconf 92' lang='lat'><strong><em>,</em></strong></span> <span class='ocrx_word' id='word_1_574' title='bbox 3482 2857 3772 2915; x_wconf 74' lang='lat' dir='ltr'><strong><em>SALIIASIO-</em></strong></span> <span class='ocrx_word' id='word_1_575' title='bbox 3848 2902 3854 2910; x_wconf 90' lang='lat'><strong><em>.</em></strong></span> <span class='ocrx_word' id='word_1_576' title='bbox 3920 2910 3927 2917; x_wconf 92' lang='lat'><strong><em>.</em></strong></span> 
     </span>
    </p>
   </div>
   <div class='ocr_carea' id='block_1_75' title="bbox 2174 2952 3772 3025">
    <p class='ocr_par' dir='ltr' id='par_1_75' title="bbox 2174 2952 3772 3025">
     <span class='ocr_line' id='line_1_75' title="bbox 2174 2952 3772 3025; baseline -0.001 -16"><span class='ocrx_word' id='word_1_577' title='bbox 2174 2968 2283 3009; x_wconf 69' lang='lat' dir='ltr'><strong><em>non</em></strong></span> <span class='ocrx_word' id='word_1_578' title='bbox 2304 2994 2320 3018; x_wconf 88' lang='lat'><strong><em>,</em></strong></span> <span class='ocrx_word' id='word_1_579' title='bbox 2376 2952 2773 3011; x_wconf 65' lang='grc' dir='ltr'><strong>Βιωιιτιοιιιιιι.</strong></span> <span class='ocrx_word' id='word_1_580' title='bbox 2821 2952 2890 3008; x_wconf 88' lang='lat' dir='ltr'><strong><em>Ut</em></strong></span> <span class='ocrx_word' id='word_1_581' title='bbox 2911 2955 3028 3025; x_wconf 85' lang='lat' dir='ltr'><strong><em>jam</em></strong></span> <span class='ocrx_word' id='word_1_582' title='bbox 3053 2962 3248 3009; x_wconf 76' lang='lat' dir='ltr'><strong><em>taceam</em></strong></span> <span class='ocrx_word' id='word_1_583' title='bbox 3291 2953 3601 3017; x_wconf 64' lang='lat' dir='ltr'><strong><em>lacunas,</em></strong></span> <span class='ocrx_word' id='word_1_584' title='bbox 3633 2952 3772 3007; x_wconf 62' lang='lat' dir='ltr'><strong><em>Bun-</em></strong></span> 
     </span>
    </p>
   </div>
   <div class='ocr_carea' id='block_1_76' title="bbox 2174 3045 3769 3117">
    <p class='ocr_par' dir='ltr' id='par_1_76' title="bbox 2174 3045 3769 3117">
     <span class='ocr_line' id='line_1_76' title="bbox 2174 3045 3769 3117; baseline 0 -16"><span class='ocrx_word' id='word_1_585' title='bbox 2174 3062 2355 3111; x_wconf 64' lang='lat' dir='ltr'><strong><em>nszos,</em></strong></span> <span class='ocrx_word' id='word_1_586' title='bbox 2400 3045 2663 3105; x_wconf 63' lang='lat' dir='ltr'><strong><em>Gscuos</em></strong></span> <span class='ocrx_word' id='word_1_587' title='bbox 2687 3091 2701 3115; x_wconf 89' lang='lat'><strong><em>,</em></strong></span> <span class='ocrx_word' id='word_1_588' title='bbox 2739 3047 3024 3115; x_wconf 74' lang='lat' dir='ltr'><strong><em>Lumios,</em></strong></span> <span class='ocrx_word' id='word_1_589' title='bbox 3070 3048 3375 3117; x_wconf 73' lang='lat' dir='ltr'><strong><em>GELENIOS,</em></strong></span> <span class='ocrx_word' id='word_1_590' title='bbox 3417 3047 3725 3103; x_wconf 69' lang='lat' dir='ltr'><strong><em>Menenios</em></strong></span> <span class='ocrx_word' id='word_1_591' title='bbox 3751 3086 3769 3116; x_wconf 97' lang='lat'><strong><em>,</em></strong></span> 
     </span>
    </p>
   </div>
   <div class='ocr_carea' id='block_1_77' title="bbox 2175 3128 3784 3213">
    <p class='ocr_par' dir='ltr' id='par_1_77' title="bbox 2175 3128 3784 3213">
     <span class='ocr_line' id='line_1_77' title="bbox 2175 3128 3784 3213; baseline 0 -17"><span class='ocrx_word' id='word_1_592' title='bbox 2175 3139 2558 3204; x_wconf 73' lang='lat' dir='ltr'><strong><em>Wovwnmos,</em></strong></span> <span class='ocrx_word' id='word_1_593' title='bbox 2616 3142 2869 3213; x_wconf 87' lang='lat' dir='ltr'><strong><em>aliamque</em></strong></span> <span class='ocrx_word' id='word_1_594' title='bbox 2912 3142 3036 3199; x_wconf 88' lang='lat' dir='ltr'><strong><em>satis</em></strong></span> <span class='ocrx_word' id='word_1_595' title='bbox 3089 3157 3408 3199; x_wconf 88' lang='lat' dir='ltr'><strong><em>numerosam</em></strong></span> <span class='ocrx_word' id='word_1_596' title='bbox 3461 3128 3784 3196; x_wconf 83' lang='lat' dir='ltr'><strong><em>eruditorum</em></strong></span> 
     </span>
    </p>
   </div>
   <div class='ocr_carea' id='block_1_78' title="bbox 2175 3233 3773 3306">
    <p class='ocr_par' dir='ltr' id='par_1_78' title="bbox 2175 3233 3773 3306">
     <span class='ocr_line' id='line_1_78' title="bbox 2175 3233 3773 3306; baseline 0.001 -20"><span class='ocrx_word' id='word_1_597' title='bbox 2175 3233 2391 3298; x_wconf 88' lang='lat' dir='ltr'><strong><em>turbam,</em></strong></span> <span class='ocrx_word' id='word_1_598' title='bbox 2420 3234 2508 3303; x_wconf 87' lang='lat' dir='ltr'><strong><em>qui</em></strong></span> <span class='ocrx_word' id='word_1_599' title='bbox 2537 3233 2692 3304; x_wconf 87' lang='lat' dir='ltr'><strong><em>hujus</em></strong></span> <span class='ocrx_word' id='word_1_600' title='bbox 2722 3234 2954 3290; x_wconf 81' lang='lat' dir='ltr'><strong><em>Auctoris</em></strong></span> <span class='ocrx_word' id='word_1_601' title='bbox 2979 3234 3204 3290; x_wconf 81' lang='lat' dir='ltr'><strong><em>studium</em></strong></span> <span class='ocrx_word' id='word_1_602' title='bbox 3234 3233 3449 3305; x_wconf 83' lang='lat' dir='ltr'><strong><em>publicis</em></strong></span> <span class='ocrx_word' id='word_1_603' title='bbox 3473 3234 3675 3306; x_wconf 88' lang='lat' dir='ltr'><strong><em>ingenii</em></strong></span> <span class='ocrx_word' id='word_1_604' title='bbox 3693 3234 3773 3289; x_wconf 89' lang='lat' dir='ltr'><strong><em>sui</em></strong></span> 
     </span>
    </p>
   </div>
   <div class='ocr_carea' id='block_1_79' title="bbox 2175 3325 3773 3398">
    <p class='ocr_par' dir='ltr' id='par_1_79' title="bbox 2175 3325 3773 3398">
     <span class='ocr_line' id='line_1_79' title="bbox 2175 3325 3773 3398; baseline 0 -17"><span class='ocrx_word' id='word_1_605' title='bbox 2175 3326 2510 3382; x_wconf 76' lang='lat' dir='ltr'><strong><em>monumentis</em></strong></span> <span class='ocrx_word' id='word_1_606' title='bbox 2534 3334 2772 3382; x_wconf 83' lang='lat' dir='ltr'><strong><em>testatum</em></strong></span> <span class='ocrx_word' id='word_1_607' title='bbox 2798 3329 3013 3398; x_wconf 67' lang='lat' dir='ltr'><strong><em>posteris</em></strong></span> <span class='ocrx_word' id='word_1_608' title='bbox 3040 3328 3326 3383; x_wconf 75' lang='lat' dir='ltr'><strong><em>valuerunt.</em></strong></span> <span class='ocrx_word' id='word_1_609' title='bbox 3363 3325 3431 3381; x_wconf 82' lang='lat' dir='ltr'><strong><em>Et</em></strong></span> <span class='ocrx_word' id='word_1_610' title='bbox 3442 3344 3521 3382; x_wconf 60' lang='lat' dir='ltr'><strong><em>sea:</em></strong></span> <span class='ocrx_word' id='word_1_611' title='bbox 3548 3327 3628 3381; x_wconf 88' lang='lat' dir='ltr'><strong><em>his</em></strong></span> <span class='ocrx_word' id='word_1_612' title='bbox 3652 3327 3773 3398; x_wconf 82' lang='lat' dir='ltr'><strong><em>qui-</em></strong></span> 
     </span>
    </p>
   </div>
   <div class='ocr_carea' id='block_1_80' title="bbox 2176 3417 3772 3491">
    <p class='ocr_par' dir='ltr' id='par_1_80' title="bbox 2176 3417 3772 3491">
     <span class='ocr_line' id='line_1_80' title="bbox 2176 3417 3772 3491; baseline 0 -19"><span class='ocrx_word' id='word_1_613' title='bbox 2176 3419 2292 3474; x_wconf 88' lang='lat' dir='ltr'><strong><em>dem</em></strong></span> <span class='ocrx_word' id='word_1_614' title='bbox 2320 3419 2530 3491; x_wconf 86' lang='lat' dir='ltr'><strong><em>plurimi</em></strong></span> <span class='ocrx_word' id='word_1_615' title='bbox 2558 3427 2745 3485; x_wconf 81' lang='lat' dir='ltr'><strong><em>cuncta</em></strong></span> <span class='ocrx_word' id='word_1_616' title='bbox 2775 3419 2918 3474; x_wconf 89' lang='lat' dir='ltr'><strong><em>nobis</em></strong></span> <span class='ocrx_word' id='word_1_617' title='bbox 2949 3418 3319 3475; x_wconf 67' lang='lat' dir='ltr'><strong><em>Turonum</em></strong></span> <span class='ocrx_word' id='word_1_618' title='bbox 3347 3417 3517 3490; x_wconf 90' lang='lat' dir='ltr'><strong><em>Opera</em></strong></span> <span class='ocrx_word' id='word_1_619' title='bbox 3537 3417 3772 3473; x_wconf 83' lang='lat' dir='ltr'><strong><em>elucida-</em></strong></span> 
     </span>
    </p>
   </div>
   <div class='ocr_carea' id='block_1_81' title="bbox 2176 3510 3769 3583">
    <p class='ocr_par' dir='ltr' id='par_1_81' title="bbox 2176 3510 3769 3583">
     <span class='ocr_line' id='line_1_81' title="bbox 2176 3510 3769 3583; baseline 0.001 -18"><span class='ocrx_word' id='word_1_620' title='bbox 2176 3510 2396 3565; x_wconf 86' lang='lat' dir='ltr'><strong><em>tionibus</em></strong></span> <span class='ocrx_word' id='word_1_621' title='bbox 2434 3511 2541 3568; x_wconf 88' lang='lat' dir='ltr'><strong><em>suis</em></strong></span> <span class='ocrx_word' id='word_1_622' title='bbox 2592 3521 2838 3568; x_wconf 73' lang='lat' dir='ltr'><strong><em>exornata</em></strong></span> <span class='ocrx_word' id='word_1_623' title='bbox 2890 3511 3157 3568; x_wconf 86' lang='lat' dir='ltr'><strong><em>dederunt.</em></strong></span> <span class='ocrx_word' id='word_1_624' title='bbox 3200 3511 3347 3568; x_wconf 77' lang='lat' dir='ltr'><strong><em>Inter</em></strong></span> <span class='ocrx_word' id='word_1_625' title='bbox 3394 3528 3520 3583; x_wconf 82' lang='lat' dir='ltr'><strong><em>quos</em></strong></span> <span class='ocrx_word' id='word_1_626' title='bbox 3573 3513 3769 3583; x_wconf 84' lang='lat' dir='ltr'><strong><em>primus</em></strong></span> 
     </span>
    </p>
   </div>
   <div class='ocr_carea' id='block_1_82' title="bbox 2178 3604 3775 3679">
    <p class='ocr_par' dir='ltr' id='par_1_82' title="bbox 2178 3604 3775 3679">
     <span class='ocr_line' id='line_1_82' title="bbox 2178 3604 3775 3679; baseline -0.001 -18"><span class='ocrx_word' id='word_1_627' title='bbox 2178 3605 2500 3672; x_wconf 70' lang='lat' dir='ltr'><strong><em>Runusuus,</em></strong></span> <span class='ocrx_word' id='word_1_628' title='bbox 2542 3605 2645 3679; x_wconf 89' lang='lat' dir='ltr'><strong><em>(cui</em></strong></span> <span class='ocrx_word' id='word_1_629' title='bbox 2687 3617 2736 3660; x_wconf 91' lang='lat' dir='ltr'><strong><em>et</em></strong></span> <span class='ocrx_word' id='word_1_630' title='bbox 2774 3608 2909 3661; x_wconf 89' lang='lat' dir='ltr'><strong><em>hunc</em></strong></span> <span class='ocrx_word' id='word_1_631' title='bbox 2929 3616 2976 3660; x_wconf 89' lang='lat' dir='ltr'><strong><em>et</em></strong></span> <span class='ocrx_word' id='word_1_632' title='bbox 3012 3606 3260 3677; x_wconf 80' lang='lat' dir='ltr'><strong><em>plurimos</em></strong></span> <span class='ocrx_word' id='word_1_633' title='bbox 3296 3606 3426 3661; x_wconf 85' lang='lat' dir='ltr'><strong><em>alios</em></strong></span> <span class='ocrx_word' id='word_1_634' title='bbox 3460 3605 3702 3661; x_wconf 79' lang='lat' dir='ltr'><strong><em>Auctores</em></strong></span> <span class='ocrx_word' id='word_1_635' title='bbox 3717 3604 3775 3659; x_wconf 89' lang='lat' dir='ltr'><strong><em>in</em></strong></span> 
     </span>
    </p>
   </div>
   <div class='ocr_carea' id='block_1_83' title="bbox 2181 3698 3775 3772">
    <p class='ocr_par' dir='ltr' id='par_1_83' title="bbox 2181 3698 3775 3772">
     <span class='ocr_line' id='line_1_83' title="bbox 2181 3698 3775 3772; baseline 0 -18"><span class='ocrx_word' id='word_1_636' title='bbox 2181 3698 2344 3755; x_wconf 80' lang='lat' dir='ltr'><strong><em>lucem</em></strong></span> <span class='ocrx_word' id='word_1_637' title='bbox 2369 3710 2651 3771; x_wconf 87' lang='lat' dir='ltr'><strong><em>protractos</em></strong></span> <span class='ocrx_word' id='word_1_638' title='bbox 2671 3711 2821 3772; x_wconf 86' lang='lat' dir='ltr'><strong><em>grata</em></strong></span> <span class='ocrx_word' id='word_1_639' title='bbox 2843 3700 2984 3756; x_wconf 85' lang='lat' dir='ltr'><strong><em>debet</em></strong></span> <span class='ocrx_word' id='word_1_640' title='bbox 3011 3700 3307 3772; x_wconf 83' lang='lat' dir='ltr'><strong><em>posteritas)</em></strong></span> <span class='ocrx_word' id='word_1_641' title='bbox 3331 3700 3405 3756; x_wconf 91' lang='lat' dir='ltr'><strong><em>bis</em></strong></span> <span class='ocrx_word' id='word_1_642' title='bbox 3425 3709 3560 3755; x_wconf 83' lang='lat' dir='ltr'><strong><em>terve</em></strong></span> <span class='ocrx_word' id='word_1_643' title='bbox 3584 3701 3775 3770; x_wconf 86' lang='lat' dir='ltr'><strong><em>repeti-</em></strong></span> 
     </span>
    </p>
   </div>
   <div class='ocr_carea' id='block_1_84' title="bbox 2179 3791 3770 3860">
    <p class='ocr_par' dir='ltr' id='par_1_84' title="bbox 2179 3791 3770 3860">
     <span class='ocr_line' id='line_1_84' title="bbox 2179 3791 3770 3860; baseline 0 -13"><span class='ocrx_word' id='word_1_644' title='bbox 2179 3794 2243 3848; x_wconf 89' lang='lat' dir='ltr'><strong><em>tis</em></strong></span> <span class='ocrx_word' id='word_1_645' title='bbox 2268 3794 2568 3848; x_wconf 86' lang='lat' dir='ltr'><strong><em>editionibns</em></strong></span> <span class='ocrx_word' id='word_1_646' title='bbox 2587 3833 2604 3860; x_wconf 93' lang='lat'><strong><em>,</em></strong></span> <span class='ocrx_word' id='word_1_647' title='bbox 2636 3793 2917 3851; x_wconf 64' lang='lat' dir='ltr'><strong><em>Gemmas</em></strong></span> <span class='ocrx_word' id='word_1_648' title='bbox 2940 3794 3333 3860; x_wconf 65' lang='lat' dir='ltr'><strong><em>BARBEUIQUB‘</em></strong></span> <span class='ocrx_word' id='word_1_649' title='bbox 3362 3791 3535 3848; x_wconf 87' lang='lat' dir='ltr'><strong><em>habuit</em></strong></span> <span class='ocrx_word' id='word_1_650' title='bbox 3566 3800 3770 3848; x_wconf 84' lang='lat' dir='ltr'><strong><em>secuto-</em></strong></span> 
     </span>
    </p>
   </div>
   <div class='ocr_carea' id='block_1_85' title="bbox 2174 3886 3778 3959">
    <p class='ocr_par' dir='ltr' id='par_1_85' title="bbox 2174 3886 3778 3959">
     <span class='ocr_line' id='line_1_85' title="bbox 2174 3886 3778 3959; baseline 0.001 -20"><span class='ocrx_word' id='word_1_651' title='bbox 2174 3901 2287 3951; x_wconf 85' lang='lat' dir='ltr'><strong><em>res,</em></strong></span> <span class='ocrx_word' id='word_1_652' title='bbox 2330 3886 2611 3943; x_wconf 70' lang='lat' dir='ltr'><strong><em>Psmwu</em></strong></span> <span class='ocrx_word' id='word_1_653' title='bbox 2637 3887 2821 3942; x_wconf 71' lang='lat' dir='ltr'><strong><em>dehinc</em></strong></span> <span class='ocrx_word' id='word_1_654' title='bbox 2856 3887 3189 3953; x_wconf 64' lang='lat' dir='ltr'><strong><em>inuiolatis,</em></strong></span> <span class='ocrx_word' id='word_1_655' title='bbox 3233 3897 3280 3942; x_wconf 86' lang='lat' dir='ltr'><strong><em>et</em></strong></span> <span class='ocrx_word' id='word_1_656' title='bbox 3303 3888 3519 3959; x_wconf 66' lang='lat' dir='ltr'><strong><em>egregia</em></strong></span> <span class='ocrx_word' id='word_1_657' title='bbox 3534 3886 3778 3941; x_wconf 66' lang='lat' dir='ltr'><strong><em>doctrina:</em></strong></span> 
     </span>
    </p>
   </div>
   <div class='ocr_carea' id='block_1_86' title="bbox 2178 3980 3776 4054">
    <p class='ocr_par' dir='ltr' id='par_1_86' title="bbox 2178 3980 3776 4054">
     <span class='ocr_line' id='line_1_86' title="bbox 2178 3980 3776 4054; baseline 0 -17"><span class='ocrx_word' id='word_1_658' title='bbox 2178 3980 2494 4038; x_wconf 72' lang='lat' dir='ltr'><strong><em>Lunowcuu</em></strong></span> <span class='ocrx_word' id='word_1_659' title='bbox 2518 3999 2585 4037; x_wconf 77' lang='lat' dir='ltr'><strong><em>ns</em></strong></span> <span class='ocrx_word' id='word_1_660' title='bbox 2617 3999 2681 4037; x_wconf 76' lang='lat' dir='ltr'><strong><em>LA</em></strong></span> <span class='ocrx_word' id='word_1_661' title='bbox 2713 3983 2918 4039; x_wconf 68' lang='lat' dir='ltr'><strong><em>Canos.</em></strong></span> <span class='ocrx_word' id='word_1_662' title='bbox 2970 3983 3095 4037; x_wconf 90' lang='lat' dir='ltr'><strong><em>Post</em></strong></span> <span class='ocrx_word' id='word_1_663' title='bbox 3129 3998 3254 4054; x_wconf 89' lang='lat' dir='ltr'><strong><em>quos</em></strong></span> <span class='ocrx_word' id='word_1_664' title='bbox 3273 4025 3290 4050; x_wconf 79' lang='lat'><strong><em>,</em></strong></span> <span class='ocrx_word' id='word_1_665' title='bbox 3320 3992 3377 4038; x_wconf 88' lang='lat' dir='ltr'><strong><em>ut</em></strong></span> <span class='ocrx_word' id='word_1_666' title='bbox 3419 3992 3467 4038; x_wconf 87' lang='lat' dir='ltr'><strong><em>et</em></strong></span> <span class='ocrx_word' id='word_1_667' title='bbox 3507 3983 3776 4054; x_wconf 88' lang='lat' dir='ltr'><strong><em>quemdam</em></strong></span> 
     </span>
    </p>
   </div>
   <div class='ocr_carea' id='block_1_87' title="bbox 2179 4071 3776 4148">
    <p class='ocr_par' dir='ltr' id='par_1_87' title="bbox 2179 4071 3776 4148">
     <span class='ocr_line' id='line_1_87' title="bbox 2179 4071 3776 4148; baseline -0.001 -18"><span class='ocrx_word' id='word_1_668' title='bbox 2179 4071 2460 4141; x_wconf 71' lang='lat' dir='ltr'><strong><em>Gnoncwu</em></strong></span> <span class='ocrx_word' id='word_1_669' title='bbox 2487 4073 2825 4140; x_wconf 73' lang='lat' dir='ltr'><strong><em>AIBINATEI,</em></strong></span> <span class='ocrx_word' id='word_1_670' title='bbox 2850 4075 2935 4147; x_wconf 87' lang='lat' dir='ltr'><strong><em>qui</em></strong></span> <span class='ocrx_word' id='word_1_671' title='bbox 2956 4076 3156 4148; x_wconf 83' lang='lat' dir='ltr'><strong><em>operosi</em></strong></span> <span class='ocrx_word' id='word_1_672' title='bbox 3181 4076 3261 4132; x_wconf 85' lang='lat' dir='ltr'><strong><em>sui</em></strong></span> <span class='ocrx_word' id='word_1_673' title='bbox 3290 4075 3603 4146; x_wconf 79' lang='lat' dir='ltr'><strong><em>Omniloquii</em></strong></span> <span class='ocrx_word' id='word_1_674' title='bbox 3620 4075 3776 4130; x_wconf 89' lang='lat' dir='ltr'><strong><em>trium</em></strong></span> 
     </span>
    </p>
   </div>
   <div class='ocr_carea' id='block_1_88' title="bbox 2178 4165 3769 4239">
    <p class='ocr_par' dir='ltr' id='par_1_88' title="bbox 2178 4165 3769 4239">
     <span class='ocr_line' id='line_1_88' title="bbox 2178 4165 3769 4239; baseline 0.001 -20"><span class='ocrx_word' id='word_1_675' title='bbox 2178 4165 2491 4220; x_wconf 87' lang='lat' dir='ltr'><strong><em>voluminum</em></strong></span> <span class='ocrx_word' id='word_1_676' title='bbox 2521 4166 2665 4220; x_wconf 88' lang='lat' dir='ltr'><strong><em>hiatu</em></strong></span> <span class='ocrx_word' id='word_1_677' title='bbox 2699 4167 2831 4221; x_wconf 87' lang='lat' dir='ltr'><strong><em>nihil</em></strong></span> <span class='ocrx_word' id='word_1_678' title='bbox 2860 4167 3075 4239; x_wconf 88' lang='lat' dir='ltr'><strong><em>dignum</em></strong></span> <span class='ocrx_word' id='word_1_679' title='bbox 3111 4168 3380 4238; x_wconf 66' lang='lat' dir='ltr'><strong><em>priestitit,</em></strong></span> <span class='ocrx_word' id='word_1_680' title='bbox 3427 4175 3627 4221; x_wconf 89' lang='lat' dir='ltr'><strong><em>tantum</em></strong></span> <span class='ocrx_word' id='word_1_681' title='bbox 3665 4184 3769 4222; x_wconf 88' lang='lat' dir='ltr'><strong><em>non</em></strong></span> 
     </span>
    </p>
   </div>
   <div class='ocr_carea' id='block_1_89' title="bbox 2179 4258 3809 4321">
    <p class='ocr_par' dir='ltr' id='par_1_89' title="bbox 2179 4258 3809 4321">
     <span class='ocr_line' id='line_1_89' title="bbox 2179 4258 3809 4321; baseline 0.003 -11"><span class='ocrx_word' id='word_1_682' title='bbox 2179 4272 2243 4310; x_wconf 77' lang='lat' dir='ltr'><strong><em>ea:</em></strong></span> <span class='ocrx_word' id='word_1_683' title='bbox 2265 4259 2477 4313; x_wconf 87' lang='lat' dir='ltr'><strong><em>mortuis</em></strong></span> <span class='ocrx_word' id='word_1_684' title='bbox 2519 4258 2798 4314; x_wconf 77' lang='lat' dir='ltr'><strong><em>redivivum</em></strong></span> <span class='ocrx_word' id='word_1_685' title='bbox 2826 4260 3039 4315; x_wconf 73' lang='lat' dir='ltr'><strong><em>retmxit</em></strong></span> <span class='ocrx_word' id='word_1_686' title='bbox 3076 4269 3212 4314; x_wconf 75' lang='lat' dir='ltr'><strong><em>nota:</em></strong></span> <span class='ocrx_word' id='word_1_687' title='bbox 3238 4259 3486 4314; x_wconf 67' lang='lat' dir='ltr'><strong><em>doctrinm</em></strong></span> <span class='ocrx_word' id='word_1_688' title='bbox 3513 4261 3588 4313; x_wconf 89' lang='lat' dir='ltr'><strong><em>vir</em></strong></span> <span class='ocrx_word' id='word_1_689' title='bbox 3615 4258 3779 4315; x_wconf 77' lang='lat' dir='ltr'><strong><em>Nico-</em></strong></span> <span class='ocrx_word' id='word_1_690' title='bbox 3806 4318 3809 4321; x_wconf 95' lang='lat'><em>_</em></span> 
     </span>
    </p>
   </div>
   <div class='ocr_carea' id='block_1_90' title="bbox 2181 4350 3778 4423">
    <p class='ocr_par' dir='ltr' id='par_1_90' title="bbox 2181 4350 3778 4423">
     <span class='ocr_line' id='line_1_90' title="bbox 2181 4350 3778 4423; baseline 0.003 -20"><span class='ocrx_word' id='word_1_691' title='bbox 2181 4363 2314 4405; x_wconf 77' lang='lat' dir='ltr'><strong><em>LAUS</em></strong></span> <span class='ocrx_word' id='word_1_692' title='bbox 2341 4350 2646 4406; x_wconf 79' lang='lat' dir='ltr'><strong><em>RIGALTIUS.</em></strong></span> <span class='ocrx_word' id='word_1_693' title='bbox 2690 4351 2849 4423; x_wconf 85' lang='lat' dir='ltr'><strong><em>Cujus</em></strong></span> <span class='ocrx_word' id='word_1_694' title='bbox 2880 4351 3121 4406; x_wconf 90' lang='lat' dir='ltr'><strong><em>editiones</em></strong></span> <span class='ocrx_word' id='word_1_695' title='bbox 3151 4352 3430 4420; x_wconf 79' lang='lat' dir='ltr'><strong><em>swpissime</em></strong></span> <span class='ocrx_word' id='word_1_696' title='bbox 3460 4350 3778 4407; x_wconf 82' lang='lat' dir='ltr'><strong><em>Parisienses</em></strong></span> 
     </span>
    </p>
   </div>
   <div class='ocr_carea' id='block_1_91' title="bbox 2180 4440 3779 4514">
    <p class='ocr_par' dir='ltr' id='par_1_91' title="bbox 2180 4440 3779 4514">
     <span class='ocr_line' id='line_1_91' title="bbox 2180 4440 3779 4514; baseline 0 -17"><span class='ocrx_word' id='word_1_697' title='bbox 2180 4440 2274 4509; x_wconf 83' lang='lat' dir='ltr'><strong><em>sub</em></strong></span> <span class='ocrx_word' id='word_1_698' title='bbox 2299 4442 2515 4514; x_wconf 73' lang='lat' dir='ltr'><strong><em>praelum</em></strong></span> <span class='ocrx_word' id='word_1_699' title='bbox 2539 4453 2841 4498; x_wconf 88' lang='lat' dir='ltr'><strong><em>revocarunt</em></strong></span> <span class='ocrx_word' id='word_1_700' title='bbox 2861 4484 2874 4509; x_wconf 89' lang='lat'><strong><em>,</em></strong></span> <span class='ocrx_word' id='word_1_701' title='bbox 2909 4442 3143 4498; x_wconf 71' lang='grc' dir='ltr'><strong>Ριιιιιρρι</strong></span> <span class='ocrx_word' id='word_1_702' title='bbox 3170 4443 3378 4499; x_wconf 81' lang='grc' dir='ltr'><strong>Ριιιοιιιι</strong></span> <span class='ocrx_word' id='word_1_703' title='bbox 3407 4442 3667 4513; x_wconf 88' lang='lat' dir='ltr'><strong><em>auspiciis,</em></strong></span> <span class='ocrx_word' id='word_1_704' title='bbox 3690 4443 3779 4497; x_wconf 88' lang='lat' dir='ltr'><strong><em>sed</em></strong></span> 
     </span>
    </p>
   </div>
   <div class='ocr_carea' id='block_1_92' title="bbox 485 4529 2080 4615">
    <p class='ocr_par' dir='ltr' id='par_1_92' title="bbox 485 4529 2077 4608">
     <span class='ocr_line' id='line_1_92' title="bbox 485 4529 2077 4608; baseline 0.009 -27"><span class='ocrx_word' id='word_1_705' title='bbox 485 4529 580 4581; x_wconf 70' lang='lat' dir='ltr'><strong><em>mis-</em></strong></span> <span class='ocrx_word' id='word_1_706' title='bbox 609 4529 951 4599; x_wconf 80' lang='lat' dir='ltr'><strong><em>Scaligeranis</em></strong></span> <span class='ocrx_word' id='word_1_707' title='bbox 988 4548 1110 4604; x_wconf 90' lang='lat' dir='ltr'><strong><em>pag.</em></strong></span> <span class='ocrx_word' id='word_1_708' title='bbox 1141 4532 1232 4589; x_wconf 88' lang='lat'><strong><em>96.</em></strong></span> <span class='ocrx_word' id='word_1_709' title='bbox 1279 4552 1298 4584; x_wconf 76' lang='grc' dir='ltr'><strong><em>ι</em></strong></span> <span class='ocrx_word' id='word_1_710' title='bbox 1333 4531 1744 4594; x_wconf 72' lang='lat' dir='ltr'><strong><em>TeanLusnus</em></strong></span> <span class='ocrx_word' id='word_1_711' title='bbox 1781 4553 1980 4608; x_wconf 83' lang='lat' dir='ltr'><strong><em>semper</em></strong></span> <span class='ocrx_word' id='word_1_712' title='bbox 2023 4540 2077 4596; x_wconf 90' lang='lat' dir='ltr'><strong><em>in</em></strong></span> 
     </span>
    </p>
   </div>
   <div class='ocr_carea' id='block_1_93' title="bbox 2180 4529 3779 4615">
    <p class='ocr_par' dir='ltr' id='par_1_93' title="bbox 2180 4533 3779 4606">
     <span class='ocr_line' id='line_1_93' title="bbox 2180 4533 3779 4606; baseline 0.001 -18"><span class='ocrx_word' id='word_1_713' title='bbox 2180 4535 2341 4603; x_wconf 87' lang='lat' dir='ltr'><strong><em>ipsius</em></strong></span> <span class='ocrx_word' id='word_1_714' title='bbox 2374 4533 2591 4605; x_wconf 83' lang='lat' dir='ltr'><strong><em>Rigaltii</em></strong></span> <span class='ocrx_word' id='word_1_715' title='bbox 2616 4536 2987 4606; x_wconf 87' lang='lat' dir='ltr'><strong><em>inquinatiores</em></strong></span> <span class='ocrx_word' id='word_1_716' title='bbox 3016 4535 3177 4590; x_wconf 89' lang='lat' dir='ltr'><strong><em>multo</em></strong></span> <span class='ocrx_word' id='word_1_717' title='bbox 3197 4577 3213 4601; x_wconf 91' lang='lat'><strong><em>,</em></strong></span> <span class='ocrx_word' id='word_1_718' title='bbox 3242 4546 3298 4589; x_wconf 89' lang='lat' dir='ltr'><strong><em>ut</em></strong></span> <span class='ocrx_word' id='word_1_719' title='bbox 3325 4535 3512 4606; x_wconf 64' lang='lat' dir='ltr'><strong><em>saepius</em></strong></span> <span class='ocrx_word' id='word_1_720' title='bbox 3541 4552 3571 4588; x_wconf 90' lang='lat' dir='ltr'><strong><em>a</em></strong></span> <span class='ocrx_word' id='word_1_721' title='bbox 3616 4533 3779 4589; x_wconf 86' lang='lat' dir='ltr'><strong><em>Nobis</em></strong></span> 
     </span>
    </p>
   </div>
   <div class='ocr_carea' id='block_1_94' title="bbox 493 4621 3780 4702">
    <p class='ocr_par' dir='ltr' id='par_1_94' title="bbox 493 4621 3780 4702">
     <span class='ocr_line' id='line_1_94' title="bbox 493 4621 3780 4702; baseline 0.001 -23"><span class='ocrx_word' id='word_1_722' title='bbox 493 4639 512 4673; x_wconf 71' lang='grc' dir='ltr'><strong><em>ι</em></strong></span> <span class='ocrx_word' id='word_1_723' title='bbox 548 4621 782 4678; x_wconf 85' lang='lat' dir='ltr'><strong><em>manibus</em></strong></span> <span class='ocrx_word' id='word_1_724' title='bbox 829 4624 1088 4681; x_wconf 88' lang='lat' dir='ltr'><strong><em>habendus</em></strong></span> <span class='ocrx_word' id='word_1_725' title='bbox 1143 4636 1473 4698; x_wconf 80' lang='lat' dir='ltr'><strong><em>accurateque</em></strong></span> <span class='ocrx_word' id='word_1_726' title='bbox 1520 4628 1766 4702; x_wconf 68' lang='lat' dir='ltr'><strong><em>legendus</em></strong></span> <span class='ocrx_word' id='word_1_727' title='bbox 1805 4639 1921 4701; x_wconf 74' lang='lat' dir='ltr'><strong><em>est,</em></strong></span> <span class='ocrx_word' id='word_1_728' title='bbox 1968 4642 2078 4690; x_wconf 67' lang='lat' dir='ltr'><strong><em>tum</em></strong></span> <span class='ocrx_word' id='word_1_729' title='bbox 2178 4628 2237 4682; x_wconf 90' lang='lat' dir='ltr'><strong><em>in</em></strong></span> <span class='ocrx_word' id='word_1_730' title='bbox 2260 4628 2477 4683; x_wconf 73' lang='lat' dir='ltr'><strong><em>Isaeum</em></strong></span> <span class='ocrx_word' id='word_1_731' title='bbox 2501 4627 2673 4684; x_wconf 86' lang='lat' dir='ltr'><strong><em>libello</em></strong></span> <span class='ocrx_word' id='word_1_732' title='bbox 2710 4637 2785 4683; x_wconf 89' lang='lat' dir='ltr'><strong><em>est</em></strong></span> <span class='ocrx_word' id='word_1_733' title='bbox 2811 4639 3087 4684; x_wconf 87' lang='lat' dir='ltr'><strong><em>ostensum.</em></strong></span> <span class='ocrx_word' id='word_1_734' title='bbox 3121 4625 3221 4682; x_wconf 87' lang='lat' dir='ltr'><strong><em>Per</em></strong></span> <span class='ocrx_word' id='word_1_735' title='bbox 3243 4637 3413 4697; x_wconf 88' lang='lat' dir='ltr'><strong><em>partes</em></strong></span> <span class='ocrx_word' id='word_1_736' title='bbox 3442 4644 3560 4683; x_wconf 86' lang='lat' dir='ltr'><strong><em>vero</em></strong></span> <span class='ocrx_word' id='word_1_737' title='bbox 3582 4628 3780 4681; x_wconf 90' lang='lat' dir='ltr'><strong><em>iverunt</em></strong></span> 
     </span>
    </p>
   </div>
   <div class='ocr_carea' id='block_1_95' title="bbox 493 4713 3782 4795">
    <p class='ocr_par' dir='ltr' id='par_1_95' title="bbox 493 4713 3782 4795">
     <span class='ocr_line' id='line_1_95' title="bbox 493 4713 3782 4795; baseline 0.003 -30"><span class='ocrx_word' id='word_1_738' title='bbox 493 4731 512 4765; x_wconf 76' lang='grc' dir='ltr'><strong><em>ι</em></strong></span> <span class='ocrx_word' id='word_1_739' title='bbox 548 4726 752 4785; x_wconf 86' lang='lat' dir='ltr'><strong><em>propter</em></strong></span> <span class='ocrx_word' id='word_1_740' title='bbox 780 4714 995 4789; x_wconf 74' lang='lat' dir='ltr'><strong><em>Lingua:</em></strong></span> <span class='ocrx_word' id='word_1_741' title='bbox 1015 4718 1265 4773; x_wconf 76' lang='lat' dir='ltr'><strong><em>Romana:</em></strong></span> <span class='ocrx_word' id='word_1_742' title='bbox 1295 4714 1655 4791; x_wconf 84' lang='lat' dir='ltr'><strong><em>proprietatem</em></strong></span> <span class='ocrx_word' id='word_1_743' title='bbox 1678 4764 1694 4791; x_wconf 92' lang='lat'><strong><em>,</em></strong></span> <span class='ocrx_word' id='word_1_744' title='bbox 1735 4731 1840 4778; x_wconf 90' lang='lat' dir='ltr'><strong><em>tum</em></strong></span> <span class='ocrx_word' id='word_1_745' title='bbox 1873 4734 2078 4795; x_wconf 88' lang='lat' dir='ltr'><strong><em>propter</em></strong></span> <span class='ocrx_word' id='word_1_746' title='bbox 2180 4719 2394 4789; x_wconf 85' lang='lat' dir='ltr'><strong><em>reliqui,</em></strong></span> <span class='ocrx_word' id='word_1_747' title='bbox 2423 4720 2500 4775; x_wconf 90' lang='lat' dir='ltr'><strong><em>vel</em></strong></span> <span class='ocrx_word' id='word_1_748' title='bbox 2526 4713 2925 4775; x_wconf 85' lang='lat' dir='ltr'><strong><em>Emendatianes</em></strong></span> <span class='ocrx_word' id='word_1_749' title='bbox 2947 4718 3269 4787; x_wconf 85' lang='lat' dir='ltr'><strong><em>Notulasque</em></strong></span> <span class='ocrx_word' id='word_1_750' title='bbox 3318 4719 3380 4772; x_wconf 92' lang='lat' dir='ltr'><strong><em>ab</em></strong></span> <span class='ocrx_word' id='word_1_751' title='bbox 3406 4719 3642 4774; x_wconf 80' lang='lat' dir='ltr'><strong><em>Auctoris</em></strong></span> <span class='ocrx_word' id='word_1_752' title='bbox 3667 4736 3782 4788; x_wconf 88' lang='lat' dir='ltr'><strong><em>ope-</em></strong></span> 
     </span>
    </p>
   </div>
   <div class='ocr_carea' id='block_1_96' title="bbox 494 4797 2078 4892">
    <p class='ocr_par' dir='ltr' id='par_1_96' title="bbox 494 4797 2078 4892">
     <span class='ocr_line' id='line_1_96' title="bbox 494 4797 2078 4892; baseline 0.009 -33"><span class='ocrx_word' id='word_1_753' title='bbox 494 4824 514 4859; x_wconf 74' lang='lat' dir='ltr'><strong><em>s</em></strong></span> <span class='ocrx_word' id='word_1_754' title='bbox 550 4797 939 4880; x_wconf 81' lang='lat' dir='ltr'><strong><em>disciplinarum</em></strong></span> <span class='ocrx_word' id='word_1_755' title='bbox 984 4828 1046 4866; x_wconf 90' lang='lat' dir='ltr'><strong><em>ac</em></strong></span> <span class='ocrx_word' id='word_1_756' title='bbox 1071 4812 1357 4868; x_wconf 88' lang='lat' dir='ltr'><strong><em>litterarum</em></strong></span> <span class='ocrx_word' id='word_1_757' title='bbox 1404 4816 1629 4872; x_wconf 87' lang='lat' dir='ltr'><strong><em>omnium</em></strong></span> <span class='ocrx_word' id='word_1_758' title='bbox 1697 4818 2033 4892; x_wconf 80' lang='lat' dir='ltr'><strong><em>cognitionem</em></strong></span> <span class='ocrx_word' id='word_1_759' title='bbox 2054 4838 2078 4888; x_wconf 91' lang='lat'><strong><em>;</em></strong></span> 
     </span>
    </p>
   </div>
   <div class='ocr_carea' id='block_1_97' title="bbox 428 4897 2104 4981">
    <p class='ocr_par' dir='ltr' id='par_1_97' title="bbox 428 4897 2104 4981">
     <span class='ocr_line' id='line_1_97' title="bbox 428 4897 2104 4981; baseline 0.01 -31"><span class='ocrx_word' id='word_1_760' title='bbox 428 4908 434 4913; x_wconf 83' lang='lat'><strong><em>‘</em></strong></span> <span class='ocrx_word' id='word_1_761' title='bbox 493 4915 512 4950; x_wconf 72' lang='grc' dir='ltr'><strong><em>ι</em></strong></span> <span class='ocrx_word' id='word_1_762' title='bbox 551 4897 675 4953; x_wconf 86' lang='lat' dir='ltr'><strong><em>Fuit</em></strong></span> <span class='ocrx_word' id='word_1_763' title='bbox 719 4901 855 4955; x_wconf 89' lang='lat' dir='ltr'><strong><em>enim</em></strong></span> <span class='ocrx_word' id='word_1_764' title='bbox 896 4902 1072 4958; x_wconf 86' lang='lat' dir='ltr'><strong><em>doctor</em></strong></span> <span class='ocrx_word' id='word_1_765' title='bbox 1112 4904 1392 4960; x_wconf 82' lang='lat' dir='ltr'><strong><em>omniscius</em></strong></span> <span class='ocrx_word' id='word_1_766' title='bbox 1424 4916 1481 4970; x_wconf 72' lang='grc' dir='ltr'><strong><em>,ει</em></strong></span> <span class='ocrx_word' id='word_1_767' title='bbox 1525 4917 1777 4978; x_wconf 78' lang='lat' dir='ltr'><strong><em>argutus,</em></strong></span> <span class='ocrx_word' id='word_1_768' title='bbox 1808 4911 1896 4981; x_wconf 82' lang='lat' dir='ltr'><strong><em>qui</em></strong></span> <span class='ocrx_word' id='word_1_769' title='bbox 1921 4908 2104 4967; x_wconf 67' lang='lat' dir='ltr'><strong><em>illatis‘</em></strong></span> 
     </span>
    </p>
   </div>
   <div class='ocr_carea' id='block_1_98' title="bbox 495 4994 2075 5077">
    <p class='ocr_par' dir='ltr' id='par_1_98' title="bbox 495 4994 2075 5077">
     <span class='ocr_line' id='line_1_98' title="bbox 495 4994 2075 5077; baseline 0.011 -33"><span class='ocrx_word' id='word_1_770' title='bbox 495 5010 514 5044; x_wconf 83' lang='lat' dir='ltr'><strong><em>s</em></strong></span> <span class='ocrx_word' id='word_1_771' title='bbox 532 4994 784 5067; x_wconf 46' lang='lat' dir='ltr'><strong><em>,manibus</em></strong></span> <span class='ocrx_word' id='word_1_772' title='bbox 814 4996 1108 5052; x_wconf 87' lang='lat' dir='ltr'><strong><em>tractandus</em></strong></span> <span class='ocrx_word' id='word_1_773' title='bbox 1154 5014 1256 5052; x_wconf 90' lang='lat' dir='ltr'><strong><em>non</em></strong></span> <span class='ocrx_word' id='word_1_774' title='bbox 1284 5007 1356 5053; x_wconf 89' lang='lat' dir='ltr'><strong><em>est</em></strong></span> <span class='ocrx_word' id='word_1_775' title='bbox 1386 5041 1401 5066; x_wconf 92' lang='lat'><strong><em>,</em></strong></span> <span class='ocrx_word' id='word_1_776' title='bbox 1452 5017 1542 5055; x_wconf 87' lang='lat' dir='ltr'><strong><em>nec</em></strong></span> <span class='ocrx_word' id='word_1_777' title='bbox 1588 5001 1750 5057; x_wconf 89' lang='lat' dir='ltr'><strong><em>obiter</em></strong></span> <span class='ocrx_word' id='word_1_778' title='bbox 1788 5002 2031 5077; x_wconf 82' lang='lat' dir='ltr'><strong><em>legendus</em></strong></span> <span class='ocrx_word' id='word_1_779' title='bbox 2059 5045 2075 5071; x_wconf 91' lang='lat'><strong><em>,</em></strong></span> 
     </span>
    </p>
   </div>
   <div class='ocr_carea' id='block_1_99' title="bbox 494 5085 2083 5155">
    <p class='ocr_par' dir='ltr' id='par_1_99' title="bbox 494 5085 2083 5155">
     <span class='ocr_line' id='line_1_99' title="bbox 494 5085 2083 5155; baseline 0.009 -18"><span class='ocrx_word' id='word_1_780' title='bbox 494 5102 513 5136; x_wconf 75' lang='grc' dir='ltr'><strong><em>ι</em></strong></span> <span class='ocrx_word' id='word_1_781' title='bbox 550 5085 729 5155; x_wconf 89' lang='lat' dir='ltr'><strong><em>ubique</em></strong></span> <span class='ocrx_word' id='word_1_782' title='bbox 755 5088 888 5141; x_wconf 90' lang='lat' dir='ltr'><strong><em>enim</em></strong></span> <span class='ocrx_word' id='word_1_783' title='bbox 935 5087 1218 5144; x_wconf 81' lang='lat' dir='ltr'><strong><em>remoratur</em></strong></span> <span class='ocrx_word' id='word_1_784' title='bbox 1237 5090 1486 5145; x_wconf 89' lang='lat' dir='ltr'><strong><em>lectorem.</em></strong></span> <span class='ocrx_word' id='word_1_785' title='bbox 1520 5092 1927 5151; x_wconf 74' lang='lat' dir='ltr'><strong><em>TERTULLIANUS</em></strong></span> <span class='ocrx_word' id='word_1_786' title='bbox 1949 5106 2083 5153; x_wconf 89' lang='lat' dir='ltr'><strong><em>certe</em></strong></span> 
     </span>
    </p>
   </div>
   <div class='ocr_carea' id='block_1_100' title="bbox 488 5178 2082 5249">
    <p class='ocr_par' dir='ltr' id='par_1_100' title="bbox 488 5178 2082 5249">
     <span class='ocr_line' id='line_1_100' title="bbox 488 5178 2082 5249; baseline 0.011 -17"><span class='ocrx_word' id='word_1_787' title='bbox 488 5178 938 5237; x_wconf 67' lang='lat' dir='ltr'><strong><em>excellentissimus</em></strong></span> <span class='ocrx_word' id='word_1_788' title='bbox 967 5193 1142 5237; x_wconf 83' lang='lat' dir='ltr'><strong><em>auctor</em></strong></span> <span class='ocrx_word' id='word_1_789' title='bbox 1169 5192 1241 5238; x_wconf 90' lang='lat' dir='ltr'><strong><em>est</em></strong></span> <span class='ocrx_word' id='word_1_790' title='bbox 1281 5183 1333 5237; x_wconf 89' lang='lat' dir='ltr'><strong><em>in</em></strong></span> <span class='ocrx_word' id='word_1_791' title='bbox 1353 5185 1607 5243; x_wconf 83' lang='lat' dir='ltr'><strong><em>omnibus.</em></strong></span> <span class='ocrx_word' id='word_1_792' title='bbox 1644 5205 1663 5239; x_wconf 77' lang='grc' dir='ltr'><strong><em>ι</em></strong></span> <span class='ocrx_word' id='word_1_793' title='bbox 1690 5186 1909 5245; x_wconf 68' lang='lat' dir='ltr'><strong><em>Exstant</em></strong></span> <span class='ocrx_word' id='word_1_794' title='bbox 1929 5193 2082 5249; x_wconf 80' lang='lat' dir='ltr'><strong><em>etiam</em></strong></span> 
     </span>
    </p>
   </div>
   <div class='ocr_carea' id='block_1_101' title="bbox 488 5262 2075 5354">
    <p class='ocr_par' dir='ltr' id='par_1_101' title="bbox 488 5262 2075 5354">
     <span class='ocr_line' id='line_1_101' title="bbox 488 5262 2075 5354; baseline 0.01 -30"><span class='ocrx_word' id='word_1_795' title='bbox 488 5269 768 5327; x_wconf 78' lang='lat' dir='ltr'><strong><em>doctissimi</em></strong></span> <span class='ocrx_word' id='word_1_796' title='bbox 786 5282 832 5327; x_wconf 89' lang='lat' dir='ltr'><strong><em>et</em></strong></span> <span class='ocrx_word' id='word_1_797' title='bbox 854 5275 1223 5330; x_wconf 82' lang='lat' dir='ltr'><strong><em>accuratissimi</em></strong></span> <span class='ocrx_word' id='word_1_798' title='bbox 1247 5274 1411 5347; x_wconf 86' lang='lat' dir='ltr'><strong><em>Lipsii</em></strong></span> <span class='ocrx_word' id='word_1_799' title='bbox 1436 5275 1637 5347; x_wconf 67' lang='lat' dir='ltr'><strong><em>litteris,</em></strong></span> <span class='ocrx_word' id='word_1_800' title='bbox 1662 5280 1752 5336; x_wconf 84' lang='lat' dir='ltr'><strong><em>lib&#39;.</em></strong></span> <span class='ocrx_word' id='word_1_801' title='bbox 1777 5262 1851 5337; x_wconf 81' lang='grc' dir='ltr'><strong><em>ιν.</em></strong></span> <span class='ocrx_word' id='word_1_802' title='bbox 1871 5282 1971 5354; x_wconf 76' lang='lat' dir='ltr'><strong><em>Ep.</em></strong></span> <span class='ocrx_word' id='word_1_803' title='bbox 1996 5300 2075 5342; x_wconf 78' lang='lat' dir='ltr'><strong><em>sx.</em></strong></span> 
     </span>
    </p>
   </div>
   <div class='ocr_carea' id='block_1_102' title="bbox 487 5369 2077 5450">
    <p class='ocr_par' dir='ltr' id='par_1_102' title="bbox 487 5369 2077 5450">
     <span class='ocr_line' id='line_1_102' title="bbox 487 5369 2077 5450; baseline 0.008 -25"><span class='ocrx_word' id='word_1_804' title='bbox 487 5370 558 5425; x_wconf 90' lang='lat' dir='ltr'><strong><em>ad</em></strong></span> <span class='ocrx_word' id='word_1_805' title='bbox 590 5369 850 5427; x_wconf 68' lang='lat' dir='ltr'><strong><em>Iacobum</em></strong></span> <span class='ocrx_word' id='word_1_806' title='bbox 892 5369 1217 5439; x_wconf 69' lang='lat' dir='ltr'><strong><em>Panaetium,</em></strong></span> <span class='ocrx_word' id='word_1_807' title='bbox 1241 5373 1299 5428; x_wconf 87' lang='lat' dir='ltr'><strong><em>in</em></strong></span> <span class='ocrx_word' id='word_1_808' title='bbox 1328 5375 1466 5430; x_wconf 78' lang='lat' dir='ltr'><strong><em>hunc</em></strong></span> <span class='ocrx_word' id='word_1_809' title='bbox 1494 5392 1716 5432; x_wconf 70' lang='lat' dir='ltr'><strong><em>seruans.</em></strong></span> <span class='ocrx_word' id='word_1_810' title='bbox 1746 5397 1769 5430; x_wconf 71' lang='grc' dir='ltr'><strong><em>ι</em></strong></span> <span class='ocrx_word' id='word_1_811' title='bbox 1803 5377 1968 5435; x_wconf 79' lang='lat' dir='ltr'><strong><em>Audio</em></strong></span> <span class='ocrx_word' id='word_1_812' title='bbox 1992 5390 2077 5450; x_wconf 86' lang='lat' dir='ltr'><strong><em>te,</em></strong></span> 
     </span>
    </p>
   </div>
   <div class='ocr_carea' id='block_1_103' title="bbox 494 5463 2078 5533">
    <p class='ocr_par' dir='ltr' id='par_1_103' title="bbox 494 5463 2078 5533">
     <span class='ocr_line' id='line_1_103' title="bbox 494 5463 2078 5533; baseline 0.01 -18"><span class='ocrx_word' id='word_1_813' title='bbox 494 5481 514 5515; x_wconf 74' lang='grc' dir='ltr'><strong><em>ι</em></strong></span> <span class='ocrx_word' id='word_1_814' title='bbox 552 5464 834 5521; x_wconf 86' lang='lat' dir='ltr'><strong><em>clarissime</em></strong></span> <span class='ocrx_word' id='word_1_815' title='bbox 858 5463 1095 5533; x_wconf 84' lang='lat' dir='ltr'><strong><em>Pameli,</em></strong></span> <span class='ocrx_word' id='word_1_816' title='bbox 1127 5464 1181 5519; x_wconf 89' lang='lat' dir='ltr'><strong><em>in</em></strong></span> <span class='ocrx_word' id='word_1_817' title='bbox 1205 5466 1519 5522; x_wconf 78' lang='lat' dir='ltr'><strong><em>emendando</em></strong></span> <span class='ocrx_word' id='word_1_818' title='bbox 1548 5467 1928 5529; x_wconf 66' lang='lat' dir='ltr'><strong><em>Turonumo</em></strong></span> <span class='ocrx_word' id='word_1_819' title='bbox 1946 5488 2078 5530; x_wconf 81' lang='lat' dir='ltr'><strong><em>esse.</em></strong></span> 
     </span>
    </p>
   </div>
   <div class='ocr_carea' id='block_1_104' title="bbox 496 5556 2082 5638">
    <p class='ocr_par' dir='ltr' id='par_1_104' title="bbox 496 5556 2082 5638">
     <span class='ocr_line' id='line_1_104' title="bbox 496 5556 2082 5638; baseline 0.007 -29"><span class='ocrx_word' id='word_1_820' title='bbox 496 5574 515 5609; x_wconf 82' lang='lat' dir='ltr'><strong><em>s</em></strong></span> <span class='ocrx_word' id='word_1_821' title='bbox 554 5556 729 5629; x_wconf 51' lang='grc' dir='ltr'><strong><em>Μαθου-</em></strong></span> <span class='ocrx_word' id='word_1_822' title='bbox 749 5599 766 5626; x_wconf 90' lang='grc'><strong><em>,</em></strong></span> <span class='ocrx_word' id='word_1_823' title='bbox 808 5572 880 5611; x_wconf 84' lang='lat' dir='ltr'><strong><em>an</em></strong></span> <span class='ocrx_word' id='word_1_824' title='bbox 903 5557 1083 5612; x_wconf 78' lang='lat' dir='ltr'><strong><em>utilior</em></strong></span> <span class='ocrx_word' id='word_1_825' title='bbox 1106 5572 1139 5611; x_wconf 80' lang='grc' dir='ltr'><em>α</em></span> <span class='ocrx_word' id='word_1_826' title='bbox 1160 5565 1210 5611; x_wconf 82' lang='lat' dir='ltr'><strong><em>te</em></strong></span> <span class='ocrx_word' id='word_1_827' title='bbox 1244 5572 1325 5612; x_wconf 81' lang='lat' dir='ltr'><strong><em>res</em></strong></span> <span class='ocrx_word' id='word_1_828' title='bbox 1347 5570 1582 5632; x_wconf 59' lang='lat' dir='ltr'><strong><em>«ncepta</em></strong></span> <span class='ocrx_word' id='word_1_829' title='bbox 1603 5603 1618 5627; x_wconf 91' lang='lat'><strong><em>,</em></strong></span> <span class='ocrx_word' id='word_1_830' title='bbox 1651 5564 1840 5620; x_wconf 78' lang='lat' dir='ltr'><strong><em>nescio.</em></strong></span> <span class='ocrx_word' id='word_1_831' title='bbox 1882 5564 2082 5638; x_wconf 84' lang='lat' dir='ltr'><strong><em>Scrip-</em></strong></span> 
     </span>
    </p>
   </div>
   <div class='ocr_carea' id='block_1_105' title="bbox 496 5651 2082 5732">
    <p class='ocr_par' dir='ltr' id='par_1_105' title="bbox 496 5651 2082 5732">
     <span class='ocr_line' id='line_1_105' title="bbox 496 5651 2082 5732; baseline 0.008 -28"><span class='ocrx_word' id='word_1_832' title='bbox 496 5668 516 5703; x_wconf 76' lang='grc' dir='ltr'><strong><em>ι</em></strong></span> <span class='ocrx_word' id='word_1_833' title='bbox 542 5660 707 5706; x_wconf 70' lang='lat' dir='ltr'><strong><em>torem</em></strong></span> <span class='ocrx_word' id='word_1_834' title='bbox 716 5651 933 5723; x_wconf 71' lang='lat' dir='ltr'><strong><em>plenum</em></strong></span> <span class='ocrx_word' id='word_1_835' title='bbox 952 5651 1244 5721; x_wconf 71' lang='lat' dir='ltr'><strong><em>antiqucet</em></strong></span> <span class='ocrx_word' id='word_1_836' title='bbox 1262 5654 1541 5711; x_wconf 71' lang='lat' dir='ltr'><strong><em>recondita</em></strong></span> <span class='ocrx_word' id='word_1_837' title='bbox 1558 5655 1808 5713; x_wconf 71' lang='lat' dir='ltr'><strong><em>doctrina:</em></strong></span> <span class='ocrx_word' id='word_1_838' title='bbox 1830 5660 2082 5732; x_wconf 84' lang='lat' dir='ltr'><strong><em>corrigere</em></strong></span> 
     </span>
    </p>
   </div>
   <div class='ocr_carea' id='block_1_106' title="bbox 498 5744 2079 5816">
    <p class='ocr_par' dir='ltr' id='par_1_106' title="bbox 498 5744 2079 5816">
     <span class='ocr_line' id='line_1_106' title="bbox 498 5744 2079 5816; baseline 0.01 -20"><span class='ocrx_word' id='word_1_839' title='bbox 498 5761 517 5795; x_wconf 81' lang='grc' dir='ltr'><strong><em>ι</em></strong></span> <span class='ocrx_word' id='word_1_840' title='bbox 552 5745 793 5812; x_wconf 82' lang='lat' dir='ltr'><strong><em>arduum;</em></strong></span> <span class='ocrx_word' id='word_1_841' title='bbox 816 5744 1049 5801; x_wconf 77' lang='lat' dir='ltr'><strong><em>euntdein</em></strong></span> <span class='ocrx_word' id='word_1_842' title='bbox 1080 5756 1362 5802; x_wconf 74' lang='lat' dir='ltr'><strong><em>correctum</em></strong></span> <span class='ocrx_word' id='word_1_843' title='bbox 1397 5748 1536 5816; x_wconf 79' lang='lat' dir='ltr'><strong><em>dari,</em></strong></span> <span class='ocrx_word' id='word_1_844' title='bbox 1557 5767 1663 5807; x_wconf 87' lang='lat' dir='ltr'><strong><em>non</em></strong></span> <span class='ocrx_word' id='word_1_845' title='bbox 1705 5752 1873 5809; x_wconf 80' lang='lat' dir='ltr'><strong><em>solum</em></strong></span> <span class='ocrx_word' id='word_1_846' title='bbox 1914 5762 2079 5812; x_wconf 83' lang='lat' dir='ltr'><strong><em>vestra</em></strong></span> 
     </span>
    </p>
   </div>
   <div class='ocr_carea' id='block_1_107' title="bbox 498 5833 2082 5917">
    <p class='ocr_par' dir='ltr' id='par_1_107' title="bbox 498 5833 2082 5917">
     <span class='ocr_line' id='line_1_107' title="bbox 498 5833 2082 5917; baseline 0.014 -32"><span class='ocrx_word' id='word_1_847' title='bbox 498 5851 517 5885; x_wconf 72' lang='grc' dir='ltr'><strong><em>ι</em></strong></span> <span class='ocrx_word' id='word_1_848' title='bbox 556 5833 926 5909; x_wconf 84' lang='lat' dir='ltr'><strong><em>Theologorum</em></strong></span> <span class='ocrx_word' id='word_1_849' title='bbox 946 5838 1171 5909; x_wconf 87' lang='lat' dir='ltr'><strong><em>interest,</em></strong></span> <span class='ocrx_word' id='word_1_850' title='bbox 1196 5838 1285 5896; x_wconf 91' lang='lat' dir='ltr'><strong><em>sed</em></strong></span> <span class='ocrx_word' id='word_1_851' title='bbox 1304 5850 1478 5897; x_wconf 88' lang='lat' dir='ltr'><strong><em>nostra</em></strong></span> <span class='ocrx_word' id='word_1_852' title='bbox 1498 5845 1748 5915; x_wconf 88' lang='lat' dir='ltr'><strong><em>omnium,</em></strong></span> <span class='ocrx_word' id='word_1_853' title='bbox 1777 5846 1866 5917; x_wconf 89' lang='lat' dir='ltr'><strong><em>qui</em></strong></span> <span class='ocrx_word' id='word_1_854' title='bbox 1891 5848 2082 5906; x_wconf 89' lang='lat' dir='ltr'><strong><em>litteras</em></strong></span> 
     </span>
    </p>
   </div>
   <div class='ocr_carea' id='block_1_108' title="bbox 2182 4800 3784 4881">
    <p class='ocr_par' dir='ltr' id='par_1_108' title="bbox 2182 4800 3784 4881">
     <span class='ocr_line' id='line_1_108' title="bbox 2182 4800 3784 4881; baseline 0.001 -16"><span class='ocrx_word' id='word_1_855' title='bbox 2182 4827 2239 4865; x_wconf 87' lang='lat' dir='ltr'><strong><em>re</em></strong></span> <span class='ocrx_word' id='word_1_856' title='bbox 2267 4812 2544 4880; x_wconf 89' lang='lat' dir='ltr'><strong><em>separatim</em></strong></span> <span class='ocrx_word' id='word_1_857' title='bbox 2573 4811 2735 4866; x_wconf 88' lang='lat' dir='ltr'><strong><em>editas</em></strong></span> <span class='ocrx_word' id='word_1_858' title='bbox 2784 4812 3118 4881; x_wconf 88' lang='lat' dir='ltr'><strong><em>reliquerunt.</em></strong></span> <span class='ocrx_word' id='word_1_859' title='bbox 3152 4810 3295 4879; x_wconf 89' lang='lat' dir='ltr'><strong><em>Quas</em></strong></span> <span class='ocrx_word' id='word_1_860' title='bbox 3338 4811 3470 4865; x_wconf 88' lang='lat' dir='ltr'><strong><em>inter</em></strong></span> <span class='ocrx_word' id='word_1_861' title='bbox 3497 4800 3677 4865; x_wconf 79' lang='lat' dir='ltr'><strong><em>erninet</em></strong></span> <span class='ocrx_word' id='word_1_862' title='bbox 3700 4811 3784 4866; x_wconf 86' lang='lat' dir='ltr'><strong><em>in-</em></strong></span> 
     </span>
    </p>
   </div>
   <div class='ocr_carea' id='block_1_109' title="bbox 2184 4898 3777 4978">
    <p class='ocr_par' dir='ltr' id='par_1_109' title="bbox 2184 4898 3777 4978">
     <span class='ocr_line' id='line_1_109' title="bbox 2184 4898 3777 4978; baseline 0 -21"><span class='ocrx_word' id='word_1_863' title='bbox 2184 4904 2381 4959; x_wconf 77' lang='lat' dir='ltr'><strong><em>dustria</em></strong></span> <span class='ocrx_word' id='word_1_864' title='bbox 2400 4903 2676 4959; x_wconf 72' lang='lat' dir='ltr'><strong><em>Dzslmn</em></strong></span> <span class='ocrx_word' id='word_1_865' title='bbox 2706 4902 2971 4970; x_wconf 66' lang='lat' dir='ltr'><strong><em>“unum,</em></strong></span> <span class='ocrx_word' id='word_1_866' title='bbox 2995 4903 3082 4971; x_wconf 83' lang='lat' dir='ltr'><strong><em>qui</em></strong></span> <span class='ocrx_word' id='word_1_867' title='bbox 3102 4903 3157 4957; x_wconf 89' lang='lat' dir='ltr'><strong><em>in</em></strong></span> <span class='ocrx_word' id='word_1_868' title='bbox 3185 4898 3318 4957; x_wconf 85' lang='lat' dir='ltr'><strong><em>hunc</em></strong></span> <span class='ocrx_word' id='word_1_869' title='bbox 3341 4903 3777 4978; x_wconf 60' lang='lat' dir='ltr'><strong><em>Aponocn&#39;ricnu,</em></strong></span> 
     </span>
    </p>
   </div>
   <div class='ocr_carea' id='block_1_110' title="bbox 2183 4993 3779 5065">
    <p class='ocr_par' dir='ltr' id='par_1_110' title="bbox 2183 4993 3779 5065">
     <span class='ocr_line' id='line_1_110' title="bbox 2183 4993 3779 5065; baseline -0.001 -16"><span class='ocrx_word' id='word_1_870' title='bbox 2183 4995 2266 5049; x_wconf 89' lang='lat' dir='ltr'><strong><em>cui</em></strong></span> <span class='ocrx_word' id='word_1_871' title='bbox 2288 5005 2335 5050; x_wconf 90' lang='lat' dir='ltr'><strong><em>et</em></strong></span> <span class='ocrx_word' id='word_1_872' title='bbox 2364 4993 2527 5049; x_wconf 87' lang='lat' dir='ltr'><strong><em>Nabis</em></strong></span> <span class='ocrx_word' id='word_1_873' title='bbox 2539 5002 2766 5048; x_wconf 83' lang='lat' dir='ltr'><strong><em>animum</em></strong></span> <span class='ocrx_word' id='word_1_874' title='bbox 2777 5004 2823 5049; x_wconf 90' lang='lat' dir='ltr'><strong><em>et</em></strong></span> <span class='ocrx_word' id='word_1_875' title='bbox 2836 4993 3164 5065; x_wconf 87' lang='lat' dir='ltr'><strong><em>cogitationes</em></strong></span> <span class='ocrx_word' id='word_1_876' title='bbox 3189 4994 3409 5063; x_wconf 87' lang='lat' dir='ltr'><strong><em>primum</em></strong></span> <span class='ocrx_word' id='word_1_877' title='bbox 3432 4994 3695 5064; x_wconf 89' lang='lat' dir='ltr'><strong><em>applicare</em></strong></span> <span class='ocrx_word' id='word_1_878' title='bbox 3715 4994 3779 5050; x_wconf 86' lang='lat' dir='ltr'><strong><em>li-</em></strong></span> 
     </span>
    </p>
   </div>
   <div class='ocr_carea' id='block_1_111' title="bbox 2186 5086 3785 5165">
    <p class='ocr_par' dir='ltr' id='par_1_111' title="bbox 2186 5086 3785 5165">
     <span class='ocr_line' id='line_1_111' title="bbox 2186 5086 3785 5165; baseline -0.001 -22"><span class='ocrx_word' id='word_1_879' title='bbox 2186 5087 2753 5155; x_wconf 86' lang='lat' dir='ltr'><strong><em>buit,Commentarium</em></strong></span> <span class='ocrx_word' id='word_1_880' title='bbox 2770 5087 2924 5142; x_wconf 70' lang='lat' dir='ltr'><strong><em>varice</em></strong></span> <span class='ocrx_word' id='word_1_881' title='bbox 2936 5086 3233 5142; x_wconf 89' lang='lat' dir='ltr'><strong><em>eruditionis</em></strong></span> <span class='ocrx_word' id='word_1_882' title='bbox 3252 5086 3476 5165; x_wconf 87' lang='lat' dir='ltr'><strong><em>plenum,</em></strong></span> <span class='ocrx_word' id='word_1_883' title='bbox 3500 5087 3785 5158; x_wconf 87' lang='lat' dir='ltr'><strong><em>Digressio-</em></strong></span> 
     </span>
    </p>
   </div>
   <div class='ocr_carea' id='block_1_112' title="bbox 2187 5179 3783 5254">
    <p class='ocr_par' dir='ltr' id='par_1_112' title="bbox 2187 5179 3783 5254">
     <span class='ocr_line' id='line_1_112' title="bbox 2187 5179 3783 5254; baseline -0.001 -17"><span class='ocrx_word' id='word_1_884' title='bbox 2187 5197 2409 5254; x_wconf 80' lang='lat' dir='ltr'><strong><em>numque</em></strong></span> <span class='ocrx_word' id='word_1_885' title='bbox 2431 5182 2588 5237; x_wconf 82' lang='lat' dir='ltr'><strong><em>libros</em></strong></span> <span class='ocrx_word' id='word_1_886' title='bbox 2614 5197 2740 5236; x_wconf 85' lang='lat' dir='ltr'><strong><em>sane</em></strong></span> <span class='ocrx_word' id='word_1_887' title='bbox 2758 5182 2935 5239; x_wconf 83' lang='lat' dir='ltr'><strong><em>doctos</em></strong></span> <span class='ocrx_word' id='word_1_888' title='bbox 2954 5180 3215 5245; x_wconf 87' lang='lat' dir='ltr'><strong><em>condidit;</em></strong></span> <span class='ocrx_word' id='word_1_889' title='bbox 3233 5179 3323 5237; x_wconf 88' lang='lat' dir='ltr'><strong><em>sed</em></strong></span> <span class='ocrx_word' id='word_1_890' title='bbox 3346 5188 3394 5236; x_wconf 83' lang='lat' dir='ltr'><strong><em>et</em></strong></span> <span class='ocrx_word' id='word_1_891' title='bbox 3413 5179 3667 5246; x_wconf 81' lang='lat' dir='ltr'><strong><em>scriptum</em></strong></span> <span class='ocrx_word' id='word_1_892' title='bbox 3686 5180 3783 5235; x_wconf 88' lang='lat' dir='ltr'><strong><em>hoc</em></strong></span> 
     </span>
    </p>
   </div>
   <div class='ocr_carea' id='block_1_113' title="bbox 2182 5273 3784 5346">
    <p class='ocr_par' dir='ltr' id='par_1_113' title="bbox 2182 5273 3784 5346">
     <span class='ocr_line' id='line_1_113' title="bbox 2182 5273 3784 5346; baseline 0.002 -16"><span class='ocrx_word' id='word_1_893' title='bbox 2182 5278 2293 5346; x_wconf 79' lang='lat' dir='ltr'><strong><em>jam</em></strong></span> <span class='ocrx_word' id='word_1_894' title='bbox 2311 5275 2435 5330; x_wconf 90' lang='lat' dir='ltr'><strong><em>olim</em></strong></span> <span class='ocrx_word' id='word_1_895' title='bbox 2457 5273 2788 5332; x_wconf 69' lang='lat' dir='ltr'><strong><em>Funcrscus</em></strong></span> <span class='ocrx_word' id='word_1_896' title='bbox 2808 5274 3091 5333; x_wconf 74' lang='lat' dir='ltr'><strong><em>Zsrnrnos</em></strong></span> <span class='ocrx_word' id='word_1_897' title='bbox 3116 5273 3440 5342; x_wconf 85' lang='lat' dir='ltr'><strong><em>ParapIu-asi</em></strong></span> <span class='ocrx_word' id='word_1_898' title='bbox 3453 5273 3679 5345; x_wconf 85' lang='lat' dir='ltr'><strong><em>quadam</em></strong></span> <span class='ocrx_word' id='word_1_899' title='bbox 3702 5285 3784 5333; x_wconf 83' lang='lat' dir='ltr'><strong><em>ut-</em></strong></span> 
     </span>
    </p>
   </div>
   <div class='ocr_carea' id='block_1_114' title="bbox 2167 5364 3785 5439">
    <p class='ocr_par' dir='ltr' id='par_1_114' title="bbox 2167 5364 3785 5439">
     <span class='ocr_line' id='line_1_114' title="bbox 2167 5364 3785 5439; baseline -0.001 -15"><span class='ocrx_word' id='word_1_900' title='bbox 2167 5383 2396 5439; x_wconf 81' lang='lat' dir='ltr'><strong><em>cumque</em></strong></span> <span class='ocrx_word' id='word_1_901' title='bbox 2413 5367 2791 5439; x_wconf 62' lang='lat' dir='ltr'><strong><em>illustraverat,’</em></strong></span> <span class='ocrx_word' id='word_1_902' title='bbox 2814 5377 2862 5425; x_wconf 81' lang='lat' dir='ltr'><strong><em>et</em></strong></span> <span class='ocrx_word' id='word_1_903' title='bbox 2908 5368 3089 5424; x_wconf 68' lang='lat' dir='ltr'><strong><em>Ausus</em></strong></span> <span class='ocrx_word' id='word_1_904' title='bbox 3116 5364 3367 5437; x_wconf 79' lang='lat' dir='ltr'><strong><em>Baptist</em></strong></span> <span class='ocrx_word' id='word_1_905' title='bbox 3392 5364 3609 5439; x_wconf 82' lang='lat' dir='ltr'><strong><em>Egnatii</em></strong></span> <span class='ocrx_word' id='word_1_906' title='bbox 3637 5383 3785 5423; x_wconf 84' lang='lat' dir='ltr'><strong><em>secu-</em></strong></span> 
     </span>
    </p>
   </div>
   <div class='ocr_carea' id='block_1_115' title="bbox 2184 5458 3781 5532">
    <p class='ocr_par' dir='ltr' id='par_1_115' title="bbox 2184 5458 3781 5532">
     <span class='ocr_line' id='line_1_115' title="bbox 2184 5458 3781 5532; baseline -0.001 -15"><span class='ocrx_word' id='word_1_907' title='bbox 2184 5470 2267 5517; x_wconf 85' lang='lat' dir='ltr'><strong><em>tus</em></strong></span> <span class='ocrx_word' id='word_1_908' title='bbox 2311 5477 2521 5528; x_wconf 84' lang='lat' dir='ltr'><strong><em>curam,</em></strong></span> <span class='ocrx_word' id='word_1_909' title='bbox 2564 5460 2797 5516; x_wconf 88' lang='lat' dir='ltr'><strong><em>ediderat</em></strong></span> <span class='ocrx_word' id='word_1_910' title='bbox 2845 5463 3124 5532; x_wconf 81' lang='lat' dir='ltr'><strong><em>separatim</em></strong></span> <span class='ocrx_word' id='word_1_911' title='bbox 3164 5459 3234 5515; x_wconf 91' lang='lat' dir='ltr'><strong><em>ad</em></strong></span> <span class='ocrx_word' id='word_1_912' title='bbox 3280 5458 3473 5515; x_wconf 84' lang='lat' dir='ltr'><strong><em>calcem</em></strong></span> <span class='ocrx_word' id='word_1_913' title='bbox 3506 5459 3781 5526; x_wconf 80' lang='lat' dir='ltr'><strong><em>Lactantii,</em></strong></span> 
     </span>
    </p>
   </div>
   <div class='ocr_carea' id='block_1_116' title="bbox 2187 5550 3786 5624">
    <p class='ocr_par' dir='ltr' id='par_1_116' title="bbox 2187 5550 3786 5624">
     <span class='ocr_line' id='line_1_116' title="bbox 2187 5550 3786 5624; baseline -0.001 -13"><span class='ocrx_word' id='word_1_914' title='bbox 2187 5555 2335 5612; x_wconf 79' lang='lat' dir='ltr'><strong><em>Anno</em></strong></span> <span class='ocrx_word' id='word_1_915' title='bbox 2358 5569 2523 5611; x_wconf 68' lang='lat' dir='ltr'><strong><em>luxv.</em></strong></span> <span class='ocrx_word' id='word_1_916' title='bbox 2546 5563 2598 5611; x_wconf 89' lang='lat' dir='ltr'><strong><em>et</em></strong></span> <span class='ocrx_word' id='word_1_917' title='bbox 2637 5569 2874 5611; x_wconf 69' lang='lat' dir='ltr'><strong><em>non“.</em></strong></span> <span class='ocrx_word' id='word_1_918' title='bbox 2911 5553 3079 5620; x_wconf 82' lang='lat' dir='ltr'><strong><em>Quem</em></strong></span> <span class='ocrx_word' id='word_1_919' title='bbox 3118 5561 3289 5608; x_wconf 85' lang='lat' dir='ltr'><strong><em>tamen</em></strong></span> <span class='ocrx_word' id='word_1_920' title='bbox 3335 5550 3786 5624; x_wconf 70' lang='lat' dir='ltr'><strong><em>privoccupaverat</em></strong></span> 
     </span>
    </p>
   </div>
   <div class='ocr_carea' id='block_1_117' title="bbox 2183 5642 3786 5722">
    <p class='ocr_par' dir='ltr' id='par_1_117' title="bbox 2183 5642 3786 5722">
     <span class='ocr_line' id='line_1_117' title="bbox 2183 5642 3786 5722; baseline -0.002 -19"><span class='ocrx_word' id='word_1_921' title='bbox 2183 5646 2414 5722; x_wconf 70' lang='lat' dir='ltr'><strong><em>Joannes</em></strong></span> <span class='ocrx_word' id='word_1_922' title='bbox 2433 5645 2692 5702; x_wconf 86' lang='lat' dir='ltr'><strong><em>Tacuinus</em></strong></span> <span class='ocrx_word' id='word_1_923' title='bbox 2713 5686 2730 5714; x_wconf 97' lang='lat'><strong><em>,</em></strong></span> <span class='ocrx_word' id='word_1_924' title='bbox 2756 5646 2845 5717; x_wconf 85' lang='lat' dir='ltr'><strong><em>qui</em></strong></span> <span class='ocrx_word' id='word_1_925' title='bbox 2873 5645 3050 5700; x_wconf 82' lang='lat' dir='ltr'><strong><em>itidem</em></strong></span> <span class='ocrx_word' id='word_1_926' title='bbox 3075 5642 3347 5701; x_wconf 83' lang='lat' dir='ltr'><strong><em>Lactantio</em></strong></span> <span class='ocrx_word' id='word_1_927' title='bbox 3372 5645 3786 5722; x_wconf 68' lang='lat' dir='ltr'><strong><em>annexuerat‘il-</em></strong></span> 
     </span>
    </p>
   </div>
   <div class='ocr_carea' id='block_1_118' title="bbox 2186 5716 3626 5815">
    <p class='ocr_par' dir='ltr' id='par_1_118' title="bbox 2186 5716 3626 5815">
     <span class='ocr_line' id='line_1_118' title="bbox 2186 5716 3626 5815; baseline -0.005 -17"><span class='ocrx_word' id='word_1_928' title='bbox 2186 5718 2295 5798; x_wconf 81' lang='lat' dir='ltr'><strong><em>lum</em></strong></span> <span class='ocrx_word' id='word_1_929' title='bbox 2326 5737 2546 5794; x_wconf 82' lang='lat' dir='ltr'><strong><em>Venetiis</em></strong></span> <span class='ocrx_word' id='word_1_930' title='bbox 2565 5780 2580 5805; x_wconf 90' lang='lat'><strong><em>,</em></strong></span> <span class='ocrx_word' id='word_1_931' title='bbox 2606 5754 2742 5794; x_wconf 78' lang='lat' dir='ltr'><strong><em>anno</em></strong></span> <span class='ocrx_word' id='word_1_932' title='bbox 2772 5716 2931 5795; x_wconf 69' lang='lat' dir='ltr'><strong><em>non.</em></strong></span> <span class='ocrx_word' id='word_1_933' title='bbox 2978 5812 2987 5815; x_wconf 16' lang='grc' dir='ltr'>ν</span> <span class='ocrx_word' id='word_1_934' title='bbox 3602 5716 3626 5735; x_wconf 46' lang='grc'><strong>“</strong></span> 
     </span>
    </p>
   </div>
   <div class='ocr_carea' id='block_1_119' title="bbox 2264 5827 3775 5901">
    <p class='ocr_par' dir='ltr' id='par_1_119' title="bbox 2264 5827 3775 5901">
     <span class='ocr_line' id='line_1_119' title="bbox 2264 5827 3775 5901; baseline -0.003 -14"><span class='ocrx_word' id='word_1_935' title='bbox 2264 5833 2326 5889; x_wconf 78' lang='lat' dir='ltr'><strong><em>Et</em></strong></span> <span class='ocrx_word' id='word_1_936' title='bbox 2338 5840 2510 5887; x_wconf 85' lang='lat' dir='ltr'><strong><em>tamen</em></strong></span> <span class='ocrx_word' id='word_1_937' title='bbox 2540 5840 2650 5901; x_wconf 88' lang='lat' dir='ltr'><strong><em>post</em></strong></span> <span class='ocrx_word' id='word_1_938' title='bbox 2675 5838 2746 5886; x_wconf 92' lang='lat' dir='ltr'><strong><em>tot</em></strong></span> <span class='ocrx_word' id='word_1_939' title='bbox 2775 5838 3036 5887; x_wconf 81' lang='lat' dir='ltr'><strong><em>tantosauc</em></strong></span> <span class='ocrx_word' id='word_1_940' title='bbox 3051 5828 3183 5886; x_wconf 85' lang='lat' dir='ltr'><strong><em>viros</em></strong></span> <span class='ocrx_word' id='word_1_941' title='bbox 3212 5829 3267 5885; x_wconf 88' lang='lat' dir='ltr'><strong><em>in</em></strong></span> <span class='ocrx_word' id='word_1_942' title='bbox 3293 5829 3551 5901; x_wconf 88' lang='lat' dir='ltr'><strong><em>publicum</em></strong></span> <span class='ocrx_word' id='word_1_943' title='bbox 3571 5827 3775 5900; x_wconf 84' lang='lat' dir='ltr'><strong><em>prodire</em></strong></span> 
     </span>
    </p>
   </div>
  </div>
