  <div class='ocr_page' id='page_1' title='image "/cluster/home/n/w/nwhite01/storage/ocr_20150623/1/hvd.32044015466733/152.png"; bbox 0 0 4106 6330; ppageno 0'>
   <div class='ocr_carea' id='block_1_1' title="bbox 323 340 445 420">
    <p class='ocr_par' dir='ltr' id='par_1_1' title="bbox 323 340 445 420">
     <span class='ocr_line' id='line_1_1' title="bbox 323 340 445 420; baseline 0 -77"><span class='ocrx_word' id='word_1_1' title='bbox 323 340 445 420; x_wconf 54' lang='lat' dir='ltr'><strong>m</strong></span> 
     </span>
    </p>
   </div>
   <div class='ocr_carea' id='block_1_2' title="bbox 1335 348 2639 424">
    <p class='ocr_par' dir='ltr' id='par_1_2' title="bbox 1335 348 2639 424">
     <span class='ocr_line' id='line_1_2' title="bbox 1335 348 2639 424; baseline 0.004 -5"><span class='ocrx_word' id='word_1_2' title='bbox 1335 356 1397 419; x_wconf 82' lang='lat'><strong><em>8.</em></strong></span> <span class='ocrx_word' id='word_1_3' title='bbox 1435 357 1496 419; x_wconf 79' lang='grc' dir='ltr'><strong><em>Ρ.</em></strong></span> <span class='ocrx_word' id='word_1_4' title='bbox 1541 357 1605 417; x_wconf 83' lang='lat' dir='ltr'><strong><em>D.</em></strong></span> <span class='ocrx_word' id='word_1_5' title='bbox 1643 348 2074 422; x_wconf 67' lang='lat' dir='ltr'><strong><em>SIGEBERTUS</em></strong></span> <span class='ocrx_word' id='word_1_6' title='bbox 2108 354 2639 424; x_wconf 76' lang='lat' dir='ltr'><strong><em>HAVERCAMPUS.</em></strong></span> 
     </span>
    </p>
   </div>
   <div class='ocr_carea' id='block_1_3' title="bbox 3520 362 3632 432">
    <p class='ocr_par' dir='ltr' id='par_1_3' title="bbox 3520 362 3632 432">
     <span class='ocr_line' id='line_1_3' title="bbox 3520 362 3632 432; baseline 0 0"><span class='ocrx_word' id='word_1_7' title='bbox 3520 362 3632 432; x_wconf 64' lang='lat'><strong><em>251</em></strong></span> 
     </span>
    </p>
   </div>
   <div class='ocr_carea' id='block_1_4' title="bbox 324 474 3631 560">
    <p class='ocr_par' dir='ltr' id='par_1_4' title="bbox 324 474 3631 560">
     <span class='ocr_line' id='line_1_4' title="bbox 324 474 3631 560; baseline 0.004 -23"><span class='ocrx_word' id='word_1_8' title='bbox 324 484 447 537; x_wconf 71' lang='lat' dir='ltr'><strong><em>sum</em></strong></span> <span class='ocrx_word' id='word_1_9' title='bbox 472 491 661 547; x_wconf 83' lang='lat' dir='ltr'><strong><em>ausus,</em></strong></span> <span class='ocrx_word' id='word_1_10' title='bbox 692 486 796 536; x_wconf 83' lang='lat' dir='ltr'><strong><em>non</em></strong></span> <span class='ocrx_word' id='word_1_11' title='bbox 830 481 888 534; x_wconf 86' lang='lat' dir='ltr'><strong><em>ut</em></strong></span> <span class='ocrx_word' id='word_1_12' title='bbox 927 475 1153 535; x_wconf 82' lang='lat' dir='ltr'><strong><em>studium</em></strong></span> <span class='ocrx_word' id='word_1_13' title='bbox 1178 490 1343 534; x_wconf 88' lang='lat' dir='ltr'><strong><em>meum</em></strong></span> <span class='ocrx_word' id='word_1_14' title='bbox 1370 476 1787 551; x_wconf 71' lang='lat' dir='ltr'><strong><em>diligentiamque</em></strong></span> <span class='ocrx_word' id='word_1_15' title='bbox 1815 479 1924 539; x_wconf 56' lang='lat' dir='ltr'><strong><em>vina</em></strong></span> <span class='ocrx_word' id='word_1_16' title='bbox 1951 474 2007 543; x_wconf 80' lang='grc' dir='ltr'><strong>Α</strong></span> <span class='ocrx_word' id='word_1_17' title='bbox 2030 481 2122 537; x_wconf 88' lang='lat' dir='ltr'><strong><em>tris</em></strong></span> <span class='ocrx_word' id='word_1_18' title='bbox 2148 483 2641 552; x_wconf 71' lang='lat' dir='ltr'><strong><em>reprtvsenlavinms.</em></strong></span> <span class='ocrx_word' id='word_1_19' title='bbox 2674 484 2896 542; x_wconf 82' lang='lat' dir='ltr'><strong><em>Accessit</em></strong></span> <span class='ocrx_word' id='word_1_20' title='bbox 2928 484 3136 560; x_wconf 83' lang='lat' dir='ltr'><strong><em>insuper</em></strong></span> <span class='ocrx_word' id='word_1_21' title='bbox 3163 497 3405 547; x_wconf 87' lang='lat' dir='ltr'><strong><em>accurata</em></strong></span> <span class='ocrx_word' id='word_1_22' title='bbox 3429 490 3631 550; x_wconf 86' lang='lat' dir='ltr'><strong><em>Codicis</em></strong></span> 
     </span>
    </p>
   </div>
   <div class='ocr_carea' id='block_1_5' title="bbox 329 570 1925 644">
    <p class='ocr_par' dir='ltr' id='par_1_5' title="bbox 329 570 1925 644">
     <span class='ocr_line' id='line_1_5' title="bbox 329 570 1925 644; baseline -0.001 -16"><span class='ocrx_word' id='word_1_23' title='bbox 329 571 572 639; x_wconf 82' lang='lat' dir='ltr'><strong><em>ditarem,</em></strong></span> <span class='ocrx_word' id='word_1_24' title='bbox 614 574 705 627; x_wconf 87' lang='lat' dir='ltr'><strong><em>aut</em></strong></span> <span class='ocrx_word' id='word_1_25' title='bbox 752 586 826 628; x_wconf 78' lang='lat' dir='ltr'><strong><em>es:</em></strong></span> <span class='ocrx_word' id='word_1_26' title='bbox 858 570 1244 642; x_wconf 79' lang='lat' dir='ltr'><strong><em>reprehensione</em></strong></span> <span class='ocrx_word' id='word_1_27' title='bbox 1280 571 1642 644; x_wconf 80' lang='lat' dir='ltr'><strong><em>ﬂorilegiisque</em></strong></span> <span class='ocrx_word' id='word_1_28' title='bbox 1668 571 1888 626; x_wconf 82' lang='lat' dir='ltr'><strong><em>aliorum</em></strong></span> <span class='ocrx_word' id='word_1_29' title='bbox 1909 613 1925 639; x_wconf 94' lang='lat'><strong><em>,</em></strong></span> 
     </span>
    </p>
   </div>
   <div class='ocr_carea' id='block_1_6' title="bbox 328 662 1930 738">
    <p class='ocr_par' dir='ltr' id='par_1_6' title="bbox 328 662 1930 738">
     <span class='ocr_line' id='line_1_6' title="bbox 328 662 1930 738; baseline -0.001 -15"><span class='ocrx_word' id='word_1_30' title='bbox 328 666 470 738; x_wconf 83' lang='lat' dir='ltr'><strong><em>quod</em></strong></span> <span class='ocrx_word' id='word_1_31' title='bbox 495 662 715 721; x_wconf 83' lang='lat' dir='ltr'><strong><em>detestor</em></strong></span> <span class='ocrx_word' id='word_1_32' title='bbox 739 674 785 721; x_wconf 91' lang='lat' dir='ltr'><strong><em>et</em></strong></span> <span class='ocrx_word' id='word_1_33' title='bbox 807 664 913 732; x_wconf 89' lang='lat' dir='ltr'><strong><em>odi,</em></strong></span> <span class='ocrx_word' id='word_1_34' title='bbox 941 664 1067 720; x_wconf 89' lang='lat' dir='ltr'><strong><em>mihi</em></strong></span> <span class='ocrx_word' id='word_1_35' title='bbox 1086 665 1253 720; x_wconf 90' lang='lat' dir='ltr'><strong><em>laudis</em></strong></span> <span class='ocrx_word' id='word_1_36' title='bbox 1277 664 1521 720; x_wconf 90' lang='lat' dir='ltr'><strong><em>corollam</em></strong></span> <span class='ocrx_word' id='word_1_37' title='bbox 1578 673 1817 733; x_wconf 77' lang='lat' dir='ltr'><strong><em>texerem,</em></strong></span> <span class='ocrx_word' id='word_1_38' title='bbox 1840 664 1930 722; x_wconf 89' lang='lat' dir='ltr'><strong><em>sed</em></strong></span> 
     </span>
    </p>
   </div>
   <div class='ocr_carea' id='block_1_7' title="bbox 329 754 1930 832">
    <p class='ocr_par' dir='ltr' id='par_1_7' title="bbox 329 754 1930 832">
     <span class='ocr_line' id='line_1_7' title="bbox 329 754 1930 832; baseline -0.001 -17"><span class='ocrx_word' id='word_1_39' title='bbox 329 766 390 815; x_wconf 79' lang='lat' dir='ltr'><strong><em>ut</em></strong></span> <span class='ocrx_word' id='word_1_40' title='bbox 444 756 732 831; x_wconf 82' lang='lat' dir='ltr'><strong><em>Theologus</em></strong></span> <span class='ocrx_word' id='word_1_41' title='bbox 789 754 1049 829; x_wconf 85' lang='lat' dir='ltr'><strong><em>Tlteologo</em></strong></span> <span class='ocrx_word' id='word_1_42' title='bbox 1097 757 1507 827; x_wconf 73' lang='lat' dir='ltr'><strong><em>Tsurvmsuo,</em></strong></span> <span class='ocrx_word' id='word_1_43' title='bbox 1559 757 1930 832; x_wconf 84' lang='lat' dir='ltr'><strong><em>Theologisque</em></strong></span> 
     </span>
    </p>
   </div>
   <div class='ocr_carea' id='block_1_8' title="bbox 331 848 1932 925">
    <p class='ocr_par' dir='ltr' id='par_1_8' title="bbox 331 848 1932 925">
     <span class='ocr_line' id='line_1_8' title="bbox 331 848 1932 925; baseline -0.001 -17"><span class='ocrx_word' id='word_1_44' title='bbox 331 853 521 908; x_wconf 85' lang='lat' dir='ltr'><strong><em>nostris</em></strong></span> <span class='ocrx_word' id='word_1_45' title='bbox 551 868 716 906; x_wconf 88' lang='lat' dir='ltr'><strong><em>meam</em></strong></span> <span class='ocrx_word' id='word_1_46' title='bbox 759 852 1437 924; x_wconf 79' lang='lat' dir='ltr'><strong><em>qualemc‘umquenavarem</em></strong></span> <span class='ocrx_word' id='word_1_47' title='bbox 1486 868 1730 925; x_wconf 81' lang='lat' dir='ltr'><strong><em>operam;</em></strong></span> <span class='ocrx_word' id='word_1_48' title='bbox 1765 848 1833 908; x_wconf 85' lang='lat' dir='ltr'><strong><em>Ut</em></strong></span> <span class='ocrx_word' id='word_1_49' title='bbox 1862 852 1932 907; x_wconf 92' lang='lat' dir='ltr'><strong><em>ad</em></strong></span> 
     </span>
    </p>
   </div>
   <div class='ocr_carea' id='block_1_9' title="bbox 330 943 1932 1018">
    <p class='ocr_par' dir='ltr' id='par_1_9' title="bbox 330 943 1932 1018">
     <span class='ocr_line' id='line_1_9' title="bbox 330 943 1932 1018; baseline 0.001 -17"><span class='ocrx_word' id='word_1_50' title='bbox 330 943 605 1012; x_wconf 77' lang='lat' dir='ltr'><strong><em>Auctoris,</em></strong></span> <span class='ocrx_word' id='word_1_51' title='bbox 652 945 880 1001; x_wconf 88' lang='lat' dir='ltr'><strong><em>omnium</em></strong></span> <span class='ocrx_word' id='word_1_52' title='bbox 907 944 1070 1018; x_wconf 88' lang='lat' dir='ltr'><strong><em>elogio</em></strong></span> <span class='ocrx_word' id='word_1_53' title='bbox 1092 986 1107 1012; x_wconf 92' lang='lat'><strong><em>,</em></strong></span> <span class='ocrx_word' id='word_1_54' title='bbox 1151 944 1446 1001; x_wconf 83' lang='lat' dir='ltr'><strong><em>Crtecarum</em></strong></span> <span class='ocrx_word' id='word_1_55' title='bbox 1486 944 1932 1018; x_wconf 80' lang='lat' dir='ltr'><strong><em>Romanorumque</em></strong></span> 
     </span>
    </p>
   </div>
   <div class='ocr_carea' id='block_1_10' title="bbox 332 1039 1930 1112">
    <p class='ocr_par' dir='ltr' id='par_1_10' title="bbox 332 1039 1930 1112">
     <span class='ocr_line' id='line_1_10' title="bbox 332 1039 1930 1112; baseline 0.001 -18"><span class='ocrx_word' id='word_1_56' title='bbox 332 1040 689 1111; x_wconf 86' lang='lat' dir='ltr'><strong><em>antiquitatum</em></strong></span> <span class='ocrx_word' id='word_1_57' title='bbox 719 1047 767 1095; x_wconf 87' lang='lat' dir='ltr'><strong><em>et</em></strong></span> <span class='ocrx_word' id='word_1_58' title='bbox 816 1039 1207 1112; x_wconf 80' lang='lat' dir='ltr'><strong><em>disciplinarum</em></strong></span> <span class='ocrx_word' id='word_1_59' title='bbox 1253 1040 1577 1112; x_wconf 75' lang='lat' dir='ltr'><strong><em>peritissimi,</em></strong></span> <span class='ocrx_word' id='word_1_60' title='bbox 1618 1040 1930 1101; x_wconf 82' lang='lat' dir='ltr'><strong><em>intellectum</em></strong></span> 
     </span>
    </p>
   </div>
   <div class='ocr_carea' id='block_1_11' title="bbox 332 1120 1928 1205">
    <p class='ocr_par' dir='ltr' id='par_1_11' title="bbox 332 1120 1928 1205">
     <span class='ocr_line' id='line_1_11' title="bbox 332 1120 1928 1205; baseline 0 -18"><span class='ocrx_word' id='word_1_61' title='bbox 332 1120 809 1197; x_wconf 85' lang='lat' dir='ltr'><strong><em>subministrarem,</em></strong></span> <span class='ocrx_word' id='word_1_62' title='bbox 856 1131 901 1187; x_wconf 89' lang='lat' dir='ltr'><strong><em>si</em></strong></span> <span class='ocrx_word' id='word_1_63' title='bbox 932 1130 1056 1202; x_wconf 89' lang='lat' dir='ltr'><strong><em>quid</em></strong></span> <span class='ocrx_word' id='word_1_64' title='bbox 1084 1148 1140 1189; x_wconf 89' lang='lat' dir='ltr'><strong><em>se</em></strong></span> <span class='ocrx_word' id='word_1_65' title='bbox 1164 1131 1319 1198; x_wconf 89' lang='lat' dir='ltr'><strong><em>mihi,</em></strong></span> <span class='ocrx_word' id='word_1_66' title='bbox 1353 1132 1473 1187; x_wconf 90' lang='lat' dir='ltr'><strong><em>dum</em></strong></span> <span class='ocrx_word' id='word_1_67' title='bbox 1502 1130 1650 1187; x_wconf 91' lang='lat' dir='ltr'><strong><em>illum</em></strong></span> <span class='ocrx_word' id='word_1_68' title='bbox 1679 1138 1810 1205; x_wconf 88' lang='lat' dir='ltr'><strong><em>forte</em></strong></span> <span class='ocrx_word' id='word_1_69' title='bbox 1836 1132 1928 1187; x_wconf 89' lang='lat' dir='ltr'><strong><em>sub</em></strong></span> 
     </span>
    </p>
   </div>
   <div class='ocr_carea' id='block_1_12' title="bbox 306 1223 1930 1298">
    <p class='ocr_par' dir='ltr' id='par_1_12' title="bbox 306 1223 1930 1298">
     <span class='ocr_line' id='line_1_12' title="bbox 306 1223 1930 1298; baseline -0.001 -16"><span class='ocrx_word' id='word_1_70' title='bbox 306 1280 310 1283; x_wconf 87' lang='grc'>,</span> <span class='ocrx_word' id='word_1_71' title='bbox 332 1223 569 1279; x_wconf 79' lang='lat' dir='ltr'><strong><em>manibus</em></strong></span> <span class='ocrx_word' id='word_1_72' title='bbox 596 1232 701 1279; x_wconf 86' lang='lat' dir='ltr'><strong><em>tero</em></strong></span> <span class='ocrx_word' id='word_1_73' title='bbox 722 1265 736 1288; x_wconf 88' lang='lat'><strong><em>,</em></strong></span> <span class='ocrx_word' id='word_1_74' title='bbox 766 1226 819 1279; x_wconf 90' lang='lat' dir='ltr'><strong><em>in</em></strong></span> <span class='ocrx_word' id='word_1_75' title='bbox 842 1224 1106 1296; x_wconf 88' lang='lat' dir='ltr'><strong><em>utriusque</em></strong></span> <span class='ocrx_word' id='word_1_76' title='bbox 1131 1224 1346 1298; x_wconf 77' lang='lat' dir='ltr'><strong><em>Lingua:</em></strong></span> <span class='ocrx_word' id='word_1_77' title='bbox 1371 1225 1716 1296; x_wconf 84' lang='lat' dir='ltr'><strong><em>Scriptoribus</em></strong></span> <span class='ocrx_word' id='word_1_78' title='bbox 1744 1267 1760 1293; x_wconf 94' lang='lat'><strong><em>,</em></strong></span> <span class='ocrx_word' id='word_1_79' title='bbox 1793 1226 1930 1298; x_wconf 90' lang='lat' dir='ltr'><strong><em>quod</em></strong></span> 
     </span>
    </p>
   </div>
   <div class='ocr_carea' id='block_1_13' title="bbox 334 1316 1931 1391">
    <p class='ocr_par' dir='ltr' id='par_1_13' title="bbox 334 1316 1931 1391">
     <span class='ocr_line' id='line_1_13' title="bbox 334 1316 1931 1391; baseline 0.002 -20"><span class='ocrx_word' id='word_1_80' title='bbox 334 1316 405 1371; x_wconf 86' lang='lat' dir='ltr'><strong><em>ad</em></strong></span> <span class='ocrx_word' id='word_1_81' title='bbox 428 1316 523 1371; x_wconf 91' lang='lat' dir='ltr'><strong><em>hoc</em></strong></span> <span class='ocrx_word' id='word_1_82' title='bbox 551 1318 662 1388; x_wconf 83' lang='lat' dir='ltr'><strong><em>ejus</em></strong></span> <span class='ocrx_word' id='word_1_83' title='bbox 694 1317 953 1387; x_wconf 75' lang='lat' dir='ltr'><strong><em>Scriptum</em></strong></span> <span class='ocrx_word' id='word_1_84' title='bbox 979 1321 1191 1391; x_wconf 88' lang='lat' dir='ltr'><strong><em>faceret,</em></strong></span> <span class='ocrx_word' id='word_1_85' title='bbox 1221 1318 1409 1373; x_wconf 90' lang='lat' dir='ltr'><strong><em>obtulit</em></strong></span> <span class='ocrx_word' id='word_1_86' title='bbox 1439 1335 1460 1384; x_wconf 89' lang='lat'><strong><em>;</em></strong></span> <span class='ocrx_word' id='word_1_87' title='bbox 1488 1332 1703 1391; x_wconf 85' lang='lat' dir='ltr'><strong><em>quorum</em></strong></span> <span class='ocrx_word' id='word_1_88' title='bbox 1727 1317 1931 1387; x_wconf 86' lang='lat' dir='ltr'><strong><em>quidem</em></strong></span> 
     </span>
    </p>
   </div>
   <div class='ocr_carea' id='block_1_14' title="bbox 336 1408 1932 1480">
    <p class='ocr_par' dir='ltr' id='par_1_14' title="bbox 336 1408 1932 1480">
     <span class='ocr_line' id='line_1_14' title="bbox 336 1408 1932 1480; baseline 0.003 -18"><span class='ocrx_word' id='word_1_89' title='bbox 336 1408 545 1463; x_wconf 77' lang='lat' dir='ltr'><strong><em>lectione</em></strong></span> <span class='ocrx_word' id='word_1_90' title='bbox 585 1417 634 1463; x_wconf 87' lang='lat' dir='ltr'><strong><em>et</em></strong></span> <span class='ocrx_word' id='word_1_91' title='bbox 672 1410 949 1464; x_wconf 91' lang='lat' dir='ltr'><strong><em>versatione</em></strong></span> <span class='ocrx_word' id='word_1_92' title='bbox 994 1425 1095 1465; x_wconf 91' lang='lat' dir='ltr'><strong><em>non</em></strong></span> <span class='ocrx_word' id='word_1_93' title='bbox 1124 1409 1329 1480; x_wconf 83' lang='lat' dir='ltr'><strong><em>inﬁcior</em></strong></span> <span class='ocrx_word' id='word_1_94' title='bbox 1377 1425 1455 1464; x_wconf 86' lang='lat' dir='ltr'><strong><em>me</em></strong></span> <span class='ocrx_word' id='word_1_95' title='bbox 1492 1427 1526 1465; x_wconf 91' lang='lat' dir='ltr'><strong><em>a</em></strong></span> <span class='ocrx_word' id='word_1_96' title='bbox 1565 1410 1746 1465; x_wconf 87' lang='lat' dir='ltr'><strong><em>teneris</em></strong></span> <span class='ocrx_word' id='word_1_97' title='bbox 1784 1409 1932 1466; x_wconf 82' lang='lat' dir='ltr'><strong><em>valde</em></strong></span> 
     </span>
    </p>
   </div>
   <div class='ocr_carea' id='block_1_15' title="bbox 336 1494 1932 1575">
    <p class='ocr_par' dir='ltr' id='par_1_15' title="bbox 336 1494 1932 1575">
     <span class='ocr_line' id='line_1_15' title="bbox 336 1494 1932 1575; baseline 0.002 -21"><span class='ocrx_word' id='word_1_98' title='bbox 336 1501 493 1572; x_wconf 85' lang='lat' dir='ltr'><strong><em>fuisse</em></strong></span> <span class='ocrx_word' id='word_1_99' title='bbox 516 1498 817 1555; x_wconf 78' lang='lat' dir='ltr'><strong><em>delectatum</em></strong></span> <span class='ocrx_word' id='word_1_100' title='bbox 841 1511 1141 1573; x_wconf 89' lang='lat' dir='ltr'><strong><em>raptumque</em></strong></span> <span class='ocrx_word' id='word_1_101' title='bbox 1165 1516 1185 1566; x_wconf 89' lang='lat'><strong><em>;</em></strong></span> <span class='ocrx_word' id='word_1_102' title='bbox 1212 1494 1443 1575; x_wconf 81' lang='lat' dir='ltr'><strong><em>Denique</em></strong></span> <span class='ocrx_word' id='word_1_103' title='bbox 1469 1544 1482 1567; x_wconf 92' lang='lat'><strong><em>,</em></strong></span> <span class='ocrx_word' id='word_1_104' title='bbox 1513 1512 1568 1556; x_wconf 90' lang='lat' dir='ltr'><strong><em>ut</em></strong></span> <span class='ocrx_word' id='word_1_105' title='bbox 1598 1500 1677 1556; x_wconf 82' lang='lat' dir='ltr'><strong><em>illi</em></strong></span> <span class='ocrx_word' id='word_1_106' title='bbox 1703 1543 1721 1572; x_wconf 93' lang='lat'><strong><em>,</em></strong></span> <span class='ocrx_word' id='word_1_107' title='bbox 1749 1503 1793 1557; x_wconf 89' lang='lat' dir='ltr'><strong><em>si</em></strong></span> <span class='ocrx_word' id='word_1_108' title='bbox 1819 1501 1932 1574; x_wconf 84' lang='lat' dir='ltr'><strong><em>quis</em></strong></span> 
     </span>
    </p>
   </div>
   <div class='ocr_carea' id='block_1_16' title="bbox 335 1580 1934 1666">
    <p class='ocr_par' dir='ltr' id='par_1_16' title="bbox 335 1580 1934 1666">
     <span class='ocr_line' id='line_1_16' title="bbox 335 1580 1934 1666; baseline 0.002 -20"><span class='ocrx_word' id='word_1_109' title='bbox 335 1588 490 1660; x_wconf 81' lang='lat' dir='ltr'><strong><em>alius,</em></strong></span> <span class='ocrx_word' id='word_1_110' title='bbox 533 1603 644 1663; x_wconf 85' lang='lat' dir='ltr'><strong><em>post</em></strong></span> <span class='ocrx_word' id='word_1_111' title='bbox 673 1602 743 1648; x_wconf 87' lang='lat' dir='ltr'><strong><em>lvl</em></strong></span> <span class='ocrx_word' id='word_1_112' title='bbox 771 1595 1012 1660; x_wconf 87' lang='lat' dir='ltr'><strong><em>medicos,</em></strong></span> <span class='ocrx_word' id='word_1_113' title='bbox 1039 1592 1426 1666; x_wconf 87' lang='lat' dir='ltr'><strong><em>corruptissimo</em></strong></span> <span class='ocrx_word' id='word_1_114' title='bbox 1448 1596 1619 1649; x_wconf 88' lang='lat' dir='ltr'><strong><em>adhuc</em></strong></span> <span class='ocrx_word' id='word_1_115' title='bbox 1641 1604 1687 1649; x_wconf 90' lang='lat' dir='ltr'><strong><em>et</em></strong></span> <span class='ocrx_word' id='word_1_116' title='bbox 1720 1580 1934 1666; x_wconf 78' lang='lat' dir='ltr'><strong><em>pessime</em></strong></span> 
     </span>
    </p>
   </div>
   <div class='ocr_carea' id='block_1_17' title="bbox 336 1676 1930 1757">
    <p class='ocr_par' dir='ltr' id='par_1_17' title="bbox 336 1676 1930 1757">
     <span class='ocr_line' id='line_1_17' title="bbox 336 1676 1930 1757; baseline 0.001 -19"><span class='ocrx_word' id='word_1_117' title='bbox 336 1682 566 1752; x_wconf 80' lang='lat' dir='ltr'><strong><em>affecto‘,</em></strong></span> <span class='ocrx_word' id='word_1_118' title='bbox 594 1676 926 1740; x_wconf 71' lang='lat' dir='ltr'><strong><em>.edicinam</em></strong></span> <span class='ocrx_word' id='word_1_119' title='bbox 952 1685 1177 1757; x_wconf 86' lang='lat' dir='ltr'><strong><em>aliquant</em></strong></span> <span class='ocrx_word' id='word_1_120' title='bbox 1210 1687 1447 1757; x_wconf 87' lang='lat' dir='ltr'><strong><em>facerent.</em></strong></span> <span class='ocrx_word' id='word_1_121' title='bbox 1480 1684 1629 1752; x_wconf 82' lang='lat' dir='ltr'><strong><em>Quod</em></strong></span> <span class='ocrx_word' id='word_1_122' title='bbox 1654 1685 1890 1740; x_wconf 89' lang='lat' dir='ltr'><strong><em>ultimum</em></strong></span> <span class='ocrx_word' id='word_1_123' title='bbox 1913 1726 1930 1754; x_wconf 89' lang='lat'><strong><em>,</em></strong></span> 
     </span>
    </p>
   </div>
   <div class='ocr_carea' id='block_1_18' title="bbox 2032 574 3631 664">
    <p class='ocr_par' dir='ltr' id='par_1_18' title="bbox 2032 574 3631 664">
     <span class='ocr_line' id='line_1_18' title="bbox 2032 574 3631 664; baseline 0.009 -34"><span class='ocrx_word' id='word_1_124' title='bbox 2032 574 2346 648; x_wconf 80' lang='lat' dir='ltr'><strong><em>Agobardini</em></strong></span> <span class='ocrx_word' id='word_1_125' title='bbox 2371 575 2611 647; x_wconf 85' lang='lat' dir='ltr'><strong><em>Collatio,</em></strong></span> <span class='ocrx_word' id='word_1_126' title='bbox 2641 595 2741 635; x_wconf 87' lang='lat' dir='ltr'><strong><em>non</em></strong></span> <span class='ocrx_word' id='word_1_127' title='bbox 2765 582 2967 651; x_wconf 84' lang='lat' dir='ltr'><strong><em>quidem</em></strong></span> <span class='ocrx_word' id='word_1_128' title='bbox 2992 582 3154 653; x_wconf 85' lang='lat' dir='ltr'><strong><em>illius,</em></strong></span> <span class='ocrx_word' id='word_1_129' title='bbox 3192 601 3258 664; x_wconf 76' lang='lat' dir='ltr'><strong><em>eo;</em></strong></span> <span class='ocrx_word' id='word_1_130' title='bbox 3286 603 3385 657; x_wconf 92' lang='lat' dir='ltr'><strong><em>quo</em></strong></span> <span class='ocrx_word' id='word_1_131' title='bbox 3432 596 3631 645; x_wconf 85' lang='lat' dir='ltr'><strong><em>tantum</em></strong></span> 
     </span>
    </p>
   </div>
   <div class='ocr_carea' id='block_1_19' title="bbox 2033 667 3631 748">
    <p class='ocr_par' dir='ltr' id='par_1_19' title="bbox 2033 667 3631 748">
     <span class='ocr_line' id='line_1_19' title="bbox 2033 667 3631 748; baseline 0.009 -25"><span class='ocrx_word' id='word_1_132' title='bbox 2033 684 2134 731; x_wconf 83' lang='lat' dir='ltr'><strong><em>non</em></strong></span> <span class='ocrx_word' id='word_1_133' title='bbox 2163 683 2227 723; x_wconf 76' lang='lat' dir='ltr'><strong><em>ea:</em></strong></span> <span class='ocrx_word' id='word_1_134' title='bbox 2269 667 2446 739; x_wconf 81' lang='lat' dir='ltr'><strong><em>inferis</em></strong></span> <span class='ocrx_word' id='word_1_135' title='bbox 2475 670 2692 724; x_wconf 75' lang='lat' dir='ltr'><strong><em>excitata</em></strong></span> <span class='ocrx_word' id='word_1_136' title='bbox 2722 672 2837 742; x_wconf 83' lang='lat' dir='ltr'><strong><em>jam</em></strong></span> <span class='ocrx_word' id='word_1_137' title='bbox 2866 673 3104 742; x_wconf 88' lang='lat' dir='ltr'><strong><em>leguntur</em></strong></span> <span class='ocrx_word' id='word_1_138' title='bbox 3153 677 3349 748; x_wconf 86' lang='lat' dir='ltr'><strong><em>reliqua</em></strong></span> <span class='ocrx_word' id='word_1_139' title='bbox 3377 677 3631 737; x_wconf 66' lang='lat' dir='ltr'><strong><em>Tantm.-</em></strong></span> 
     </span>
    </p>
   </div>
   <div class='ocr_carea' id='block_1_20' title="bbox 2035 760 3632 841">
    <p class='ocr_par' dir='ltr' id='par_1_20' title="bbox 2035 760 3632 841">
     <span class='ocr_line' id='line_1_20' title="bbox 2035 760 3632 841; baseline 0.008 -26"><span class='ocrx_word' id='word_1_140' title='bbox 2035 775 2173 815; x_wconf 76' lang='lat' dir='ltr'><strong><em>LIANI</em></strong></span> <span class='ocrx_word' id='word_1_141' title='bbox 2197 760 2388 831; x_wconf 89' lang='lat' dir='ltr'><strong><em>scripta</em></strong></span> <span class='ocrx_word' id='word_1_142' title='bbox 2413 801 2429 829; x_wconf 90' lang='lat'><strong><em>,</em></strong></span> <span class='ocrx_word' id='word_1_143' title='bbox 2476 771 2521 815; x_wconf 90' lang='lat' dir='ltr'><strong><em>et</em></strong></span> <span class='ocrx_word' id='word_1_144' title='bbox 2548 763 2600 816; x_wconf 90' lang='lat' dir='ltr'><strong><em>in</em></strong></span> <span class='ocrx_word' id='word_1_145' title='bbox 2638 779 2736 831; x_wconf 91' lang='lat' dir='ltr'><strong><em>quo</em></strong></span> <span class='ocrx_word' id='word_1_146' title='bbox 2766 765 2876 819; x_wconf 92' lang='lat' dir='ltr'><strong><em>solo</em></strong></span> <span class='ocrx_word' id='word_1_147' title='bbox 2902 776 2949 821; x_wconf 90' lang='lat' dir='ltr'><strong><em>et</em></strong></span> <span class='ocrx_word' id='word_1_148' title='bbox 2977 768 3129 823; x_wconf 86' lang='lat' dir='ltr'><strong><em>unico</em></strong></span> <span class='ocrx_word' id='word_1_149' title='bbox 3158 810 3175 836; x_wconf 91' lang='lat'><strong><em>,</em></strong></span> <span class='ocrx_word' id='word_1_150' title='bbox 3223 769 3632 841; x_wconf 87' lang='lat' dir='ltr'><strong><em>depravatissimi</em></strong></span> 
     </span>
    </p>
   </div>
   <div class='ocr_carea' id='block_1_21' title="bbox 2034 852 3631 927">
    <p class='ocr_par' dir='ltr' id='par_1_21' title="bbox 2034 852 3631 927">
     <span class='ocr_line' id='line_1_21' title="bbox 2034 852 3631 927; baseline 0.008 -20"><span class='ocrx_word' id='word_1_151' title='bbox 2034 852 2151 907; x_wconf 90' lang='lat' dir='ltr'><strong><em>hinc</em></strong></span> <span class='ocrx_word' id='word_1_152' title='bbox 2180 853 2431 907; x_wconf 82' lang='lat' dir='ltr'><strong><em>hactenus</em></strong></span> <span class='ocrx_word' id='word_1_153' title='bbox 2456 852 2559 908; x_wconf 89' lang='lat' dir='ltr'><strong><em>duo</em></strong></span> <span class='ocrx_word' id='word_1_154' title='bbox 2583 855 2652 908; x_wconf 87' lang='lat' dir='ltr'><strong><em>ad</em></strong></span> <span class='ocrx_word' id='word_1_155' title='bbox 2683 853 2929 912; x_wconf 82' lang='lat' dir='ltr'><strong><em>Nationes</em></strong></span> <span class='ocrx_word' id='word_1_156' title='bbox 2960 859 3073 913; x_wconf 85' lang='lat' dir='ltr'><strong><em>libri</em></strong></span> <span class='ocrx_word' id='word_1_157' title='bbox 3092 860 3433 927; x_wconf 85' lang='lat' dir='ltr'><strong><em>inveniuntur;</em></strong></span> <span class='ocrx_word' id='word_1_158' title='bbox 3449 863 3539 918; x_wconf 89' lang='lat' dir='ltr'><strong><em>sed</em></strong></span> <span class='ocrx_word' id='word_1_159' title='bbox 3553 872 3631 919; x_wconf 88' lang='lat' dir='ltr'><strong><em>ta-</em></strong></span> 
     </span>
    </p>
   </div>
   <div class='ocr_carea' id='block_1_22' title="bbox 2035 947 3633 1025">
    <p class='ocr_par' dir='ltr' id='par_1_22' title="bbox 2035 947 3633 1025">
     <span class='ocr_line' id='line_1_22' title="bbox 2035 947 3633 1025; baseline 0.007 -24"><span class='ocrx_word' id='word_1_160' title='bbox 2035 964 2149 1001; x_wconf 84' lang='lat' dir='ltr'><strong><em>men</em></strong></span> <span class='ocrx_word' id='word_1_161' title='bbox 2175 957 2307 1003; x_wconf 77' lang='lat' dir='ltr'><strong><em>nota:</em></strong></span> <span class='ocrx_word' id='word_1_162' title='bbox 2332 947 2456 1001; x_wconf 85' lang='lat' dir='ltr'><strong><em>satis</em></strong></span> <span class='ocrx_word' id='word_1_163' title='bbox 2483 947 2628 1003; x_wconf 78' lang='lat' dir='ltr'><strong><em>bona:</em></strong></span> <span class='ocrx_word' id='word_1_164' title='bbox 2652 990 2668 1017; x_wconf 91' lang='lat'><strong><em>,</em></strong></span> <span class='ocrx_word' id='word_1_165' title='bbox 2698 950 2951 1023; x_wconf 84' lang='lat' dir='ltr'><strong><em>nullisque</em></strong></span> <span class='ocrx_word' id='word_1_166' title='bbox 2999 953 3243 1010; x_wconf 84' lang='lat' dir='ltr'><strong><em>hactenus</em></strong></span> <span class='ocrx_word' id='word_1_167' title='bbox 3261 996 3276 1019; x_wconf 92' lang='lat'><strong><em>,</em></strong></span> <span class='ocrx_word' id='word_1_168' title='bbox 3307 957 3442 1025; x_wconf 88' lang='lat' dir='ltr'><strong><em>quod</em></strong></span> <span class='ocrx_word' id='word_1_169' title='bbox 3484 964 3530 1011; x_wconf 90' lang='lat' dir='ltr'><strong><em>et</em></strong></span> <span class='ocrx_word' id='word_1_170' title='bbox 3568 955 3633 1013; x_wconf 87' lang='lat' dir='ltr'><strong><em>de</em></strong></span> 
     </span>
    </p>
   </div>
   <div class='ocr_carea' id='block_1_23' title="bbox 2035 1039 3633 1114">
    <p class='ocr_par' dir='ltr' id='par_1_23' title="bbox 2035 1039 3633 1114">
     <span class='ocr_line' id='line_1_23' title="bbox 2035 1039 3633 1114; baseline 0.006 -17"><span class='ocrx_word' id='word_1_171' title='bbox 2035 1040 2221 1097; x_wconf 80' lang='lat' dir='ltr'><strong><em>Codice</em></strong></span> <span class='ocrx_word' id='word_1_172' title='bbox 2251 1039 2724 1114; x_wconf 85' lang='lat' dir='ltr'><strong><em>Lugduno-Batavo</em></strong></span> <span class='ocrx_word' id='word_1_173' title='bbox 2751 1044 2940 1098; x_wconf 89' lang='lat' dir='ltr'><strong><em>dictum</em></strong></span> <span class='ocrx_word' id='word_1_174' title='bbox 2963 1046 3049 1112; x_wconf 88' lang='lat' dir='ltr'><strong><em>sit,</em></strong></span> <span class='ocrx_word' id='word_1_175' title='bbox 3081 1047 3359 1102; x_wconf 81' lang='lat' dir='ltr'><strong><em>editoribus</em></strong></span> <span class='ocrx_word' id='word_1_176' title='bbox 3388 1048 3633 1105; x_wconf 75' lang='lat' dir='ltr'><strong><em>TEBTUL-</em></strong></span> 
     </span>
    </p>
   </div>
   <div class='ocr_carea' id='block_1_24' title="bbox 2034 1132 3630 1212">
    <p class='ocr_par' dir='ltr' id='par_1_24' title="bbox 2034 1132 3630 1212">
     <span class='ocr_line' id='line_1_24' title="bbox 2034 1132 3630 1212; baseline 0.004 -23"><span class='ocrx_word' id='word_1_177' title='bbox 2034 1149 2175 1189; x_wconf 78' lang='lat' dir='ltr'><strong><em>LIANI</em></strong></span> <span class='ocrx_word' id='word_1_178' title='bbox 2222 1133 2468 1205; x_wconf 90' lang='lat' dir='ltr'><strong><em>inspecto.</em></strong></span> <span class='ocrx_word' id='word_1_179' title='bbox 2499 1132 2739 1197; x_wconf 89' lang='lat' dir='ltr'><strong><em>Diversos</em></strong></span> <span class='ocrx_word' id='word_1_180' title='bbox 2782 1151 2887 1191; x_wconf 90' lang='lat' dir='ltr'><strong><em>esse</em></strong></span> <span class='ocrx_word' id='word_1_181' title='bbox 2917 1136 3045 1193; x_wconf 89' lang='lat' dir='ltr'><strong><em>duos</em></strong></span> <span class='ocrx_word' id='word_1_182' title='bbox 3090 1138 3215 1193; x_wconf 87' lang='lat' dir='ltr'><strong><em>istos</em></strong></span> <span class='ocrx_word' id='word_1_183' title='bbox 3260 1137 3470 1197; x_wconf 81' lang='lat' dir='ltr'><strong><em>Codices</em></strong></span> <span class='ocrx_word' id='word_1_184' title='bbox 3495 1140 3630 1212; x_wconf 38' lang='lat' dir='ltr'><strong><em>Ago,</em></strong></span> 
     </span>
    </p>
   </div>
   <div class='ocr_carea' id='block_1_25' title="bbox 2033 1218 3632 1304">
    <p class='ocr_par' dir='ltr' id='par_1_25' title="bbox 2033 1218 3632 1304">
     <span class='ocr_line' id='line_1_25' title="bbox 2033 1218 3632 1304; baseline 0.007 -26"><span class='ocrx_word' id='word_1_185' title='bbox 2033 1218 2271 1281; x_wconf 89' lang='lat' dir='ltr'><strong><em>bardinos</em></strong></span> <span class='ocrx_word' id='word_1_186' title='bbox 2293 1223 2451 1281; x_wconf 88' lang='lat' dir='ltr'><strong><em>tribus</em></strong></span> <span class='ocrx_word' id='word_1_187' title='bbox 2472 1225 2597 1281; x_wconf 90' lang='lat' dir='ltr'><strong><em>mihi</em></strong></span> <span class='ocrx_word' id='word_1_188' title='bbox 2626 1228 2933 1299; x_wconf 85' lang='lat' dir='ltr'><strong><em>argumentis</em></strong></span> <span class='ocrx_word' id='word_1_189' title='bbox 2948 1230 3248 1301; x_wconf 87' lang='lat' dir='ltr'><strong><em>persuadeo.</em></strong></span> <span class='ocrx_word' id='word_1_190' title='bbox 3270 1228 3469 1298; x_wconf 85' lang='lat' dir='ltr'><strong><em>Primo,</em></strong></span> <span class='ocrx_word' id='word_1_191' title='bbox 3496 1222 3632 1304; x_wconf 84' lang='lat' dir='ltr'><strong><em>quod</em></strong></span> 
     </span>
    </p>
   </div>
   <div class='ocr_carea' id='block_1_26' title="bbox 2034 1314 3629 1388">
    <p class='ocr_par' dir='ltr' id='par_1_26' title="bbox 2034 1314 3629 1388">
     <span class='ocr_line' id='line_1_26' title="bbox 2034 1314 3629 1388; baseline 0.006 -18"><span class='ocrx_word' id='word_1_192' title='bbox 2034 1314 2348 1383; x_wconf 69' lang='lat' dir='ltr'><strong><em>RIGALTIUS,</em></strong></span> <span class='ocrx_word' id='word_1_193' title='bbox 2370 1317 2457 1387; x_wconf 85' lang='lat' dir='ltr'><strong><em>qui</em></strong></span> <span class='ocrx_word' id='word_1_194' title='bbox 2479 1317 2882 1388; x_wconf 87' lang='lat' dir='ltr'><strong><em>quamplurimos</em></strong></span> <span class='ocrx_word' id='word_1_195' title='bbox 2906 1318 3209 1379; x_wconf 87' lang='lat' dir='ltr'><strong><em>Tertulliani</em></strong></span> <span class='ocrx_word' id='word_1_196' title='bbox 3237 1322 3390 1378; x_wconf 90' lang='lat' dir='ltr'><strong><em>libros</em></strong></span> <span class='ocrx_word' id='word_1_197' title='bbox 3417 1338 3480 1379; x_wconf 75' lang='lat' dir='ltr'><strong><em>ex</em></strong></span> <span class='ocrx_word' id='word_1_198' title='bbox 3506 1323 3556 1378; x_wconf 86' lang='grc' dir='ltr'><em>Μ</em></span> <span class='ocrx_word' id='word_1_199' title='bbox 3565 1323 3605 1380; x_wconf 91' lang='lat' dir='ltr'><strong><em>S</em></strong></span> <span class='ocrx_word' id='word_1_200' title='bbox 3615 1363 3629 1379; x_wconf 95' lang='lat'><strong><em>.</em></strong></span> 
     </span>
    </p>
   </div>
   <div class='ocr_carea' id='block_1_27' title="bbox 2035 1407 3632 1486">
    <p class='ocr_par' dir='ltr' id='par_1_27' title="bbox 2035 1407 3632 1486">
     <span class='ocr_line' id='line_1_27' title="bbox 2035 1407 3632 1486; baseline 0.007 -26"><span class='ocrx_word' id='word_1_201' title='bbox 2035 1407 2389 1479; x_wconf 88' lang='lat' dir='ltr'><strong><em>antiquissimo</em></strong></span> <span class='ocrx_word' id='word_1_202' title='bbox 2415 1408 2740 1482; x_wconf 82' lang='lat' dir='ltr'><strong><em>Agobardino</em></strong></span> <span class='ocrx_word' id='word_1_203' title='bbox 2766 1419 2885 1465; x_wconf 86' lang='lat' dir='ltr'><strong><em>ante</em></strong></span> <span class='ocrx_word' id='word_1_204' title='bbox 2913 1413 3227 1484; x_wconf 86' lang='lat' dir='ltr'><strong><em>octingentos</em></strong></span> <span class='ocrx_word' id='word_1_205' title='bbox 3257 1456 3271 1476; x_wconf 84' lang='lat'><strong><em>,</em></strong></span> <span class='ocrx_word' id='word_1_206' title='bbox 3305 1424 3350 1469; x_wconf 91' lang='lat' dir='ltr'><strong><em>et</em></strong></span> <span class='ocrx_word' id='word_1_207' title='bbox 3377 1416 3513 1486; x_wconf 87' lang='lat' dir='ltr'><strong><em>quod</em></strong></span> <span class='ocrx_word' id='word_1_208' title='bbox 3540 1432 3632 1471; x_wconf 71' lang='lat' dir='ltr'><strong><em>ea:-</em></strong></span> 
     </span>
    </p>
   </div>
   <div class='ocr_carea' id='block_1_28' title="bbox 2034 1503 3633 1581">
    <p class='ocr_par' dir='ltr' id='par_1_28' title="bbox 2034 1503 3633 1581">
     <span class='ocr_line' id='line_1_28' title="bbox 2034 1503 3633 1581; baseline 0.005 -25"><span class='ocrx_word' id='word_1_209' title='bbox 2034 1504 2211 1570; x_wconf 88' lang='lat' dir='ltr'><strong><em>currit,</em></strong></span> <span class='ocrx_word' id='word_1_210' title='bbox 2236 1518 2396 1558; x_wconf 89' lang='lat' dir='ltr'><strong><em>annos</em></strong></span> <span class='ocrx_word' id='word_1_211' title='bbox 2420 1503 2629 1574; x_wconf 88' lang='lat' dir='ltr'><strong><em>scripto,</em></strong></span> <span class='ocrx_word' id='word_1_212' title='bbox 2660 1504 2961 1579; x_wconf 85' lang='lat' dir='ltr'><strong><em>emendavit,</em></strong></span> <span class='ocrx_word' id='word_1_213' title='bbox 2992 1506 3304 1581; x_wconf 76' lang='lat' dir='ltr'><strong><em>singulisque</em></strong></span> <span class='ocrx_word' id='word_1_214' title='bbox 3335 1508 3477 1564; x_wconf 85' lang='lat' dir='ltr'><strong><em>libris</em></strong></span> <span class='ocrx_word' id='word_1_215' title='bbox 3502 1525 3633 1580; x_wconf 79' lang='lat' dir='ltr'><strong><em>prte-</em></strong></span> 
     </span>
    </p>
   </div>
   <div class='ocr_carea' id='block_1_29' title="bbox 2034 1594 3632 1684">
    <p class='ocr_par' dir='ltr' id='par_1_29' title="bbox 2034 1594 3632 1684">
     <span class='ocr_line' id='line_1_29' title="bbox 2034 1594 3632 1684; baseline 0.006 -38"><span class='ocrx_word' id='word_1_216' title='bbox 2034 1594 2262 1659; x_wconf 88' lang='lat' dir='ltr'><strong><em>notavit,</em></strong></span> <span class='ocrx_word' id='word_1_217' title='bbox 2297 1610 2360 1648; x_wconf 80' lang='lat' dir='ltr'><strong><em>ea:</em></strong></span> <span class='ocrx_word' id='word_1_218' title='bbox 2381 1610 2481 1666; x_wconf 89' lang='lat' dir='ltr'><strong><em>quo</em></strong></span> <span class='ocrx_word' id='word_1_219' title='bbox 2529 1594 2658 1649; x_wconf 91' lang='lat' dir='ltr'><strong><em>libro</em></strong></span> <span class='ocrx_word' id='word_1_220' title='bbox 2688 1603 2734 1650; x_wconf 92' lang='lat' dir='ltr'><strong><em>et</em></strong></span> <span class='ocrx_word' id='word_1_221' title='bbox 2779 1605 2898 1684; x_wconf 51' lang='lat' dir='ltr'><strong><em>quot</em></strong></span> <span class='ocrx_word' id='word_1_222' title='bbox 2931 1596 3057 1651; x_wconf 89' lang='lat' dir='ltr'><strong><em>locis</em></strong></span> <span class='ocrx_word' id='word_1_223' title='bbox 3107 1598 3447 1654; x_wconf 76' lang='lat' dir='ltr'><strong><em>emendaverit</em></strong></span> <span class='ocrx_word' id='word_1_224' title='bbox 3471 1641 3485 1668; x_wconf 94' lang='lat'><strong><em>,</em></strong></span> <span class='ocrx_word' id='word_1_225' title='bbox 3515 1608 3632 1656; x_wconf 86' lang='lat' dir='ltr'><strong><em>ante</em></strong></span> 
     </span>
    </p>
   </div>
   <div class='ocr_carea' id='block_1_30' title="bbox 2016 1686 3630 1761">
    <p class='ocr_par' dir='ltr' id='par_1_30' title="bbox 2016 1686 3630 1761">
     <span class='ocr_line' id='line_1_30' title="bbox 2016 1686 3630 1761; baseline 0.007 -22"><span class='ocrx_word' id='word_1_226' title='bbox 2016 1686 2397 1747; x_wconf 15' lang='lat' dir='ltr'><strong><em>,AmLocETICI</em></strong></span> <span class='ocrx_word' id='word_1_227' title='bbox 2448 1686 2671 1757; x_wconf 73' lang='lat' dir='ltr'><strong><em>libellum</em></strong></span> <span class='ocrx_word' id='word_1_228' title='bbox 2726 1688 2879 1761; x_wconf 88' lang='lat' dir='ltr'><strong><em>hujus</em></strong></span> <span class='ocrx_word' id='word_1_229' title='bbox 2929 1689 3133 1745; x_wconf 89' lang='lat' dir='ltr'><strong><em>Codicis</em></strong></span> <span class='ocrx_word' id='word_1_230' title='bbox 3185 1709 3287 1747; x_wconf 88' lang='lat' dir='ltr'><strong><em>non</em></strong></span> <span class='ocrx_word' id='word_1_231' title='bbox 3328 1695 3630 1750; x_wconf 88' lang='lat' dir='ltr'><strong><em>meminerit.</em></strong></span> 
     </span>
    </p>
   </div>
   <div class='ocr_carea' id='block_1_31' title="bbox 336 1768 3632 1867">
    <p class='ocr_par' dir='ltr' id='par_1_31' title="bbox 336 1768 3632 1867">
     <span class='ocr_line' id='line_1_31' title="bbox 336 1768 3632 1867; baseline 0.002 -35"><span class='ocrx_word' id='word_1_232' title='bbox 336 1788 453 1832; x_wconf 86' lang='lat' dir='ltr'><strong><em>cum</em></strong></span> <span class='ocrx_word' id='word_1_233' title='bbox 478 1775 618 1830; x_wconf 85' lang='lat' dir='ltr'><strong><em>haud</em></strong></span> <span class='ocrx_word' id='word_1_234' title='bbox 634 1777 863 1847; x_wconf 90' lang='lat' dir='ltr'><strong><em>ignotum</em></strong></span> <span class='ocrx_word' id='word_1_235' title='bbox 892 1772 1018 1832; x_wconf 89' lang='lat' dir='ltr'><strong><em>mihi</em></strong></span> <span class='ocrx_word' id='word_1_236' title='bbox 1046 1786 1206 1846; x_wconf 88' lang='lat' dir='ltr'><strong><em>esset,</em></strong></span> <span class='ocrx_word' id='word_1_237' title='bbox 1236 1795 1389 1850; x_wconf 89' lang='lat' dir='ltr'><strong><em>quam</em></strong></span> <span class='ocrx_word' id='word_1_238' title='bbox 1413 1779 1476 1834; x_wconf 90' lang='lat' dir='ltr'><strong><em>sit</em></strong></span> <span class='ocrx_word' id='word_1_239' title='bbox 1505 1776 1729 1850; x_wconf 75' lang='lat' dir='ltr'><strong><em>difﬁcile.</em></strong></span> <span class='ocrx_word' id='word_1_240' title='bbox 1754 1780 1808 1833; x_wconf 88' lang='lat' dir='ltr'><strong><em>in</em></strong></span> <span class='ocrx_word' id='word_1_241' title='bbox 1836 1779 1932 1834; x_wconf 88' lang='lat' dir='ltr'><strong><em>hoc</em></strong></span> <span class='ocrx_word' id='word_1_242' title='bbox 1958 1768 2012 1860; x_wconf 61' lang='grc' dir='ltr'><strong><em>θ’</em></strong></span> <span class='ocrx_word' id='word_1_243' title='bbox 2037 1774 2298 1846; x_wconf 87' lang='lat' dir='ltr'><strong><em>Secundo,</em></strong></span> <span class='ocrx_word' id='word_1_244' title='bbox 2330 1778 2466 1851; x_wconf 88' lang='lat' dir='ltr'><strong><em>quod</em></strong></span> <span class='ocrx_word' id='word_1_245' title='bbox 2491 1781 2543 1835; x_wconf 91' lang='lat' dir='ltr'><strong><em>in</em></strong></span> <span class='ocrx_word' id='word_1_246' title='bbox 2569 1782 2953 1842; x_wconf 84' lang='lat' dir='ltr'><strong><em>accuratissima</em></strong></span> <span class='ocrx_word' id='word_1_247' title='bbox 2985 1781 3299 1853; x_wconf 79' lang='lat' dir='ltr'><strong><em>Agobardini</em></strong></span> <span class='ocrx_word' id='word_1_248' title='bbox 3326 1784 3473 1867; x_wconf 63' lang='lat' dir='ltr'><strong><em>istius</em></strong></span> <span class='ocrx_word' id='word_1_249' title='bbox 3496 1787 3632 1841; x_wconf 83' lang='lat' dir='ltr'><strong><em>anti-</em></strong></span> 
     </span>
    </p>
   </div>
   <div class='ocr_carea' id='block_1_32' title="bbox 336 1862 1931 1943">
    <p class='ocr_par' dir='ltr' id='par_1_32' title="bbox 336 1862 1931 1943">
     <span class='ocr_line' id='line_1_32' title="bbox 336 1862 1931 1943; baseline 0.002 -20"><span class='ocrx_word' id='word_1_250' title='bbox 336 1869 620 1942; x_wconf 64' lang='lat' dir='ltr'><strong><em>praesertim</em></strong></span> <span class='ocrx_word' id='word_1_251' title='bbox 644 1868 862 1925; x_wconf 82' lang='lat' dir='ltr'><strong><em>Auctore</em></strong></span> <span class='ocrx_word' id='word_1_252' title='bbox 890 1912 905 1939; x_wconf 90' lang='lat'><strong><em>,</em></strong></span> <span class='ocrx_word' id='word_1_253' title='bbox 943 1872 1020 1925; x_wconf 82' lang='lat' dir='ltr'><strong><em>vel</em></strong></span> <span class='ocrx_word' id='word_1_254' title='bbox 1065 1887 1127 1925; x_wconf 69' lang='lat' dir='ltr'><strong><em>ea:</em></strong></span> <span class='ocrx_word' id='word_1_255' title='bbox 1155 1872 1234 1924; x_wconf 87' lang='lat' dir='ltr'><strong><em>his</em></strong></span> <span class='ocrx_word' id='word_1_256' title='bbox 1265 1862 1440 1942; x_wconf 81' lang='lat' dir='ltr'><strong><em>Magni</em></strong></span> <span class='ocrx_word' id='word_1_257' title='bbox 1488 1870 1742 1943; x_wconf 87' lang='lat' dir='ltr'><strong><em>Scaligeri</em></strong></span> <span class='ocrx_word' id='word_1_258' title='bbox 1770 1868 1931 1926; x_wconf 81' lang='lat' dir='ltr'><strong><em>verbis</em></strong></span> 
     </span>
    </p>
   </div>
   <div class='ocr_carea' id='block_1_33' title="bbox 335 1944 1932 2033">
    <p class='ocr_par' dir='ltr' id='par_1_33' title="bbox 335 1944 1932 2033">
     <span class='ocr_line' id='line_1_33' title="bbox 335 1944 1932 2033; baseline 0.001 -18"><span class='ocrx_word' id='word_1_259' title='bbox 335 1961 392 2016; x_wconf 80' lang='lat' dir='ltr'><strong><em>in</em></strong></span> <span class='ocrx_word' id='word_1_260' title='bbox 428 1954 776 2033; x_wconf 82' lang='lat' dir='ltr'><strong><em>Scaligeranis</em></strong></span> <span class='ocrx_word' id='word_1_261' title='bbox 806 1944 925 2033; x_wconf 78' lang='lat' dir='ltr'><strong><em>pag.</em></strong></span> <span class='ocrx_word' id='word_1_262' title='bbox 958 1961 1049 2015; x_wconf 71' lang='grc'><strong><em>47.</em></strong></span> <span class='ocrx_word' id='word_1_263' title='bbox 1078 1980 1096 2013; x_wconf 80' lang='lat' dir='ltr'><strong><em>t</em></strong></span> <span class='ocrx_word' id='word_1_264' title='bbox 1135 1958 1269 2016; x_wconf 75' lang='lat' dir='ltr'><strong><em>Beza</em></strong></span> <span class='ocrx_word' id='word_1_265' title='bbox 1297 1959 1491 2033; x_wconf 89' lang='lat' dir='ltr'><strong><em>aliquid</em></strong></span> <span class='ocrx_word' id='word_1_266' title='bbox 1521 1966 1709 2031; x_wconf 79' lang='lat' dir='ltr'><strong><em>fecerat</em></strong></span> <span class='ocrx_word' id='word_1_267' title='bbox 1729 1963 1780 2016; x_wconf 90' lang='lat' dir='ltr'><strong><em>in</em></strong></span> <span class='ocrx_word' id='word_1_268' title='bbox 1803 1956 1932 2017; x_wconf 86' lang='lat' dir='ltr'><strong><em>Ter-</em></strong></span> 
     </span>
    </p>
   </div>
   <div class='ocr_carea' id='block_1_34' title="bbox 340 2048 1932 2126">
    <p class='ocr_par' dir='ltr' id='par_1_34' title="bbox 340 2048 1932 2126">
     <span class='ocr_line' id='line_1_34' title="bbox 340 2048 1932 2126; baseline 0.002 -20"><span class='ocrx_word' id='word_1_269' title='bbox 340 2070 362 2106; x_wconf 83' lang='lat' dir='ltr'><strong><em>s</em></strong></span> <span class='ocrx_word' id='word_1_270' title='bbox 401 2048 673 2109; x_wconf 81' lang='lat' dir='ltr'><strong><em>tullianum</em></strong></span> <span class='ocrx_word' id='word_1_271' title='bbox 697 2096 713 2121; x_wconf 90' lang='lat'><strong><em>,</em></strong></span> <span class='ocrx_word' id='word_1_272' title='bbox 753 2053 842 2109; x_wconf 91' lang='lat' dir='ltr'><strong><em>sed</em></strong></span> <span class='ocrx_word' id='word_1_273' title='bbox 869 2053 990 2108; x_wconf 90' lang='lat' dir='ltr'><strong><em>bene</em></strong></span> <span class='ocrx_word' id='word_1_274' title='bbox 1027 2054 1184 2126; x_wconf 88' lang='lat' dir='ltr'><strong><em>fecit,</em></strong></span> <span class='ocrx_word' id='word_1_275' title='bbox 1208 2053 1342 2125; x_wconf 89' lang='lat' dir='ltr'><strong><em>quod</em></strong></span> <span class='ocrx_word' id='word_1_276' title='bbox 1379 2048 1660 2108; x_wconf 66' lang='lat' dir='ltr'><strong><em>non&#39;edidit</em></strong></span> <span class='ocrx_word' id='word_1_277' title='bbox 1684 2069 1703 2109; x_wconf 89' lang='lat'><strong><em>:</em></strong></span> <span class='ocrx_word' id='word_1_278' title='bbox 1729 2051 1932 2126; x_wconf 72' lang='lat' dir='ltr'><strong><em>difficile</em></strong></span> 
     </span>
    </p>
   </div>
   <div class='ocr_carea' id='block_1_35' title="bbox 339 2134 1923 2221">
    <p class='ocr_par' dir='ltr' id='par_1_35' title="bbox 339 2134 1923 2221">
     <span class='ocr_line' id='line_1_35' title="bbox 339 2134 1923 2221; baseline 0.001 -21"><span class='ocrx_word' id='word_1_279' title='bbox 339 2158 360 2200; x_wconf 72' lang='grc' dir='ltr'><strong><em>ι</em></strong></span> <span class='ocrx_word' id='word_1_280' title='bbox 397 2154 470 2204; x_wconf 86' lang='lat' dir='ltr'><strong><em>est</em></strong></span> <span class='ocrx_word' id='word_1_281' title='bbox 498 2145 696 2219; x_wconf 89' lang='lat' dir='ltr'><strong><em>aliquid</em></strong></span> <span class='ocrx_word' id='word_1_282' title='bbox 725 2140 781 2203; x_wconf 84' lang='lat' dir='ltr'><strong><em>in</em></strong></span> <span class='ocrx_word' id='word_1_283' title='bbox 818 2146 967 2202; x_wconf 84' lang='lat' dir='ltr'><strong><em>illum</em></strong></span> <span class='ocrx_word' id='word_1_284' title='bbox 992 2147 1265 2221; x_wconf 33' lang='lat' dir='ltr'><strong><em>Auctorem.</em></strong></span> <span class='ocrx_word' id='word_1_285' title='bbox 1288 2148 1434 2205; x_wconf 87' lang='lat' dir='ltr'><strong><em>edere</em></strong></span> <span class='ocrx_word' id='word_1_286' title='bbox 1454 2149 1564 2203; x_wconf 85' lang='lat' dir='ltr'><strong><em>sine</em></strong></span> <span class='ocrx_word' id='word_1_287' title='bbox 1590 2134 1644 2202; x_wconf 75' lang='grc' dir='ltr'><em>Μ</em></span> <span class='ocrx_word' id='word_1_288' title='bbox 1652 2140 1759 2205; x_wconf 86' lang='lat' dir='ltr'><strong><em>SS.</em></strong></span> <span class='ocrx_word' id='word_1_289' title='bbox 1792 2146 1923 2219; x_wconf 68' lang='lat' dir='ltr'><strong><em>carpi</em></strong></span> 
     </span>
    </p>
   </div>
   <div class='ocr_carea' id='block_1_36' title="bbox 342 2224 1932 2312">
    <p class='ocr_par' dir='ltr' id='par_1_36' title="bbox 342 2224 1932 2312">
     <span class='ocr_line' id='line_1_36' title="bbox 342 2224 1932 2312; baseline 0 -19"><span class='ocrx_word' id='word_1_290' title='bbox 342 2256 363 2293; x_wconf 76' lang='grc' dir='ltr'><strong><em>ι</em></strong></span> <span class='ocrx_word' id='word_1_291' title='bbox 400 2224 782 2312; x_wconf 74' lang='lat' dir='ltr'><strong><em>circumspicere</em></strong></span> <span class='ocrx_word' id='word_1_292' title='bbox 809 2239 1021 2307; x_wconf 76' lang='lat' dir='ltr'><strong><em>subsidii</em></strong></span> <span class='ocrx_word' id='word_1_293' title='bbox 1042 2240 1172 2295; x_wconf 89' lang='lat' dir='ltr'><strong><em>illud</em></strong></span> <span class='ocrx_word' id='word_1_294' title='bbox 1196 2258 1354 2312; x_wconf 89' lang='lat' dir='ltr'><strong><em>genus</em></strong></span> <span class='ocrx_word' id='word_1_295' title='bbox 1374 2281 1387 2304; x_wconf 91' lang='lat'><strong><em>,</em></strong></span> <span class='ocrx_word' id='word_1_296' title='bbox 1421 2256 1518 2311; x_wconf 91' lang='lat' dir='ltr'><strong><em>quo</em></strong></span> <span class='ocrx_word' id='word_1_297' title='bbox 1576 2226 1706 2293; x_wconf 85' lang='lat' dir='ltr'><strong><em>certe</em></strong></span> <span class='ocrx_word' id='word_1_298' title='bbox 1745 2238 1932 2294; x_wconf 84' lang='lat' dir='ltr'><strong><em>eruditi</em></strong></span> 
     </span>
    </p>
   </div>
   <div class='ocr_carea' id='block_1_37' title="bbox 342 2326 1921 2403">
    <p class='ocr_par' dir='ltr' id='par_1_37' title="bbox 342 2326 1921 2403">
     <span class='ocr_line' id='line_1_37' title="bbox 342 2326 1921 2403; baseline -0.001 -16"><span class='ocrx_word' id='word_1_299' title='bbox 342 2352 361 2387; x_wconf 77' lang='grc' dir='ltr'><strong><em>ι</em></strong></span> <span class='ocrx_word' id='word_1_300' title='bbox 403 2335 574 2389; x_wconf 79' lang='lat' dir='ltr'><strong><em>carere</em></strong></span> <span class='ocrx_word' id='word_1_301' title='bbox 616 2342 717 2388; x_wconf 88' lang='lat' dir='ltr'><strong><em>non</em></strong></span> <span class='ocrx_word' id='word_1_302' title='bbox 743 2342 972 2403; x_wconf 79' lang='lat' dir='ltr'><strong><em>possunt,</em></strong></span> <span class='ocrx_word' id='word_1_303' title='bbox 1022 2349 1110 2387; x_wconf 90' lang='lat' dir='ltr'><strong><em>nec</em></strong></span> <span class='ocrx_word' id='word_1_304' title='bbox 1144 2333 1308 2387; x_wconf 87' lang='lat' dir='ltr'><strong><em>arceri</em></strong></span> <span class='ocrx_word' id='word_1_305' title='bbox 1334 2330 1533 2389; x_wconf 89' lang='lat' dir='ltr'><strong><em>debent.</em></strong></span> <span class='ocrx_word' id='word_1_306' title='bbox 1564 2350 1583 2383; x_wconf 74' lang='grc' dir='ltr'><strong><em>ι</em></strong></span> <span class='ocrx_word' id='word_1_307' title='bbox 1614 2326 1724 2385; x_wconf 85' lang='lat' dir='ltr'><strong><em>Nec</em></strong></span> <span class='ocrx_word' id='word_1_308' title='bbox 1752 2342 1921 2386; x_wconf 87' lang='lat' dir='ltr'><strong><em>tamen</em></strong></span> 
     </span>
    </p>
   </div>
   <div class='ocr_carea' id='block_1_38' title="bbox 334 2416 1932 2495">
    <p class='ocr_par' dir='ltr' id='par_1_38' title="bbox 334 2416 1932 2495">
     <span class='ocr_line' id='line_1_38' title="bbox 334 2416 1932 2495; baseline -0.001 -15"><span class='ocrx_word' id='word_1_309' title='bbox 334 2418 463 2480; x_wconf 84' lang='lat' dir='ltr'><strong><em>mihi</em></strong></span> <span class='ocrx_word' id='word_1_310' title='bbox 489 2424 861 2483; x_wconf 58' lang='lat' dir='ltr'><strong><em>accurrentium</em></strong></span> <span class='ocrx_word' id='word_1_311' title='bbox 893 2422 1131 2495; x_wconf 85' lang='lat' dir='ltr'><strong><em>putabam</em></strong></span> <span class='ocrx_word' id='word_1_312' title='bbox 1157 2422 1438 2495; x_wconf 78' lang='lat' dir='ltr'><strong><em>Augustam</em></strong></span> <span class='ocrx_word' id='word_1_313' title='bbox 1468 2416 1812 2478; x_wconf 76' lang='lat' dir='ltr'><strong><em>Taurinorum</em></strong></span> <span class='ocrx_word' id='word_1_314' title='bbox 1844 2439 1932 2479; x_wconf 85' lang='lat' dir='ltr'><strong><em>us-</em></strong></span> 
     </span>
    </p>
   </div>
   <div class='ocr_carea' id='block_1_39' title="bbox 334 2516 1930 2596">
    <p class='ocr_par' dir='ltr' id='par_1_39' title="bbox 334 2516 1930 2596">
     <span class='ocr_line' id='line_1_39' title="bbox 334 2516 1930 2596; baseline -0.001 -24"><span class='ocrx_word' id='word_1_315' title='bbox 334 2533 452 2589; x_wconf 80' lang='lat' dir='ltr'><strong><em>que,</em></strong></span> <span class='ocrx_word' id='word_1_316' title='bbox 475 2516 562 2571; x_wconf 86' lang='lat' dir='ltr'><strong><em>ubi</em></strong></span> <span class='ocrx_word' id='word_1_317' title='bbox 597 2520 951 2571; x_wconf 76' lang='lat' dir='ltr'><strong><em>sexcenlorum</em></strong></span> <span class='ocrx_word' id='word_1_318' title='bbox 977 2533 1230 2571; x_wconf 86' lang='lat' dir='ltr'><strong><em>annorum</em></strong></span> <span class='ocrx_word' id='word_1_319' title='bbox 1251 2526 1452 2573; x_wconf 69' lang='lat' dir='ltr'><strong><em>(etatem</em></strong></span> <span class='ocrx_word' id='word_1_320' title='bbox 1491 2520 1797 2596; x_wconf 68' lang='lat' dir='ltr'><strong><em>referentem</em></strong></span> <span class='ocrx_word' id='word_1_321' title='bbox 1833 2517 1930 2571; x_wconf 89' lang='lat' dir='ltr'><strong><em>hu-</em></strong></span> 
     </span>
    </p>
   </div>
   <div class='ocr_carea' id='block_1_40' title="bbox 326 2599 1929 2683">
    <p class='ocr_par' dir='ltr' id='par_1_40' title="bbox 326 2599 1929 2683">
     <span class='ocr_line' id='line_1_40' title="bbox 326 2599 1929 2683; baseline 0 -17"><span class='ocrx_word' id='word_1_322' title='bbox 326 2612 419 2683; x_wconf 77' lang='lat' dir='ltr'><strong><em>jus</em></strong></span> <span class='ocrx_word' id='word_1_323' title='bbox 446 2613 805 2667; x_wconf 75' lang='lat' dir='ltr'><strong><em>APOLOGETICI</em></strong></span> <span class='ocrx_word' id='word_1_324' title='bbox 841 2608 1080 2665; x_wconf 74' lang='lat' dir='ltr'><strong><em>Codicem</em></strong></span> <span class='ocrx_word' id='word_1_325' title='bbox 1108 2599 1387 2678; x_wconf 50' lang='lat' dir='ltr'><strong><em>offendisse.</em></strong></span> <span class='ocrx_word' id='word_1_326' title='bbox 1408 2627 1463 2667; x_wconf 88' lang='lat' dir='ltr'><strong><em>se</em></strong></span> <span class='ocrx_word' id='word_1_327' title='bbox 1490 2618 1707 2665; x_wconf 86' lang='lat' dir='ltr'><strong><em>testatur</em></strong></span> <span class='ocrx_word' id='word_1_328' title='bbox 1735 2608 1929 2666; x_wconf 81' lang='lat' dir='ltr'><strong><em>Mabil-</em></strong></span> 
     </span>
    </p>
   </div>
   <div class='ocr_carea' id='block_1_41' title="bbox 337 2696 1929 2777">
    <p class='ocr_par' dir='ltr' id='par_1_41' title="bbox 337 2696 1929 2777">
     <span class='ocr_line' id='line_1_41' title="bbox 337 2696 1929 2777; baseline 0.001 -19"><span class='ocrx_word' id='word_1_329' title='bbox 337 2703 505 2759; x_wconf 86' lang='lat' dir='ltr'><strong><em>tonius</em></strong></span> <span class='ocrx_word' id='word_1_330' title='bbox 532 2696 884 2759; x_wconf 86' lang='lat' dir='ltr'><strong><em>inllinerario</em></strong></span> <span class='ocrx_word' id='word_1_331' title='bbox 930 2700 1152 2773; x_wconf 82' lang='lat' dir='ltr'><strong><em>Italico,</em></strong></span> <span class='ocrx_word' id='word_1_332' title='bbox 1197 2722 1317 2777; x_wconf 85' lang='lat' dir='ltr'><strong><em>pag.</em></strong></span> <span class='ocrx_word' id='word_1_333' title='bbox 1359 2707 1412 2765; x_wconf 73' lang='lat'><strong><em>8,</em></strong></span> <span class='ocrx_word' id='word_1_334' title='bbox 1447 2705 1729 2761; x_wconf 87' lang='lat' dir='ltr'><strong><em>Consulant</em></strong></span> <span class='ocrx_word' id='word_1_335' title='bbox 1760 2700 1929 2759; x_wconf 78' lang='lat' dir='ltr'><strong><em>Mem-</em></strong></span> 
     </span>
    </p>
   </div>
   <div class='ocr_carea' id='block_1_42' title="bbox 338 2792 1930 2867">
    <p class='ocr_par' dir='ltr' id='par_1_42' title="bbox 338 2792 1930 2867">
     <span class='ocr_line' id='line_1_42' title="bbox 338 2792 1930 2867; baseline 0 -13"><span class='ocrx_word' id='word_1_336' title='bbox 338 2800 524 2854; x_wconf 89' lang='lat' dir='ltr'><strong><em>branas</em></strong></span> <span class='ocrx_word' id='word_1_337' title='bbox 548 2792 673 2853; x_wconf 80' lang='lat' dir='ltr'><strong><em>istas</em></strong></span> <span class='ocrx_word' id='word_1_338' title='bbox 698 2837 713 2863; x_wconf 94' lang='lat'><strong><em>,</em></strong></span> <span class='ocrx_word' id='word_1_339' title='bbox 745 2796 926 2867; x_wconf 83' lang='lat' dir='ltr'><strong><em>quibus</em></strong></span> <span class='ocrx_word' id='word_1_340' title='bbox 969 2796 1083 2853; x_wconf 88' lang='lat' dir='ltr'><strong><em>licet</em></strong></span> <span class='ocrx_word' id='word_1_341' title='bbox 1112 2814 1218 2853; x_wconf 88' lang='lat' dir='ltr'><strong><em>esse</em></strong></span> <span class='ocrx_word' id='word_1_342' title='bbox 1264 2809 1368 2852; x_wconf 89' lang='lat' dir='ltr'><strong><em>tam</em></strong></span> <span class='ocrx_word' id='word_1_343' title='bbox 1411 2798 1587 2855; x_wconf 87' lang='lat' dir='ltr'><strong><em>beatis.</em></strong></span> <span class='ocrx_word' id='word_1_344' title='bbox 1625 2799 1789 2857; x_wconf 89' lang='lat' dir='ltr'><strong><em>Nobis</em></strong></span> <span class='ocrx_word' id='word_1_345' title='bbox 1815 2814 1930 2855; x_wconf 89' lang='lat' dir='ltr'><strong><em>vero</em></strong></span> 
     </span>
    </p>
   </div>
   <div class='ocr_carea' id='block_1_43' title="bbox 335 2889 1932 2967">
    <p class='ocr_par' dir='ltr' id='par_1_43' title="bbox 335 2889 1932 2967">
     <span class='ocr_line' id='line_1_43' title="bbox 335 2889 1932 2967; baseline 0.001 -20"><span class='ocrx_word' id='word_1_346' title='bbox 335 2908 445 2947; x_wconf 88' lang='lat' dir='ltr'><strong><em>sese</em></strong></span> <span class='ocrx_word' id='word_1_347' title='bbox 463 2890 644 2945; x_wconf 85' lang='lat' dir='ltr'><strong><em>obtulit</em></strong></span> <span class='ocrx_word' id='word_1_348' title='bbox 662 2890 872 2961; x_wconf 87' lang='lat' dir='ltr'><strong><em>insignis</em></strong></span> <span class='ocrx_word' id='word_1_349' title='bbox 896 2889 1071 2947; x_wconf 71' lang='lat' dir='ltr'><strong><em>Codex</em></strong></span> <span class='ocrx_word' id='word_1_350' title='bbox 1094 2891 1536 2962; x_wconf 73' lang='lat' dir='ltr'><strong><em>Metnbranaceus,</em></strong></span> <span class='ocrx_word' id='word_1_351' title='bbox 1559 2895 1613 2949; x_wconf 85' lang='lat' dir='ltr'><strong><em>in</em></strong></span> <span class='ocrx_word' id='word_1_352' title='bbox 1636 2911 1735 2967; x_wconf 88' lang='lat' dir='ltr'><strong><em>quo</em></strong></span> <span class='ocrx_word' id='word_1_353' title='bbox 1754 2904 1932 2966; x_wconf 73' lang='lat' dir='ltr'><strong><em>prseter</em></strong></span> 
     </span>
    </p>
   </div>
   <div class='ocr_carea' id='block_1_44' title="bbox 338 2982 1931 3059">
    <p class='ocr_par' dir='ltr' id='par_1_44' title="bbox 338 2982 1931 3059">
     <span class='ocr_line' id='line_1_44' title="bbox 338 2982 1931 3059; baseline 0.003 -21"><span class='ocrx_word' id='word_1_354' title='bbox 338 2987 475 3039; x_wconf 88' lang='lat' dir='ltr'><strong><em>hunc</em></strong></span> <span class='ocrx_word' id='word_1_355' title='bbox 517 2984 746 3040; x_wconf 90' lang='lat' dir='ltr'><strong><em>libellum</em></strong></span> <span class='ocrx_word' id='word_1_356' title='bbox 790 2985 1011 3055; x_wconf 88' lang='lat' dir='ltr'><strong><em>plurima</em></strong></span> <span class='ocrx_word' id='word_1_357' title='bbox 1042 2982 1407 3043; x_wconf 73' lang='lat' dir='ltr'><strong><em>Ten&#39;rvLLuNt</em></strong></span> <span class='ocrx_word' id='word_1_358' title='bbox 1449 2989 1639 3059; x_wconf 88' lang='lat' dir='ltr'><strong><em>scripta</em></strong></span> <span class='ocrx_word' id='word_1_359' title='bbox 1666 2990 1931 3044; x_wconf 88' lang='lat' dir='ltr'><strong><em>continen-</em></strong></span> 
     </span>
    </p>
   </div>
   <div class='ocr_carea' id='block_1_45' title="bbox 336 3077 1933 3148">
    <p class='ocr_par' dir='ltr' id='par_1_45' title="bbox 336 3077 1933 3148">
     <span class='ocr_line' id='line_1_45' title="bbox 336 3077 1933 3148; baseline 0.003 -16"><span class='ocrx_word' id='word_1_360' title='bbox 336 3087 441 3132; x_wconf 87' lang='lat' dir='ltr'><strong><em>tur.</em></strong></span> <span class='ocrx_word' id='word_1_361' title='bbox 470 3077 699 3148; x_wconf 79' lang='lat' dir='ltr'><strong><em>Occupat</em></strong></span> <span class='ocrx_word' id='word_1_362' title='bbox 720 3078 812 3134; x_wconf 61' lang='grc' dir='ltr'><strong><em>ιιι.</em></strong></span> <span class='ocrx_word' id='word_1_363' title='bbox 854 3080 1129 3134; x_wconf 85' lang='lat' dir='ltr'><strong><em>secundum</em></strong></span> <span class='ocrx_word' id='word_1_364' title='bbox 1155 3081 1288 3135; x_wconf 88' lang='lat' dir='ltr'><strong><em>inter</em></strong></span> <span class='ocrx_word' id='word_1_365' title='bbox 1319 3079 1486 3137; x_wconf 76' lang='lat' dir='ltr'><strong><em>MSS.</em></strong></span> <span class='ocrx_word' id='word_1_366' title='bbox 1531 3083 1933 3137; x_wconf 79' lang='lat' dir='ltr'><strong><em>instructissima:</em></strong></span> 
     </span>
    </p>
   </div>
   <div class='ocr_carea' id='block_1_46' title="bbox 339 3170 1926 3253">
    <p class='ocr_par' dir='ltr' id='par_1_46' title="bbox 339 3170 1926 3253">
     <span class='ocr_line' id='line_1_46' title="bbox 339 3170 1926 3253; baseline 0.004 -27"><span class='ocrx_word' id='word_1_367' title='bbox 339 3170 654 3227; x_wconf 73' lang='lat' dir='ltr'><strong><em>bibliotheca:</em></strong></span> <span class='ocrx_word' id='word_1_368' title='bbox 682 3170 1174 3244; x_wconf 58' lang='lat' dir='ltr'><strong><em>LugdunooBatara:</em></strong></span> <span class='ocrx_word' id='word_1_369' title='bbox 1202 3176 1367 3229; x_wconf 89' lang='lat' dir='ltr'><strong><em>locum</em></strong></span> <span class='ocrx_word' id='word_1_370' title='bbox 1388 3217 1404 3240; x_wconf 89' lang='lat'><strong><em>,</em></strong></span> <span class='ocrx_word' id='word_1_371' title='bbox 1432 3176 1616 3249; x_wconf 87' lang='lat' dir='ltr'><strong><em>ibique,</em></strong></span> <span class='ocrx_word' id='word_1_372' title='bbox 1652 3194 1774 3253; x_wconf 84' lang='lat' dir='ltr'><strong><em>pag.</em></strong></span> <span class='ocrx_word' id='word_1_373' title='bbox 1801 3176 1926 3234; x_wconf 70' lang='grc'><strong><em>524.</em></strong></span> 
     </span>
    </p>
   </div>
   <div class='ocr_carea' id='block_1_47' title="bbox 338 3266 1931 3335">
    <p class='ocr_par' dir='ltr' id='par_1_47' title="bbox 338 3266 1931 3335">
     <span class='ocr_line' id='line_1_47' title="bbox 338 3266 1931 3335; baseline 0.004 -16"><span class='ocrx_word' id='word_1_374' title='bbox 338 3273 644 3321; x_wconf 83' lang='lat' dir='ltr'><strong><em>recensetur.</em></strong></span> <span class='ocrx_word' id='word_1_375' title='bbox 677 3266 836 3335; x_wconf 81' lang='lat' dir='ltr'><strong><em>Quem</em></strong></span> <span class='ocrx_word' id='word_1_376' title='bbox 872 3268 1000 3321; x_wconf 89' lang='lat' dir='ltr'><strong><em>sicut</em></strong></span> <span class='ocrx_word' id='word_1_377' title='bbox 1032 3266 1178 3323; x_wconf 87' lang='lat' dir='ltr'><strong><em>valde</em></strong></span> <span class='ocrx_word' id='word_1_378' title='bbox 1224 3277 1436 3323; x_wconf 86' lang='lat' dir='ltr'><strong><em>veterem</em></strong></span> <span class='ocrx_word' id='word_1_379' title='bbox 1467 3287 1688 3326; x_wconf 85' lang='lat' dir='ltr'><strong><em>asserere</em></strong></span> <span class='ocrx_word' id='word_1_380' title='bbox 1714 3288 1813 3325; x_wconf 90' lang='lat' dir='ltr'><strong><em>non</em></strong></span> <span class='ocrx_word' id='word_1_381' title='bbox 1835 3287 1931 3325; x_wconf 88' lang='lat' dir='ltr'><strong><em>au-</em></strong></span> 
     </span>
    </p>
   </div>
   <div class='ocr_carea' id='block_1_48' title="bbox 339 3356 1928 3430">
    <p class='ocr_par' dir='ltr' id='par_1_48' title="bbox 339 3356 1928 3430">
     <span class='ocr_line' id='line_1_48' title="bbox 339 3356 1928 3430; baseline 0.004 -21"><span class='ocrx_word' id='word_1_382' title='bbox 339 3356 538 3424; x_wconf 88' lang='lat' dir='ltr'><strong><em>demus,</em></strong></span> <span class='ocrx_word' id='word_1_383' title='bbox 567 3366 736 3413; x_wconf 84' lang='lat' dir='ltr'><strong><em>tanten</em></strong></span> <span class='ocrx_word' id='word_1_384' title='bbox 763 3374 825 3412; x_wconf 80' lang='lat' dir='ltr'><strong><em>ea:</em></strong></span> <span class='ocrx_word' id='word_1_385' title='bbox 846 3358 1038 3430; x_wconf 86' lang='lat' dir='ltr'><strong><em>optimo</em></strong></span> <span class='ocrx_word' id='word_1_386' title='bbox 1068 3368 1113 3413; x_wconf 91' lang='lat' dir='ltr'><strong><em>et</em></strong></span> <span class='ocrx_word' id='word_1_387' title='bbox 1140 3362 1474 3415; x_wconf 88' lang='lat' dir='ltr'><strong><em>vetustissimo</em></strong></span> <span class='ocrx_word' id='word_1_388' title='bbox 1496 3378 1603 3416; x_wconf 90' lang='lat' dir='ltr'><strong><em>esse</em></strong></span> <span class='ocrx_word' id='word_1_389' title='bbox 1626 3364 1928 3427; x_wconf 81' lang='lat' dir='ltr'><strong><em>derivatum,</em></strong></span> 
     </span>
    </p>
   </div>
   <div class='ocr_carea' id='block_1_49' title="bbox 337 3449 1930 3525">
    <p class='ocr_par' dir='ltr' id='par_1_49' title="bbox 337 3449 1930 3525">
     <span class='ocr_line' id='line_1_49' title="bbox 337 3449 1930 3525; baseline 0.004 -24"><span class='ocrx_word' id='word_1_390' title='bbox 337 3449 484 3504; x_wconf 85' lang='lat' dir='ltr'><strong><em>nobis</em></strong></span> <span class='ocrx_word' id='word_1_391' title='bbox 537 3451 910 3522; x_wconf 81' lang='lat' dir='ltr'><strong><em>conferentibus</em></strong></span> <span class='ocrx_word' id='word_1_392' title='bbox 942 3451 1135 3525; x_wconf 84' lang='lat' dir='ltr'><strong><em>liquido</em></strong></span> <span class='ocrx_word' id='word_1_393' title='bbox 1186 3454 1499 3521; x_wconf 81' lang='lat' dir='ltr'><strong><em>constitisse,</em></strong></span> <span class='ocrx_word' id='word_1_394' title='bbox 1546 3464 1593 3509; x_wconf 87' lang='lat' dir='ltr'><strong><em>et</em></strong></span> <span class='ocrx_word' id='word_1_395' title='bbox 1631 3470 1751 3510; x_wconf 88' lang='lat' dir='ltr'><strong><em>cum</em></strong></span> <span class='ocrx_word' id='word_1_396' title='bbox 1798 3453 1930 3509; x_wconf 82' lang='lat' dir='ltr'><strong><em>Ful-</em></strong></span> 
     </span>
    </p>
   </div>
   <div class='ocr_carea' id='block_1_50' title="bbox 336 3536 1927 3613">
    <p class='ocr_par' dir='ltr' id='par_1_50' title="bbox 336 3536 1927 3613">
     <span class='ocr_line' id='line_1_50' title="bbox 336 3536 1927 3613; baseline 0.004 -19"><span class='ocrx_word' id='word_1_397' title='bbox 336 3540 484 3596; x_wconf 88' lang='lat' dir='ltr'><strong><em>densi</em></strong></span> <span class='ocrx_word' id='word_1_398' title='bbox 509 3536 730 3612; x_wconf 75' lang='lat' dir='ltr'><strong><em>aliisque</em></strong></span> <span class='ocrx_word' id='word_1_399' title='bbox 754 3542 957 3613; x_wconf 87' lang='lat' dir='ltr'><strong><em>optimis</em></strong></span> <span class='ocrx_word' id='word_1_400' title='bbox 977 3544 1029 3598; x_wconf 91' lang='lat' dir='ltr'><strong><em>in</em></strong></span> <span class='ocrx_word' id='word_1_401' title='bbox 1058 3544 1229 3599; x_wconf 88' lang='lat' dir='ltr'><strong><em>multis</em></strong></span> <span class='ocrx_word' id='word_1_402' title='bbox 1243 3547 1527 3613; x_wconf 90' lang='lat' dir='ltr'><strong><em>convenire,</em></strong></span> <span class='ocrx_word' id='word_1_403' title='bbox 1557 3562 1927 3601; x_wconf 86' lang='lat' dir='ltr'><strong><em>asseveramus.</em></strong></span> 
     </span>
    </p>
   </div>
   <div class='ocr_carea' id='block_1_51' title="bbox 412 3635 1936 3711">
    <p class='ocr_par' dir='ltr' id='par_1_51' title="bbox 412 3635 1936 3711">
     <span class='ocr_line' id='line_1_51' title="bbox 412 3635 1936 3711; baseline 0.002 -19"><span class='ocrx_word' id='word_1_404' title='bbox 412 3635 535 3692; x_wconf 82' lang='lat' dir='ltr'><strong><em>Non</em></strong></span> <span class='ocrx_word' id='word_1_405' title='bbox 576 3638 714 3692; x_wconf 86' lang='lat' dir='ltr'><strong><em>enim</em></strong></span> <span class='ocrx_word' id='word_1_406' title='bbox 752 3647 877 3708; x_wconf 83' lang='lat' dir='ltr'><strong><em>pulo</em></strong></span> <span class='ocrx_word' id='word_1_407' title='bbox 919 3654 1137 3709; x_wconf 82' lang='lat' dir='ltr'><strong><em>usquam</em></strong></span> <span class='ocrx_word' id='word_1_408' title='bbox 1192 3647 1445 3695; x_wconf 84' lang='lat' dir='ltr'><strong><em>terrarum</em></strong></span> <span class='ocrx_word' id='word_1_409' title='bbox 1486 3639 1684 3711; x_wconf 80' lang='lat' dir='ltr'><strong><em>aliquos</em></strong></span> <span class='ocrx_word' id='word_1_410' title='bbox 1738 3650 1936 3696; x_wconf 71' lang='lat' dir='ltr'><strong><em>exstare</em></strong></span> 
     </span>
    </p>
   </div>
   <div class='ocr_carea' id='block_1_52' title="bbox 336 3722 1935 3804">
    <p class='ocr_par' dir='ltr' id='par_1_52' title="bbox 336 3722 1935 3804">
     <span class='ocr_line' id='line_1_52' title="bbox 336 3722 1935 3804; baseline -0.001 -17"><span class='ocrx_word' id='word_1_411' title='bbox 336 3722 548 3787; x_wconf 80' lang='lat' dir='ltr'><strong><em>Codices</em></strong></span> <span class='ocrx_word' id='word_1_412' title='bbox 575 3729 728 3801; x_wconf 83' lang='lat' dir='ltr'><strong><em>hujus</em></strong></span> <span class='ocrx_word' id='word_1_413' title='bbox 754 3731 1134 3798; x_wconf 77' lang='lat' dir='ltr'><strong><em>APOLOGETICI,</em></strong></span> <span class='ocrx_word' id='word_1_414' title='bbox 1160 3733 1248 3801; x_wconf 88' lang='lat' dir='ltr'><strong><em>qui</em></strong></span> <span class='ocrx_word' id='word_1_415' title='bbox 1276 3748 1389 3787; x_wconf 85' lang='lat' dir='ltr'><strong><em>cum</em></strong></span> <span class='ocrx_word' id='word_1_416' title='bbox 1418 3733 1533 3799; x_wconf 87' lang='lat' dir='ltr'><strong><em>illo,</em></strong></span> <span class='ocrx_word' id='word_1_417' title='bbox 1564 3732 1654 3800; x_wconf 86' lang='lat' dir='ltr'><strong><em>qui</em></strong></span> <span class='ocrx_word' id='word_1_418' title='bbox 1676 3734 1935 3804; x_wconf 77' lang='lat' dir='ltr'><strong><em>quondam</em></strong></span> 
     </span>
    </p>
   </div>
   <div class='ocr_carea' id='block_1_53' title="bbox 334 3819 1936 3895">
    <p class='ocr_par' dir='ltr' id='par_1_53' title="bbox 334 3819 1936 3895">
     <span class='ocr_line' id='line_1_53' title="bbox 334 3819 1936 3895; baseline 0.002 -20"><span class='ocrx_word' id='word_1_419' title='bbox 334 3822 393 3876; x_wconf 89' lang='lat' dir='ltr'><strong><em>in</em></strong></span> <span class='ocrx_word' id='word_1_420' title='bbox 417 3819 729 3885; x_wconf 65' lang='lat' dir='ltr'><strong><em>Bibliotheca</em></strong></span> <span class='ocrx_word' id='word_1_421' title='bbox 753 3820 1004 3877; x_wconf 76' lang='lat' dir='ltr'><strong><em>Fuldensi</em></strong></span> <span class='ocrx_word' id='word_1_422' title='bbox 1043 3824 1159 3893; x_wconf 81' lang='lat' dir='ltr'><strong><em>fuit,</em></strong></span> <span class='ocrx_word' id='word_1_423' title='bbox 1188 3822 1540 3895; x_wconf 86' lang='lat' dir='ltr'><strong><em>singularitate</em></strong></span> <span class='ocrx_word' id='word_1_424' title='bbox 1565 3834 1611 3879; x_wconf 91' lang='lat' dir='ltr'><strong><em>et</em></strong></span> <span class='ocrx_word' id='word_1_425' title='bbox 1636 3825 1936 3895; x_wconf 75' lang='lat' dir='ltr'><strong><em>pt&#39;wslantia</em></strong></span> 
     </span>
    </p>
   </div>
   <div class='ocr_carea' id='block_1_54' title="bbox 337 3905 1935 3988">
    <p class='ocr_par' dir='ltr' id='par_1_54' title="bbox 337 3905 1935 3988">
     <span class='ocr_line' id='line_1_54' title="bbox 337 3905 1935 3988; baseline 0.001 -20"><span class='ocrx_word' id='word_1_426' title='bbox 337 3914 627 3984; x_wconf 88' lang='lat' dir='ltr'><strong><em>comparari</em></strong></span> <span class='ocrx_word' id='word_1_427' title='bbox 652 3915 827 3985; x_wconf 89' lang='lat' dir='ltr'><strong><em>possit.</em></strong></span> <span class='ocrx_word' id='word_1_428' title='bbox 859 3912 1029 3988; x_wconf 86' lang='lat' dir='ltr'><strong><em>Ilujus</em></strong></span> <span class='ocrx_word' id='word_1_429' title='bbox 1051 3915 1251 3971; x_wconf 86' lang='lat' dir='ltr'><strong><em>Codicis</em></strong></span> <span class='ocrx_word' id='word_1_430' title='bbox 1281 3914 1547 3971; x_wconf 87' lang='lat' dir='ltr'><strong><em>Lectiones</em></strong></span> <span class='ocrx_word' id='word_1_431' title='bbox 1578 3905 1845 3971; x_wconf 77' lang='lat' dir='ltr'><strong><em>Variantes</em></strong></span> <span class='ocrx_word' id='word_1_432' title='bbox 1866 3916 1935 3970; x_wconf 90' lang='lat' dir='ltr'><strong><em>ad</em></strong></span> 
     </span>
    </p>
   </div>
   <div class='ocr_carea' id='block_1_55' title="bbox 336 4005 1931 4080">
    <p class='ocr_par' dir='ltr' id='par_1_55' title="bbox 336 4005 1931 4080">
     <span class='ocr_line' id='line_1_55' title="bbox 336 4005 1931 4080; baseline 0.001 -19"><span class='ocrx_word' id='word_1_433' title='bbox 336 4005 601 4078; x_wconf 70' lang='lat' dir='ltr'><strong><em>exemplar</em></strong></span> <span class='ocrx_word' id='word_1_434' title='bbox 619 4007 754 4078; x_wconf 91' lang='lat' dir='ltr'><strong><em>quod</em></strong></span> <span class='ocrx_word' id='word_1_435' title='bbox 805 4006 1029 4061; x_wconf 79' lang='lat' dir='ltr'><strong><em>Michael</em></strong></span> <span class='ocrx_word' id='word_1_436' title='bbox 1068 4008 1311 4064; x_wconf 84' lang='lat' dir='ltr'><strong><em>Julianus</em></strong></span> <span class='ocrx_word' id='word_1_437' title='bbox 1338 4010 1461 4080; x_wconf 90' lang='lat' dir='ltr'><strong><em>(non</em></strong></span> <span class='ocrx_word' id='word_1_438' title='bbox 1491 4026 1606 4064; x_wconf 83' lang='lat' dir='ltr'><strong><em>vero</em></strong></span> <span class='ocrx_word' id='word_1_439' title='bbox 1633 4019 1689 4064; x_wconf 89' lang='lat' dir='ltr'><strong><em>ut</em></strong></span> <span class='ocrx_word' id='word_1_440' title='bbox 1717 4010 1931 4075; x_wconf 70' lang='lat' dir='ltr'><strong><em>meus,</em></strong></span> 
     </span>
    </p>
   </div>
   <div class='ocr_carea' id='block_1_56' title="bbox 336 4096 1937 4170">
    <p class='ocr_par' dir='ltr' id='par_1_56' title="bbox 336 4096 1937 4170">
     <span class='ocr_line' id='line_1_56' title="bbox 336 4096 1937 4170; baseline 0.004 -19"><span class='ocrx_word' id='word_1_441' title='bbox 336 4098 428 4168; x_wconf 89' lang='lat' dir='ltr'><strong><em>qui</em></strong></span> <span class='ocrx_word' id='word_1_442' title='bbox 451 4098 598 4152; x_wconf 83' lang='lat' dir='ltr'><strong><em>illaut</em></strong></span> <span class='ocrx_word' id='word_1_443' title='bbox 638 4096 908 4154; x_wconf 79' lang='lat' dir='ltr'><strong><em>editionem</em></strong></span> <span class='ocrx_word' id='word_1_444' title='bbox 934 4140 950 4166; x_wconf 92' lang='lat'><strong><em>,</em></strong></span> <span class='ocrx_word' id='word_1_445' title='bbox 992 4115 1106 4170; x_wconf 77' lang='lat' dir='ltr'><strong><em>qua:</em></strong></span> <span class='ocrx_word' id='word_1_446' title='bbox 1133 4100 1250 4155; x_wconf 86' lang='lat' dir='ltr'><strong><em>hinc</em></strong></span> <span class='ocrx_word' id='word_1_447' title='bbox 1294 4119 1327 4154; x_wconf 87' lang='lat' dir='ltr'><strong><em>a</em></strong></span> <span class='ocrx_word' id='word_1_448' title='bbox 1355 4101 1497 4156; x_wconf 88' lang='lat' dir='ltr'><strong><em>nobis</em></strong></span> <span class='ocrx_word' id='word_1_449' title='bbox 1522 4103 1673 4156; x_wconf 88' lang='lat' dir='ltr'><strong><em>etiam</em></strong></span> <span class='ocrx_word' id='word_1_450' title='bbox 1701 4102 1937 4158; x_wconf 84' lang='lat' dir='ltr'><strong><em>accurate</em></strong></span> 
     </span>
    </p>
   </div>
   <div class='ocr_carea' id='block_1_57' title="bbox 242 4180 1937 4263">
    <p class='ocr_par' dir='ltr' id='par_1_57' title="bbox 242 4180 1937 4263">
     <span class='ocr_line' id='line_1_57' title="bbox 242 4180 1937 4263; baseline 0.004 -18"><span class='ocrx_word' id='word_1_451' title='bbox 242 4238 258 4252; x_wconf 84' lang='grc'><strong><em>,</em></strong></span> <span class='ocrx_word' id='word_1_452' title='bbox 336 4202 413 4246; x_wconf 87' lang='lat' dir='ltr'><strong><em>est</em></strong></span> <span class='ocrx_word' id='word_1_453' title='bbox 439 4192 687 4247; x_wconf 84' lang='lat' dir='ltr'><strong><em>recensita</em></strong></span> <span class='ocrx_word' id='word_1_454' title='bbox 708 4234 722 4259; x_wconf 91' lang='lat'><strong><em>,</em></strong></span> <span class='ocrx_word' id='word_1_455' title='bbox 751 4210 853 4248; x_wconf 91' lang='lat' dir='ltr'><strong><em>non</em></strong></span> <span class='ocrx_word' id='word_1_456' title='bbox 880 4194 1132 4263; x_wconf 74' lang='lat' dir='ltr'><strong><em>inspexit,</em></strong></span> <span class='ocrx_word' id='word_1_457' title='bbox 1165 4194 1337 4249; x_wconf 89' lang='lat' dir='ltr'><strong><em>scribit</em></strong></span> <span class='ocrx_word' id='word_1_458' title='bbox 1362 4237 1377 4259; x_wconf 90' lang='lat'><strong><em>,</em></strong></span> <span class='ocrx_word' id='word_1_459' title='bbox 1412 4180 1660 4252; x_wconf 55' lang='lat' dir='ltr'><strong><em>[mu/laus</em></strong></span> <span class='ocrx_word' id='word_1_460' title='bbox 1688 4196 1937 4252; x_wconf 59' lang='lat' dir='ltr'><strong><em>Leonem-</em></strong></span> 
     </span>
    </p>
   </div>
   <div class='ocr_carea' id='block_1_58' title="bbox 238 4284 1936 4357">
    <p class='ocr_par' dir='ltr' id='par_1_58' title="bbox 238 4284 1936 4357">
     <span class='ocr_line' id='line_1_58' title="bbox 238 4284 1936 4357; baseline 0.002 -16"><span class='ocrx_word' id='word_1_461' title='bbox 238 4285 249 4293; x_wconf 86' lang='grc'><strong>’</strong></span> <span class='ocrx_word' id='word_1_462' title='bbox 337 4284 478 4357; x_wconf 82' lang='lat' dir='ltr'><strong><em>&#39;rws)</em></strong></span> <span class='ocrx_word' id='word_1_463' title='bbox 509 4284 723 4341; x_wconf 75' lang='lat' dir='ltr'><strong><em>Lutetia:</em></strong></span> <span class='ocrx_word' id='word_1_464' title='bbox 743 4285 1062 4343; x_wconf 88' lang='lat' dir='ltr'><strong><em>Parisiorum</em></strong></span> <span class='ocrx_word' id='word_1_465' title='bbox 1084 4289 1232 4343; x_wconf 83' lang='lat' dir='ltr'><strong><em>Auno</em></strong></span> <span class='ocrx_word' id='word_1_466' title='bbox 1257 4305 1500 4344; x_wconf 75' lang='lat' dir='ltr'><strong><em>uanxx.</em></strong></span> <span class='ocrx_word' id='word_1_467' title='bbox 1544 4291 1765 4344; x_wconf 62' lang='lat' dir='ltr'><strong><em>“anno</em></strong></span> <span class='ocrx_word' id='word_1_468' title='bbox 1796 4289 1936 4345; x_wconf 77' lang='lat' dir='ltr'><strong><em>LAU-</em></strong></span> 
     </span>
    </p>
   </div>
   <div class='ocr_carea' id='block_1_59' title="bbox 340 4380 1936 4452">
    <p class='ocr_par' dir='ltr' id='par_1_59' title="bbox 340 4380 1936 4452">
     <span class='ocr_line' id='line_1_59' title="bbox 340 4380 1936 4452; baseline 0.001 -16"><span class='ocrx_word' id='word_1_469' title='bbox 340 4395 535 4436; x_wconf 69' lang='lat' dir='ltr'><strong><em>nau&#39;no</em></strong></span> <span class='ocrx_word' id='word_1_470' title='bbox 560 4380 797 4437; x_wconf 66' lang='lat' dir='ltr'><strong><em>Bursam</em></strong></span> <span class='ocrx_word' id='word_1_471' title='bbox 824 4392 1029 4436; x_wconf 87' lang='lat' dir='ltr'><strong><em>auctore</em></strong></span> <span class='ocrx_word' id='word_1_472' title='bbox 1054 4382 1233 4449; x_wconf 86' lang='lat' dir='ltr'><strong><em>edidit,</em></strong></span> <span class='ocrx_word' id='word_1_473' title='bbox 1263 4382 1601 4452; x_wconf 86' lang='lat' dir='ltr'><strong><em>adscripserat</em></strong></span> <span class='ocrx_word' id='word_1_474' title='bbox 1626 4382 1936 4437; x_wconf 63' lang='lat' dir='ltr'><strong><em>Francis-cus</em></strong></span> 
     </span>
    </p>
   </div>
   <div class='ocr_carea' id='block_1_60' title="bbox 341 4471 1935 4547">
    <p class='ocr_par' dir='ltr' id='par_1_60' title="bbox 341 4471 1935 4547">
     <span class='ocr_line' id='line_1_60' title="bbox 341 4471 1935 4547; baseline 0.003 -20"><span class='ocrx_word' id='word_1_475' title='bbox 341 4472 555 4527; x_wconf 77' lang='lat' dir='ltr'><strong><em>Modius</em></strong></span> <span class='ocrx_word' id='word_1_476' title='bbox 582 4471 861 4544; x_wconf 86' lang='lat' dir='ltr'><strong><em>Brugensis</em></strong></span> <span class='ocrx_word' id='word_1_477' title='bbox 886 4516 901 4541; x_wconf 89' lang='lat'><strong><em>,</em></strong></span> <span class='ocrx_word' id='word_1_478' title='bbox 928 4475 1004 4529; x_wconf 87' lang='lat' dir='ltr'><strong><em>vir</em></strong></span> <span class='ocrx_word' id='word_1_479' title='bbox 1031 4475 1448 4546; x_wconf 85' lang='lat' dir='ltr'><strong><em>diligentissimus</em></strong></span> <span class='ocrx_word' id='word_1_480' title='bbox 1477 4477 1935 4547; x_wconf 86' lang='lat' dir='ltr'><strong><em>doctissimusque;</em></strong></span> 
     </span>
    </p>
   </div>
   <div class='ocr_carea' id='block_1_61' title="bbox 340 4566 1935 4645">
    <p class='ocr_par' dir='ltr' id='par_1_61' title="bbox 340 4566 1935 4645">
     <span class='ocr_line' id='line_1_61' title="bbox 340 4566 1935 4645; baseline 0.002 -26"><span class='ocrx_word' id='word_1_481' title='bbox 340 4582 455 4636; x_wconf 75' lang='lat' dir='ltr'><strong><em>qua:</em></strong></span> <span class='ocrx_word' id='word_1_482' title='bbox 478 4584 591 4620; x_wconf 87' lang='lat' dir='ltr'><strong><em>cum</em></strong></span> <span class='ocrx_word' id='word_1_483' title='bbox 634 4576 807 4635; x_wconf 87' lang='lat' dir='ltr'><strong><em>postea</em></strong></span> <span class='ocrx_word' id='word_1_484' title='bbox 833 4567 885 4621; x_wconf 90' lang='lat' dir='ltr'><strong><em>in</em></strong></span> <span class='ocrx_word' id='word_1_485' title='bbox 914 4566 1160 4639; x_wconf 79' lang='lat' dir='ltr'><strong><em>Casparis</em></strong></span> <span class='ocrx_word' id='word_1_486' title='bbox 1200 4568 1431 4645; x_wconf 81' lang='lat' dir='ltr'><strong><em>Scioppii</em></strong></span> <span class='ocrx_word' id='word_1_487' title='bbox 1470 4585 1651 4623; x_wconf 70' lang='lat' dir='ltr'><strong><em>manus</em></strong></span> <span class='ocrx_word' id='word_1_488' title='bbox 1677 4570 1935 4639; x_wconf 78' lang='lat' dir='ltr'><strong><em>pervenis-</em></strong></span> 
     </span>
    </p>
   </div>
   <div class='ocr_carea' id='block_1_62' title="bbox 341 4660 1935 4743">
    <p class='ocr_par' dir='ltr' id='par_1_62' title="bbox 341 4660 1935 4743">
     <span class='ocr_line' id='line_1_62' title="bbox 341 4660 1935 4743; baseline 0.001 -29"><span class='ocrx_word' id='word_1_489' title='bbox 341 4670 472 4725; x_wconf 88' lang='lat' dir='ltr'><strong><em>sent,</em></strong></span> <span class='ocrx_word' id='word_1_490' title='bbox 503 4660 567 4714; x_wconf 87' lang='lat' dir='ltr'><strong><em>ab</em></strong></span> <span class='ocrx_word' id='word_1_491' title='bbox 588 4661 677 4743; x_wconf 69' lang='lat' dir='ltr'><strong><em>illo</em></strong></span> <span class='ocrx_word' id='word_1_492' title='bbox 707 4661 773 4716; x_wconf 86' lang='lat' dir='ltr'><strong><em>ad</em></strong></span> <span class='ocrx_word' id='word_1_493' title='bbox 793 4660 992 4716; x_wconf 73' lang='lat' dir='ltr'><strong><em>Jvnwn</em></strong></span> <span class='ocrx_word' id='word_1_494' title='bbox 1022 4671 1138 4716; x_wconf 89' lang='lat' dir='ltr'><strong><em>sunt</em></strong></span> <span class='ocrx_word' id='word_1_495' title='bbox 1164 4663 1490 4737; x_wconf 82' lang='lat' dir='ltr'><strong><em>transmissce.</em></strong></span> <span class='ocrx_word' id='word_1_496' title='bbox 1524 4662 1630 4718; x_wconf 80' lang='lat' dir='ltr'><strong><em>Sed</em></strong></span> <span class='ocrx_word' id='word_1_497' title='bbox 1656 4677 1810 4732; x_wconf 74' lang='lat' dir='ltr'><strong><em>quam</em></strong></span> <span class='ocrx_word' id='word_1_498' title='bbox 1832 4670 1935 4729; x_wconf 75' lang='lat' dir='ltr'><strong><em>tota</em></strong></span> 
     </span>
    </p>
   </div>
   <div class='ocr_carea' id='block_1_63' title="bbox 334 4752 1933 4825">
    <p class='ocr_par' dir='ltr' id='par_1_63' title="bbox 334 4752 1933 4825">
     <span class='ocr_line' id='line_1_63' title="bbox 334 4752 1933 4825; baseline 0 -18"><span class='ocrx_word' id='word_1_499' title='bbox 334 4753 447 4825; x_wconf 90' lang='lat' dir='ltr'><strong><em>jam</em></strong></span> <span class='ocrx_word' id='word_1_500' title='bbox 475 4753 727 4808; x_wconf 89' lang='lat' dir='ltr'><strong><em>adornata</em></strong></span> <span class='ocrx_word' id='word_1_501' title='bbox 752 4765 877 4808; x_wconf 82' lang='lat' dir='ltr'><strong><em>esset</em></strong></span> <span class='ocrx_word' id='word_1_502' title='bbox 904 4755 1013 4825; x_wconf 87' lang='lat' dir='ltr'><strong><em>ejus</em></strong></span> <span class='ocrx_word' id='word_1_503' title='bbox 1050 4753 1228 4822; x_wconf 90' lang='lat' dir='ltr'><strong><em>editio,</em></strong></span> <span class='ocrx_word' id='word_1_504' title='bbox 1259 4753 1441 4808; x_wconf 76' lang='lat' dir='ltr'><strong><em>abillo</em></strong></span> <span class='ocrx_word' id='word_1_505' title='bbox 1467 4754 1535 4807; x_wconf 93' lang='lat' dir='ltr'><strong><em>ad</em></strong></span> <span class='ocrx_word' id='word_1_506' title='bbox 1560 4754 1756 4807; x_wconf 83' lang='lat' dir='ltr'><strong><em>calcem</em></strong></span> <span class='ocrx_word' id='word_1_507' title='bbox 1784 4752 1933 4810; x_wconf 69' lang='lat' dir='ltr'><strong><em>Ten-</em></strong></span> 
     </span>
    </p>
   </div>
   <div class='ocr_carea' id='block_1_64' title="bbox 228 4844 1934 4915">
    <p class='ocr_par' dir='ltr' id='par_1_64' title="bbox 228 4844 1934 4915">
     <span class='ocr_line' id='line_1_64' title="bbox 228 4844 1934 4915; baseline -0.001 -14"><span class='ocrx_word' id='word_1_508' title='bbox 228 4881 239 4888; x_wconf 81' lang='lat'><strong>-</strong></span> <span class='ocrx_word' id='word_1_509' title='bbox 341 4861 715 4902; x_wconf 73' lang='lat' dir='ltr'><strong><em>TULLIANARUI</em></strong></span> <span class='ocrx_word' id='word_1_510' title='bbox 744 4863 953 4901; x_wconf 88' lang='lat' dir='ltr'><strong><em>suarum</em></strong></span> <span class='ocrx_word' id='word_1_511' title='bbox 982 4858 1221 4900; x_wconf 89' lang='lat' dir='ltr'><strong><em>notarum</em></strong></span> <span class='ocrx_word' id='word_1_512' title='bbox 1261 4846 1356 4915; x_wconf 88' lang='lat' dir='ltr'><strong><em>fuit</em></strong></span> <span class='ocrx_word' id='word_1_513' title='bbox 1379 4846 1589 4915; x_wconf 89' lang='lat' dir='ltr'><strong><em>rejecta.</em></strong></span> <span class='ocrx_word' id='word_1_514' title='bbox 1628 4844 1781 4914; x_wconf 81' lang='lat' dir='ltr'><strong><em>Quod</em></strong></span> <span class='ocrx_word' id='word_1_515' title='bbox 1819 4861 1934 4900; x_wconf 87' lang='lat' dir='ltr'><strong><em>vero</em></strong></span> 
     </span>
    </p>
   </div>
   <div class='ocr_carea' id='block_1_65' title="bbox 340 4936 1929 5009">
    <p class='ocr_par' dir='ltr' id='par_1_65' title="bbox 340 4936 1929 5009">
     <span class='ocr_line' id='line_1_65' title="bbox 340 4936 1929 5009; baseline -0.001 -16"><span class='ocrx_word' id='word_1_516' title='bbox 340 4940 466 4994; x_wconf 87' lang='lat' dir='ltr'><strong><em>mihi</em></strong></span> <span class='ocrx_word' id='word_1_517' title='bbox 486 4940 705 4994; x_wconf 77' lang='lat' dir='ltr'><strong><em>maxime</em></strong></span> <span class='ocrx_word' id='word_1_518' title='bbox 718 4955 915 5009; x_wconf 89' lang='lat' dir='ltr'><strong><em>semper</em></strong></span> <span class='ocrx_word' id='word_1_519' title='bbox 933 4939 1121 4993; x_wconf 88' lang='lat' dir='ltr'><strong><em>mirum</em></strong></span> <span class='ocrx_word' id='word_1_520' title='bbox 1134 4948 1203 4994; x_wconf 90' lang='lat' dir='ltr'><strong><em>est</em></strong></span> <span class='ocrx_word' id='word_1_521' title='bbox 1225 4938 1405 5006; x_wconf 86' lang='lat' dir='ltr'><strong><em>visum,</em></strong></span> <span class='ocrx_word' id='word_1_522' title='bbox 1430 4954 1520 4994; x_wconf 85' lang='lat' dir='ltr'><strong><em>nec</em></strong></span> <span class='ocrx_word' id='word_1_523' title='bbox 1546 4953 1614 4993; x_wconf 69' lang='lat' dir='ltr'><strong><em>ne</em></strong></span> <span class='ocrx_word' id='word_1_524' title='bbox 1637 4954 1703 4993; x_wconf 77' lang='lat' dir='ltr'><strong><em>Ls</em></strong></span> <span class='ocrx_word' id='word_1_525' title='bbox 1722 4936 1929 5005; x_wconf 68' lang='lat' dir='ltr'><strong><em>Cum,</em></strong></span> 
     </span>
    </p>
   </div>
   <div class='ocr_carea' id='block_1_66' title="bbox 343 5026 1932 5102">
    <p class='ocr_par' dir='ltr' id='par_1_66' title="bbox 343 5026 1932 5102">
     <span class='ocr_line' id='line_1_66' title="bbox 343 5026 1932 5102; baseline -0.002 -17"><span class='ocrx_word' id='word_1_526' title='bbox 343 5046 434 5085; x_wconf 87' lang='lat' dir='ltr'><strong><em>nec</em></strong></span> <span class='ocrx_word' id='word_1_527' title='bbox 461 5032 570 5102; x_wconf 89' lang='lat' dir='ltr'><strong><em>ipse</em></strong></span> <span class='ocrx_word' id='word_1_528' title='bbox 602 5030 886 5099; x_wconf 31' lang='lat' dir='ltr'><strong><em>H‘nnswus</em></strong></span> <span class='ocrx_word' id='word_1_529' title='bbox 921 5029 1094 5085; x_wconf 91' lang='lat' dir='ltr'><strong><em>oculos</em></strong></span> <span class='ocrx_word' id='word_1_530' title='bbox 1120 5031 1172 5084; x_wconf 90' lang='lat' dir='ltr'><strong><em>in</em></strong></span> <span class='ocrx_word' id='word_1_531' title='bbox 1202 5030 1335 5085; x_wconf 81' lang='lat' dir='ltr'><strong><em>Itane</em></strong></span> <span class='ocrx_word' id='word_1_532' title='bbox 1380 5038 1483 5083; x_wconf 89' lang='lat' dir='ltr'><strong><em>tam</em></strong></span> <span class='ocrx_word' id='word_1_533' title='bbox 1509 5028 1728 5089; x_wconf 84' lang='lat' dir='ltr'><strong><em>nobilem</em></strong></span> <span class='ocrx_word' id='word_1_534' title='bbox 1754 5026 1932 5084; x_wconf 77' lang='lat' dir='ltr'><strong><em>Colia-</em></strong></span> 
     </span>
    </p>
   </div>
   <div class='ocr_carea' id='block_1_67' title="bbox 344 5120 1931 5195">
    <p class='ocr_par' dir='ltr' id='par_1_67' title="bbox 344 5120 1931 5195">
     <span class='ocr_line' id='line_1_67' title="bbox 344 5120 1931 5195; baseline -0.002 -16"><span class='ocrx_word' id='word_1_535' title='bbox 344 5123 530 5180; x_wconf 79' lang='lat' dir='ltr'><strong><em>tionens</em></strong></span> <span class='ocrx_word' id='word_1_536' title='bbox 581 5124 903 5195; x_wconf 87' lang='lat' dir='ltr'><strong><em>conjeccrunt</em></strong></span> <span class='ocrx_word' id='word_1_537' title='bbox 929 5165 944 5190; x_wconf 93' lang='lat'><strong><em>,</em></strong></span> <span class='ocrx_word' id='word_1_538' title='bbox 965 5123 1208 5193; x_wconf 89' lang='lat' dir='ltr'><strong><em>latuitque</em></strong></span> <span class='ocrx_word' id='word_1_539' title='bbox 1250 5131 1361 5194; x_wconf 88' lang='lat' dir='ltr'><strong><em>post</em></strong></span> <span class='ocrx_word' id='word_1_540' title='bbox 1403 5122 1521 5177; x_wconf 90' lang='lat' dir='ltr'><strong><em>illas</em></strong></span> <span class='ocrx_word' id='word_1_541' title='bbox 1549 5120 1690 5177; x_wconf 73' lang='lat' dir='ltr'><strong><em>imm</em></strong></span> <span class='ocrx_word' id='word_1_542' title='bbox 1720 5120 1888 5176; x_wconf 87' lang='lat' dir='ltr'><strong><em>Notas</em></strong></span> <span class='ocrx_word' id='word_1_543' title='bbox 1914 5164 1931 5188; x_wconf 94' lang='lat'><strong><em>,</em></strong></span> 
     </span>
    </p>
   </div>
   <div class='ocr_carea' id='block_1_68' title="bbox 341 5214 1934 5287">
    <p class='ocr_par' dir='ltr' id='par_1_68' title="bbox 341 5214 1934 5287">
     <span class='ocr_line' id='line_1_68' title="bbox 341 5214 1934 5287; baseline -0.004 -14"><span class='ocrx_word' id='word_1_544' title='bbox 341 5219 473 5273; x_wconf 87' lang='lat' dir='ltr'><strong><em>nulli</em></strong></span> <span class='ocrx_word' id='word_1_545' title='bbox 510 5218 617 5287; x_wconf 88' lang='lat' dir='ltr'><strong><em>fere</em></strong></span> <span class='ocrx_word' id='word_1_546' title='bbox 657 5218 753 5273; x_wconf 88' lang='lat' dir='ltr'><strong><em>nisi</em></strong></span> <span class='ocrx_word' id='word_1_547' title='bbox 806 5216 1165 5274; x_wconf 70' lang='lat' dir='ltr'><strong><em>Gomomeno</em></strong></span> <span class='ocrx_word' id='word_1_548' title='bbox 1207 5217 1427 5287; x_wconf 87' lang='lat' dir='ltr'><strong><em>cognita.</em></strong></span> <span class='ocrx_word' id='word_1_549' title='bbox 1472 5214 1647 5269; x_wconf 87' lang='lat' dir='ltr'><strong><em>Donec</em></strong></span> <span class='ocrx_word' id='word_1_550' title='bbox 1687 5214 1821 5269; x_wconf 88' lang='lat' dir='ltr'><strong><em>acris</em></strong></span> <span class='ocrx_word' id='word_1_551' title='bbox 1856 5214 1934 5267; x_wconf 87' lang='lat' dir='ltr'><strong><em>vir</em></strong></span> 
     </span>
    </p>
   </div>
   <div class='ocr_carea' id='block_1_69' title="bbox 342 5308 1933 5370">
    <p class='ocr_par' dir='ltr' id='par_1_69' title="bbox 342 5308 1933 5370">
     <span class='ocr_line' id='line_1_69' title="bbox 342 5308 1933 5370; baseline -0.004 -3"><span class='ocrx_word' id='word_1_552' title='bbox 342 5314 588 5370; x_wconf 82' lang='lat' dir='ltr'><strong><em>doctrinae</em></strong></span> <span class='ocrx_word' id='word_1_553' title='bbox 613 5309 880 5368; x_wconf 68' lang='lat' dir='ltr'><strong><em>Nummus</em></strong></span> <span class='ocrx_word' id='word_1_554' title='bbox 921 5309 1214 5366; x_wconf 69' lang='lat' dir='ltr'><strong><em>thsuws</em></strong></span> <span class='ocrx_word' id='word_1_555' title='bbox 1241 5309 1346 5364; x_wconf 89' lang='lat' dir='ltr'><strong><em>illis</em></strong></span> <span class='ocrx_word' id='word_1_556' title='bbox 1372 5310 1426 5362; x_wconf 88' lang='lat' dir='ltr'><strong><em>in</em></strong></span> <span class='ocrx_word' id='word_1_557' title='bbox 1471 5308 1811 5362; x_wconf 87' lang='lat' dir='ltr'><strong><em>emendatiore</em></strong></span> <span class='ocrx_word' id='word_1_558' title='bbox 1839 5322 1933 5361; x_wconf 89' lang='lat' dir='ltr'><strong><em>sua</em></strong></span> 
     </span>
    </p>
   </div>
   <div class='ocr_carea' id='block_1_70' title="bbox 339 5401 1929 5479">
    <p class='ocr_par' dir='ltr' id='par_1_70' title="bbox 339 5401 1929 5479">
     <span class='ocr_line' id='line_1_70' title="bbox 339 5401 1929 5479; baseline -0.006 -17"><span class='ocrx_word' id='word_1_559' title='bbox 339 5406 594 5479; x_wconf 87' lang='lat' dir='ltr'><strong><em>prioribus</em></strong></span> <span class='ocrx_word' id='word_1_560' title='bbox 624 5404 844 5461; x_wconf 88' lang='lat' dir='ltr'><strong><em>editione</em></strong></span> <span class='ocrx_word' id='word_1_561' title='bbox 873 5419 997 5459; x_wconf 87' lang='lat' dir='ltr'><strong><em>usus</em></strong></span> <span class='ocrx_word' id='word_1_562' title='bbox 1019 5412 1115 5471; x_wconf 86' lang='lat' dir='ltr'><strong><em>est,</em></strong></span> <span class='ocrx_word' id='word_1_563' title='bbox 1142 5402 1233 5457; x_wconf 92' lang='lat' dir='ltr'><strong><em>sed</em></strong></span> <span class='ocrx_word' id='word_1_564' title='bbox 1256 5402 1348 5468; x_wconf 88' lang='lat' dir='ltr'><strong><em>ita,</em></strong></span> <span class='ocrx_word' id='word_1_565' title='bbox 1377 5411 1433 5455; x_wconf 85' lang='lat' dir='ltr'><strong><em>ut</em></strong></span> <span class='ocrx_word' id='word_1_566' title='bbox 1457 5416 1570 5472; x_wconf 77' lang='lat' dir='ltr'><strong><em>quae</em></strong></span> <span class='ocrx_word' id='word_1_567' title='bbox 1594 5401 1693 5470; x_wconf 87' lang='lat' dir='ltr'><strong><em>ipsi</em></strong></span> <span class='ocrx_word' id='word_1_568' title='bbox 1723 5401 1929 5469; x_wconf 87' lang='lat' dir='ltr'><strong><em>placue-</em></strong></span> 
     </span>
    </p>
   </div>
   <div class='ocr_carea' id='block_1_71' title="bbox 246 5492 1932 5568">
    <p class='ocr_par' dir='ltr' id='par_1_71' title="bbox 246 5492 1932 5568">
     <span class='ocr_line' id='line_1_71' title="bbox 246 5492 1932 5568; baseline -0.006 -13"><span class='ocrx_word' id='word_1_569' title='bbox 246 5496 251 5503; x_wconf 80' lang='grc'><strong>’</strong></span> <span class='ocrx_word' id='word_1_570' title='bbox 337 5500 476 5566; x_wconf 86' lang='lat' dir='ltr'><strong><em>rint,</em></strong></span> <span class='ocrx_word' id='word_1_571' title='bbox 506 5497 625 5552; x_wconf 84' lang='lat' dir='ltr'><strong><em>inde</em></strong></span> <span class='ocrx_word' id='word_1_572' title='bbox 652 5496 1022 5568; x_wconf 88' lang='lat' dir='ltr'><strong><em>desumpserit,</em></strong></span> <span class='ocrx_word' id='word_1_573' title='bbox 1055 5510 1215 5564; x_wconf 90' lang='lat' dir='ltr'><strong><em>neque</em></strong></span> <span class='ocrx_word' id='word_1_574' title='bbox 1252 5493 1411 5549; x_wconf 90' lang='lat' dir='ltr'><strong><em>ullam</em></strong></span> <span class='ocrx_word' id='word_1_575' title='bbox 1438 5492 1786 5564; x_wconf 82' lang='lat' dir='ltr'><strong><em>reliquarum,</em></strong></span> <span class='ocrx_word' id='word_1_576' title='bbox 1817 5507 1932 5564; x_wconf 69' lang='lat' dir='ltr'><strong><em>quae</em></strong></span> 
     </span>
    </p>
   </div>
   <div class='ocr_carea' id='block_1_72' title="bbox 336 5582 1932 5655">
    <p class='ocr_par' dir='ltr' id='par_1_72' title="bbox 336 5582 1932 5655">
     <span class='ocr_line' id='line_1_72' title="bbox 336 5582 1932 5655; baseline -0.007 -8"><span class='ocrx_word' id='word_1_577' title='bbox 336 5593 465 5647; x_wconf 87' lang='lat' dir='ltr'><strong><em>satis</em></strong></span> <span class='ocrx_word' id='word_1_578' title='bbox 496 5590 670 5645; x_wconf 79' lang='lat' dir='ltr'><strong><em>multa:</em></strong></span> <span class='ocrx_word' id='word_1_579' title='bbox 697 5588 930 5654; x_wconf 80' lang='lat' dir='ltr'><strong><em>erant,ir.</em></strong></span> <span class='ocrx_word' id='word_1_580' title='bbox 948 5585 1100 5642; x_wconf 89' lang='lat' dir='ltr'><strong><em>Notis</em></strong></span> <span class='ocrx_word' id='word_1_581' title='bbox 1129 5587 1234 5641; x_wconf 89' lang='lat' dir='ltr'><strong><em>suis</em></strong></span> <span class='ocrx_word' id='word_1_582' title='bbox 1264 5584 1568 5640; x_wconf 88' lang='lat' dir='ltr'><strong><em>mentionem</em></strong></span> <span class='ocrx_word' id='word_1_583' title='bbox 1596 5583 1791 5655; x_wconf 87' lang='lat' dir='ltr'><strong><em>fecerit.</em></strong></span> <span class='ocrx_word' id='word_1_584' title='bbox 1819 5582 1932 5637; x_wconf 84' lang='lat' dir='ltr'><strong><em>Ita-</em></strong></span> 
     </span>
    </p>
   </div>
   <div class='ocr_carea' id='block_1_73' title="bbox 334 5677 1933 5757">
    <p class='ocr_par' dir='ltr' id='par_1_73' title="bbox 334 5677 1933 5757">
     <span class='ocr_line' id='line_1_73' title="bbox 334 5677 1933 5757; baseline -0.003 -18"><span class='ocrx_word' id='word_1_585' title='bbox 334 5700 436 5757; x_wconf 90' lang='lat' dir='ltr'><strong><em>que</em></strong></span> <span class='ocrx_word' id='word_1_586' title='bbox 459 5693 505 5739; x_wconf 88' lang='lat' dir='ltr'><strong><em>et</em></strong></span> <span class='ocrx_word' id='word_1_587' title='bbox 543 5683 685 5739; x_wconf 89' lang='lat' dir='ltr'><strong><em>nobis</em></strong></span> <span class='ocrx_word' id='word_1_588' title='bbox 714 5683 839 5738; x_wconf 88' lang='lat' dir='ltr'><strong><em>satis</em></strong></span> <span class='ocrx_word' id='word_1_589' title='bbox 867 5681 1160 5754; x_wconf 64' lang='lat' dir='ltr'><strong><em>facundum</em></strong></span> <span class='ocrx_word' id='word_1_590' title='bbox 1186 5696 1250 5735; x_wconf 74' lang='lat' dir='ltr'><strong><em>ex</em></strong></span> <span class='ocrx_word' id='word_1_591' title='bbox 1272 5679 1364 5735; x_wconf 92' lang='lat' dir='ltr'><strong><em>illa</em></strong></span> <span class='ocrx_word' id='word_1_592' title='bbox 1384 5680 1497 5752; x_wconf 90' lang='lat' dir='ltr'><strong><em>ipsa</em></strong></span> <span class='ocrx_word' id='word_1_593' title='bbox 1535 5677 1819 5743; x_wconf 82' lang='lat' dir='ltr'><strong><em>Collatione</em></strong></span> <span class='ocrx_word' id='word_1_594' title='bbox 1845 5693 1933 5734; x_wconf 87' lang='lat' dir='ltr'><strong><em>re-</em></strong></span> 
     </span>
    </p>
   </div>
   <div class='ocr_carea' id='block_1_74' title="bbox 335 5758 1929 5851">
    <p class='ocr_par' dir='ltr' id='par_1_74' title="bbox 335 5758 1929 5851">
     <span class='ocr_line' id='line_1_74' title="bbox 335 5758 1929 5851; baseline -0.001 -18"><span class='ocrx_word' id='word_1_595' title='bbox 335 5779 482 5851; x_wconf 87' lang='lat' dir='ltr'><strong><em>liquit</em></strong></span> <span class='ocrx_word' id='word_1_596' title='bbox 526 5777 862 5851; x_wconf 88' lang='lat' dir='ltr'><strong><em>Spicilegium</em></strong></span> <span class='ocrx_word' id='word_1_597' title='bbox 884 5818 899 5844; x_wconf 90' lang='lat'><strong><em>,</em></strong></span> <span class='ocrx_word' id='word_1_598' title='bbox 951 5776 1096 5847; x_wconf 88' lang='lat' dir='ltr'><strong><em>cujus</em></strong></span> <span class='ocrx_word' id='word_1_599' title='bbox 1136 5773 1394 5832; x_wconf 87' lang='lat' dir='ltr'><strong><em>Lectiones</em></strong></span> <span class='ocrx_word' id='word_1_600' title='bbox 1438 5776 1620 5847; x_wconf 88' lang='lat' dir='ltr'><strong><em>ubique</em></strong></span> <span class='ocrx_word' id='word_1_601' title='bbox 1665 5758 1884 5847; x_wconf 70' lang='lat' dir='ltr'><strong><em>fideiiter</em></strong></span> <span class='ocrx_word' id='word_1_602' title='bbox 1911 5815 1929 5845; x_wconf 89' lang='lat'><strong><em>,</em></strong></span> 
     </span>
    </p>
   </div>
   <div class='ocr_carea' id='block_1_75' title="bbox 336 5864 1925 5946">
    <p class='ocr_par' dir='ltr' id='par_1_75' title="bbox 336 5864 1925 5946">
     <span class='ocr_line' id='line_1_75' title="bbox 336 5864 1925 5946; baseline -0.003 -17"><span class='ocrx_word' id='word_1_603' title='bbox 336 5881 488 5944; x_wconf 89' lang='lat' dir='ltr'><strong><em>prout</em></strong></span> <span class='ocrx_word' id='word_1_604' title='bbox 516 5871 618 5943; x_wconf 78' lang='lat' dir='ltr'><strong><em>ﬁde</em></strong></span> <span class='ocrx_word' id='word_1_605' title='bbox 644 5864 969 5943; x_wconf 86' lang='lat' dir='ltr'><strong><em>dignissimus</em></strong></span> <span class='ocrx_word' id='word_1_606' title='bbox 998 5868 1243 5940; x_wconf 71' lang='lat' dir='ltr'><strong><em>excerpsit</em></strong></span> <span class='ocrx_word' id='word_1_607' title='bbox 1275 5868 1498 5940; x_wconf 80' lang='lat' dir='ltr'><strong><em>Modius,</em></strong></span> <span class='ocrx_word' id='word_1_608' title='bbox 1520 5871 1584 5946; x_wconf 83' lang='lat' dir='ltr'><strong><em>in</em></strong></span> <span class='ocrx_word' id='word_1_609' title='bbox 1614 5870 1775 5928; x_wconf 87' lang='lat' dir='ltr'><strong><em>Notis</em></strong></span> <span class='ocrx_word' id='word_1_610' title='bbox 1808 5886 1925 5926; x_wconf 85' lang='lat' dir='ltr'><strong><em>nos-</em></strong></span> 
     </span>
    </p>
   </div>
   <div class='ocr_carea' id='block_1_76' title="bbox 2034 1870 3632 1946">
    <p class='ocr_par' dir='ltr' id='par_1_76' title="bbox 2034 1870 3632 1946">
     <span class='ocr_line' id='line_1_76' title="bbox 2034 1870 3632 1946; baseline 0.007 -20"><span class='ocrx_word' id='word_1_611' title='bbox 2034 1872 2266 1944; x_wconf 87' lang='lat' dir='ltr'><strong><em>quissimi</em></strong></span> <span class='ocrx_word' id='word_1_612' title='bbox 2310 1870 2432 1928; x_wconf 74' lang='lat' dir='ltr'><strong><em>MS.</em></strong></span> <span class='ocrx_word' id='word_1_613' title='bbox 2474 1872 2763 1929; x_wconf 85' lang='lat' dir='ltr'><strong><em>Collatione</em></strong></span> <span class='ocrx_word' id='word_1_614' title='bbox 2789 1916 2803 1940; x_wconf 91' lang='lat'><strong><em>,</em></strong></span> <span class='ocrx_word' id='word_1_615' title='bbox 2869 1892 3022 1946; x_wconf 89' lang='lat' dir='ltr'><strong><em>quam</em></strong></span> <span class='ocrx_word' id='word_1_616' title='bbox 3063 1877 3219 1946; x_wconf 73' lang='lat' dir='ltr'><strong><em>juxta</em></strong></span> <span class='ocrx_word' id='word_1_617' title='bbox 3276 1876 3632 1938; x_wconf 81' lang='lat' dir='ltr'><strong><em>Parnelianam</em></strong></span> 
     </span>
    </p>
   </div>
   <div class='ocr_carea' id='block_1_77' title="bbox 2037 1960 3634 2047">
    <p class='ocr_par' dir='ltr' id='par_1_77' title="bbox 2037 1960 3634 2047">
     <span class='ocr_line' id='line_1_77' title="bbox 2037 1960 3634 2047; baseline 0.005 -29"><span class='ocrx_word' id='word_1_618' title='bbox 2037 1960 2327 2020; x_wconf 83' lang='lat' dir='ltr'><strong><em>Editionem</em></strong></span> <span class='ocrx_word' id='word_1_619' title='bbox 2350 1983 2445 2021; x_wconf 88' lang='lat' dir='ltr'><strong><em>sua</em></strong></span> <span class='ocrx_word' id='word_1_620' title='bbox 2471 1983 2625 2020; x_wconf 91' lang='lat' dir='ltr'><strong><em>manu</em></strong></span> <span class='ocrx_word' id='word_1_621' title='bbox 2674 1967 2920 2033; x_wconf 87' lang='lat' dir='ltr'><strong><em>instituit,</em></strong></span> <span class='ocrx_word' id='word_1_622' title='bbox 2953 1967 3215 2038; x_wconf 82' lang='lat' dir='ltr'><strong><em>Agobardi</em></strong></span> <span class='ocrx_word' id='word_1_623' title='bbox 3239 2009 3265 2047; x_wconf 25' lang='lat'><strong><em>,1</em></strong></span> <span class='ocrx_word' id='word_1_624' title='bbox 3288 1979 3342 2023; x_wconf 90' lang='lat' dir='ltr'><strong><em>ut</em></strong></span> <span class='ocrx_word' id='word_1_625' title='bbox 3366 1970 3492 2040; x_wconf 81' lang='lat' dir='ltr'><strong><em>ipse</em></strong></span> <span class='ocrx_word' id='word_1_626' title='bbox 3513 1972 3634 2026; x_wconf 87' lang='lat' dir='ltr'><strong><em>ads-</em></strong></span> 
     </span>
    </p>
   </div>
   <div class='ocr_carea' id='block_1_78' title="bbox 2033 2054 3632 2129">
    <p class='ocr_par' dir='ltr' id='par_1_78' title="bbox 2033 2054 3632 2129">
     <span class='ocr_line' id='line_1_78' title="bbox 2033 2054 3632 2129; baseline 0.003 -14"><span class='ocrx_word' id='word_1_627' title='bbox 2033 2058 2243 2129; x_wconf 83' lang='lat' dir='ltr'><strong><em>cripsit,</em></strong></span> <span class='ocrx_word' id='word_1_628' title='bbox 2272 2056 2419 2114; x_wconf 83' lang='lat' dir='ltr'><strong><em>Anno</em></strong></span> <span class='ocrx_word' id='word_1_629' title='bbox 2452 2054 2610 2115; x_wconf 73' lang='lat' dir='ltr'><strong><em>i625.</em></strong></span> <span class='ocrx_word' id='word_1_630' title='bbox 2640 2058 2819 2115; x_wconf 74' lang='lat' dir='ltr'><strong><em>Josus</em></strong></span> <span class='ocrx_word' id='word_1_631' title='bbox 2850 2059 3162 2125; x_wconf 70' lang='lat' dir='ltr'><strong><em>Menczavs,</em></strong></span> <span class='ocrx_word' id='word_1_632' title='bbox 3194 2077 3295 2116; x_wconf 90' lang='lat' dir='ltr'><strong><em>non</em></strong></span> <span class='ocrx_word' id='word_1_633' title='bbox 3327 2078 3444 2117; x_wconf 88' lang='lat' dir='ltr'><strong><em>vero</em></strong></span> <span class='ocrx_word' id='word_1_634' title='bbox 3467 2061 3632 2120; x_wconf 63' lang='grc' dir='ltr'><strong><em>δολω-</em></strong></span> 
     </span>
    </p>
   </div>
   <div class='ocr_carea' id='block_1_79' title="bbox 2037 2146 3629 2226">
    <p class='ocr_par' dir='ltr' id='par_1_79' title="bbox 2037 2146 3629 2226">
     <span class='ocr_line' id='line_1_79' title="bbox 2037 2146 3629 2226; baseline 0.001 -19"><span class='ocrx_word' id='word_1_635' title='bbox 2037 2168 2134 2207; x_wconf 67' lang='lat' dir='ltr'><strong><em>nas</em></strong></span> <span class='ocrx_word' id='word_1_636' title='bbox 2159 2146 2488 2213; x_wconf 73' lang='lat' dir='ltr'><strong><em>MBBCERIUS,</em></strong></span> <span class='ocrx_word' id='word_1_637' title='bbox 2515 2161 2569 2205; x_wconf 91' lang='lat' dir='ltr'><strong><em>ut</em></strong></span> <span class='ocrx_word' id='word_1_638' title='bbox 2608 2150 2909 2221; x_wconf 84' lang='lat' dir='ltr'><strong><em>impressum</em></strong></span> <span class='ocrx_word' id='word_1_639' title='bbox 2942 2153 2997 2207; x_wconf 88' lang='lat' dir='ltr'><strong><em>in</em></strong></span> <span class='ocrx_word' id='word_1_640' title='bbox 3024 2149 3359 2219; x_wconf 87' lang='lat' dir='ltr'><strong><em>Bibliotheca,</em></strong></span> <span class='ocrx_word' id='word_1_641' title='bbox 3387 2170 3507 2226; x_wconf 89' lang='lat' dir='ltr'><strong><em>pag.</em></strong></span> <span class='ocrx_word' id='word_1_642' title='bbox 3538 2155 3629 2212; x_wconf 81' lang='grc'><strong><em>71.</em></strong></span> 
     </span>
    </p>
   </div>
   <div class='ocr_carea' id='block_1_80' title="bbox 2039 2226 3632 2320">
    <p class='ocr_par' dir='ltr' id='par_1_80' title="bbox 2039 2226 3632 2320">
     <span class='ocr_line' id='line_1_80' title="bbox 2039 2226 3632 2320; baseline 0.004 -21"><span class='ocrx_word' id='word_1_643' title='bbox 2039 2246 2139 2300; x_wconf 87' lang='lat' dir='ltr'><strong><em>nisi</em></strong></span> <span class='ocrx_word' id='word_1_644' title='bbox 2164 2246 2316 2317; x_wconf 90' lang='lat' dir='ltr'><strong><em>plane</em></strong></span> <span class='ocrx_word' id='word_1_645' title='bbox 2344 2246 2492 2317; x_wconf 88' lang='lat' dir='ltr'><strong><em>fallat</em></strong></span> <span class='ocrx_word' id='word_1_646' title='bbox 2520 2226 2598 2300; x_wconf 69' lang='lat' dir='ltr'><strong><em>me</em></strong></span> <span class='ocrx_word' id='word_1_647' title='bbox 2626 2246 2871 2299; x_wconf 84' lang='lat' dir='ltr'><strong><em>memoria</em></strong></span> <span class='ocrx_word' id='word_1_648' title='bbox 2891 2286 2903 2310; x_wconf 91' lang='lat'><strong><em>,</em></strong></span> <span class='ocrx_word' id='word_1_649' title='bbox 2936 2247 3023 2317; x_wconf 87' lang='lat' dir='ltr'><strong><em>qui</em></strong></span> <span class='ocrx_word' id='word_1_650' title='bbox 3065 2247 3155 2301; x_wconf 92' lang='lat' dir='ltr'><strong><em>illo</em></strong></span> <span class='ocrx_word' id='word_1_651' title='bbox 3186 2247 3314 2304; x_wconf 76' lang='lat' dir='ltr'><strong><em>libro</em></strong></span> <span class='ocrx_word' id='word_1_652' title='bbox 3353 2249 3632 2320; x_wconf 64' lang='lat' dir='ltr'><strong><em>sepissime</em></strong></span> 
     </span>
    </p>
   </div>
   <div class='ocr_carea' id='block_1_81' title="bbox 2032 2338 3627 2411">
    <p class='ocr_par' dir='ltr' id='par_1_81' title="bbox 2032 2338 3627 2411">
     <span class='ocr_line' id='line_1_81' title="bbox 2032 2338 3627 2411; baseline 0.001 -18"><span class='ocrx_word' id='word_1_653' title='bbox 2032 2348 2151 2393; x_wconf 82' lang='lat' dir='ltr'><strong><em>sunt</em></strong></span> <span class='ocrx_word' id='word_1_654' title='bbox 2180 2354 2320 2404; x_wconf 89' lang='lat' dir='ltr'><strong><em>usus,</em></strong></span> <span class='ocrx_word' id='word_1_655' title='bbox 2352 2341 2709 2394; x_wconf 78' lang='lat' dir='ltr'><strong><em>APOLOGETIGI</em></strong></span> <span class='ocrx_word' id='word_1_656' title='bbox 2737 2353 2844 2392; x_wconf 81' lang='lat' dir='ltr'><strong><em>ora:</em></strong></span> <span class='ocrx_word' id='word_1_657' title='bbox 2870 2338 3026 2393; x_wconf 88' lang='lat' dir='ltr'><strong><em>nullis</em></strong></span> <span class='ocrx_word' id='word_1_658' title='bbox 3053 2339 3183 2394; x_wconf 83' lang='lat' dir='ltr'><strong><em>notis</em></strong></span> <span class='ocrx_word' id='word_1_659' title='bbox 3201 2354 3484 2411; x_wconf 76' lang='lat' dir='ltr'><strong><em>conspersa:</em></strong></span> <span class='ocrx_word' id='word_1_660' title='bbox 3507 2341 3627 2396; x_wconf 88' lang='lat' dir='ltr'><strong><em>sint.</em></strong></span> 
     </span>
    </p>
   </div>
   <div class='ocr_carea' id='block_1_82' title="bbox 2046 2425 3630 2502">
    <p class='ocr_par' dir='ltr' id='par_1_82' title="bbox 2046 2425 3630 2502">
     <span class='ocr_line' id='line_1_82' title="bbox 2046 2425 3630 2502; baseline 0.002 -19"><span class='ocrx_word' id='word_1_661' title='bbox 2046 2425 2238 2483; x_wconf 80' lang='lat' dir='ltr'><strong><em>Visitur</em></strong></span> <span class='ocrx_word' id='word_1_662' title='bbox 2262 2436 2431 2483; x_wconf 88' lang='lat' dir='ltr'><strong><em>autem</em></strong></span> <span class='ocrx_word' id='word_1_663' title='bbox 2464 2428 2710 2498; x_wconf 86' lang='lat' dir='ltr'><strong><em>hodieque</em></strong></span> <span class='ocrx_word' id='word_1_664' title='bbox 2729 2429 2771 2482; x_wconf 91' lang='lat' dir='ltr'><strong><em>is</em></strong></span> <span class='ocrx_word' id='word_1_665' title='bbox 2790 2428 2917 2483; x_wconf 89' lang='lat' dir='ltr'><strong><em>liber</em></strong></span> <span class='ocrx_word' id='word_1_666' title='bbox 2935 2432 2989 2483; x_wconf 90' lang='lat' dir='ltr'><strong><em>in</em></strong></span> <span class='ocrx_word' id='word_1_667' title='bbox 3014 2427 3327 2484; x_wconf 87' lang='lat' dir='ltr'><strong><em>Bibliotheca</em></strong></span> <span class='ocrx_word' id='word_1_668' title='bbox 3347 2429 3630 2502; x_wconf 86' lang='lat' dir='ltr'><strong><em>Lugduno-</em></strong></span> 
     </span>
    </p>
   </div>
   <div class='ocr_carea' id='block_1_83' title="bbox 2032 2512 3634 2599">
    <p class='ocr_par' dir='ltr' id='par_1_83' title="bbox 2032 2512 3634 2599">
     <span class='ocr_line' id='line_1_83' title="bbox 2032 2512 3634 2599; baseline 0.005 -26"><span class='ocrx_word' id='word_1_669' title='bbox 2032 2518 2249 2589; x_wconf 89' lang='lat' dir='ltr'><strong><em>Batava,</em></strong></span> <span class='ocrx_word' id='word_1_670' title='bbox 2282 2537 2335 2599; x_wconf 80' lang='lat' dir='ltr'><strong><em>p.</em></strong></span> <span class='ocrx_word' id='word_1_671' title='bbox 2370 2518 2459 2576; x_wconf 90' lang='lat'><strong><em>7|.</em></strong></span> <span class='ocrx_word' id='word_1_672' title='bbox 2490 2518 2660 2575; x_wconf 89' lang='lat' dir='ltr'><strong><em>Tertio</em></strong></span> <span class='ocrx_word' id='word_1_673' title='bbox 2688 2521 2940 2593; x_wconf 67' lang='lat' dir='ltr'><strong><em>pra’cipue</em></strong></span> <span class='ocrx_word' id='word_1_674' title='bbox 2958 2561 2973 2586; x_wconf 95' lang='lat'><strong><em>,</em></strong></span> <span class='ocrx_word' id='word_1_675' title='bbox 3002 2512 3137 2593; x_wconf 77' lang='lat' dir='ltr'><strong><em>quod</em></strong></span> <span class='ocrx_word' id='word_1_676' title='bbox 3165 2521 3391 2579; x_wconf 70' lang='lat' dir='ltr'><strong><em>Jsconvs</em></strong></span> <span class='ocrx_word' id='word_1_677' title='bbox 3420 2522 3634 2581; x_wconf 71' lang='lat' dir='ltr'><strong><em>Gomo-</em></strong></span> 
     </span>
    </p>
   </div>
   <div class='ocr_carea' id='block_1_84' title="bbox 2033 2612 3633 2687">
    <p class='ocr_par' dir='ltr' id='par_1_84' title="bbox 2033 2612 3633 2687">
     <span class='ocr_line' id='line_1_84' title="bbox 2033 2612 3633 2687; baseline 0 -17"><span class='ocrx_word' id='word_1_678' title='bbox 2033 2630 2236 2671; x_wconf 72' lang='lat' dir='ltr'><strong><em>rnnnvs</em></strong></span> <span class='ocrx_word' id='word_1_679' title='bbox 2261 2658 2276 2683; x_wconf 90' lang='lat'><strong><em>,</em></strong></span> <span class='ocrx_word' id='word_1_680' title='bbox 2317 2612 2588 2669; x_wconf 88' lang='lat' dir='ltr'><strong><em>Librorum</em></strong></span> <span class='ocrx_word' id='word_1_681' title='bbox 2626 2613 2708 2667; x_wconf 82' lang='lat' dir='ltr'><strong><em>Ad</em></strong></span> <span class='ocrx_word' id='word_1_682' title='bbox 2748 2612 3001 2669; x_wconf 88' lang='lat' dir='ltr'><strong><em>Nationes</em></strong></span> <span class='ocrx_word' id='word_1_683' title='bbox 3038 2615 3234 2682; x_wconf 87' lang='lat' dir='ltr'><strong><em>editor,</em></strong></span> <span class='ocrx_word' id='word_1_684' title='bbox 3259 2617 3345 2687; x_wconf 87' lang='lat' dir='ltr'><strong><em>qui</em></strong></span> <span class='ocrx_word' id='word_1_685' title='bbox 3374 2618 3485 2687; x_wconf 89' lang='lat' dir='ltr'><strong><em>ipse</em></strong></span> <span class='ocrx_word' id='word_1_686' title='bbox 3509 2617 3633 2672; x_wconf 88' lang='lat' dir='ltr'><strong><em>insi-</em></strong></span> 
     </span>
    </p>
   </div>
   <div class='ocr_carea' id='block_1_85' title="bbox 2032 2697 3628 2783">
    <p class='ocr_par' dir='ltr' id='par_1_85' title="bbox 2032 2697 3628 2783">
     <span class='ocr_line' id='line_1_85' title="bbox 2032 2697 3628 2783; baseline 0 -18"><span class='ocrx_word' id='word_1_687' title='bbox 2032 2712 2151 2783; x_wconf 83' lang='lat' dir='ltr'><strong><em>gnis</em></strong></span> <span class='ocrx_word' id='word_1_688' title='bbox 2173 2711 2326 2782; x_wconf 85' lang='lat' dir='ltr'><strong><em>hujus</em></strong></span> <span class='ocrx_word' id='word_1_689' title='bbox 2358 2708 2627 2777; x_wconf 86' lang='lat' dir='ltr'><strong><em>Thesauri,</em></strong></span> <span class='ocrx_word' id='word_1_690' title='bbox 2661 2719 2931 2779; x_wconf 88' lang='lat' dir='ltr'><strong><em>antequam</em></strong></span> <span class='ocrx_word' id='word_1_691' title='bbox 2958 2707 3112 2779; x_wconf 85' lang='lat' dir='ltr'><strong><em>Regis</em></strong></span> <span class='ocrx_word' id='word_1_692' title='bbox 3142 2697 3407 2765; x_wconf 74' lang='lat' dir='ltr'><strong><em>Galltmtm</em></strong></span> <span class='ocrx_word' id='word_1_693' title='bbox 3427 2709 3628 2766; x_wconf 87' lang='lat' dir='ltr'><strong><em>Biblio-</em></strong></span> 
     </span>
    </p>
   </div>
   <div class='ocr_carea' id='block_1_86' title="bbox 2035 2786 3630 2884">
    <p class='ocr_par' dir='ltr' id='par_1_86' title="bbox 2035 2786 3630 2884">
     <span class='ocr_line' id='line_1_86' title="bbox 2035 2786 3630 2884; baseline 0.001 -27"><span class='ocrx_word' id='word_1_694' title='bbox 2035 2786 2193 2858; x_wconf 72' lang='lat' dir='ltr'><strong><em>theca:</em></strong></span> <span class='ocrx_word' id='word_1_695' title='bbox 2216 2803 2508 2873; x_wconf 81' lang='lat' dir='ltr'><strong><em>inferretur,</em></strong></span> <span class='ocrx_word' id='word_1_696' title='bbox 2532 2802 2628 2873; x_wconf 88' lang='lat' dir='ltr'><strong><em>fuit</em></strong></span> <span class='ocrx_word' id='word_1_697' title='bbox 2659 2817 2934 2884; x_wconf 69' lang='lat' dir='ltr'><strong><em>possessor,</em></strong></span> <span class='ocrx_word' id='word_1_698' title='bbox 2959 2803 3045 2857; x_wconf 87' lang='lat' dir='ltr'><strong><em>ubi</em></strong></span> <span class='ocrx_word' id='word_1_699' title='bbox 3063 2803 3116 2857; x_wconf 91' lang='lat' dir='ltr'><strong><em>in</em></strong></span> <span class='ocrx_word' id='word_1_700' title='bbox 3137 2802 3447 2876; x_wconf 79' lang='lat' dir='ltr'><strong><em>Prtefatione</em></strong></span> <span class='ocrx_word' id='word_1_701' title='bbox 3473 2804 3630 2858; x_wconf 82' lang='lat' dir='ltr'><strong><em>libro-</em></strong></span> 
     </span>
    </p>
   </div>
   <div class='ocr_carea' id='block_1_87' title="bbox 2037 2893 3632 2967">
    <p class='ocr_par' dir='ltr' id='par_1_87' title="bbox 2037 2893 3632 2967">
     <span class='ocr_line' id='line_1_87' title="bbox 2037 2893 3632 2967; baseline 0.001 -18"><span class='ocrx_word' id='word_1_702' title='bbox 2037 2912 2149 2950; x_wconf 88' lang='lat' dir='ltr'><strong><em>rum</em></strong></span> <span class='ocrx_word' id='word_1_703' title='bbox 2173 2893 2253 2950; x_wconf 80' lang='lat' dir='ltr'><strong><em>Ad</em></strong></span> <span class='ocrx_word' id='word_1_704' title='bbox 2280 2893 2527 2949; x_wconf 84' lang='lat' dir='ltr'><strong><em>Nationes</em></strong></span> <span class='ocrx_word' id='word_1_705' title='bbox 2553 2895 2820 2965; x_wconf 88' lang='lat' dir='ltr'><strong><em>diligenter</em></strong></span> <span class='ocrx_word' id='word_1_706' title='bbox 2857 2893 3144 2967; x_wconf 85' lang='lat' dir='ltr'><strong><em>catalogum</em></strong></span> <span class='ocrx_word' id='word_1_707' title='bbox 3176 2895 3396 2950; x_wconf 72' lang='lat' dir='ltr'><strong><em>contexit</em></strong></span> <span class='ocrx_word' id='word_1_708' title='bbox 3424 2895 3632 2950; x_wconf 87' lang='lat' dir='ltr'><strong><em>illorum</em></strong></span> 
     </span>
    </p>
   </div>
   <div class='ocr_carea' id='block_1_88' title="bbox 2036 2982 3631 3058">
    <p class='ocr_par' dir='ltr' id='par_1_88' title="bbox 2036 2982 3631 3058">
     <span class='ocr_line' id='line_1_88' title="bbox 2036 2982 3631 3058; baseline 0.001 -16"><span class='ocrx_word' id='word_1_709' title='bbox 2036 2982 2303 3043; x_wconf 86' lang='lat' dir='ltr'><strong><em>Librorum</em></strong></span> <span class='ocrx_word' id='word_1_710' title='bbox 2331 3028 2345 3054; x_wconf 95' lang='lat'><strong><em>,</em></strong></span> <span class='ocrx_word' id='word_1_711' title='bbox 2377 2987 2463 3058; x_wconf 86' lang='lat' dir='ltr'><strong><em>qui</em></strong></span> <span class='ocrx_word' id='word_1_712' title='bbox 2488 2985 2672 3041; x_wconf 88' lang='lat' dir='ltr'><strong><em>Codice</em></strong></span> <span class='ocrx_word' id='word_1_713' title='bbox 2694 2986 2789 3040; x_wconf 90' lang='lat' dir='ltr'><strong><em>isto</em></strong></span> <span class='ocrx_word' id='word_1_714' title='bbox 2813 2985 3327 3058; x_wconf 86' lang='lat' dir='ltr'><strong><em>comprehendantur,</em></strong></span> <span class='ocrx_word' id='word_1_715' title='bbox 3354 2988 3631 3043; x_wconf 77' lang='lat' dir='ltr'><strong><em>APOLOGE-</em></strong></span> 
     </span>
    </p>
   </div>
   <div class='ocr_carea' id='block_1_89' title="bbox 2035 3060 3631 3136">
    <p class='ocr_par' dir='ltr' id='par_1_89' title="bbox 2035 3060 3631 3136">
     <span class='ocr_line' id='line_1_89' title="bbox 2035 3060 3631 3136; baseline -0.002 0"><span class='ocrx_word' id='word_1_716' title='bbox 2035 3095 2194 3136; x_wconf 81' lang='lat' dir='ltr'><strong><em>&#39;rtcvu</em></strong></span> <span class='ocrx_word' id='word_1_717' title='bbox 2241 3078 2346 3134; x_wconf 88' lang='lat' dir='ltr'><strong><em>illis</em></strong></span> <span class='ocrx_word' id='word_1_718' title='bbox 2374 3095 2477 3134; x_wconf 91' lang='lat' dir='ltr'><strong><em>non</em></strong></span> <span class='ocrx_word' id='word_1_719' title='bbox 2514 3060 2827 3134; x_wconf 54' lang='lat' dir='ltr'><strong><em>annumeret&#39;.</em></strong></span> <span class='ocrx_word' id='word_1_720' title='bbox 2860 3074 2986 3134; x_wconf 81' lang='lat' dir='ltr'><strong><em>Iitvc</em></strong></span> <span class='ocrx_word' id='word_1_721' title='bbox 3028 3095 3144 3133; x_wconf 78' lang='lat' dir='ltr'><strong><em>vero</em></strong></span> <span class='ocrx_word' id='word_1_722' title='bbox 3165 3077 3381 3135; x_wconf 83' lang='lat' dir='ltr'><strong><em>Collatia</em></strong></span> <span class='ocrx_word' id='word_1_723' title='bbox 3420 3079 3631 3135; x_wconf 86' lang='lat' dir='ltr'><strong><em>alterius</em></strong></span> 
     </span>
    </p>
   </div>
   <div class='ocr_carea' id='block_1_90' title="bbox 2036 3168 3629 3246">
    <p class='ocr_par' dir='ltr' id='par_1_90' title="bbox 2036 3168 3629 3246">
     <span class='ocr_line' id='line_1_90' title="bbox 2036 3168 3629 3246; baseline -0.001 -19"><span class='ocrx_word' id='word_1_724' title='bbox 2036 3171 2351 3246; x_wconf 81' lang='lat' dir='ltr'><strong><em>Agobardini</em></strong></span> <span class='ocrx_word' id='word_1_725' title='bbox 2393 3170 2622 3238; x_wconf 87' lang='lat' dir='ltr'><strong><em>Codicis,</em></strong></span> <span class='ocrx_word' id='word_1_726' title='bbox 2663 3186 2827 3242; x_wconf 21' lang='lat' dir='ltr'><strong><em>quam.</em></strong></span> <span class='ocrx_word' id='word_1_727' title='bbox 2860 3168 2973 3225; x_wconf 85' lang='lat' dir='ltr'><strong><em>Nos</em></strong></span> <span class='ocrx_word' id='word_1_728' title='bbox 3012 3171 3118 3238; x_wconf 81' lang='lat' dir='ltr'><strong><em>iam.</em></strong></span> <span class='ocrx_word' id='word_1_729' title='bbox 3154 3171 3335 3246; x_wconf 79' lang='lat' dir='ltr'><strong><em>damus</em></strong></span> <span class='ocrx_word' id='word_1_730' title='bbox 3377 3173 3554 3225; x_wconf 86' lang='lat' dir='ltr'><strong><em>itidem</em></strong></span> <span class='ocrx_word' id='word_1_731' title='bbox 3596 3188 3629 3226; x_wconf 89' lang='lat' dir='ltr'><strong><em>a</em></strong></span> 
     </span>
    </p>
   </div>
   <div class='ocr_carea' id='block_1_91' title="bbox 2035 3243 3632 3337">
    <p class='ocr_par' dir='ltr' id='par_1_91' title="bbox 2035 3243 3632 3337">
     <span class='ocr_line' id='line_1_91' title="bbox 2035 3243 3632 3337; baseline -0.001 -19"><span class='ocrx_word' id='word_1_732' title='bbox 2035 3243 2196 3337; x_wconf 65' lang='grc' dir='ltr'><strong><em>,Ιόξιιε</em></strong></span> <span class='ocrx_word' id='word_1_733' title='bbox 2223 3260 2486 3330; x_wconf 65' lang='lat' dir='ltr'><strong><em>Muscam,</em></strong></span> <span class='ocrx_word' id='word_1_734' title='bbox 2506 3263 2644 3333; x_wconf 83' lang='lat' dir='ltr'><strong><em>quia</em></strong></span> <span class='ocrx_word' id='word_1_735' title='bbox 2661 3261 2866 3317; x_wconf 71' lang='lat' dir='ltr'><strong><em>Josuun</em></strong></span> <span class='ocrx_word' id='word_1_736' title='bbox 2902 3261 3203 3325; x_wconf 69' lang='lat' dir='ltr'><strong><em>Mencsmo;</em></strong></span> <span class='ocrx_word' id='word_1_737' title='bbox 3227 3243 3313 3333; x_wconf 66' lang='lat' dir='ltr'><strong><em>qui</em></strong></span> <span class='ocrx_word' id='word_1_738' title='bbox 3334 3262 3632 3318; x_wconf 80' lang='lat' dir='ltr'><strong><em>Antecessor</em></strong></span> 
     </span>
    </p>
   </div>
   <div class='ocr_carea' id='block_1_92' title="bbox 2036 3350 3632 3426">
    <p class='ocr_par' dir='ltr' id='par_1_92' title="bbox 2036 3350 3632 3426">
     <span class='ocr_line' id='line_1_92' title="bbox 2036 3350 3632 3426; baseline 0 -17"><span class='ocrx_word' id='word_1_739' title='bbox 2036 3352 2414 3409; x_wconf 87' lang='lat' dir='ltr'><strong><em>Biturencensis</em></strong></span> <span class='ocrx_word' id='word_1_740' title='bbox 2452 3353 2550 3426; x_wconf 89' lang='lat' dir='ltr'><strong><em>fuit</em></strong></span> <span class='ocrx_word' id='word_1_741' title='bbox 2573 3368 2601 3422; x_wconf 64' lang='grc' dir='ltr'><em>ί</em></span> <span class='ocrx_word' id='word_1_742' title='bbox 2623 3362 2666 3408; x_wconf 91' lang='lat' dir='ltr'><strong><em>et</em></strong></span> <span class='ocrx_word' id='word_1_743' title='bbox 2692 3350 2858 3408; x_wconf 87' lang='lat' dir='ltr'><strong><em>Notas</em></strong></span> <span class='ocrx_word' id='word_1_744' title='bbox 2905 3353 2960 3406; x_wconf 90' lang='lat' dir='ltr'><strong><em>in</em></strong></span> <span class='ocrx_word' id='word_1_745' title='bbox 2991 3350 3299 3408; x_wconf 77' lang='lat' dir='ltr'><strong><em>Tertulliani</em></strong></span> <span class='ocrx_word' id='word_1_746' title='bbox 3328 3354 3525 3413; x_wconf 79' lang='lat' dir='ltr'><strong><em>librum</em></strong></span> <span class='ocrx_word' id='word_1_747' title='bbox 3569 3354 3632 3409; x_wconf 91' lang='lat' dir='ltr'><strong><em>de</em></strong></span> 
     </span>
    </p>
   </div>
   <div class='ocr_carea' id='block_1_93' title="bbox 2038 3443 3630 3518">
    <p class='ocr_par' dir='ltr' id='par_1_93' title="bbox 2038 3443 3630 3518">
     <span class='ocr_line' id='line_1_93' title="bbox 2038 3443 3630 3518; baseline 0.001 -19"><span class='ocrx_word' id='word_1_748' title='bbox 2038 3443 2214 3500; x_wconf 86' lang='lat' dir='ltr'><strong><em>Pallio</em></strong></span> <span class='ocrx_word' id='word_1_749' title='bbox 2238 3446 2537 3518; x_wconf 87' lang='lat' dir='ltr'><strong><em>conscripsit</em></strong></span> <span class='ocrx_word' id='word_1_750' title='bbox 2562 3487 2579 3513; x_wconf 96' lang='lat'><strong><em>,</em></strong></span> <span class='ocrx_word' id='word_1_751' title='bbox 2611 3455 2655 3499; x_wconf 90' lang='lat' dir='ltr'><strong><em>et</em></strong></span> <span class='ocrx_word' id='word_1_752' title='bbox 2680 3445 2897 3499; x_wconf 87' lang='lat' dir='ltr'><strong><em>multum</em></strong></span> <span class='ocrx_word' id='word_1_753' title='bbox 2927 3455 3043 3499; x_wconf 90' lang='lat' dir='ltr'><strong><em>ante</em></strong></span> <span class='ocrx_word' id='word_1_754' title='bbox 3067 3447 3191 3499; x_wconf 72' lang='lat' dir='ltr'><strong><em>vixit</em></strong></span> <span class='ocrx_word' id='word_1_755' title='bbox 3209 3486 3226 3513; x_wconf 90' lang='lat'><strong><em>,</em></strong></span> <span class='ocrx_word' id='word_1_756' title='bbox 3258 3444 3590 3518; x_wconf 85' lang='lat' dir='ltr'><strong><em>distinguitur</em></strong></span> <span class='ocrx_word' id='word_1_757' title='bbox 3613 3488 3630 3514; x_wconf 94' lang='lat'><strong><em>,</em></strong></span> 
     </span>
    </p>
   </div>
   <div class='ocr_carea' id='block_1_94' title="bbox 2038 3535 3629 3609">
    <p class='ocr_par' dir='ltr' id='par_1_94' title="bbox 2038 3535 3629 3609">
     <span class='ocr_line' id='line_1_94' title="bbox 2038 3535 3629 3609; baseline 0.003 -19"><span class='ocrx_word' id='word_1_758' title='bbox 2038 3535 2301 3608; x_wconf 85' lang='lat' dir='ltr'><strong><em>diligentia</em></strong></span> <span class='ocrx_word' id='word_1_759' title='bbox 2331 3542 2562 3609; x_wconf 83' lang='lat' dir='ltr'><strong><em>profecta</em></strong></span> <span class='ocrx_word' id='word_1_760' title='bbox 2587 3547 2681 3591; x_wconf 88' lang='lat' dir='ltr'><strong><em>est.</em></strong></span> <span class='ocrx_word' id='word_1_761' title='bbox 2712 3535 2946 3592; x_wconf 87' lang='lat' dir='ltr'><strong><em>Testatur</em></strong></span> <span class='ocrx_word' id='word_1_762' title='bbox 2974 3536 3027 3591; x_wconf 91' lang='lat' dir='ltr'><strong><em>id</em></strong></span> <span class='ocrx_word' id='word_1_763' title='bbox 3054 3554 3235 3593; x_wconf 89' lang='lat' dir='ltr'><strong><em>manus</em></strong></span> <span class='ocrx_word' id='word_1_764' title='bbox 3266 3538 3429 3594; x_wconf 74' lang='grc' dir='ltr'><strong><em>ΡΑυιι</em></strong></span> <span class='ocrx_word' id='word_1_765' title='bbox 3450 3538 3629 3595; x_wconf 61' lang='lat' dir='ltr'><strong><em>Cono-</em></strong></span> 
     </span>
    </p>
   </div>
   <div class='ocr_carea' id='block_1_95' title="bbox 2038 3626 3629 3702">
    <p class='ocr_par' dir='ltr' id='par_1_95' title="bbox 2038 3626 3629 3702">
     <span class='ocr_line' id='line_1_95' title="bbox 2038 3626 3629 3702; baseline 0.004 -19"><span class='ocrx_word' id='word_1_766' title='bbox 2038 3644 2200 3691; x_wconf 76' lang='lat' dir='ltr'><strong><em>lEsu,</em></strong></span> <span class='ocrx_word' id='word_1_767' title='bbox 2229 3629 2317 3702; x_wconf 89' lang='lat' dir='ltr'><strong><em>qui</em></strong></span> <span class='ocrx_word' id='word_1_768' title='bbox 2347 3628 2455 3684; x_wconf 80' lang='lat' dir='ltr'><strong><em>hcet:</em></strong></span> <span class='ocrx_word' id='word_1_769' title='bbox 2481 3644 2584 3683; x_wconf 73' lang='lat' dir='ltr'><strong><em>ora:</em></strong></span> <span class='ocrx_word' id='word_1_770' title='bbox 2610 3626 2918 3700; x_wconf 79' lang='lat' dir='ltr'><strong><em>Rigaltiante</em></strong></span> <span class='ocrx_word' id='word_1_771' title='bbox 2945 3628 3184 3684; x_wconf 88' lang='lat' dir='ltr'><strong><em>editionis</em></strong></span> <span class='ocrx_word' id='word_1_772' title='bbox 3204 3629 3465 3686; x_wconf 89' lang='lat' dir='ltr'><strong><em>alleverat.</em></strong></span> <span class='ocrx_word' id='word_1_773' title='bbox 3506 3648 3525 3683; x_wconf 72' lang='grc' dir='ltr'><strong><em>ι</em></strong></span> <span class='ocrx_word' id='word_1_774' title='bbox 3556 3630 3629 3689; x_wconf 83' lang='lat' dir='ltr'><strong><em>In</em></strong></span> 
     </span>
    </p>
   </div>
   <div class='ocr_carea' id='block_1_96' title="bbox 2046 3718 3632 3794">
    <p class='ocr_par' dir='ltr' id='par_1_96' title="bbox 2046 3718 3632 3794">
     <span class='ocr_line' id='line_1_96' title="bbox 2046 3718 3632 3794; baseline 0.006 -21"><span class='ocrx_word' id='word_1_775' title='bbox 2046 3740 2064 3773; x_wconf 84' lang='lat' dir='ltr'><strong><em>s</em></strong></span> <span class='ocrx_word' id='word_1_776' title='bbox 2099 3721 2328 3793; x_wconf 86' lang='lat' dir='ltr'><strong><em>margine</em></strong></span> <span class='ocrx_word' id='word_1_777' title='bbox 2350 3720 2503 3794; x_wconf 88' lang='lat' dir='ltr'><strong><em>hujus</em></strong></span> <span class='ocrx_word' id='word_1_778' title='bbox 2528 3721 2797 3775; x_wconf 81' lang='lat' dir='ltr'><strong><em>voluminis</em></strong></span> <span class='ocrx_word' id='word_1_779' title='bbox 2827 3718 2979 3775; x_wconf 88' lang='lat' dir='ltr'><strong><em>habes</em></strong></span> <span class='ocrx_word' id='word_1_780' title='bbox 3008 3719 3170 3777; x_wconf 68' lang='lat'><strong><em>1051.43</em></strong></span> <span class='ocrx_word' id='word_1_781' title='bbox 3201 3720 3445 3785; x_wconf 72' lang='lat' dir='ltr'><strong><em>Menam</em></strong></span> <span class='ocrx_word' id='word_1_782' title='bbox 3464 3722 3632 3782; x_wconf 89' lang='lat' dir='ltr'><strong><em>Notas</em></strong></span> 
     </span>
    </p>
   </div>
   <div class='ocr_carea' id='block_1_97' title="bbox 2045 3808 3629 3891">
    <p class='ocr_par' dir='ltr' id='par_1_97' title="bbox 2045 3808 3629 3891">
     <span class='ocr_line' id='line_1_97' title="bbox 2045 3808 3629 3891; baseline 0.003 -23"><span class='ocrx_word' id='word_1_783' title='bbox 2045 3835 2062 3867; x_wconf 74' lang='grc' dir='ltr'><strong><em>ι</em></strong></span> <span class='ocrx_word' id='word_1_784' title='bbox 2100 3824 2143 3868; x_wconf 92' lang='lat' dir='ltr'><strong><em>et</em></strong></span> <span class='ocrx_word' id='word_1_785' title='bbox 2203 3808 2385 3868; x_wconf 86' lang='lat' dir='ltr'><strong><em>Varias</em></strong></span> <span class='ocrx_word' id='word_1_786' title='bbox 2428 3810 2691 3868; x_wconf 88' lang='lat' dir='ltr'><strong><em>Lectiones</em></strong></span> <span class='ocrx_word' id='word_1_787' title='bbox 2720 3831 2748 3869; x_wconf 90' lang='lat' dir='ltr'><strong><em>e</em></strong></span> <span class='ocrx_word' id='word_1_788' title='bbox 2787 3813 2970 3870; x_wconf 85' lang='lat' dir='ltr'><strong><em>Codice</em></strong></span> <span class='ocrx_word' id='word_1_789' title='bbox 2994 3816 3323 3891; x_wconf 81' lang='lat' dir='ltr'><strong><em>Agobardiuo</em></strong></span> <span class='ocrx_word' id='word_1_790' title='bbox 3362 3819 3427 3873; x_wconf 89' lang='lat' dir='ltr'><strong><em>ab</em></strong></span> <span class='ocrx_word' id='word_1_791' title='bbox 3451 3819 3629 3874; x_wconf 88' lang='lat' dir='ltr'><strong><em>eodem</em></strong></span> 
     </span>
    </p>
   </div>
   <div class='ocr_carea' id='block_1_98' title="bbox 2045 3906 3632 3982">
    <p class='ocr_par' dir='ltr' id='par_1_98' title="bbox 2045 3906 3632 3982">
     <span class='ocr_line' id='line_1_98' title="bbox 2045 3906 3632 3982; baseline 0.004 -20"><span class='ocrx_word' id='word_1_792' title='bbox 2045 3928 2064 3962; x_wconf 72' lang='grc' dir='ltr'><strong>ε</strong></span> <span class='ocrx_word' id='word_1_793' title='bbox 2102 3914 2271 3964; x_wconf 88' lang='lat' dir='ltr'><strong><em>erutas</em></strong></span> <span class='ocrx_word' id='word_1_794' title='bbox 2318 3906 2599 3977; x_wconf 85' lang='lat' dir='ltr'><strong><em>Descripsit</em></strong></span> <span class='ocrx_word' id='word_1_795' title='bbox 2652 3907 2950 3982; x_wconf 72' lang='lat' dir='ltr'><strong><em>Soudlejae,</em></strong></span> <span class='ocrx_word' id='word_1_796' title='bbox 3004 3928 3160 3982; x_wconf 90' lang='lat' dir='ltr'><strong><em>prope</em></strong></span> <span class='ocrx_word' id='word_1_797' title='bbox 3205 3912 3538 3968; x_wconf 73' lang='lat' dir='ltr'><strong><em>Wintlsnrarn</em></strong></span> <span class='ocrx_word' id='word_1_798' title='bbox 3579 3915 3632 3969; x_wconf 87' lang='lat' dir='ltr'><strong><em>in</em></strong></span> 
     </span>
    </p>
   </div>
   <div class='ocr_carea' id='block_1_99' title="bbox 2046 4001 3636 4077">
    <p class='ocr_par' dir='ltr' id='par_1_99' title="bbox 2046 4001 3636 4077">
     <span class='ocr_line' id='line_1_99' title="bbox 2046 4001 3636 4077; baseline 0.004 -22"><span class='ocrx_word' id='word_1_799' title='bbox 2046 4023 2063 4055; x_wconf 86' lang='grc'>‹</span> <span class='ocrx_word' id='word_1_800' title='bbox 2092 4001 2167 4061; x_wconf 77' lang='lat' dir='ltr'><strong><em>/E</em></strong></span> <span class='ocrx_word' id='word_1_801' title='bbox 2170 4004 2336 4077; x_wconf 80' lang='lat' dir='ltr'><strong><em>dibus.</em></strong></span> <span class='ocrx_word' id='word_1_802' title='bbox 2355 4001 2614 4057; x_wconf 87' lang='lat' dir='ltr'><strong><em>Vossianis</em></strong></span> <span class='ocrx_word' id='word_1_803' title='bbox 2630 4002 2836 4058; x_wconf 69' lang='lat' dir='ltr'><strong><em>Psvws</em></strong></span> <span class='ocrx_word' id='word_1_804' title='bbox 2848 4003 3201 4071; x_wconf 74' lang='lat' dir='ltr'><strong><em>Comuesws,</em></strong></span> <span class='ocrx_word' id='word_1_805' title='bbox 3221 4005 3368 4061; x_wconf 88' lang='lat' dir='ltr'><strong><em>Auno</em></strong></span> <span class='ocrx_word' id='word_1_806' title='bbox 3390 4022 3636 4062; x_wconf 65' lang='lat' dir='ltr'><strong><em>uncuxx-</em></strong></span> 
     </span>
    </p>
   </div>
   <div class='ocr_carea' id='block_1_100' title="bbox 2045 4096 3633 4169">
    <p class='ocr_par' dir='ltr' id='par_1_100' title="bbox 2045 4096 3633 4169">
     <span class='ocr_line' id='line_1_100' title="bbox 2045 4096 3633 4169; baseline 0.004 -20"><span class='ocrx_word' id='word_1_807' title='bbox 2045 4116 2065 4149; x_wconf 79' lang='lat' dir='ltr'><strong><em>s</em></strong></span> <span class='ocrx_word' id='word_1_808' title='bbox 2086 4114 2213 4153; x_wconf 74' lang='grc' dir='ltr'><strong><em>χιι.)</em></strong></span> <span class='ocrx_word' id='word_1_809' title='bbox 2242 4096 2413 4169; x_wconf 83' lang='lat' dir='ltr'><strong><em>Hujus</em></strong></span> <span class='ocrx_word' id='word_1_810' title='bbox 2435 4098 2550 4157; x_wconf 84' lang='lat' dir='ltr'><strong><em>libri</em></strong></span> <span class='ocrx_word' id='word_1_811' title='bbox 2577 4099 2875 4153; x_wconf 89' lang='lat' dir='ltr'><strong><em>mentionem</em></strong></span> <span class='ocrx_word' id='word_1_812' title='bbox 2896 4098 3137 4169; x_wconf 89' lang='lat' dir='ltr'><strong><em>iujecerat</em></strong></span> <span class='ocrx_word' id='word_1_813' title='bbox 3160 4099 3282 4153; x_wconf 89' lang='lat' dir='ltr'><strong><em>mihi</em></strong></span> <span class='ocrx_word' id='word_1_814' title='bbox 3306 4096 3633 4155; x_wconf 71' lang='lat' dir='ltr'><strong><em>FRANCISCUS</em></strong></span> 
     </span>
    </p>
   </div>
   <div class='ocr_carea' id='block_1_101' title="bbox 2040 4191 3629 4265">
    <p class='ocr_par' dir='ltr' id='par_1_101' title="bbox 2040 4191 3629 4265">
     <span class='ocr_line' id='line_1_101' title="bbox 2040 4191 3629 4265; baseline 0.001 -18"><span class='ocrx_word' id='word_1_815' title='bbox 2040 4192 2346 4259; x_wconf 72' lang='lat' dir='ltr'><strong><em>FABRICIUS,</em></strong></span> <span class='ocrx_word' id='word_1_816' title='bbox 2381 4191 2812 4263; x_wconf 76' lang='lat' dir='ltr'><strong><em>SS.-Thealogia:</em></strong></span> <span class='ocrx_word' id='word_1_817' title='bbox 2839 4193 2891 4246; x_wconf 88' lang='lat' dir='ltr'><strong><em>in</em></strong></span> <span class='ocrx_word' id='word_1_818' title='bbox 2934 4193 3207 4265; x_wconf 46' lang='lat' dir='ltr'><strong><em>Acadimia</em></strong></span> <span class='ocrx_word' id='word_1_819' title='bbox 3245 4191 3629 4265; x_wconf 77' lang='lat' dir='ltr'><strong><em>Lugdune-Ba-</em></strong></span> 
     </span>
    </p>
   </div>
   <div class='ocr_carea' id='block_1_102' title="bbox 2042 4208 3638 4357">
    <p class='ocr_par' dir='ltr' id='par_1_102' title="bbox 2042 4208 3638 4357">
     <span class='ocr_line' id='line_1_102' title="bbox 2042 4208 3629 4265; baseline 0.001 -18"><span class='ocrx_word' id='word_1_820' title='bbox 2042 4208 2346 4259; x_wconf 70' lang='lat' dir='ltr'><strong><em>r&#39;ABmcws,</em></strong></span> <span class='ocrx_word' id='word_1_821' title='bbox 2381 4208 2812 4263; x_wconf 65' lang='lat' dir='ltr'><strong><em>ob.-‘t&#39;tteotogi¢v</em></strong></span> <span class='ocrx_word' id='word_1_822' title='bbox 2839 4210 2891 4246; x_wconf 82' lang='lat' dir='ltr'><strong><em>tn</em></strong></span> <span class='ocrx_word' id='word_1_823' title='bbox 2934 4208 3073 4247; x_wconf 82' lang='lat' dir='ltr'><strong><em>Acaa</em></strong></span> <span class='ocrx_word' id='word_1_824' title='bbox 3106 4210 3207 4246; x_wconf 84' lang='lat' dir='ltr'><strong><em>una</em></strong></span> <span class='ocrx_word' id='word_1_825' title='bbox 3245 4208 3629 4265; x_wconf 73' lang='lat' dir='ltr'><strong><em>Lugdune-ua-</em></strong></span> 
     </span>
     <span class='ocr_line' id='line_1_103' title="bbox 2042 4208 3638 4357; baseline 0.001 -18"><span class='ocrx_word' id='word_1_826' title='bbox 2042 4295 2157 4339; x_wconf 88' lang='lat' dir='ltr'><strong><em>tavu</em></strong></span> <span class='ocrx_word' id='word_1_827' title='bbox 2186 4285 2380 4340; x_wconf 90' lang='lat' dir='ltr'><strong><em>Doctor</em></strong></span> <span class='ocrx_word' id='word_1_828' title='bbox 2408 4295 2455 4339; x_wconf 90' lang='lat' dir='ltr'><strong><em>et</em></strong></span> <span class='ocrx_word' id='word_1_829' title='bbox 2489 4283 2761 4357; x_wconf 87' lang='lat' dir='ltr'><strong><em>Professor</em></strong></span> <span class='ocrx_word' id='word_1_830' title='bbox 2786 4208 3140 4339; x_wconf 44' lang='lat' dir='ltr'><strong><em>celeberrinﬁs</em></strong></span> <span class='ocrx_word' id='word_1_831' title='bbox 3163 4328 3181 4354; x_wconf 91' lang='lat'><strong><em>,</em></strong></span> <span class='ocrx_word' id='word_1_832' title='bbox 3208 4302 3356 4356; x_wconf 88' lang='lat' dir='ltr'><strong><em>seque</em></strong></span> <span class='ocrx_word' id='word_1_833' title='bbox 3377 4302 3492 4339; x_wconf 89' lang='lat' dir='ltr'><strong><em>eum</em></strong></span> <span class='ocrx_word' id='word_1_834' title='bbox 3518 4302 3638 4355; x_wconf 90' lang='lat' dir='ltr'><strong><em>pos-</em></strong></span> 
     </span>
    </p>
   </div>
   <div class='ocr_carea' id='block_1_103' title="bbox 2039 4375 3635 4448">
    <p class='ocr_par' dir='ltr' id='par_1_103' title="bbox 2039 4375 3635 4448">
     <span class='ocr_line' id='line_1_104' title="bbox 2039 4375 3635 4448; baseline 0.001 -17"><span class='ocrx_word' id='word_1_835' title='bbox 2039 4376 2207 4431; x_wconf 87' lang='lat' dir='ltr'><strong><em>sidere</em></strong></span> <span class='ocrx_word' id='word_1_836' title='bbox 2229 4378 2430 4430; x_wconf 78' lang='lat' dir='ltr'><strong><em>dixerat</em></strong></span> <span class='ocrx_word' id='word_1_837' title='bbox 2454 4418 2469 4442; x_wconf 93' lang='lat'><strong><em>,</em></strong></span> <span class='ocrx_word' id='word_1_838' title='bbox 2500 4377 2684 4447; x_wconf 90' lang='lat' dir='ltr'><strong><em>petenti</em></strong></span> <span class='ocrx_word' id='word_1_839' title='bbox 2706 4375 2822 4430; x_wconf 88' lang='lat' dir='ltr'><strong><em>dein</em></strong></span> <span class='ocrx_word' id='word_1_840' title='bbox 2851 4378 3069 4448; x_wconf 81' lang='lat' dir='ltr'><strong><em>proferri</em></strong></span> <span class='ocrx_word' id='word_1_841' title='bbox 3085 4379 3241 4448; x_wconf 86' lang='lat' dir='ltr'><strong><em>jussit</em></strong></span> <span class='ocrx_word' id='word_1_842' title='bbox 3266 4419 3280 4442; x_wconf 94' lang='lat'><strong><em>,</em></strong></span> <span class='ocrx_word' id='word_1_843' title='bbox 3325 4388 3372 4432; x_wconf 89' lang='lat' dir='ltr'><strong><em>et</em></strong></span> <span class='ocrx_word' id='word_1_844' title='bbox 3397 4394 3492 4447; x_wconf 85' lang='lat' dir='ltr'><strong><em>pro</em></strong></span> <span class='ocrx_word' id='word_1_845' title='bbox 3530 4378 3635 4434; x_wconf 87' lang='lat' dir='ltr'><strong><em>sin-</em></strong></span> 
     </span>
    </p>
   </div>
   <div class='ocr_carea' id='block_1_104' title="bbox 2038 4472 3629 4545">
    <p class='ocr_par' dir='ltr' id='par_1_104' title="bbox 2038 4472 3629 4545">
     <span class='ocr_line' id='line_1_105' title="bbox 2038 4472 3629 4545; baseline 0.001 -19"><span class='ocrx_word' id='word_1_846' title='bbox 2038 4473 2211 4545; x_wconf 80' lang='lat' dir='ltr'><strong><em>gulari</em></strong></span> <span class='ocrx_word' id='word_1_847' title='bbox 2236 4488 2328 4525; x_wconf 89' lang='lat' dir='ltr'><strong><em>sua</em></strong></span> <span class='ocrx_word' id='word_1_848' title='bbox 2353 4472 2667 4543; x_wconf 76' lang='lat' dir='ltr'><strong><em>humanitate</em></strong></span> <span class='ocrx_word' id='word_1_849' title='bbox 2693 4472 2891 4541; x_wconf 89' lang='lat' dir='ltr'><strong><em>copiam</em></strong></span> <span class='ocrx_word' id='word_1_850' title='bbox 2915 4472 3026 4543; x_wconf 85' lang='lat' dir='ltr'><strong><em>ejus</em></strong></span> <span class='ocrx_word' id='word_1_851' title='bbox 3052 4474 3189 4543; x_wconf 86' lang='lat' dir='ltr'><strong><em>fecit.</em></strong></span> <span class='ocrx_word' id='word_1_852' title='bbox 3208 4472 3314 4528; x_wconf 86' lang='lat' dir='ltr'><strong><em>Sed</em></strong></span> <span class='ocrx_word' id='word_1_853' title='bbox 3330 4472 3444 4544; x_wconf 88' lang='lat' dir='ltr'><strong><em>jam</em></strong></span> <span class='ocrx_word' id='word_1_854' title='bbox 3461 4487 3629 4544; x_wconf 73' lang='lat' dir='ltr'><strong><em>aperte</em></strong></span> 
     </span>
    </p>
   </div>
   <div class='ocr_carea' id='block_1_105' title="bbox 2040 4562 3633 4643">
    <p class='ocr_par' dir='ltr' id='par_1_105' title="bbox 2040 4562 3633 4643">
     <span class='ocr_line' id='line_1_106' title="bbox 2040 4562 3633 4643; baseline -0.001 -25"><span class='ocrx_word' id='word_1_855' title='bbox 2040 4564 2109 4618; x_wconf 80' lang='lat' dir='ltr'><strong><em>ad</em></strong></span> <span class='ocrx_word' id='word_1_856' title='bbox 2130 4564 2286 4633; x_wconf 79' lang='lat' dir='ltr'><strong><em>ﬁnem</em></strong></span> <span class='ocrx_word' id='word_1_857' title='bbox 2313 4579 2470 4643; x_wconf 85' lang='lat' dir='ltr'><strong><em>usque</em></strong></span> <span class='ocrx_word' id='word_1_858' title='bbox 2497 4562 2623 4634; x_wconf 87' lang='lat' dir='ltr'><strong><em>Cap.</em></strong></span> <span class='ocrx_word' id='word_1_859' title='bbox 2658 4578 2733 4617; x_wconf 69' lang='grc' dir='ltr'><strong><em>ιι.</em></strong></span> <span class='ocrx_word' id='word_1_860' title='bbox 2762 4572 2906 4616; x_wconf 87' lang='lat' dir='ltr'><strong><em>erant</em></strong></span> <span class='ocrx_word' id='word_1_861' title='bbox 2936 4579 3242 4634; x_wconf 79' lang='lat' dir='ltr'><strong><em>progresste,</em></strong></span> <span class='ocrx_word' id='word_1_862' title='bbox 3271 4580 3428 4634; x_wconf 88' lang='lat' dir='ltr'><strong><em>quare</em></strong></span> <span class='ocrx_word' id='word_1_863' title='bbox 3454 4575 3633 4632; x_wconf 85' lang='lat' dir='ltr'><strong><em>postu-</em></strong></span> 
     </span>
    </p>
   </div>
   <div class='ocr_carea' id='block_1_106' title="bbox 2040 4655 3637 4727">
    <p class='ocr_par' dir='ltr' id='par_1_106' title="bbox 2040 4655 3637 4727">
     <span class='ocr_line' id='line_1_107' title="bbox 2040 4655 3637 4727; baseline -0.001 -16"><span class='ocrx_word' id='word_1_864' title='bbox 2040 4656 2150 4711; x_wconf 82' lang='lat' dir='ltr'><strong><em>lare</em></strong></span> <span class='ocrx_word' id='word_1_865' title='bbox 2189 4656 2315 4709; x_wconf 80' lang='lat' dir='ltr'><strong><em>mihi</em></strong></span> <span class='ocrx_word' id='word_1_866' title='bbox 2353 4672 2433 4710; x_wconf 87' lang='lat' dir='ltr'><strong><em>res</em></strong></span> <span class='ocrx_word' id='word_1_867' title='bbox 2462 4656 2564 4710; x_wconf 71' lang='lat' dir='ltr'><strong><em>visa</em></strong></span> <span class='ocrx_word' id='word_1_868' title='bbox 2595 4656 2691 4726; x_wconf 89' lang='lat' dir='ltr'><strong><em>fuit</em></strong></span> <span class='ocrx_word' id='word_1_869' title='bbox 2722 4696 2736 4721; x_wconf 91' lang='lat'><strong><em>,</em></strong></span> <span class='ocrx_word' id='word_1_870' title='bbox 2781 4667 2836 4709; x_wconf 93' lang='lat' dir='ltr'><strong><em>ut</em></strong></span> <span class='ocrx_word' id='word_1_871' title='bbox 2879 4658 3106 4726; x_wconf 88' lang='lat' dir='ltr'><strong><em>priorum</em></strong></span> <span class='ocrx_word' id='word_1_872' title='bbox 3132 4657 3366 4711; x_wconf 88' lang='lat' dir='ltr'><strong><em>undecim</em></strong></span> <span class='ocrx_word' id='word_1_873' title='bbox 3395 4655 3637 4727; x_wconf 79' lang='lat' dir='ltr'><strong><em>Cupitum</em></strong></span> 
     </span>
    </p>
   </div>
   <div class='ocr_carea' id='block_1_107' title="bbox 2036 4739 3727 4816">
    <p class='ocr_par' dir='ltr' id='par_1_107' title="bbox 2036 4739 3727 4816">
     <span class='ocr_line' id='line_1_108' title="bbox 2036 4739 3727 4816; baseline -0.001 -13"><span class='ocrx_word' id='word_1_874' title='bbox 2036 4747 2258 4805; x_wconf 82' lang='lat' dir='ltr'><strong><em>Collatia</em></strong></span> <span class='ocrx_word' id='word_1_875' title='bbox 2283 4739 2544 4801; x_wconf 72' lang='lat' dir='ltr'><strong><em>Addendis</em></strong></span> <span class='ocrx_word' id='word_1_876' title='bbox 2594 4747 2918 4803; x_wconf 89' lang='lat' dir='ltr'><strong><em>insereretur.</em></strong></span> <span class='ocrx_word' id='word_1_877' title='bbox 2979 4742 3092 4803; x_wconf 90' lang='lat' dir='ltr'><strong><em>Par</em></strong></span> <span class='ocrx_word' id='word_1_878' title='bbox 3116 4749 3246 4802; x_wconf 88' lang='lat' dir='ltr'><strong><em>ratio</em></strong></span> <span class='ocrx_word' id='word_1_879' title='bbox 3274 4746 3504 4802; x_wconf 87' lang='lat' dir='ltr'><strong><em>habenda</em></strong></span> <span class='ocrx_word' id='word_1_880' title='bbox 3534 4747 3634 4816; x_wconf 90' lang='lat' dir='ltr'><strong><em>fuit</em></strong></span> <span class='ocrx_word' id='word_1_881' title='bbox 3716 4804 3727 4808; x_wconf 76' lang='grc'><em>,</em></span> 
     </span>
    </p>
   </div>
   <div class='ocr_carea' id='block_1_108' title="bbox 2038 4835 3637 4913">
    <p class='ocr_par' dir='ltr' id='par_1_108' title="bbox 2038 4835 3637 4913">
     <span class='ocr_line' id='line_1_109' title="bbox 2038 4835 3637 4913; baseline 0 -19"><span class='ocrx_word' id='word_1_882' title='bbox 2038 4840 2249 4901; x_wconf 77' lang='lat' dir='ltr'><strong><em>alterius</em></strong></span> <span class='ocrx_word' id='word_1_883' title='bbox 2273 4836 2395 4895; x_wconf 74' lang='lat' dir='ltr'><strong><em>MS.</em></strong></span> <span class='ocrx_word' id='word_1_884' title='bbox 2419 4835 2816 4908; x_wconf 74' lang='lat' dir='ltr'><strong><em>Membranacei,</em></strong></span> <span class='ocrx_word' id='word_1_885' title='bbox 2841 4842 2925 4909; x_wconf 89' lang='lat' dir='ltr'><strong><em>qui</em></strong></span> <span class='ocrx_word' id='word_1_886' title='bbox 2947 4850 3227 4895; x_wconf 89' lang='lat' dir='ltr'><strong><em>recensetur</em></strong></span> <span class='ocrx_word' id='word_1_887' title='bbox 3250 4840 3301 4894; x_wconf 91' lang='lat' dir='ltr'><strong><em>in</em></strong></span> <span class='ocrx_word' id='word_1_888' title='bbox 3323 4839 3637 4913; x_wconf 75' lang='lat' dir='ltr'><strong><em>Bibliotheca</em></strong></span> 
     </span>
    </p>
   </div>
   <div class='ocr_carea' id='block_1_109' title="bbox 2037 4928 3636 5005">
    <p class='ocr_par' dir='ltr' id='par_1_109' title="bbox 2037 4928 3636 5005">
     <span class='ocr_line' id='line_1_110' title="bbox 2037 4928 3636 5005; baseline -0.001 -18"><span class='ocrx_word' id='word_1_889' title='bbox 2037 4928 2210 5005; x_wconf 76' lang='lat' dir='ltr'><strong><em>Lugd.</em></strong></span> <span class='ocrx_word' id='word_1_890' title='bbox 2231 4930 2353 4986; x_wconf 85' lang='lat' dir='ltr'><strong><em>Bal.</em></strong></span> <span class='ocrx_word' id='word_1_891' title='bbox 2376 4948 2496 5002; x_wconf 87' lang='lat' dir='ltr'><strong><em>pag.</em></strong></span> <span class='ocrx_word' id='word_1_892' title='bbox 2529 4931 2657 4987; x_wconf 77' lang='grc'><strong><em>576.</em></strong></span> <span class='ocrx_word' id='word_1_893' title='bbox 2686 4948 2798 4986; x_wconf 88' lang='lat' dir='ltr'><strong><em>cum</em></strong></span> <span class='ocrx_word' id='word_1_894' title='bbox 2825 4932 3070 5004; x_wconf 78' lang='lat' dir='ltr'><strong><em>Cypriani</em></strong></span> <span class='ocrx_word' id='word_1_895' title='bbox 3093 4933 3407 5003; x_wconf 85' lang='lat' dir='ltr'><strong><em>aliorumque</em></strong></span> <span class='ocrx_word' id='word_1_896' title='bbox 3433 4932 3636 5002; x_wconf 86' lang='lat' dir='ltr'><strong><em>scriptis</em></strong></span> 
     </span>
    </p>
   </div>
   <div class='ocr_carea' id='block_1_110' title="bbox 2040 5012 3632 5097">
    <p class='ocr_par' dir='ltr' id='par_1_110' title="bbox 2040 5012 3632 5097">
     <span class='ocr_line' id='line_1_111' title="bbox 2040 5012 3632 5097; baseline -0.001 -16"><span class='ocrx_word' id='word_1_897' title='bbox 2040 5025 2331 5097; x_wconf 78' lang='lat' dir='ltr'><strong><em>colligatus.</em></strong></span> <span class='ocrx_word' id='word_1_898' title='bbox 2352 5012 2577 5096; x_wconf 69' lang='lat' dir='ltr'><strong><em>Fregerat</em></strong></span> <span class='ocrx_word' id='word_1_899' title='bbox 2603 5025 2647 5080; x_wconf 91' lang='lat' dir='ltr'><strong><em>is</em></strong></span> <span class='ocrx_word' id='word_1_900' title='bbox 2677 5025 2802 5081; x_wconf 90' lang='lat' dir='ltr'><strong><em>liber</em></strong></span> <span class='ocrx_word' id='word_1_901' title='bbox 2820 5026 2984 5095; x_wconf 81' lang='lat' dir='ltr'><strong><em>priuso</em></strong></span> <span class='ocrx_word' id='word_1_902' title='bbox 3011 5024 3327 5097; x_wconf 84' lang='lat' dir='ltr'><strong><em>diligentiam</em></strong></span> <span class='ocrx_word' id='word_1_903' title='bbox 3360 5024 3632 5094; x_wconf 83' lang='lat' dir='ltr'><strong><em>Nostram,</em></strong></span> 
     </span>
    </p>
   </div>
   <div class='ocr_carea' id='block_1_111' title="bbox 2039 5116 3630 5189">
    <p class='ocr_par' dir='ltr' id='par_1_111' title="bbox 2039 5116 3630 5189">
     <span class='ocr_line' id='line_1_112' title="bbox 2039 5116 3630 5189; baseline 0.001 -17"><span class='ocrx_word' id='word_1_904' title='bbox 2039 5119 2129 5173; x_wconf 87' lang='lat' dir='ltr'><strong><em>sed</em></strong></span> <span class='ocrx_word' id='word_1_905' title='bbox 2149 5127 2314 5172; x_wconf 84' lang='lat' dir='ltr'><strong><em>tamen</em></strong></span> <span class='ocrx_word' id='word_1_906' title='bbox 2335 5118 2624 5187; x_wconf 85' lang='lat' dir='ltr'><strong><em>nuperrime</em></strong></span> <span class='ocrx_word' id='word_1_907' title='bbox 2644 5134 2676 5171; x_wconf 93' lang='lat' dir='ltr'><strong><em>a</em></strong></span> <span class='ocrx_word' id='word_1_908' title='bbox 2703 5116 2867 5173; x_wconf 89' lang='lat' dir='ltr'><strong><em>Nobis</em></strong></span> <span class='ocrx_word' id='word_1_909' title='bbox 2894 5118 3280 5189; x_wconf 77' lang='lat' dir='ltr'><strong><em>diligentissime</em></strong></span> <span class='ocrx_word' id='word_1_910' title='bbox 3298 5119 3514 5173; x_wconf 89' lang='lat' dir='ltr'><strong><em>collatus</em></strong></span> <span class='ocrx_word' id='word_1_911' title='bbox 3537 5128 3630 5188; x_wconf 88' lang='lat' dir='ltr'><strong><em>est,</em></strong></span> 
     </span>
    </p>
   </div>
   <div class='ocr_carea' id='block_1_112' title="bbox 2038 5210 3633 5282">
    <p class='ocr_par' dir='ltr' id='par_1_112' title="bbox 2038 5210 3633 5282">
     <span class='ocr_line' id='line_1_113' title="bbox 2038 5210 3633 5282; baseline 0 -16"><span class='ocrx_word' id='word_1_912' title='bbox 2038 5212 2316 5282; x_wconf 89' lang='lat' dir='ltr'><strong><em>iisdemque</em></strong></span> <span class='ocrx_word' id='word_1_913' title='bbox 2336 5210 2598 5267; x_wconf 84' lang='lat' dir='ltr'><strong><em>Addendis</em></strong></span> <span class='ocrx_word' id='word_1_914' title='bbox 2635 5210 2800 5266; x_wconf 68' lang='lat' dir='ltr'><strong><em>Variae</em></strong></span> <span class='ocrx_word' id='word_1_915' title='bbox 2827 5212 2936 5281; x_wconf 91' lang='lat' dir='ltr'><strong><em>ejus</em></strong></span> <span class='ocrx_word' id='word_1_916' title='bbox 2975 5210 3235 5266; x_wconf 88' lang='lat' dir='ltr'><strong><em>Lectiones</em></strong></span> <span class='ocrx_word' id='word_1_917' title='bbox 3259 5212 3464 5267; x_wconf 76' lang='lat' dir='ltr'><strong><em>inserta:</em></strong></span> <span class='ocrx_word' id='word_1_918' title='bbox 3492 5222 3633 5269; x_wconf 88' lang='lat' dir='ltr'><strong><em>sunt.</em></strong></span> 
     </span>
    </p>
   </div>
   <div class='ocr_carea' id='block_1_113' title="bbox 2038 5302 3635 5374">
    <p class='ocr_par' dir='ltr' id='par_1_113' title="bbox 2038 5302 3635 5374">
     <span class='ocr_line' id='line_1_114' title="bbox 2038 5302 3635 5374; baseline 0.001 -16"><span class='ocrx_word' id='word_1_919' title='bbox 2038 5302 2213 5359; x_wconf 74' lang='lat' dir='ltr'><strong><em>Codex</em></strong></span> <span class='ocrx_word' id='word_1_920' title='bbox 2249 5313 2359 5359; x_wconf 84' lang='lat' dir='ltr'><strong><em>erat</em></strong></span> <span class='ocrx_word' id='word_1_921' title='bbox 2401 5322 2524 5360; x_wconf 89' lang='lat' dir='ltr'><strong><em>sane</em></strong></span> <span class='ocrx_word' id='word_1_922' title='bbox 2553 5312 2800 5374; x_wconf 75' lang='lat' dir='ltr'><strong><em>prwstans</em></strong></span> <span class='ocrx_word' id='word_1_923' title='bbox 2824 5343 2839 5367; x_wconf 95' lang='lat'><strong><em>,</em></strong></span> <span class='ocrx_word' id='word_1_924' title='bbox 2881 5312 2928 5356; x_wconf 91' lang='lat' dir='ltr'><strong><em>et</em></strong></span> <span class='ocrx_word' id='word_1_925' title='bbox 2974 5303 3090 5357; x_wconf 89' lang='lat' dir='ltr'><strong><em>licet</em></strong></span> <span class='ocrx_word' id='word_1_926' title='bbox 3119 5304 3409 5373; x_wconf 80' lang='lat' dir='ltr'><strong><em>scriptionis</em></strong></span> <span class='ocrx_word' id='word_1_927' title='bbox 3438 5305 3635 5359; x_wconf 88' lang='lat' dir='ltr'><strong><em>ratione</em></strong></span> 
     </span>
    </p>
   </div>
   <div class='ocr_carea' id='block_1_114' title="bbox 2039 5395 3638 5471">
    <p class='ocr_par' dir='ltr' id='par_1_114' title="bbox 2039 5395 3638 5471">
     <span class='ocr_line' id='line_1_115' title="bbox 2039 5395 3638 5471; baseline 0.001 -19"><span class='ocrx_word' id='word_1_928' title='bbox 2039 5398 2290 5470; x_wconf 89' lang='lat' dir='ltr'><strong><em>prioribus</em></strong></span> <span class='ocrx_word' id='word_1_929' title='bbox 2308 5398 2476 5471; x_wconf 87' lang='lat' dir='ltr'><strong><em>Lugd.</em></strong></span> <span class='ocrx_word' id='word_1_930' title='bbox 2500 5397 2617 5452; x_wconf 90' lang='lat' dir='ltr'><strong><em>Bat.</em></strong></span> <span class='ocrx_word' id='word_1_931' title='bbox 2647 5395 2954 5451; x_wconf 81' lang='lat' dir='ltr'><strong><em>Membranis</em></strong></span> <span class='ocrx_word' id='word_1_932' title='bbox 2979 5397 3145 5451; x_wconf 88' lang='lat' dir='ltr'><strong><em>minus</em></strong></span> <span class='ocrx_word' id='word_1_933' title='bbox 3161 5396 3371 5463; x_wconf 88' lang='lat' dir='ltr'><strong><em>nitidus,</em></strong></span> <span class='ocrx_word' id='word_1_934' title='bbox 3394 5406 3638 5453; x_wconf 88' lang='lat' dir='ltr'><strong><em>vetustate</em></strong></span> 
     </span>
    </p>
   </div>
   <div class='ocr_carea' id='block_1_115' title="bbox 2024 5486 3661 5559">
    <p class='ocr_par' dir='ltr' id='par_1_115' title="bbox 2024 5486 3661 5559">
     <span class='ocr_line' id='line_1_116' title="bbox 2024 5486 3661 5559; baseline 0.001 -14"><span class='ocrx_word' id='word_1_935' title='bbox 2024 5486 2205 5547; x_wconf 80' lang='lat' dir='ltr'><strong><em>tamen</em></strong></span> <span class='ocrx_word' id='word_1_936' title='bbox 2228 5501 2276 5545; x_wconf 89' lang='lat' dir='ltr'><strong><em>et</em></strong></span> <span class='ocrx_word' id='word_1_937' title='bbox 2306 5492 2627 5545; x_wconf 89' lang='lat' dir='ltr'><strong><em>accuratione</em></strong></span> <span class='ocrx_word' id='word_1_938' title='bbox 2651 5504 2920 5556; x_wconf 83' lang='lat' dir='ltr'><strong><em>superans.</em></strong></span> <span class='ocrx_word' id='word_1_939' title='bbox 2959 5487 3092 5544; x_wconf 90' lang='lat' dir='ltr'><strong><em>Usus</em></strong></span> <span class='ocrx_word' id='word_1_940' title='bbox 3115 5505 3228 5543; x_wconf 88' lang='lat' dir='ltr'><strong><em>sum</em></strong></span> <span class='ocrx_word' id='word_1_941' title='bbox 3254 5499 3498 5559; x_wconf 82' lang='lat' dir='ltr'><strong><em>prteterea</em></strong></span> <span class='ocrx_word' id='word_1_942' title='bbox 3542 5489 3634 5546; x_wconf 69' lang='grc' dir='ltr'><strong><em>,ἰυ-</em></strong></span> <span class='ocrx_word' id='word_1_943' title='bbox 3657 5488 3661 5492; x_wconf 78' lang='grc'><strong>’</strong></span> 
     </span>
    </p>
   </div>
   <div class='ocr_carea' id='block_1_116' title="bbox 2035 5579 3635 5652">
    <p class='ocr_par' dir='ltr' id='par_1_116' title="bbox 2035 5579 3635 5652">
     <span class='ocr_line' id='line_1_117' title="bbox 2035 5579 3635 5652; baseline -0.002 -13"><span class='ocrx_word' id='word_1_944' title='bbox 2035 5598 2109 5639; x_wconf 73' lang='lat' dir='ltr'><strong><em>nu</em></strong></span> <span class='ocrx_word' id='word_1_945' title='bbox 2131 5581 2371 5638; x_wconf 87' lang='lat' dir='ltr'><strong><em>Editione</em></strong></span> <span class='ocrx_word' id='word_1_946' title='bbox 2389 5624 2405 5649; x_wconf 92' lang='lat'><strong><em>,</em></strong></span> <span class='ocrx_word' id='word_1_947' title='bbox 2444 5583 2526 5636; x_wconf 87' lang='lat' dir='ltr'><strong><em>cui</em></strong></span> <span class='ocrx_word' id='word_1_948' title='bbox 2553 5582 2818 5638; x_wconf 70' lang='lat' dir='ltr'><strong><em>Josernus</em></strong></span> <span class='ocrx_word' id='word_1_949' title='bbox 2844 5579 3112 5638; x_wconf 71' lang='lat' dir='ltr'><strong><em>Scsucan</em></strong></span> <span class='ocrx_word' id='word_1_950' title='bbox 3155 5583 3473 5652; x_wconf 83' lang='lat' dir='ltr'><strong><em>conjecturas</em></strong></span> <span class='ocrx_word' id='word_1_951' title='bbox 3496 5598 3635 5636; x_wconf 88' lang='lat' dir='ltr'><strong><em>non-</em></strong></span> 
     </span>
    </p>
   </div>
   <div class='ocr_carea' id='block_1_117' title="bbox 2036 5672 3618 5747">
    <p class='ocr_par' dir='ltr' id='par_1_117' title="bbox 2036 5672 3618 5747">
     <span class='ocr_line' id='line_1_118' title="bbox 2036 5672 3618 5747; baseline -0.003 -14"><span class='ocrx_word' id='word_1_952' title='bbox 2036 5678 2204 5734; x_wconf 88' lang='lat' dir='ltr'><strong><em>nullas</em></strong></span> <span class='ocrx_word' id='word_1_953' title='bbox 2224 5676 2581 5747; x_wconf 90' lang='lat' dir='ltr'><strong><em>adscripserat,</em></strong></span> <span class='ocrx_word' id='word_1_954' title='bbox 2605 5689 2719 5745; x_wconf 76' lang='lat' dir='ltr'><strong><em>qua:</em></strong></span> <span class='ocrx_word' id='word_1_955' title='bbox 2744 5672 2909 5728; x_wconf 90' lang='lat' dir='ltr'><strong><em>debito</em></strong></span> <span class='ocrx_word' id='word_1_956' title='bbox 2948 5674 3138 5729; x_wconf 87' lang='lat' dir='ltr'><strong><em>honore</em></strong></span> <span class='ocrx_word' id='word_1_957' title='bbox 3157 5674 3350 5729; x_wconf 89' lang='lat' dir='ltr'><strong><em>nomini</em></strong></span> <span class='ocrx_word' id='word_1_958' title='bbox 3375 5675 3502 5727; x_wconf 90' lang='lat' dir='ltr'><strong><em>tanti</em></strong></span> <span class='ocrx_word' id='word_1_959' title='bbox 3523 5674 3618 5747; x_wconf 85' lang='lat' dir='ltr'><strong><em>viri</em></strong></span> 
     </span>
    </p>
   </div>
   <div class='ocr_carea' id='block_1_118' title="bbox 2036 5745 3647 5843">
    <p class='ocr_par' dir='ltr' id='par_1_118' title="bbox 2036 5745 3647 5843">
     <span class='ocr_line' id='line_1_119' title="bbox 2036 5745 3647 5843; baseline -0.004 -15"><span class='ocrx_word' id='word_1_960' title='bbox 2036 5772 2219 5843; x_wconf 90' lang='lat' dir='ltr'><strong><em>ubique</em></strong></span> <span class='ocrx_word' id='word_1_961' title='bbox 2237 5780 2353 5826; x_wconf 88' lang='lat' dir='ltr'><strong><em>sunt</em></strong></span> <span class='ocrx_word' id='word_1_962' title='bbox 2373 5745 2583 5825; x_wconf 72' lang='lat' dir='ltr'><strong><em>redditae</em></strong></span> <span class='ocrx_word' id='word_1_963' title='bbox 2602 5786 2622 5836; x_wconf 84' lang='lat'><em>;</em></span> <span class='ocrx_word' id='word_1_964' title='bbox 2646 5778 2698 5823; x_wconf 88' lang='lat' dir='ltr'><strong><em>ut</em></strong></span> <span class='ocrx_word' id='word_1_965' title='bbox 2713 5778 2760 5824; x_wconf 90' lang='lat' dir='ltr'><strong><em>et</em></strong></span> <span class='ocrx_word' id='word_1_966' title='bbox 2785 5768 3012 5839; x_wconf 90' lang='lat' dir='ltr'><strong><em>ejusdem</em></strong></span> <span class='ocrx_word' id='word_1_967' title='bbox 3032 5768 3267 5824; x_wconf 88' lang='lat' dir='ltr'><strong><em>editionis</em></strong></span> <span class='ocrx_word' id='word_1_968' title='bbox 3298 5745 3595 5838; x_wconf 58' lang='lat' dir='ltr'><strong><em>exemplari</em></strong></span> <span class='ocrx_word' id='word_1_969' title='bbox 3610 5767 3647 5839; x_wconf 47' lang='grc' dir='ltr'><em>ί</em></span> 
     </span>
    </p>
   </div>
   <div class='ocr_carea' id='block_1_119' title="bbox 2036 5858 3583 5925">
    <p class='ocr_par' dir='ltr' id='par_1_119' title="bbox 2036 5858 3583 5925">
     <span class='ocr_line' id='line_1_120' title="bbox 2036 5858 3583 5925; baseline -0.005 -2"><span class='ocrx_word' id='word_1_970' title='bbox 2036 5867 2120 5923; x_wconf 89' lang='lat' dir='ltr'><strong><em>cui</em></strong></span> <span class='ocrx_word' id='word_1_971' title='bbox 2155 5865 2364 5923; x_wconf 67' lang='lat' dir='ltr'><strong><em>Penus</em></strong></span> <span class='ocrx_word' id='word_1_972' title='bbox 2375 5862 2701 5925; x_wconf 70' lang='lat' dir='ltr'><strong><em>Scntvnws</em></strong></span> <span class='ocrx_word' id='word_1_973' title='bbox 2724 5862 3096 5921; x_wconf 87' lang='lat' dir='ltr'><strong><em>emendationes</em></strong></span> <span class='ocrx_word' id='word_1_974' title='bbox 3115 5859 3387 5918; x_wconf 88' lang='lat' dir='ltr'><strong><em>nonnullas</em></strong></span> <span class='ocrx_word' id='word_1_975' title='bbox 3429 5875 3492 5916; x_wconf 78' lang='lat' dir='ltr'><strong><em>ee:</em></strong></span> <span class='ocrx_word' id='word_1_976' title='bbox 3512 5858 3583 5917; x_wconf 91' lang='lat' dir='ltr'><strong><em>Co</em></strong></span> 
     </span>
    </p>
   </div>
  </div>
