2053 3165
208 142 262 172 255

210 177 306 229 dicibus
320 200 422 228 vetustis
434 199 581 233 adiecerat,
603 197 670 233 quod
680 197 741 224 mihi
755 196 851 224 dudum
865 204 896 223 ex
910 195 1006 223 Biblio-
1021 196 1048 226 Α

210 249 282 276 theca
292 246 490 274 almeloveniana
507 245 534 271 in
544 244 598 279 ejus
613 243 776 271 distractione
788 249 1005 277 comparaverant.

210 290 310 326 Referri
325 291 411 325 forsan
424 288 512 314 deberit
525 286 559 313 ad
572 286 675 314 Codices
689 286 796 313 Jesuita:
808 285 876 312 dacti
897 289 919 312 et
931 285 1007 311 amici

210 336 340 368 Scriverii,
358 334 484 362 Heriberti
501 333 644 361 Rosvreidi.
657 333 697 360 Ad
712 333 860 360 illumrerte
881 331 1007 366 pertinent

209 384 272 415 haec,
289 389 345 417 qua:
357 381 421 408 libro
434 388 481 408 suo
495 380 556 407 olim
583 380 693 414 prie/imit
717 379 878 406 doctissimus
893 377 1007 405 ScmvE-

212 435 270 457 mus
283 436 291 455 :
306 437 314 454 ι
335 427 482 454 Hei-ibertas
505 427 618 462 Rosvvey
631 426 739 460 cpistola
749 434 815 452 anno
829 433 921 452 MDCIII.
937 429 1007 452 sexto

213 484 222 500 ι
240 474 304 501 Maii
322 473 357 501 ad
379 481 418 500 me
432 473 527 507 scripta
542 481 551 499 :
568 472 667 499 Nactus
681 479 736 498 sum
756 479 837 506 nuper
860 471 910 497 duo
924 478 1009 497 exem-

213 530 222 547 ι
242 521 325 556 pluria
350 520 485 555 MScripta
507 521 687 547 Aeomaa‘ncr
713 518 912 546 TERTULLIANEI
928 538 935 551 ,
952 526 1009 553 qute

213 568 301 595 «ιτιὶιέ
319 567 484 602 conspirant,
502 571 525 593 et
544 571 636 593 ueteres
653 566 771 592 lectiones
795 569 896 590 tuemur
920 568 1009 590 contra

214 622 223 640 ι
241 612 392 641 ϐνὶιίιτονιιηι
406 620 521 639 acumen.
538 611 608 639 Sane
621 611 726 637 miratus
739 618 795 637 sum
810 618 929 645 magnum
941 610 1009 637 Sca-

215 669 224 685 ι
240 659 358 695 ligerum,
371 658 439 693 quod
454 657 619 691 Gomphosin
631 657 702 683 nobis
718 657 743 682 in
759 656 948 683 Tl-ZRTULLIANO
963 663 1009 681 ea:-

216 705 361 741 s'cOgilarit
374 725 380 736 ,
398 703 528 740 plausibili
546 704 645 738 quidem
661 704 805 739 conjectura
816 724 824 735 ,
848 702 892 729 sed
907 703 1010 730 minime

217 761 226 778 α
244 751 387 778 necessaria
398 771 405 782 ,
421 754 474 777 etc.
491 759 500 775 ι
524 748 578 776 Nec
593 750 649 784 plus
665 754 771 784 apparet
787 748 889 781 ibidem,
914 747 1011 774 [’rtcter

216 798 282 825 hanc
296 797 433 825 MStorum
446 796 568 824 Codicum
581 796 747 823 accessionem
760 818 766 828 ,
785 800 902 831 quotquot
926 796 1011 822 hacte-

212 853 261 872 nus
272 845 386 871 exierunt
409 844 591 871 TERTULLIANI
617 842 749 877 Oper-aur,
766 843 804 870 cel
830 844 1011 870 APOLOGETIC!
1025 854 1049 884 Β

214 891 436 924 huius-editiones,
453 890 588 926 diligenter
605 890 753 925 conquisivi,
767 890 872 921 contuli,
890 895 913 916 ct
925 890 950 916 in
961 898 1010 925 quo

213 937 339 964 variarent
350 937 486 969 annotavi;
507 940 533 963 ut
555 944 628 963 nemo
651 937 805 971 imparatum
818 944 858 962 me
868 935 901 961 nd
915 940 1011 963 tantum

214 983 361 1015 Auctorem,
383 987 405 1009 et
420 987 471 1009 tam
485 982 566 1010 nobile
579 983 634 1018 cjns
651 982 783 1016 Scriptum
798 1003 805 1014 ,
835 982 912 1017 quale
921 982 946 1009 in
960 982 1012 1014 pri-

213 1030 262 1056 mis
277 1029 318 1056 hic
351 1029 550 1056 Aeonocmlcus
566 1050 573 1061 ,
598 1029 733 1056 accessisse
750 1028 866 1055 dicmrus
885 1029 925 1056 sit.
945 1028 1013 1062 Quid

213 1082 272 1102 vero
285 1073 443 1110 praestiterim
454 1075 518 1108 (equi
535 1074 634 1101 lectoris
653 1075 698 1101 erit
713 1074 832 1109 judicare
844 1095 851 1106 ,
865 1075 909 1109 qui
934 1074 1014 1102 sicubi

215 1121 302 1156 lapsus
314 1121 396 1156 fuero,
408 1120 476 1154 quod
489 1125 512 1147 et
525 1120 642 1147 maximis
653 1125 710 1146 ante
724 1128 762 1146 me
781 1119 846 1146 Viris
858 1120 884 1146 in
897 1123 945 1146 hoc
956 1116 1012 1154 ipso

215 1168 336 1203 opusculo
356 1168 495 1202 swpissime
507 1167 618 1197 accidit.
636 1167 697 1193 etin
713 1169 760 1193 isto
782 1166 907 1194 scribendi
923 1174 1014 1202 genere

215 1214 304 1241 evitari
317 1222 366 1240 non
380 1218 470 1248 potest,
487 1213 571 1249 facile,
582 1217 608 1239 ut
622 1217 693 1248 puto,
710 1213 872 1240 comlonabit.

252 1260 399 1295 Supersunt
415 1260 499 1286 adhuc
517 1260 632 1294 qncedam
649 1259 756 1286 dicenda
778 1261 849 1293 mihi,
863 1268 918 1293 qua:
932 1260 1011 1295 perti-

215 1311 291 1333 neant
310 1305 344 1333 ad
361 1306 436 1333 vitam
456 1300 648 1339 Tan-munivi,
676 1314 768 1338 mores,
796 1306 937 1341 opiniones,
960 1313 1012 1333 non

216 1356 301 1380 omnes
314 1353 340 1380 in
355 1354 471 1380 omnibus
482 1361 540 1380 cum
556 1353 698 1380 orthodoxa
721 1353 834 1380 Ecclesia
855 1354 1012 1380 consentien-

216 1403 260 1431 tes,
279 1403 376 1434 tempus
394 1407 444 1434 quo
463 1400 669 1426 APOLOGETICUM
684 1399 750 1425 hunc
768 1399 907 1434 scripserit,
924 1399 1013 1434 quibus

215 1437 275 1472 tunc
289 1446 412 1480 partibus,
425 1450 448 1473 et
461 1455 494 1473 an
509 1446 625 1473 Montani
635 1447 710 1482 fuerit
722 1446 849 1479 addictus,
863 1451 886 1472 et
897 1454 941 1472 cur
956 1445 1013 1472 huic

215 1493 402 1521 APOLOGETICO
414 1493 487 1527 quasi
498 1492 660 1519 antebuloaes
678 1494 764 1528 fecerit
782 1492 845 1519 duos
863 1492 904 1518 Ad
921 1491 1014 1519 Natio-

216 1547 259 1566 nes
273 1538 373 1572 Libros,
394 1538 491 1565 Justini
511 1537 634 1574 Martyris
647 1538 753 1570 scilicet,
771 1543 797 1564 ut
817 1538 879 1564 mihi
899 1538 1014 1564 obserua-
1029 1544 1052 1575 (ζ

217 1590 269 1612 tum
279 1590 327 1618 est,
340 1585 476 1620 exemplo;
489 1586 533 1612 sed
546 1585 600 1612 lucc
623 1585 715 1616 partim
728 1584 828 1611 uberius
840 1585 871 1610 ab
884 1584 941 1610 aliis
955 1592 1014 1618 per-

217 1636 325 1659 tractata
347 1635 415 1664 sunt,
441 1631 534 1668 partim
554 1632 581 1658 in
601 1631 656 1666 ipso
681 1630 728 1657 hoc
750 1629 935 1657 Commentario
956 1638 1014 1664 per-

216 1679 386 1714 stringuntur,
405 1678 498 1713 partim
513 1678 588 1705 etiam
601 1679 761 1713 proferentur
773 1685 789 1702 a
800 1676 871 1703 nobis
883 1676 909 1703 in
927 1676 1015 1703 Prole-

216 1725 329 1760 gomenis
349 1725 383 1751 ad
395 1725 515 1759 reliquos,
528 1732 591 1758 quas
606 1723 727 1750 adversus
741 1722 832 1749 Gentes
846 1722 922 1749 variis
935 1722 1014 1749 titulis

217 1772 357 1807 composuit
370 1771 462 1803 'liln'os,
482 1779 544 1806 quos
565 1770 632 1797 brevi
647 1771 705 1804 jam
725 1770 746 1797 si
768 1769 822 1797 Deo
844 1769 1014 1796 humanarum

216 1826 300 1845 rerum
320 1817 414 1844 arbitro
437 1817 573 1852 placuerit,
601 1816 707 1843 Natalis
729 1815 832 1842 Nostris
856 1816 1014 1850 aliorumque

215 1865 367 1897 illustratus,
384 1864 456 1891 edere
469 1869 505 1891 est
517 1864 627 1890 animus.
649 1862 683 1889 Et
704 1871 764 1890 sane
787 1870 838 1889 non
861 1862 1012 1889 mediocrem

215 1913 242 1940 in
252 1912 304 1939 illis
319 1912 476 1947 diligentiam
489 1919 504 1938 a
516 1910 597 1938 Nobis
613 1910 721 1946 positam
734 1917 796 1944 esse,
810 1909 848 1936 vel
859 1909 918 1936 inde
931 1913 1010 1944 patet,

546 137 692 167 LECTORI
715 137 864 167 CANDIDO
883 137 912 166 S.
934 138 964 165 P.
984 138 1017 166 D.
1037 136 1250 166 SlGEBERTUS
1269 137 1537 181 HAVERCAMPUS.

1805 141 1860 170 256

1061 196 1128 231 quod
1137 204 1169 223 ex
1181 196 1277 223 duobus
1290 196 1374 231 parvis
1385 196 1426 223 Ad
1440 195 1565 224 Nationes
1582 195 1698 231 Libellis,
1721 205 1771 225 non
1788 206 1858 233 qua:-

1060 244 1108 270 sita
1121 243 1166 270 sed
1180 244 1247 270 ultro
1262 243 1346 270 oblata
1359 243 1500 274 occasione.
1517 242 1543 269 in
1555 242 1603 270 hoc
1618 242 1715 270 Nostro
1727 235 1860 272 Commen-l

1061 289 1125 316 tario
1140 289 1196 324 plus
1210 289 1298 325 viginti
1314 290 1418 316 mendas
1434 289 1621 321 sustnlcrimus,
1635 289 1661 317 in
1676 289 1777 326 quibus,
1795 299 1858 326 quo-

1060 336 1129 362 niam
1139 336 1238 362 nullum
1251 344 1267 362 a
1281 335 1365 364 MSS.
1383 336 1457 363 unico
1471 341 1570 363 tantum
1585 337 1729 372 superstite,
1743 342 1857 373 superest

1060 381 1210 413 subsidium,
1225 382 1326 416 ingenio
1338 382 1386 417 fuit
1397 382 1590 418 indulgendum.

1097 426 1130 453 Id
1146 431 1229 453 tamen
1243 427 1302 453 sciri
1324 427 1407 460 uelim,
1423 436 1542 463 magnam
1564 436 1614 455 non
1630 428 1706 456 modo
1725 436 1813 456 curam
1833 430 1860 457 in

1061 472 1107 498 hoc
1121 473 1305 500 APOLOGETICO
1318 481 1334 499 a
1350 473 1371 500 Τ
1374 481 1543 501 unum.in
1557 474 1707 508 adhibitam,
1721 475 1765 502 sed
1782 480 1806 503 et
1821 476 1860 504 his

1061 517 1128 544 idem
1143 518 1190 544 hoc
1206 517 1348 553 Scriptum,
1363 519 1403 545 hic
1417 519 1470 546 illic
1492 520 1597 553 paulum
1617 521 1643 547 in
1666 521 1747 548 verbis
1760 526 1783 549 et
1801 530 1859 549 ora-

1062 563 1129 590 tione
1147 564 1317 597 immutatum,
1340 564 1371 590 ab
1392 564 1436 591 illo
1456 565 1483 591 in
1504 565 1633 599 publicum
1653 566 1772 593 emissum
1793 575 1858 600 esse,

1062 610 1129 644 quod
1141 609 1240 637 Lectori
1253 610 1389 642 evidenter,
1406 616 1433 637 ut
1447 616 1578 648 putamus,
1594 612 1737 648 apparebit,
1758 613 1779 639 si
1799 621 1860 641 con-

1063 656 1143 691 ferat,
1158 664 1241 690 qawa
1254 656 1324 683 nobis
1340 656 1481 690 afferuntur
1502 646 1602 693 paginis
1611 646 1678 685 392.
1699 659 1723 686 b.
1745 659 1808 691 515,
1832 668 1857 688 a.

1062 701 1126 729 409.
1139 702 1175 736 b.,
1192 708 1215 729 et
1229 703 1479 738 prtesertin1459,a.
1499 704 1522 730 b.
1540 703 1595 731 Nec
1619 704 1646 730 id
1668 704 1761 731 mirum
1780 706 1860 733 videri

1064 748 1145 782 debet,
1161 750 1260 776 etiamsi
1279 750 1364 776 nullus
1378 754 1436 776 ante
1450 758 1496 777 nos
1506 749 1684 788 Vobserraverit,
1702 759 1770 778 ~cum
1790 752 1859 779 idem

1064 801 1087 822 et
1100 795 1218 823 Lucretio
1230 801 1253 823 et
1268 795 1372 823 Lucano
1387 797 1509 824 accidisse
1529 797 1555 824 in
1580 789 1753 843 promptz'it
1776 802 1860 825 osten~

1064 841 1141 874 dere;
1155 842 1267 877 adeoque
1283 850 1333 869 non
1355 842 1479 869 immerito
1503 841 1580 878 Hugo
1598 843 1644 870 ille
1667 841 1771 871 Grotius
1794 844 1861 871 idem

1062 888 1187 923 judicium
1201 888 1231 915 de
1246 888 1350 915 Lucano
1363 889 1427 924 [erat
1441 889 1484 916 lib.
1506 888 1542 915 VI
1549 910 1555 916 .
1566 898 1639 917 versu
1656 890 1717 918 187.
1731 895 1863 926 agnoscat-

1064 941 1113 971 que
1124 934 1150 959 in
1166 934 1251 961 multis
1272 934 1422 961 Auctoribus
1442 934 1469 961 id
1490 935 1615 962 observari
1635 944 1709 970 posse
1728 936 1862 964 Conradus
1903 925 1907 929 ί

1067 979 1262 1013 Rittershusius,
1288 981 1315 1007 in
1337 980 1523 1008 Commentario
1549 980 1583 1007 ad
1607 981 1765 1016 Oppianum,
1789 982 1863 1018 cujus

1065 1026 1140 1053 verba
1154 1027 1214 1053 inde
1228 1032 1346 1062 excerpta
1360 1027 1509 1054 eritibentur
1526 1036 1541 1054 ιι
1557 1028 1672 1063 Caspare
1686 1028 1809 1064 Scioppio
1824 1028 1863 1057 De

1067 1074 1127 1100 Arte
1142 1073 1235 1100 Critica
1251 1082 1310 1109 pag.
1327 1074 1372 1101 8'7.
1386 1074 1487 1101 invictis
1499 1069 1606 1110 denique
1614 1076 1770 1114 argumentis
1781 1076 1863 1103 evice—

1065 1119 1098 1145 rit
1113 1127 1219 1154 magnus
1233 1118 1376 1146 Salmasius
1388 1120 1413 1146 in
1426 1119 1505 1155 Notis
1515 1120 1549 1147 ad
1562 1120 1689 1148 Achillem
1706 1121 1817 1148 Tatium.

1103 1165 1137 1192 Et
1152 1166 1205 1192 hcce
1217 1166 1317 1204 quidem
1333 1166 1464 1200 hactenus,
1480 1175 1536 1202 qua-
1550 1168 1572 1194 si
1586 1168 1630 1194 tibi
1652 1168 1803 1203 placuerint,
1820 1168 1863 1196 be-

1066 1213 1141 1247 nigne
1154 1212 1253 1245 Lector,
1267 1213 1615 1249 spondemus,indesinenter:
1634 1222 1690 1249 oper
1696 1223 1737 1241 am
1751 1220 1863 1243 nostram

1066 1259 1124 1285 usui
1137 1262 1179 1285 tuo
1194 1259 1367 1294 profuturam,
1385 1268 1444 1286 nam
1457 1265 1479 1286 et
1495 1259 1574 1286 multa
1593 1260 1713 1287 habemus
1733 1260 1862 1295 inchoata,

1066 1305 1250 1341 semiperfecta,
1268 1306 1383 1333 absoluta
1405 1307 1492 1339 etiam,
1510 1315 1567 1342 quce
1587 1316 1638 1334 non
1655 1315 1732 1342 parco
1752 1308 1864 1336 excutie-

1067 1361 1122 1379 mus
1135 1354 1204 1386 sinu,
1220 1353 1279 1380 dum
1290 1354 1390 1381 animus
1403 1359 1426 1380 et
1439 1354 1518 1380 otium
1531 1355 1652 1389 suppetit,
1666 1359 1689 1382 et
1702 1354 1763 1381 dum

1264 1446 1335 1451 ——
1418 1432 1522 1468 integer
1532 1432 1582 1459 θενὶ

1105 1508 1218 1544 Sanguis
1233 1509 1312 1542 inest,
1325 1508 1469 1544 solidwque
1482 1516 1531 1537 suo
1544 1513 1616 1537 stant
1631 1509 1728 1538 robore
1741 1509 1825 1538 vires.

1104 1587 1220 1622 Namque
1235 1593 1260 1614 nt
1274 1588 1357 1615 sobrie
1370 1588 1485 1623 praeripit
1502 1588 1661 1623 Syracusani
1682 1574 1765 1616 dulcis
1789 1588 1865 1629 Musa
1880 1594 1883 1596 ‘

1067 1634 1203 1668 Theocriti,
1219 1634 1300 1670 ldyll.
1315 1642 1370 1662 xxv.
1388 1643 1460 1662 versu
1475 1635 1566 1661 ultimo
1581 1643 1591 1661 :

1103 1727 1175 1732 -—
1187 1720 1263 1740 mutu
1275 1725 1299 1740 τι
1311 1715 1346 1740 δεῖ
1361 1714 1385 1743 ὃς
1397 1717 1449 1746 γόνυ
1463 1717 1560 1748 χλωρόν.

1066 1802 1167 1830 Dabam
1181 1810 1212 1829 ex
1225 1801 1314 1829 Museo
1325 1810 1391 1834 meo,
1402 1803 1429 1829 in
1439 1811 1507 1838 pago
1518 1802 1582 1830 Stud
1595 1810 1645 1830 nan
1656 1803 1675 1830 ἰ
1689 1802 1864 1839 Haringvliet,

1101 1850 1128 1875 in
1143 1849 1235 1876 Insula
1253 1848 1423 1882 Overﬂakke,
1443 1849 1505 1884 ipsis
1528 1849 1647 1877 Calendis
1670 1850 1764 1883 Junii,
1790 1849 1864 1877 Anno

1099 1914 1243 1934 MDCCXVIII.

928 2217 1131 2293 .sxui‘WllWr

818 2311 827 2323 ρ
861 2308 864 2309 ⁷
883 2271 1047 2322 \‘V‘c‘h‘?
1084 2275 1086 2279 Γ

812 2505 860 2528 :7"
887 2497 1076 2524 me“,
