4106 6330
1090 418 1525 514 QUINTI
1577 417 2143 502 SEPTIMII
2197 401 2891 496 FLORENTIS

671 703 3301 941 TEBTULLIANI

942 1177 1727 1313 OPERUM
1798 1171 2256 1311 PARS
2337 1172 2986 1327 PRIMA,

1305 1479 1422 1562 IN
1470 1477 1722 1588 QUA
1765 1471 2620 1560 CONTINENTUR

439 1690 708 1782 LIBRI
767 1688 1009 1754 ANTE
1069 1687 1610 1756 SUSCEPTUM
1673 1692 1788 1754 AB
1856 1655 2300 1758 AUCTORE
2360 1686 3073 1756 MONTANISMUM
3138 1685 3538 1754 SCRIPTI.

1450 1907 1965 1943 ———-—-==i=

1974 1907 2542 1944 0p—

1643 2036 1959 2172 éeries
2037 2072 2349 2189 prima.

1054 2332 1569 2450 unm
1641 2273 2978 2453 aramus-mles.

610 2642 1214 2707 APOLOGETICUS
1250 2619 1661 2710 ADVERSUS
1692 2643 2025 2709 GENTES.

647 2771 755 2833 AD
798 2769 1200 2832 NATIONES
1242 2768 1386 2831 libri
1429 2770 1508 2831 ll.

645 2896 751 2957 DE
794 2893 1289 2962 TESTlMONlO
1335 2893 1641 2958 ANlM/E.

405 3057 438 3070 ο
646 3020 753 3083 AD
795 3020 1262 3088 MARTYRES.
1324 3042 1342 3053 ’ί

2353 2647 2458 2708 DE
2501 2646 3066 2714 SPECTACULIS.‘

2374 2771 2478 2832 DE
2524 2771 3094 2836 IDOLOLATRIA.

2375 2896 2614 2958 LIBER
2643 2898 2751 2959 AD
2781 2898 3203 2965 SCAPULAM
3235 2944 3250 2975 ,

2459 3040 2832 3089 APPENDICIS
2882 3041 3105 3089 INSTAR
3117 3070 3129 3084 .

1119 3370 1123 3374 ’
1223 3373 2784 3542 APOLOGETICUS

856 3673 1471 3758 .ADVEBSUS
1559 3668 1985 3750 GENTES
2072 3670 2293 3745 Ι)Βο
2367 3672 3106 3752 CHRISTIANIS.

735 4124 928 4168 TOTIUS
963 4122 1148 4167 OPERIS
1187 4121 1570 4167 ABGUHENTUI.

351 4272 645 4344 Imperoute
683 4269 932 4340 Septimio
979 4269 1199 4334 Severo,
1231 4277 1274 4322 et
1304 4285 1418 4322 cum
1448 4266 1703 4323 Antonino
1733 4265 1840 4336 [ilio
1868 4281 1948 4320 res

426 4366 682 4422 lionianas
713 4365 1122 4433 administrante,
1154 4361 1520 4429 Tertullianus,
1547 4376 1674 4416 uera:
1691 4359 1950 4431 religionis

423 4461 606 4517 ardore
628 4461 878 4534 ﬂagrans,
900 4460 1040 4515 illius
1071 4467 1242 4529 utpote
1265 4457 1423 4513 sacris
1451 4455 1701 4523 initiatus,
1721 4455 1946 4523 moleste,

423 4571 516 4625 pro
552 4571 610 4610 eo
639 4571 698 4608 ac
727 4554 928 4618 debuit,
958 4552 1241 4624 patiebatur
1268 4551 1588 4622 religionem,
1619 4565 1733 4622 qua:
1769 4548 1950 4616 efferre

423 4654 528 4705 sese
577 4647 952 4721 quodammodo
1001 4655 1254 4718 coeperat,
1303 4645 1547 4715 opprimi,
1596 4643 1687 4698 sub
1741 4643 1947 4697 initium

425 4743 783 4812 persecutionis
827 4743 1035 4814 quiutw.
1064 4757 1166 4812 qua
1210 4741 1460 4805 saeviente,
1503 4738 1725 4794 insontes
1755 4737 1948 4808 possint

423 4835 718 4900 Christiani,
751 4835 898 4891 nulla
924 4852 1074 4890 sexus
1100 4844 1187 4889 aut
1232 4835 1395 4890 aetatis
1422 4835 1594 4889 habita
1621 4835 1838 4900 ratione,
1867 4833 1948 4886 in-

423 4933 609 4987 auditis
639 4941 755 4986 ante
795 4933 938 4986 illam
978 4932 1111 4985 diem
1142 4931 1405 5002 suppliciis
1431 4929 1807 4986 cruciabantur.
1840 4924 1947 4982 Pro

423 5045 617 5083 smnma
665 5044 764 5099 qua
816 5037 933 5082 tunc
966 5026 1181 5098 pollebat
1227 5026 1494 5097 facundia,
1541 5023 1950 5081 Christianorum

424 5121 761 5190 patrocinium
803 5121 1046 5190 suscepit,
1091 5135 1308 5190 quorum
1354 5117 1480 5172 adeo
1529 5116 1795 5187 deplorata
1843 5124 1950 5170 erat

408 5213 671 5280 conditio,
701 5222 755 5266 ut
782 5212 973 5267 indicta
1001 5227 1201 5275 caussa,
1229 5221 1276 5264 et
1321 5209 1478 5265 solius
1511 5209 1732 5262 nominis
1759 5207 1952 5278 prwju-

423 5311 553 5364 dicio
583 5297 968 5364 damnarentur.
1001 5305 1268 5362 Communi
1297 5306 1430 5360 malo
1461 5323 1519 5359 ac
1545 5305 1744 5376 publica
1769 5317 1948 5357 occar-

423 5419 547 5469 rere,
573 5413 618 5456 et
644 5410 988 5473 erumpentem
1014 5401 1067 5455 in
1093 5401 1198 5454 dies
1229 5409 1594 5469 tentpestatem,
1628 5407 1874 5469 quantum
1894 5399 1948 5451 in
1979 5441 2026 5501 Β

420 5511 474 5548 se
497 5504 621 5562 erat,
647 5509 978 5564 compescere,
1004 5502 1172 5561 partes
1200 5510 1316 5548 suas
1343 5492 1508 5558 duxit,
1536 5492 1786 5562 missaque
1813 5491 1945 5544 hanc

421 5589 480 5644 ob
508 5605 739 5642 caussam
765 5587 832 5642 ad
852 5587 1101 5641 antistites
1117 5603 1354 5641 romanos
1367 5585 1625 5656 apologia,
1656 5583 1944 5663 effraznat'os

389 5673 826 5736 'advcrsariorum
855 5680 1072 5750 impetus
1098 5680 1248 5752 fregit
1285 5680 1527 5752 tantisper
1551 5695 1610 5733 ac
1643 5677 1941 5732 debilitavit.

421 5773 497 5830 Eo
527 5775 714 5846 quippe
736 5776 902 5845 vigore
928 5789 1086 5844 eaque
1109 5773 1392 5828 eruditione
1415 5788 1650 5828 caussam
1672 5771 1793 5843 egit,
1827 5778 1879 5824 ut
1899 5769 1945 5825 si

416 5869 694 5925 rationibus
738 5879 784 5924 et
828 5868 1036 5924 ueritate
1077 5868 1462 5938 disceptandum
1508 5868 1707 5940 fuisset,
1733 5865 1943 5940 gentiles

2130 4117 2303 4160 onmes
2342 4097 2615 4172 redegisset
2643 4099 2712 4154 ad
2741 4097 2944 4154 incitas.
2971 4097 3168 4155 Justini
3196 4102 3432 4173 martyris
3463 4111 3509 4159 et
3542 4103 3662 4160 Ari-

2098 4194 2112 4216 '
2129 4196 2276 4252 stidis
2299 4191 2507 4264 vestigia
2534 4208 2762 4263 premere
2789 4201 3005 4262 poterat,
3031 4194 3295 4269 veruntita
3319 4196 3660 4268 eloquentiam

2128 4301 2200 4346 est
2228 4289 2476 4353 imitatus,
2506 4296 2562 4341 ut
2592 4295 2637 4341 et
2671 4287 2874 4342 dicendi
2913 4287 3224 4357 charactere,
3256 4300 3302 4345 et
3330 4304 3657 4363 argumento-

2126 4405 2241 4443 rum
2287 4385 2508 4457 pondere
2543 4400 2603 4439 ac
2643 4382 2887 4440 doctrina:
2913 4385 3174 4456 varietate,
3213 4395 3480 4462 utrumque
3507 4406 3659 4463 supe-

2128 4496 2270 4536 rasse
2294 4477 2542 4576 videa‘tur.

2582 4605 2808 4664 CAPUT
2849 4606 3136 4666 PRIMUM.

2057 4724 2094 4777 A
2105 4737 2524 4796 ncuuzu'ruu.—
2541 4723 2664 4778 Cum
2682 4724 2773 4778 sub
2789 4723 2973 4779 Severo
2991 4733 3227 4796 negatum
3254 4734 3379 4781 esset
3404 4723 3655 4784 Christia-

2131 4818 2209 4872 nis
2234 4819 2284 4872 in
2303 4791 2504 4889 judicio
2532 4834 2585 4872 se
2602 4817 2904 4888 defendere,
2935 4819 3181 4890 scriptam
3207 4791 3318 4875 Ilioc
3353 4821 3656 4891 precs-idibus

2130 4911 2348 4965 Romani
2374 4912 2574 4982 imperii
2605 4910 2784 4966 obtulit
2823 4923 3021 4978 auctor,
3054 4913 3319 4969 ostendens
3359 4915 3454 4969 hoc
3488 4917 3656 4987 capite

2127 5006 2353 5076 iniquam
2376 5006 2523 5060 istam
2533 5006 2804 5078 judicandi
2824 5006 3119 5076 formulam,
3141 5025 3229 5077 per
3246 5025 3397 5079 quam
3424 5011 3654 5082 defensio

2131 5107 2344 5170 negatur
2358 5098 2661 5165 insontibus,
2681 5107 2727 5152 et
2748 5099 2928 5152 veritas
2950 5099 3296 5165 absconditur;
3323 5117 3436 5156 cum
3451 5103 3655 5158 interim

2130 5198 2198 5244 tot
2229 5191 2472 5260 tantique,
2497 5190 2582 5260 qui
2616 5190 2839 5260 quotidie
2875 5191 2943 5244 ad
2974 5189 3104 5244 hanc
3129 5201 3316 5246 sectam
3354 5204 3652 5263 transeant,

2127 5283 2272 5336 illam
2302 5283 2476 5354 aliqua
2507 5281 2909 5337 consideratione
2938 5283 3146 5353 dignam
3176 5285 3390 5354 faciant,
3419 5289 3508 5358 qui
3531 5304 3656 5344 sane

2130 5393 2324 5443 onmes,
2343 5376 2520 5432 remoti
2541 5377 2603 5430 ab
2626 5377 2799 5447 aliqua
2819 5377 3159 5444 perversitatis
3179 5379 3366 5450 σαίρω,
3388 5383 3657 5439 ostendant

2117 5487 2234 5526 sese
2256 5470 2402 5542 longe
2421 5470 2577 5524 alium
2604 5467 2844 5535 affectant
2871 5469 3116 5538 induisse,
3144 5487 3297 5542 quant
3318 5473 3472 5529 istum
3493 5477 3582 5547 qui
3600 5476 3656 5532 in

2125 5567 2371 5637 maleﬁcis
2411 5581 2606 5637 semper
2634 5563 3042 5636 deprehenditur.

2123 5705 2177 5762 Si
2208 5719 2312 5760 non
2338 5704 2462 5759 licet
2486 5701 2638 5759 vobis
2662 5743 2676 5769 ,
2707 5701 2934 5758 Romani
2981 5703 3190 5777 imperii
3235 5706 3500 5764 antistites
3526 5708 3606 5780 (α)
3633 5746 3653 5778 ,

2122 5863 2273 5922 CAP.
2295 5861 2332 5920 Ι.
2354 5893 2425 5905 -
2445 5861 2524 5935 (a)
2554 5861 2770 5935 Imperii
2802 5865 3070 5923 antistites.
3089 5864 3368 5925 Antislilcs
3399 5883 3529 5926 vero
3556 5884 3654 5942 ap-
