4106 6330
386 241 493 325 εἷς)

1807 230 2271 289 TERTULLIANI

3578 230 3687 292 εεο

388 321 680 429 negantes,
712 353 835 427 quia
862 351 1095 409 nominis
1124 348 1384 422 fpraelium
1438 358 1539 406 est.
1569 348 1812 423 Denique
1855 347 1984 420 quid
2014 350 2067 409 Α
2163 345 2341 416 Quid?
2392 346 2535 420 quod
2581 321 2653 404 ita
2705 345 2945 419 plerique
2981 344 3178 404 clausis
3219 344 3392 404 oculis
3416 344 3472 404 in
3502 346 3683 406 odium

316 513 325 531 ι
389 451 458 508 de
487 449 679 506 tabella
710 445 787 519 (a)
820 444 1054 502 recitatis
1084 442 1231 498 illum
1262 442 1618 512 Christianum
1640 483 1654 509 ,
1681 458 1779 499 cur
1802 457 1907 499 non
1935 452 1987 499 et

388 542 758 601 homicidam?
799 541 857 598 Si
903 538 986 611 (1)
1034 535 1298 594 homicida
1352 536 1687 594 Christianus
1711 578 1726 605 ,
1756 552 1852 593 cur
1878 552 1985 594 non

390 636 663 696 incestus?
692 634 773 690 vel
817 631 1171 704 quodcunque
1221 629 1364 686 aliud
1410 645 1509 687 nos
1559 645 1680 687 esse
1724 629 1986 687 creditis?

387 730 451 787 In
473 728 625 785 nobis
652 726 779 782 solis
803 723 965 796 pudet
992 731 1085 779 aut
1125 723 1266 794 pigel
1296 724 1422 794 ipsis
1473 723 1777 779 nominibus
1816 724 1983 779 scele-

386 839 509 879 rum
560 819 905 893 pronuntiare
978 817 1092 889 (b)?
1145 816 1476 874 Christianus
1544 817 1587 871 si
1639 816 1834 889 nullius
1899 814 1979 887 (2)

385 912 627 970 criminis
647 924 771 968 reus
799 917 919 974 est,
950 924 1145 964 nomen
1190 906 1346 964 valde
1390 894 1678 973 infestum,
1726 907 1770 961 si
1815 906 1980 965 solius

386 1006 624 1064 nominis
653 1006 859 1063 crimen
884 1011 968 1061 est
989 1003 1094 1075 (3).

1061 1093 1213 1151 CAP.
1244 1091 1333 1148 111.

398 1192 520 1246 0dii
543 1207 716 1246 eorum
743 1190 1020 1246 ctecitatem
1059 1187 1312 1256 ostendit,
1342 1186 1427 1258 qui
1465 1202 1589 1258 quos
1611 1185 1896 1257 vituperant
1925 1203 1983 1242 eo

457 1286 569 1355 ipso
597 1266 761 1354 elogio
805 1283 1017 1337 laudare
1041 1290 1293 1351 coguntur
1315 1321 1331 1346 ,
1359 1279 1448 1335 sed
1469 1280 1553 1349 qui
1578 1289 1683 1333 tom
1716 1289 1832 1334 sunt
1852 1278 1978 1347 e/Teo

458 1375 592 1441 rati,
624 1384 680 1427 ut
706 1373 883 1427 malint
910 1388 1118 1426 uxorem
1149 1356 1496 1442 {duritiamque
1527 1369 1726 1442 probris
1749 1380 1980 1425 onustam

459 1468 609 1539 pati,
655 1475 807 1537 quam
836 1463 1211 1531 Christianam,
1256 1462 1311 1517 id
1355 1472 1427 1518 est
1466 1462 1804 1541 emendatam.
1846 1454 1983 1519 Cum

454 1562 624 1631 itaque
669 1559 862 1613 nudum
904 1556 1035 1611 illud
1087 1555 1289 1609 Nomen
1335 1563 1502 1613 tantas
1547 1556 1756 1609 concitet
1799 1556 1978 1623 rixas,

2056 748 2059 749 ν
2086 722 2223 777 alios
2271 741 2284 777 :

2089 440 2206 512 ejus
2226 442 2543 515 impingunt,
2568 451 2624 498 ut
2644 441 2844 498 bonum
2865 440 3022 497 alicui
3050 439 3414 501 testimonium
3445 440 3688 501 ferentes

2088 535 2420 593 admisceant
2456 537 2686 592 nominis
2740 534 3211 606 exprobrationem
3272 552 3287 594 :
3358 536 3540 592 Bonus
3605 537 3689 593 vir

2088 629 2249 688 Caius
2275 629 2432 689 Seius
2474 631 2578 703 (c),
2614 642 2817 688 tantum
2848 631 2992 704 quod
3038 630 3122 704 (ά)
3162 631 3517 707 Christianus.
3553 631 3688 691 Item

2354 722 2467 794 Ego
2518 723 2690 778 miror
2739 723 2823 794 (4)
2874 723 3095 780 Lucium
3130 723 3459 796 sapientem
3512 725 3688 782 virum

2087 822 2310 885 repente
2331 813 2527 871 factum
2560 813 2947 874 Christianum.
2972 814 3143 873 Nemo
3171 825 3428 873 retractat
3454 835 3469 871 :
3499 817 3690 876 Nonne

2088 907 2211 963 ideo
2265 908 2437 965 bonus
2501 908 2694 975 Caius,
2756 918 2812 965 et
2840 911 3107 980 'prudens
3151 909 3350 966 Lucius
3406 911 3521 982 (5),
3566 912 3690 981 quia

2085 996 2461 1056 Christianus?
2489 1009 2578 1054 aut
2621 999 2745 1056 ideo
2788 1000 3155 1068 Christianus,
3199 1002 3321 1072 quia
3366 1002 3602 1072 prudens
3628 1011 3686 1060 et

2084 1092 2292 1150 bonus?
2321 1093 2564 1157 Laudant
2597 1110 2716 1165 quae
2746 1095 2955 1162 sciunt,
3000 1095 3309 1165 vituperant
3350 1110 3471 1167 quae
3508 1087 3688 1168 'igno-

2086 1196 2241 1254 rant,
2283 1197 2333 1242 ct
2365 1186 2414 1243 id
2442 1186 2585 1258 quod
2621 1188 2830 1253 sciunt,
2867 1203 2932 1243 eo
2958 1188 3101 1259 quod
3139 1187 3415 1258 ignorant,
3446 1203 3690 1245 corrum-

2088 1289 2249 1350 punt;
2291 1295 2414 1336 cum
2442 1280 2513 1337 sit
2536 1281 2732 1351 justius
2768 1281 2974 1337 occulta
2995 1282 3064 1337 de
3091 1282 3387 1338 manifestis
3426 1283 3681 1355 przejudi-

2086 1384 2231 1439 care,
2263 1360 2421 1453 quam
2450 1374 2725 1429 manifesta
2749 1373 2817 1428 de
2847 1373 3072 1428 occultis
3112 1374 3499 1443 praedamnare.
3542 1375 3684 1444 Alii,

2086 1478 2221 1533 quos
2246 1450 2391 1520 retro
2416 1476 2541 1521 ante
2570 1466 2670 1521 hoc
2698 1481 2893 1521 nomen
2926 1481 3109 1538 vagos,
3134 1466 3283 1532 viles,
3312 1468 3583 1537 improbos
3612 1468 3683 1540 (ε)

2086 1566 2381 1625 noverant,
2430 1572 2495 1613 ex
2543 1558 2659 1629 ipso
2707 1557 2965 1623 denotant
3015 1560 3124 1631 (f),
3173 1575 3279 1630 quo
3324 1560 3539 1616 laudant
3573 1560 3685 1632 (6);

390 1632 399 1647 ³
454 1652 663 1723 inquirit
691 1652 745 1705 in
787 1650 955 1715 illud,
1000 1650 1137 1718 quod
1176 1663 1427 1718 nusquam
1473 1647 1854 1717 spernendum,
1903 1649 1982 1704 vel
2085 1650 2331 1705 Caecitate
2357 1650 2465 1706 odii
2494 1651 2546 1705 in
2594 1650 2904 1722 sull'ragium
2939 1652 3258 1723 impingunt.
3302 1653 3446 1721 Quae.
3468 1654 3687 1710 mulier!

457 1760 723 1818 perperam
743 1744 807 1797 ab
833 1743 936 1797 illis
962 1742 1345 1813 pronuntiatum
1368 1781 1383 1806 ,
1426 1740 1643 1794 amabile
1684 1740 1807 1811 quid
1854 1758 1981 1796 con-

459 1839 607 1903 tinet,
637 1846 685 1891 et
708 1836 764 1890 id
789 1851 1055 1889 commune
1084 1835 1231 1889 habet
1258 1850 1373 1888 cum
1396 1833 1604 1904 reliquis
1631 1833 1819 1900 Sectis,
1843 1835 1981 1904 qu‘od

456 1928 659 1984 Nomen
683 1928 745 1983 ab
776 1928 993 1982 Auctore
1023 1934 1282 1987 mutuetur
1302 1966 1317 1992 ,
1348 1942 1463 1979 cum
1513 1934 1679 1980 tamen
1721 1942 1980 1998 nunquam

461 2023 613 2078 Secta
663 2020 897 2092 qutedam
948 2020 1009 2074 ob
1069 2020 1267 2075 Nomen
1311 2020 1477 2075 solum
1529 2027 1879 2091 persequatur.
1915 2022 1981 2076 At

456 2111 751 2176 Christiani,
784 2123 829 2165 et
853 2111 1022 2183 quoad
1052 2102 1284 2176 Sectani,
1313 2119 1359 2164 et
1385 2110 1553 2180 quoad
1587 2110 1785 2166 Nomen
1814 2113 1978 2181 probi,

430 2238 437 2243 -
452 2207 599 2279 justi,
624 2204 685 2259 ob
714 2204 951 2260 Nominis
979 2213 1174 2258 tantum
1204 2202 1379 2257 odium
1399 2243 1414 2271 ,
1447 2204 1704 2271 inauditi,
1737 2205 1981 2277 incogniti

390 2306 391 2309 “
446 2300 880 2356 condemnentur.

2088 1759 2249 1813 quam
2301 1742 2533 1809 lasciva,
2585 1759 2744 1814 quam
2801 1743 3023 1800 festiva!
3073 1734 3197 1813 Qui
3227 1744 3472 1814 juvenis!
3530 1763 3689 1818 quam

2088 1836 2346 1903 lascivus,
2408 1852 2587 1907 quam.
2623 1839 2888 1893 amasios!
2952 1824 3114 1894 .Facti
3189 1849 3313 1895 sunt
3378 1839 3688 1898 Christiani.

2086 1929 2159 1984 Ita
2192 1945 2383 1985 nomen
2415 1929 2777 1985 erneudationi
2808 1932 3119 2001 imputatur.
3154 1932 3401 1989 Nonnulli
3430 1935 3590 1990 etiam
3616 1936 3685 1992 de

2090 2020 2409 2076 utilitatibus
2448 2021 2563 2076 suis
2588 2037 2708 2076 cum
2752 2022 2877 2078 odio
2917 2024 3020 2078 isto
3048 2026 3421 2095 paciscuntur,
3457 2027 3692 2083 contenti
3786 2084 3795 2089 ,

2086 2111 2279 2183 injuria
2304 2155 2318 2179 ,
2355 2112 2480 2167 dum
2520 2129 2586 2169 ne
2613 2113 2756 2169 domi
2787 2113 3055 2180 habeant,
3083 2117 3222 2187 quod
3255 2117 3499 2173 oderunt.
3548 2119 3688 2175 Uxo-

2082 2220 2198 2260 rem
2220 2205 2329 2275 jam
2363 2205 2442 2275 (7)
2475 2205 2717 2275 pudicam
2753 2204 2828 2277 (ῃ)
2860 2208 3082 2262 maritus
3109 2207 3214 2277 iam
3263 2224 3367 2262 non
3421 2209 3696 2281 zelotypus
3738 2233 3742 2237 ’

2084 2298 2272 2368 cjecit,
2306 2297 2472 2352 lilium
2492 2298 2599 2368 jam
2624 2298 2920 2368 subjectum
2949 2310 3097 2370 pater
3128 2314 3272 2356 retro
3302 2303 3509 2372 patiens
3533 2302 3687 2358 abdi-

1590 2414 1971 2473 LECTIONES
2011 2410 2432 2471 VARIANTES.

452 2513 526 2573 (Ι)
560 2510 622 2561 Et
641 2509 779 2562 addit
804 2512 1048 2573 unu'er.

474 2569 529 2633 2)
557 2573 766 2622 Nomine
789 2570 927 2635 addit
952 2571 1116 2635 Paris.
1143 2584 1323 2635 nomen
1346 2575 1422 2619 est
1444 2569 1554 2635 Ilig.

474 2577 529 2633 2)
557 2577 766 2622 Nomine
789 2577 927 2622 addit
952 2577 1116 2621 Paris.
1143 2584 1323 2619 nomen
1346 2577 1422 2619 est
1444 2577 1554 2635 Itig.

451 2577 527 2699 25)
562 2636 683 2685 Haec
705 2642 776 2685 est
800 2633 927 2699 lect.
952 2630 1106 2699 vulg;
1131 2630 1283 2684 Rhea.
1308 2635 1349 2699 si
1384 2631 1569 2699 nullius
1598 2632 1813 2699 criminis
1831 2632 1982 2699 norni-

386 2692 594 2749 ne'reus
615 2704 711 2755 est,
734 2698 877 2747 valde
901 2692 1150 2753 inlesium,
1175 2703 1272 2745 etc.
1295 2693 1414 2746 Cod.
1432 2693 1582 2745 Fuld.
1605 2692 1718 2744 Chr.
1743 2695 1783 2743 si
1807 2694 1987 2743 nullius

387 2761 607 2810 criminis
627 2771 808 2821 nomen
823 2768 930 2821 est,
955 2758 1372 2821 valdeqineptum;
1424 2758 1570 2821 codd.
1603 2759 1717 2821 Put.
1741 2762 1787 2806 et
1826 2758 1985 2821 Bona.

380 2824 634 2873 incestum
654 2858 670 2883 ,
704 2819 850 2872 codd.
884 2818 1135 2885 Agobardi
1169 2818 1218 2889 ei
1254 2820 1409 2883 Lugd.
1432 2820 1667 2883 ineptum
1688 2818 1991 2931 incestulszysi

385 2884 479 2931 sol.
516 2897 645 2931 nom.
674 2884 863 2931 crimen
890 2890 984 2931 est.
1010 2886 1205 2931 Recemt
1242 2882 1369 2931 hanc
1409 2877 1519 2931 lect.
1559 2882 1768 2931 Haverc.
1806 2882 1872 2930 ad
1947 2893 1991 2930 is

385 2884 489 2945 sol.
516 2877 863 2945 nomfcrimen
890 2877 984 2934 est.
1010 2880 1205 2945 Recepit
1242 2877 1369 2932 hanc
1409 2877 1768 2932 lcct.'Haverc.
1806 2877 1991 2945 additis

384 2947 437 3057 iIn
458 2941 746 3058 ﬁngiplerbis
782 2959 800 2996 :
828 2945 968 2997 valde
991 2941 1221 2995 infestum
1242 2983 1254 3004 ,
1288 2955 1494 3009 emitque
1530 2950 1721 2995 secutus
1759 2947 1829 2993 est
1863 2943 1985 3019 ‘Ios.

422 3020 501 3058 on.
572 3020 588 3057 ι
628 3021 701 3057 er.

421 3014 701 3073 suasmet:

2081 2502 2282 2573 caeteri:
2308 2502 2413 2565 Ego
2435 2502 2695 2573 Lycium...
2734 2502 2849 2554 Chr.
2875 2504 2939 2552 de
2978 2502 3086 2554 fero
3106 2502 3356 2573 ,_quod_r.
3381 2500 3697 2573 ⁸ἱηῃῃιιᾳῄηἰι

2084 2564 2232 2677 cedit.
2248 2564 2510 2677 Zqéqnltﬁ’qig
2529 2564 2854 2625 desideratur,
2869 2578 3018 2633 quam
3041 2580 3085 2616 v.
3108 2564 3393 2631 (θίγοικχειρα
3417 2564 3482 2616 τῖς
3506 2568 3565 2618 ad
3584 2569 3694 2619 Nat.

2089 2645 2134 2677 c.
2198 2666 2208 2677 .
2350 2666 2358 2673 ,
2514 2665 2524 2675 .

2089 2645 2134 2680 c.
2161 2636 2208 2677 4.
2248 2636 2361 2677 Haec
2384 2636 2524 2738 Leop.

2098 2690 2222 2762 __(5)
2443 2704 2471 2761 ig
2497 2688 2662 2762 erique
2696 2703 2711 2739 :
2743 2689 2923 2762 Lucius
2943 2705 2982 2739 s.
3010 2689 3182 2740 Lutius
3216 2704 3255 2740 s.
3297 2690 3519 2752 Lusius:
3538 2693 3685 2744 codd.

2097 2753 2262 2804 Ursini
2284 2758 2328 2801 et
2354 2753 2589 2803 Seriverii
2607 2765 2624 2803 :
2642 2753 2869 2802 lascivus.
3102 2768 3115 2783 -

2156 2816 2229 2878 (6)
2273 2817 2496 2879 Wouwer
2528 2828 2592 2867 ea:
2621 2821 2725 2879 rett.
2765 2815 2846 2866 lib.
2881 2814 2951 2879 sic
2997 2812 3109 2878 legit
3158 2815 3418 2879 :rcx.ipso
3461 2826 3557 2879 quo
3599 2817 3691 2868 de-

2156 2831 2229 2878 (υ)
2279 2831 2496 2865 wouwer
2528 2831 2592 2867 ex
2621 2831 2725 2865 reu.
2765 2831 2846 2866 uo.
2881 2831 2951 2865 διε
2997 2831 3108 2878 sequ
3158 2831 3175 2865 :
3202 2831 3418 2879 ex.tpso
3495 2831 3557 2866 uo
3599 2831 3691 2868 oe-

2094 2884 2268 2942 notant
2285 2877 2513 2942 laudant;
2537 2890 2653 2942 c._o.
2686 2877 2718 2926 i.
2743 2891 2784 2928 s.
2821 2880 2852 2927 i.
2892 2878 3042 2942 Quod
3072 2878 3267 2938 mulier,
3307 2879 3436 2942 quod
3461 2831 3657 2929 (lasciva
3677 2916 3694 2941 ,

2095 2941 2223 3006 quod
2246 2939 2437 3006 festiva.
2463 2939 2616 3006 Quod,
2624 2940 2851 3003 juvenis,
2880 2940 3007 3004 quod
3032 2940 3241 2991 lascivus
3259 2977 3272 3002 ,
3292 2939 3419 3005 quod
3445 2939 3691 3006 atiiasius,

2094 3001 2205 3051 facti
2225 3009 2340 3052 sunt
2363 3001 2639 3052 Christiani.

458 3047 739 3135 iii‘ﬁiébii.
757 3074 803 3119 et
826 3072 1039 3120 Haverc.
1062 3082 1089 3120 e
1109 3067 1223 3120 cod.
1250 3065 1393 3118 mhi.
1414 3067 1520 3131 Ego
1537 3068 1685 3117 miror
1700 3066 1986 3135 Luc.,ets.;
2013 3047 2058 3109 (ἶ
2096 3047 2701 3127 "'(‘ii‘iiin'dbééiraiia

1735 3146 2297 3206 COMMENTARIUS.

468 3248 544 3320 (a)
564 3246 703 3320 Quid
731 3248 794 3302 de
820 3247 1023 3320 tabella.
1040 3246 1208 3320 Olim,
1229 3244 1403 3320 inquit
1428 3244 1746 3320 Bhenanus,
1772 3252 1988 3320 senten-

393 3314 972 3375 tia'a’niinadversionis
998 3317 1242 3387 capitalis
1289 3314 1358 3372 de
1398 3316 1587 3371 tabella
1641 3314 1984 3387 recitabatur.

392 3390 547 3458 Quod
576 3390 927 3445 conﬁrmatur
955 3405 1018 3445 es
1048 3385 1155 3443 vita
1180 3389 1240 3443 D.
1263 3387 1514 3459 Cypriani
1544 3401 1640 3456 per
1667 3385 1918 3441 Pontium
1936 3395 1989 3440 et

393 3458 618 3520 Paulum
654 3461 966 3515 Diaconum.
998 3461 1131 3515 Pint.

472 3532 555 3605 (b)
583 3532 723 3605 Ipsis
748 3532 1034 3587 nominibus
1059 3530 1323 3605 scelerum.
1371 3530 1558 3585 Cicero
1582 3527 1649 3584 de
1670 3528 1897 3605 Legibus
1921 3526 1985 3583 11.

396 3601 593 3674 Legum
622 3604 753 3674 leges
780 3620 897 3658 voce
916 3620 1218 3673 proponam.
1250 3602 1383 3656 Cum
1428 3611 1607 3674 autem
1650 3601 1840 3674 reliqui
1886 3614 1985 3674 no-

397 3670 582 3729 centes
607 3670 761 3729 suum
790 3675 842 3728 in
869 3670 1057 3729 tabella
1090 3672 1563 3742 babentelogium,
1599 3670 1863 3741 sacrilegi,
1890 3670 1987 3724 hu-

400 3745 643 3810 micidae,
674 3752 804 3802 etc..
835 3760 933 3801 cur
958 3745 1273 3807 Christiani,
1310 3744 1501 3814 inquit,
1520 3755 1660 3814 quos
1680 3753 1733 3796 et
1763 3743 2006 3796 istormn.

396 3826 453 3870 et
478 3816 718 3870 omnium
753 3816 1037 3871 criminum
1080 3831 1201 3871 reos
1232 3813 1437 3870 habetis
1458 3856 1472 3878 ,
1504 3814 1603 3869 soli
1652 3813 1753 3867 isto
1781 3823 1982 3867 tantum

393 3886 790 3952 nomine,uu|lo
805 3886 985 3941 addito
1003 3887 1248 3950 crimine,
1276 3884 1678 3955 proponuntur?
1695 3884 1817 3938 hinc
1845 3884 1982 3938 istud

395 3971 594 4011 nomen
636 3965 694 4010 ut
730 3957 1014 4025 peculiaris
1043 3956 1186 4011 illius
1228 3956 1408 4013 titulus
1460 3955 1889 4025 ntixau_occitrrit
1931 3956 1981 4008 in

395 4022 796 4096 elegantissimo
842 4028 1088 4083 AuctOris
1109 4028 1227 4081 loco
1274 4041 1324 4080 c.
1378 4025 1560 4080 XLIV.
1606 4022 1807 4079 Vestras
1851 4026 1983 4078 enim

396 4095 740 4168 contestamur
778 4107 953 4159 actus,
1000 4100 1086 4167 qui
1146 4096 1367 4168 quotidie
1396 4095 1695 4168 judicaﬁudis
1742 4096 1984 4168 custodiis

398 4167 701 4238 praesidetis,
720 4168 806 4238 qui
834 4170 1088 4222 sententiis
1115 4166 1277 4238 elogia
1307 4166 1612 4237 dispungitis
1631 4181 1648 4218 :
1665 4174 1764 4238 tot_
1786 4181 1825 4238 a_
1848 4166 1983 4238 vobis

397 4235 634 4293 nocentes
678 4235 830 4293 variis
855 4239 1126 4292 criminum
1155 4235 1330 4309 elogiis
1351 4235 1691 4309 recensentur.
1728 4235 1854 4302 Quis
1878 4237 1983 4290 illic

393 4309 653 4364 sicarius?
692 4310 805 4379 quis
856 4307 1296 4364 manticuliarius?
1337 4310 1449 4377 quis
1530 4307 1869 4379 sacrilegus,
1894 4317 1983 4361 aut

392 4388 661 4449 corruptor
682 4377 769 4449 aut
789 4379 1064 4434 lavantium
1082 4379 1409 4450 prtedo?quis
1430 4395 1492 4433 ea:
1518 4378 1621 4432 illis
1644 4383 1794 4431 etiam
1810 4377 1983 4450 Chris-

375 4447 565 4504 -tianus
594 4447 925 4505 adscribitur?
941 4461 1025 4503 aut
1047 4447 1159 4504 cum
1183 4450 1457 4505 Christiani
1477 4464 1568 4503 suo
1593 4450 1738 4501 titulo
1760 4447 1985 4515 o/feruu-

392 4531 477 4575 tur
499 4561 514 4584 ,
540 4522 654 4592 quis
679 4537 741 4575 ea:
770 4521 872 4575 illis
898 4523 1049 4576 etiam
1075 4522 1193 4576 talis
1228 4522 1399 4590 quales
1428 4529 1498 4575 tot
1529 4521 1806 4592 nocentes?
1858 4520 1986 4575 Post

429 4591 722 4677 renuntiare
773 4601 951 4677 notam
1022 4592 1455 4677 interrogationis
1488 4600 1702 4677 ponunt
1754 4591 1901 4645 Pani.
1933 4601 1987 4646 et

389 4609 722 4717 Hortum‘are
773 4609 951 4647 "omni
1022 4609 1452 4662 ιιιιυιθνοκίιιιοηιδ
1497 4609 1702 4660 ρυιιιιιιι
1754 4609 1901 4645 ι’ίηιι.
1933 4609 1981 4646 CI

444 4662 638 4717 henan.
663 4663 856 4732 Rigalt.
888 4678 1013 4727 vero
1042 4662 1190 4718 Barr.
1226 4661 1379 4717 Fnld.
1408 4670 1463 4716 et
1488 4660 1684 4717 Herald
1709 4671 1981 4730 punctum.

387 4732 688 4799 Utrumque
706 4735 1026 4797 rectum,scd
1053 4735 1331 4801 posteriori
1352 4733 1511 4788 modo
1532 4750 1649 4796 cum
1671 4733 1836 4787 ironia
1858 4748 1982 4802 pro-

389 4803 517 4859 ferri
538 4804 869 4870 dcbet,quasi
892 4804 1275 4874 scripsisset,ln
1296 4806 1447 4857 nobis
1458 4806 1595 4859 solis
1610 4803 1980 4874 scilicet.llsv.

463 4874 536 4947 (c)
556 4875 708 4947 Caius
722 4873 1220 4947 Seius.Verlursunt
1242 4876 1633 4947 iureconsultis
1658 4873 1983 4941 frequentis-

389 4944 548 5008 sima,
578 4946 675 5025 ubi
696 4946 925 5025 exempli
956 4945 1153 5025 gratia,
1184 4944 1380 5017 aliquid
1411 4946 1681 5002 inculcare
1708 4947 1892 5003 volunt
1916 4947 1984 5002 de

389 5016 637 5085 personis
662 5016 714 5071 iii
744 5030 961 5087 genere.
995 5016 1124 5072 Lac.

464 5086 542 5156 (d)
561 5086 780 5142 Tantum
797 5088 952 5157 quod.
978 5089 1277 5143 Familiaris
1301 5088 1520 5144 Auctnri
1541 5100 1725 5143 nostro
1745 5089 1942 5145 locutio
1964 5108 1978 5146 :

384 5155 678 5230 Suetonius
720 5155 934 5230 queque
964 5161 1015 5213 in
1048 5160 1261 5214 Nerone
1290 5174 1340 5214 c.
1372 5177 1446 5215 vr.
1472 5161 1540 5215 de
1569 5171 1809 5230 tempore
1836 5163 1975 5217 nati-

387 5227 712 5301 vitatisejus
742 5227 759 5282 ξ
793 5227 988 5284 tantum
1015 5232 1152 5300 quod
1176 5232 1431 5286 exoriente
1453 5232 1585 5295 sole,
1635 5227 1779 5301 ptrue
1802 5241 1857 5286 ut
1886 5250 1974 5286 ra-
2001 5275 2011 5285 .

386 5297 485 5372 diis
506 5297 797 5372 priusquam
821 5310 953 5372 terra
973 5297 1360 5372 contingeretur.
1381 5302 1585 5358 Sensus
1604 5297 1687 5358 est
1707 5301 1975 5358 Neronem

387 5367 734 5444 intercepisse
764 5370 943 5427 radios
986 5367 1231 5444 solarés,
1282 5373 1370 5442 qui
1419 5374 1565 5444 prius
1608 5374 1778 5442 ipsum
1810 5390 1971 5443 quam

384 5447 592 5516 terram
611 5443 855 5516 lueesua
883 5441 1229 5516 perfuderunt
1257 5461 1270 5498 :
1297 5441 1557 5516 Sumpsit,
1587 5441 1642 5499 ut
1686 5441 1840 5515 plura
1859 5485 1874 5511 ,
1902 5443 1971 5499 ab

382 5507 653 5566 Lucretio.
682 5511 776 5568 Ille
804 5507 896 5568 lib:
926 5513 1142 5581 H.220.

499 5628 684 5674 tantum
706 5625 838 5689 quod
852 5637 1037 5676 nomen
1056 5631 1297 5678 mutatum
1315 5626 1485 5679 dicere
1510 5628 1683 5699 possis.

365 5748 584 5810 Veteres
629 5756 808 5810 excusi
852 5754 1047 5816 habent
1090 5754 1174 5812 hic
1198 5757 1290 5813 sed
1335 5760 1499 5816 malus
1547 5766 1739 5813 tantum
1771 5759 1954 5838 quod)

2010 4373 2060 4431 D
2087 4337 2265 4405 festiva
2283 4337 2304 4391 .'
2332 4337 2433 4421 Qui
2449 4337 2696 4431 juvenes}
2718 4341 2804 4410 qui
2833 4339 3020 4431 [inpius

2091 3239 2228 3308 quod
2244 3237 2494 3311 putidum
2527 3238 2941 3311 nulliimeliores
2981 3238 3102 3311 libri
3151 3236 3300 3295 MSS.
3347 3249 3685 3311 agnuscunt,

2090 3320 2144 3382 e_t
2171 3309 2735 3382 Salmasinspﬁigalt.
2790 3311 2836 3382 la
2867 3310 3040 3382 Cerda
3096 3319 3150 3365 ct
3202 3309 3444 3382 Scaliger
3485 3309 3687 3370 delent.

2093 3380 2314 3436 Tantum
2341 3382 2477 3452 quod
2504 3380 2643 3435 idem
2673 3380 2813 3450 quod
2845 3381 3035 3449 graecis
3061 3390 3180 3442 πλὴν
3206 3388 3309 3436 am
3340 3380 3419 3436 vel
3443 3392 3564 3447 πλὴν
3589 3390 3687 3440 ὅτι.

2090 3452 2627 3524 8γιιιιείιιειείιτηιιθ
2685 3453 2955 3524 Stephano
3010 3460 3132 3524 πλὴν
3157 3462 3260 3507 ὅσον
3304 3459 3542 3522 ηὐξάμην.
3602 3455 3693 3513 Sic

2090 3521 2303 3592 quoque
2329 3523 2713 3590 Aristophanes
2740 3522 2983 3578 Nubibus
3007 3521 3137 3577 dixit
3168 3532 3290 3586 πλὴν
3311 3531 3408 3579 ὅτι.
3431 3521 3578 3580 llav.

2167 3597 2238 3663 (c)
2277 3593 2476 3666 Vagos,
2527 3595 2686 3661 viles,
2718 3595 2992 3664 improbos.
3053 3593 3219 3664 Vagos
3261 3596 3330 3648 ob
3380 3597 3685 3662 libidinem,

2091 3667 2211 3720 viles
2239 3666 2309 3719 ob
2355 3667 2561 3735 copiam
2609 3668 2688 3720 sui
2735 3666 3058 3733 vilifactam,
3106 3667 3358 3735 improbos
3392 3669 3463 3723 ob
3511 3685 3689 3724 uirores

2092 3737 2295 3807 malos:
2323 3753 2475 3807 vagos
2501 3737 2633 3791 istos
2659 3753 2753 3806 per
2799 3737 3059 3792 ambulare
3107 3738 3371 3806 expressit
3421 3739 3688 3796 Adrianus

2089 3805 2270 3863 C:csar
2298 3805 2467 3879 iuilln
2497 3808 2561 3879 ad
2594 3805 2809 3879 florum
2840 3810 3009 3879 epigr.
3042 3805 3478 3878 apudSparlian.

2342 3878 2448 3940 Ego
2473 3877 2583 3927 nolo
2602 3877 2777 3929 Florus
2803 3877 2937 3939 csSe,

2235 3958 2244 3967 -
2337 3940 2604 4003 ._Ambulare
2623 3980 2636 3999 ,
2672 3954 2760 4003 per
2788 3942 3032 4000 tabernas,

2340 4000 2558 4067 I_.a_t_itare
2584 4000 2682 4067 per
2692 4005 2913 4067 popinas,

2339 4061 2643 4127 Caliccspati
2666 4061 2918 4114 rotundos.
3009 4121 3016 4127 ,

2160 4125 2232 4200 (f)
2263 4123 2483 4200 Ea:_ipso
2509 4123 2771 4191 donatam,
2797 4136 2913 4200 etc.
2939 4123 3277 4183 Pa'meliusct
3305 4128 3423 4195 Rig.
3456 4131 3638 4200 legunt
3668 4151 3681 4187 :

2090 4198 2284 4274 exipso
2329 4197 2602 4274 denotant,
2648 4215 2746 4274 quo
2790 4199 3048 4274 laudant,
3099 4202 3323 4274 rtecitate
3352 4202 3456 4274 odii
3483 4197 3545 4274 in
3574 4206 3686 4274 suf-

2088 4267 2312 4343 [raqium
2335 4268 2640 4343 iiitpiugunt.
2678 4269 2806 4343 Quae
2826 4271 3006 4343 mulier
3029 4269 3235 4343 lquitur
3260 4269 3492 4325 lasciva!
3528 4267 3680 4343 quain

3076 4288 3228 4395 tatam
3260 4288 3489 4325 lasciva:
3528 4289 3680 4343 quant

3051 4342 3070 4394 .'
3144 4341 3283 4410 igall.
3308 4358 3457 4410 quam
3481 4342 3639 4396 iusius
3662 4344 3685 4396 !

2089 4410 2519 4481 quamamasius,
2554 4410 2677 4481 (acri
2703 4422 2820 4465 sunt
2859 4412 3154 4465 Christiani.
3188 4412 3478 4467 MS.-Fuld.
3509 4429 3571 4467 ea:
3591 4415 3685 4481 hoc

2090 4478 2201 4548 ipso
2223 4480 2499 4546 denotant,
2528 4478 2625 4549 quo
2653 4484 2864 4536 laudant
2887 4524 2900 4545 ,
2934 4484 3159 4537 ctecitate
3196 4484 3302 4537 odii
3328 4523 3344 4548 ,
3396 4485 3447 4537 in
3494 4480 3685 4550 sti/Ira;

2091 4550 2243 4625 giunt
2273 4563 2569 4625 enarrantes
2592 4594 2607 4618 ,
2651 4569 2766 4622 quae
2806 4554 3021 4625 mulier,
3066 4570 3220 4622 quam
3255 4555 3444 4608 lasciva
3468 4596 3484 4619 ,
3529 4572 3683 4625 quam

2091 4621 2302 4695 [estival
2323 4623 2407 4692 qui
2425 4623 2636 4693 juvenes
2658 4666 2669 4686 ,
2700 4641 2850 4693 quam
2876 4621 3086 4691 Lusius,
3114 4641 3266 4694 quam
3301 4621 3551 4692 amasius,
3572 4638 3676 4682 etc.

2092 4691 2340 4751 libertati.
2366 4691 2559 4765 ex‘ipso
2588 4691 2830 4748 denotant
2853 4736 2867 4757 ,
2900 4691 3195 4749 collaudant
3221 4712 3268 4750 c.
3300 4713 3346 4750 ο.
3382 4695 3493 4752 MS.
3521 4712 3681 4761 quem

2090 4764 2355 4834 consuluit
2382 4766 2680 4820 Scriverius
2717 4784 2730 4819 :
2755 4782 2819 4820 ea:
2856 4768 2968 4834 ipso
2996 4782 3094 4831 quo
3113 4768 3353 4821 denotant
3374 4809 3386 4831 ,
3421 4768 3635 4822 laudant
3662 4809 3677 4833 ,

2089 4833 2160 4888 al.
2185 4836 2478 4908 Collaudant
2500 4876 2515 4903 ,
2565 4850 2625 4908 et
2663 4852 2786 4891 mox
2811 4879 2825 4901 ,
2878 4837 3012 4903 quod
3040 4838 3221 4908 mulier
3241 4880 3255 4901 ,
3285 4838 3422 4908 quod
3447 4838 3635 4892 lasciva
3660 4881 3677 4905 ,

2088 4906 2231 4978 quod,
2250 4908 2424 4977 festiva
2446 4948 2459 4971 ,
2491 4906 2626 4978 quod
2642 4908 2866 4978 juvenis,
2917 4907 3053 4977 quod
3090 4906 3338 4970 lascivus,
3371 4912 3505 4977 quod
3531 4926 3679 4963 ama-

2088 4976 2223 5057 sius,
2242 4976 2370 5057 etc,
2394 4976 2722 5057 approbante
2746 4976 3103 5057 illo._Scaliger
3123 4979 3353 5057 denique
3373 4976 3679 5057 exingenio

2086 5048 2686 5120 corrigebatriituudius
2707 5090 2722 5114 ,
2755 5065 2812 5103 eo
2850 5050 2960 5120 ipso
2987 5065 3084 5118 quo
3113 5050 3353 5104 denotant
3376 5090 3391 5113 ,
3442 5048 3675 5105 laudant.

2086 5116 2348 5189 Diogenes
2374 5118 2621 5173 Laertius
2649 5122 2847 5184 pariter
2871 5116 2937 5174 de
2965 5116 3322 5189 bislophane
3372 5129 3423 5177 et
3449 5119 3680 5178 Cornicis

2086 5187 2216 5244 dicit
2262 5190 2417 5254 illos,
2458 5189 2597 5244 dum-
2630 5191 2922 5262 Sorratem
2953 5187 3230 5246 traducere
3274 5202 3328 5245 ct
3374 5191 3678 5262 vituperare

2083 5270 2366 5325 conantur,
2391 5276 2457 5315 eo
2488 5262 2602 5329 ipso
2635 5260 3056 5316 landa‘reNerba
3079 5262 3194 5327 ejus
3211 5272 3335 5316 sunt
3356 5262 3407 5316 in
3435 5260 3677 5319 Socratis

2083 5330 2186 5384 vita
2218 5350 2231 5385 :
2266 5336 2315 5385 oi’
2337 5339 2633 5386 λανθάνουσιν
2661 5341 2875 5395 ἑαυτοὺς,
2909 5334 3041 5387 δι’ὧν
3059 5341 3352 5387 σκώπτουσιν
3380 5339 3677 5396 ἐπαινοῦντες

2080 5409 2242 5468 αὐτὸν,
2258 5413 2313 5456 et
2337 5403 2401 5456 dt:
2423 5403 2666 5459 Zenone:
2694 5410 2735 5457 oi
2754 5427 2802 5470 γε
2815 5414 2900 5472 μὲν
2913 5414 3110 5472 κωμικοὶ
3124 5410 3369 5458 ἐλάνθανον
3382 5410 3675 5467 ἐπαινοῦντες

2076 5477 2220 5526 αὐτὸν
2240 5477 2320 5525 διὰ
2346 5484 2433 5527 τῶν
2461 5481 2773 5544 σκωμμάτων,
2795 5475 2828 5527 i.
2854 5490 2904 5527 c.
2928 5475 3104 5528 comici
3123 5484 3287 5528 tamen
3310 5476 3671 5544 imprudentes,

2076 5545 2210 5615 hunc
2234 5544 2354 5615 dum
2385 5545 2704 5615 vituperant,
2758 5544 2985 5615 laudant.
3049 5546 3306 5615 Spectant
3347 5547 3411 5599 ad
3440 5562 3672 5613 sequen-

2077 5614 2145 5668 tia
2179 5615 2266 5669 illa
2298 5614 2568 5669 Nostri’ad
2600 5616 2760 5683 Scap.
2790 5630 2907 5682 cap.
2945 5614 3003 5668 ll.
3031 5614 3119 5668 nec
3148 5615 3357 5669 aliunde
3407 5618 3673 5671 noscibiles

2073 5700 2227 5755 quam
2255 5685 2316 5740 de
2344 5686 2689 5739 euu'udatione
2717 5686 2949 5739 vitiorum
2978 5686 3326 5753 pristinarum.
3363 5685 3499 5741 Hav.

2147 5756 2223 5830 (g)
2254 5757 2371 5812 Jam
2400 5757 2657 5826 pudicam.
2688 5755 2860 5812 Rlicu.
2891 5767 2942 5813 ct
2978 5756 3081 5813 us.
3120 5756 3287 5827 Lugd.
3317 5758 3434 5821 Βηιι.
3459 5775 3669 5820 marem
3702 5799 3713 5809 .
