4106 6330
443 275 559 340 ass
1873 265 2342 328 nmmum
3021 271 3036 282 θ
3634 264 3748 334 ιω

447 398 604 448 reatu
628 396 791 451 secta
828 396 885 447 et
911 385 1169 446 auctoris.
1193 383 1426 456 ideoque
1449 389 1574 441 ante
1597 381 1780 440 odium
1807 382 2040 440 nominis
2065 383 2122 444 Α
2239 380 2414 452 Atque
2460 378 2596 453 adeo
2651 380 2806 453 quasi
2857 380 3110 452 prmfatus
3161 381 3277 438 haec
3319 371 3386 438 ad
3444 378 3742 454 suggillano

445 481 787 555 eompetebat
817 480 965 552 prius
996 479 1066 535 de
1107 487 1326 535 auctore
1367 484 1570 534 sectam
1617 491 2037 549 recognoscere,

446 575 530 632 vel
556 582 827 630 auctorum
857 571 926 628 de
952 580 1122 628 secta.
1147 571 1386 628 At.nunc
1412 569 1489 644 (a)
1527 571 1806 642 utriusque
1827 569 2042 642 inquisi~

448 669 592 725 tione
613 676 670 723 et
693 665 966 738 agnitione
993 664 1234 736 neglecta
1271 677 1470 720 nomen
1507 647 1808 729 detinetur,
1840 677 2038 718 nomen

443 765 799 832 expugnatur,
827 766 882 816 et
908 759 1142 831 ignotam
1163 764 1390 824 sectam,
1421 757 1659 828 ignotum
1684 766 1740 813 et
1761 762 2037 812 auctorem

443 867 548 908 vox
594 851 711 908 sola
751 851 1118 924 praedamnat,
1163 850 1290 922 quia
1317 850 1698 919 nominantur,
1731 863 1862 924 non
1915 847 2040 918 quia

442 943 807 1002 revincuntur.
1055 932 1066 940 ’

1069 1055 1294 1113 CAPUT
1330 1039 1432 1110 1V.

517 1193 792 1266 Prteparat
822 1183 937 1265 iam
971 1208 1026 1248 se
1071 1192 1139 1247 ad
1165 1191 1506 1264 defensionem
1545 1192 1817 1248 criminum
1861 1192 2041 1264 quibus

445 1286 724 1343 Christiani
749 1286 1111 1342 onerabantur.
1142 1286 1278 1354 Sed,
1311 1301 1424 1340 cum
1453 1285 1530 1340 uel
1566 1295 1677 1358 post
1695 1286 2038 1358 justissimam

445 1383 788 1455 defensionem
826 1390 994 1435 tamen
1037 1380 1274 1457 uiolentia
1318 1381 1442 1452 legis
1493 1379 1786 1450 obsequium
1829 1380 2036 1454 exigat,

444 1475 716 1544 artificiose
737 1483 783 1529 et
809 1474 976 1529 valide
999 1475 1251 1540 ostendit,
1279 1474 1409 1545 leges
1429 1515 1444 1541 ,
1476 1483 1530 1527 ut
1556 1473 1743 1541 condi,
1775 1473 1847 1529 ita
1871 1490 2040 1546 repro-

445 1567 554 1622 bari
591 1574 637 1621 et
665 1567 854 1620 mulari
879 1581 1028 1636 posse
1046 1607 1062 1630 ,
1090 1566 1192 1619 imo
1221 1565 1399 1620 debere
1435 1581 1836 1637 nonnunquam,
1868 1581 1957 1620 nec
1981 1564 2038 1619 id

444 1658 553 1713 sine
597 1657 865 1728 exemplo;
903 1673 1019 1712 cum
1059 1655 1251 1712 scilicet
1291 1656 1368 1710 uel
1405 1653 1673 1724 crudeles,
1717 1655 1798 1711 uel
1831 1656 2036 1728 injuste:

445 1734 556 1803 sint.
581 1748 926 1819 deprehensa.
957 1745 1064 1802 Lea:
1083 1748 1218 1802 enim
1237 1748 1381 1818 justa
1429 1764 1534 1802 esse
1561 1745 1817 1820 colligitur
1839 1789 1854 1810 ,
1896 1758 2035 1818 post-

455 1855 608 1904 quam
629 1839 681 1894 in
712 1839 933 1894 valerem
970 1842 1081 1912 ejus
1107 1841 1365 1910 inquisitio
1392 1844 1528 1912 facta
1555 1851 1628 1896 est
1643 1859 1664 1907 ;
1703 1841 1933 1912 improba
1954 1859 2038 1897 re-

371 1943 380 1955 ‘
449 1947 507 1986 ro
527 1973 540 2000 ,
567 1944 668 1987 non
685 1931 800 2003 jam
819 1931 903 1987 lea:
921 1975 938 2003 ,
968 1932 1056 1988 sed
1081 1934 1313 2005 tyrannis
1337 1933 1606 1994 invenitur.

2143 474 2265 532 dam
2293 475 2367 549 (b)
2411 475 2518 532 odii
2561 490 2688 547 erga
2735 489 2833 531 nos
2878 475 3072 546 publici
3117 475 3485 548 iniquitatem,
3511 474 3625 546 jam
3669 472 3738 532 de

2143 584 2331 627 caussa
2367 570 2688 627 innocentia:
2734 569 3024 627 consistam
3062 571 3171 642 (c),
3220 584 3320 627 nec
3360 578 3565 626 tantum
3592 567 3746 626 refuv

2145 662 2273 718 tabo
2329 677 2450 733 quas
2517 661 2675 718 nobis
2717 661 3078 732 objiciuntur,
3130 662 3226 718 sed
3277 662 3438 720 etiam
3478 663 3532 717 in
3595 661 3742 732 ipsos

2143 755 2469 826 retorquebo
2523 755 2614 826 qui
2683 754 2764 826 (1)
2817 754 3106 826 objiciunt;
3153 765 3212 812 ut
3249 771 3312 812 ex
3359 755 3460 812 hoc
3515 769 3730 826 quoque

2140 848 2314 904 sciant
2341 839 2529 904 omnes
2559 847 2611 902 in
2646 846 2970 904 Christianis
3004 864 3110 905 non
3141 863 3270 906 esse
3291 864 3410 920 quae
3440 849 3494 904 in
3534 863 3594 904 se
3623 863 3734 905 non

2148 941 2396 998 nesciunt
2426 955 2551 996 esse
2594 941 2699 1012 (ά),
2747 941 2907 997 simul
2933 942 3006 996 uti
3038 942 3357 998 erubescant
3385 949 3738 1010 accusantes,

2147 1051 2254 1092 non
2275 1035 2398 1091 dice
2422 1036 2642 1108 pessimi
2671 1037 2900 1106 optimos
2919 1076 2934 1102 ,
2965 1036 3059 1093 sed
3079 1037 3189 1108 jam
3213 1078 3227 1100 ,
3261 1045 3318 1091 ut
3346 1036 3565 1100 volunt,
3599 1047 3740 1100 com-

2145 1142 2300 1198 pares
2343 1127 2419 1200 (ο)
2447 1141 2594 1184 suos.
2623 1126 3088 1198 Respondebimus
3132 1127 3198 1184 ad
3265 1127 3472 1198 singula
3509 1143 3634 1198 qure
3685 1127 3738 1183 in

2117 1219 2354 1290 ,occnlto
2383 1218 2666 1275 admittere
2705 1219 2965 1288 dicimur,
2998 1236 3116 1291 quae
3162 1221 3281 1276 illos
3321 1220 3495 1290 palam
3538 1218 3738 1275 admit-

2143 1319 2318 1370 tentes
2348 1313 2648 1368 invenimus
2701 1311 2814 1384 (2),
2861 1313 2915 1366 in
2957 1313 3151 1383 quibus
3199 1312 3447 1380 scelesti,
3507 1313 3560 1368 in
3613 1313 3737 1384 qui-

2140 1405 2241 1461 bus
2281 1399 2436 1471 vani,
2482 1406 2535 1461 in
2565 1404 2756 1477 quibus
2783 1405 3108 1471 damnandi,
3140 1407 3194 1461 in
3241 1406 3446 1478 quibus
3481 1407 3740 1462 irridendi

2139 1498 2462 1571 deputamur
2499 1497 2586 1572 (f).
2619 1497 2724 1554 Sed
2745 1500 2994 1570 quoniam
3015 1541 3028 1564 ,
3059 1515 3180 1555 cum
3209 1499 3274 1554 ad
3304 1499 3482 1555 omnia
3507 1500 3742 1555 occurrit

2141 1591 2338 1646 veritas
2367 1599 2579 1657 nostra,
2610 1600 2882 1662 postremo
2903 1591 3078 1661 legum
3109 1591 3405 1647 obstruitur
3440 1591 3520 1664 (g)
3550 1600 3740 1647 aucto-

2067 1705 2114 1764 B
2141 1686 2272 1738 ritas
2321 1683 2579 1739 adversus
2621 1697 2775 1749 eam,
2810 1693 2866 1737 ut
2894 1693 2987 1738 aut
3033 1682 3167 1738 nihil
3206 1683 3413 1740 dicatur
3441 1692 3741 1740 retractan-

2140 1772 2267 1830 dum
2313 1772 2400 1846 (Ii)
2449 1787 2568 1828 esse
2623 1783 2743 1844 post
2781 1773 2978 1847 .legcs,
3030 1783 3142 1838 aut,
3169 1774 3389 1844 ingratis
3443 1773 3740 1831 necessitas

2141 1865 2385 1937 obsequii
2431 1865 2744 1936 praeferatur
2778 1865 2988 1922 veritati
3026 1883 3039 1919 :
3081 1864 3150 1922 de
3179 1865 3385 1937 legibus
3431 1866 3576 1938 prius
3604 1881 3740 1924 con-

2143 1973 2354 2014 curram
2384 1956 2464 2031 (ὅ)
2493 1957 2768 2015 vobiscum
2809 1966 2868 2015 ut
2911 1973 3033 2015 cum
3082 1958 3346 2017 tutoribus
3379 1959 3574 2030 legtnn.
3621 1958 3740 2017 lam

1667 2046 2050 2107 LECTIONES
2085 2047 2506 2107 VARIANTES.

615 2155 1084 2278 glriaufgrgiblloth.
1109 2223 1273 2291 regiae.
1310 2223 1434 2278 2616
1453 2250 1516 2262 —
1535 2237 1646 2291 quae
1669 2220 1825 2291 palam
1843 2226 2043 2280 adiuve-

2147 2164 2592 2294 ’³⁵⁸11⁸1⁸ἂέἑῶ
2615 2227 2707 2297 1119

1785 2332 2344 2393 COMMENTARIUS.

451 2457 528 2512 Re
548 2453 816 2526 Culinaria
845 2453 968 2510 libri
993 2453 1181 2526 Apici,
1214 2468 1318 2509 non
1347 2452 1503 2526 lmjus
1529 2451 1634 2526 [ita
1664 2454 1833 2526 etiam
1853 2449 2046 2526 falsum

2153 2451 2265 2530 ideo
2296 2462 2526 2530 peccator
2550 2469 2651 2508 non
2673 2455 2914 2530 consistet
2942 2454 2996 2510 in
3010 2454 3250 2526 judicio,
3289 2471 3449 2526 neque
3479 2456 3742 2530 improbus

446 2529 712 2606 {tabamus
736 2525 1073 2606 Macrumde
1099 2525 1279 2580 herbis
1307 2523 1592 2606 almaque],
1631 2523 1726 2606 sed
1747 2523 1836 2594 qui
1857 2565 1883 2606 ,Α
1902 2524 2047 2606 quod
2149 2524 2201 2577 in
2223 2525 2638 2606 emta-iustorum.
2669 2524 2809 2606 llsv.

445 2601 579 2666 facit
608 2598 676 2654 ad
704 2613 806 2654 con
819 2597 1172 2654 lirmationeni
1193 2593 1473 2652 sententiae
1499 2593 1745 2652 Auctoris
1769 2593 2047 2660 nostri,ad

449 2665 606 2727 istius
632 2670 862 2740 palatum
893 2677 948 2724 et
969 2683 1038 2723 ex
1086 2668 1252 2737 ipsius
1297 2665 2044 2740 sententiosumconscripti.

453 2741 621 2812 Hujus
635 2734 894 2812 verentia
927 2734 1129 2812 tantum
1160 2738 1404 2812 meminit
1437 2739 1494 2812 in
1525 2737 1677 2812 libro‘
1704 2737 1774 2812 de
1799 2734 2043 2812 Pallid‘c.

451 2829 507 2870 v.
533 2807 699 2868 Taceo
724 2811 972 2876 Nerones,
1005 2819 1050 2864 et
1074 2811 1284 2880 Apicios
1307 2851 1323 2876 ,
1353 2820 1398 2864 et
1428 2807 1614 2880 Rufos.
1649 2809 1756 2880 sed
1801 2818 1858 2864 et
1904 2807 2040 2864 Adv.

2222 2593 2303 2667 (d)
2335 2593 2401 2650 lit
2440 2613 2494 2652 se
2537 2613 2639 2650 non
2681 2597 2907 2652 nesciunt
2944 2613 3068 2653 esse.
3102 2597 3170 2655 Ut
3209 2597 3379 2655 sciant
3439 2601 3735 2660 adversarii

2152 2668 2323 2722 nostri
2347 2681 2444 2723 nos
2470 2683 2576 2723 non
2608 2676 2815 2724 tantum
2834 2669 3095 2726 immunes
3143 2685 3266 2726 esse
3294 2671 3515 2728 istorum
3559 2675 3735 2731 scele-

2153 2753 2292 2811 rum,
2316 2737 2412 2795 sed
2437 2738 2558 2811 illos
2585 2739 2734 2811 ipsos
2759 2741 2850 2795 illa
2897 2740 3068 2810 palam
3123 2752 3452 2811 perpetrare,
3475 2746 3518 2798 si
3545 2761 3733 2803 verum

2151 2808 2633 2888 inspieereyelint.
2665 2808 2982 2888 lta_vcro'ex
3011 2808 3146 2867 Coll.
3177 2808 3320 2869 Mod.
3350 2812 3544 2886 Rigalt.
3595 2817 3685 2872 alii
3714 2859 3732 2888 ,

450 2883 742 2956 Psychicos
765 2899 816 2940 c.
845 2899 939 2938 xu.
968 2881 1106 2956 Quid
1132 2898 1250 2956 ergo
1262 2883 1480 2956 cessatis
1501 2879 1833 2956 Paracletutn
1857 2917 1875 2947 ,
1898 2895 2046 2956 quem
2149 2881 2202 2934 in
2231 2897 2290 2956 se
2310 2879 2535 2956 nesciunt
2565 2882 2860 2956 εδει-11η.

449 2950 779 3026 ἔνι’Μοηζαιιο
809 2950 1349 3026 negatis_,_in_r‘lpicio
1391 2952 1641 3006 credere?
1687 2951 1825 3026 un_d_e
1863 2950 2044 3026 condi-

450 3037 620 3084 menta
648 3020 894 3094 Αρὶεἱαηᾶ
920 3025 974 3080 in
1005 3023 1098 3079 lib.
1129 3023 1198 3079 de
1218 3020 1410 3094 Anima
1441 3038 1492 3079 c.
1518 3037 1712 3094 χχχιιι.
1741 3020 1930 3094 Nonne
1952 3022 2042 3076 illa

449 3069 621 3175 ἓξὶἦόὶίὶὶ
637 3069 976 3175 μ’ῥὶἆὲἿᾶῖαὶἐὲ
1005 3069 1197 3175 iﬁlli?
1210 3069 1470 3175 agit-2a.?
1479 3069 1722 3175 ἰ·ἓῖᾳῖιῖἐᾶ
1741 3069 2042 3175 ita;
2068 3069 2112 3132 C

451 3173 606 3242 funus
632 3165 760 3242 inter
795 3184 980 3242 coquos
1024 3165 1409 3242 pretiosissimas
1435 3165 1622 3220 invenit
1648 3205 1662 3230 ,
1692 3167 1827 3242 quod
1854 3165 2034 3242 condi-

451 3235 629 3296 inentis
657 3239 918 3308 Apicianis
942 3247 990 3292 et
1016 3235 1350 3292 Lurconianis
1380 3239 1619 3308 humatur
1641 3277 1657 3300 ,
1685 3235 1822 3308 quod
1842 3237 2036 3308 mensis

451 3307 794 3381 Ciceronianis
830 3312 1052 3381 infertur
1077 3347 1092 3374 ,
1117 3308 1280 3381 quod
1330 3307 1584 3381 lancibus
1612 3307 2037 3381 splendidissimis

451 3382 683 3455 Syllanis
710 3377 951 3455 eﬂ'ertur;
977 3389 1081 3455 etc.
1113 3377 1216 3435 Pro
1239 3391 1383 3450 teque
1403 3379 1587 3455 "sedici
1615 3377 1848 3455 pareret

449 3448 516 3510 δι’
532 3455 636 3510 111ι.
663 3448 810 3524 atque
831 3469 850 3508 .'
877 3451 1066 3524 Herald
1087 3493 1100 3516 ,
1137 3448 1328 3521 neque,
1379 3449 1473 3506 sed
1523 3451 1714 3506 melius
1736 3449 1850 3505 MS.
1876 3448 2026 3504 Fuld.

448 3525 569 3599 Big.
591 3522 813 3599 et_l_’atn.
841 3537 998 3599 teque.
1029 3522 1163 3577 “AV.

525 3592 598 3671 (a)
645 3597 843 3651 Nomen
894 3592 1162 3650 detinetur.
1208 3593 1325 3648 Non
1355 3593 1622 3671 assentior
1667 3592 1742 3671 De
1768 3593 1818 3650 la
1841 3592 2034 3671 ρει-αφ

447 3665 716 3746 .luuioque
751 3671 1050 3746 legentibus
1069 3669 1584 3746 denotatur._N9tnen
1604 3669 1746 3723 enim
1775 3666 1948 3746 solum
1977 3665 2032 3720 in

442 3741 532 3814 jus
552 3735 665 3810 rapi
694 3735 958 3805 ostendit,
991 3750 1046 3796 et
1081 3743 1232 3814 quasi
1274 3739 1575 3814 maleficum
1614 3735 2030 3814 «parricidam

447 3809 586 3869 collo
613 3809 808 3868 inserta
839 3819 1024 3882 catena
1067 3809 1225 3877 trahi,
1248 3823 1314 3866 -ut
1334 3812 1580 3882 depinxit
1611 3810 1764 3867 nobis
1805 3809 2033 3866 Bessum

333 3903 342 3908 ·
447 3883 845 3954 interfectorem
887 3881 1084 3938 Dariia
1123 3879 1434 3954 Spitamene
1482 3879 1768 3938 adductum
1820 3882 2034 3938 Curtius

447 3969 539 4010 vn.
572 3954 628 4009 5.
661 3953 796 4008 ΙΙΑν.

519 4025 599 4098 (b)
627 4025 708 4098 Ad
735 4017 1131 4098 sugg'illandam.
1148 4024 1204 4080 1d
1227 4033 1308 4080 est
1327 4023 1746 4098 convincendam
1777 4041 1884 4081 non
1913 4037 2031 4082 tan-

449 4096 679 4166 tum,sed
703 4097 1104 4164 turpitudinem,
1124 4097 1346 4152 livorem
1371 4105 1426 4150 et
1445 4097 1670 4152 vibicem
1695 4096 2032 4166 inurendum,

449 4165 729 4240 utpubllce
751 4167 981 4240 oStentul
1011 4169 1115 4240 sit.
1133 4165 1209 4222 lta
1235 4167 1641 4240 suggillationem
1660 4166 1790 4240 dicit
1814 4182 1932 4240 cap.
1957 4165 2030 4226 XI.

445 4237 736 4312 suggillatio
784 4247 856 4292 est
905 4238 958 4321 in
1020 4237 1146 4293 etrlo
1191 4237 1351 4293 uestra
1403 4239 1618 4303 iustitia.
1667 4238 1838 4294 Minus
1882 4237 2035 4298 recte

446 4311 556 4366 MS.
587 4311 627 4368 1.
665 4311 742 4366 Br
757 4321 811 4366 et
839 4319 1146 4380 COIIJGCIUI‘a
1172 4311 1314 4368 Junii
1359 4313 1487 4370 item
1514 4327 1581 4367 ex
1623 4311 1769 4368 MSS.
1801 4312 2035 4380 sigillati-

543 4351 556 4366 .
587 4325 627 4368 ι.
665 4325 742 4383 n.—
757 4325 811 4366 et
839 4325 1146 4383 confectura
1172 4325 1314 4368 sonu
1359 4325 1487 4370 item
1514 4327 1581 4383 es
1623 4325 1769 4368 sine.
1791 4325 2036 4383 sagittan-

447 4453 715 4524 Anonymi
731 4451 870 4522 apud
886 4447 1197 4509 Nevelelum
1212 4453 1342 4510 Fab.
1353 4471 1385 4510 ι
1396 4455 1537 4512 vnde
1550 4453 1732 4512 Leone
1741 4453 1854 4526 jam
1879 4447 2031 4524 s'ene,

601 4547 752 4608 Saevit
773 4547 956 4598 asellus
978 4549 1110 4598 iners
1129 4555 1180 4598 et
1201 4546 1410 4599 frontem
1433 4549 1568 4601 calce
1588 4547 1786 4614 sigillat.

447 4633 504 4690 id
531 4642 614 4689 est
641 4635 791 4688 ηοῑιιι.
831 4631 966 4688 ΗΑν.

517 4727 596 4799 (c)
625 4727 936 4799 Consistam.
961 4726 1118 4782 Amat
1145 4726 1216 4799 ita
1240 4727 1383 4798 loqui
1426 4723 1804 4786 Tertullianus.
1833 4727 1921 4786 Sic
1965 4729 2034 4786 de

447 4796 658 4856 ldol.'c.
691 4814 806 4854 xm.
832 4796 912 4851 De
958 4799 1052 4852 hoc
1098 4796 1323 4869 quidem
1352 4800 1514 4866 primo
1559 4801 1852 4866 consistam;
1896 4809 1949 4856 et
1979 4801 2034 4856 in

447 4871 602 4940 Apol.
657 4885 706 4924 c.
746 4869 928 4925 XLVI.
971 4869 1298 4924 Constitimus
1345 4872 1609 4942 utopiuor
1657 4871 1895 4928 adversus
1921 4888 2034 4926 ont-

448 4945 588 4997 nium
631 4942 897 4996 criminum
923 4942 1280 5008 intentionem,
1309 4957 1422 5011 quae
1458 4940 1866 4996 Christianorum
1909 4959 2034 4997 san-

448 5015 646 5085 guinem
673 5014 894 5085 flagitat.
929 5011 1026 5085 list
1048 5023 1223 5068 autem
1253 5012 1686 5085 genusloqnendi
1716 5023 1938 5068 tractum
1969 5011 2037 5070 ab

448 5083 733 5155 athletisct
753 5083 1137 5153 gladiatoribus
1160 5126 1174 5147 ,
1210 5084 1300 5155 qui
1331 5083 1518 5155 pedem
1549 5085 1602 5137 in
1639 5100 1799 5155 arena
1829 5085 2030 5155 figunt,

448 5169 516 5211 ne
559 5154 712 5209 facile
761 5156 1088 5224 supplantari
1122 5155 1200 5210 vel
1234 5153 1418 5224 'dejici
1449 5157 1673 5222 possint.
1716 5153 1773 5210 In
1807 5153 2038 5226 re'quo-

447 5241 550 5298 quo
575 5226 846 5298 militari,
891 5241 1012 5280 cum
1062 5227 1172 5298 jam
1219 5227 1288 5281 ad
1324 5242 1521 5298 manus
1557 5236 1639 5282 est
1675 5227 1993 5298 veniendum
2017 5269 2032 5294 ,

447 5295 714 5368 subsistere
735 5338 750 5360 ,
774 5298 864 5368 _vel
899 5295 1168 5352 consistere
1219 5313 1404 5368 agmen
1431 5338 1446 5362 ,
1495 5297 1731 5368 dicitur.
1757 5297 2036 5354 Lucretius

447 5367 638 5440 eodem
664 5365 823 5440 modo
850 5369 1020 5440 lib,“
1045 5369 1173 5426 454.
1202 5365 1290 5424 ubi
1331 5372 1589 5424 rationem
1643 5367 1850 5434 reddit,
1898 5383 2035 5440 quo-

447 5437 608 5496 modo
636 5439 804 5494 nubes
827 5439 1226 5496 condensentur
1253 5450 1307 5496 et
1333 5440 1528 5496 cadum
1558 5440 1890 5496 obscuretur.

601 5529 718 5581 Haec
741 5529 921 5582 faciunt
950 5533 1160 5597 primum
1183 5545 1358 5598 parvas
1377 5534 1646 5584 consistere
1672 5531 1846 5584 nubes.

448 5625 502 5672 et
523 5617 683 5687 paulo
705 5625 826 5687 post
854 5637 868 5674 :

598 5707 872 5772 Pmpterea
892 5712 1006 5774 quia
1028 5723 1138 5762 cuin
1158 5714 1421 5765 consistant
1440 5713 1606 5766 nubila
1617 5716 1850 5778 primum.

444 5791 529 5850 vel
549 5790 822 5866 deniquea
845 5793 1058 5867 iudiciis
1087 5797 1416 5858 translatum.
1446 5800 1660 5862 l’salmo
1687 5797 1731 5859 1.
1765 5810 1885 5865 vers
1934 5797 2031 5860 ult.

2221 2951 2300 3030 (ᾳ)
2331 2950 2650 3030 ﬂantpares.
2677 2951 2822 3030 ideo
2869 2969 3128 3030 compares
3181 2956 3218 3010 i.
3268 2971 3322 3030 β.
3372 2958 3595 3026 similes,
3644 2961 3736 3030 qui

2147 3021 2464 3100 Christianis
2483 3021 2576 3100 illa
2602 3023 2882 3093 objiciunt,
2900 3021 3050 3100 _fal'so
3069 3027 3312 3100 quamvis
3331 3070 3346 3092 ,
3371 3043 3490 3100 qum
3519 3021 3616 3099 ipsi
3646 3021 3732 3086 r'e-

2147 3109 2269 3172 vera
2293 3093 2511 3150 faciunt.
2537 3096 2678 3172 Acer
2699 3105 2874 3172 autem
2900 3093 3124 3172 Tertull.
3145 3106 3228 3172 est
3247 3098 3296 3153 in
3314 3093 3736 3172 perstringendis

2141 3164 2274 3219 falso
2296 3174 2589 3221 scomniate
2605 3164 2922 3238 Gentilibus.
2938 3167 3012 3222 [ta
3028 3167 3170 3238 quod
3185 3164 3429 3227 cum'ltoc
3447 3164 3577 3227 loco'
3584 3171 3740 3229 valde

2140 3238 2389 3305 congruit
2415 3251 2467 3291 ο.
2494 3253 2601 3292 XVI.
2621 3237 2739 3314 Sed
2767 3247 2813 3292 et
2832 3239 2920 3308 qui
2945 3237 3114 3314 crucis
3141 3255 3232 3296 nos
3260 3241 3520 3311 religiosos
3550 3239 3733 3314 putat,

2139 3323 2504 3362 consecraneus
2558 3311 2650 3362 erit
2708 3319 2897 3380 noster.
2945 3309 3121 3366 Utitur
3173 3309 3584 3369 rursusAucto'r
3636 3309 3738 3372 hac

2143 3393 2276 3452 voce
2296 3395 2509 3452 compar
2533 3394 2631 3448 pro
2662 3382 2774 3452 pari
2804 3381 2895 3436 lib.
2923 3381 2992 3436 de
3019 3381 3168 3438 Orat.
3195 3398 3246 3438 c.
3277 3399 3328 3438 κ.
3363 3383 3528 3440 Nemo
3555 3387 3736 3442 aduer-

2137 3450 2329 3522 sarium
2356 3451 2532 3520 recipit
2555 3489 2572 3517 ,
2599 3450 2745 3506 nemo
2771 3452 2869 3507 uisi
2890 3468 3178 3522 comparent
3220 3471 3368 3510 suum
3394 3457 3636 3512 admittit.
3664 3458 3730 3514 Et

2137 3520 2260 3577 adv.
2286 3521 2608 3577 Marcioncm
2638 3523 2672 3578 Ι.
2706 3522 2746 3577 1.
2775 3539 2827 3578 c.
2859 3539 2968 3578 xw.
2998 3520 3114 3579 Alia
3141 3527 3370 3582 ntetttbra
3405 3528 3559 3591 fortia
3581 3571 3594 3593 ,
3625 3528 3732 3585 alia

2137 3593 2390 3670 infirma:
2418 3593 2523 3648 alia
2536 3593 2758 3670 honesta
2779 3636 2794 3662 ,
2839 3594 2956 3670 alia
2998 3595 3310 3670 inhonesta:
3339 3599 3444 3670 alia
3489 3601 3692 3670 gemina
3712 3641 3730 3669 ,

2136 3665 2418 3738 alt'a_ttn_ica
2446 3681 2465 3718 :
2494 3667 2598 3720 alia
2621 3667 2880 3738 coaiparia
2906 3706 2922 3733 ,
2953 3668 3059 3722 alia
3084 3668 3342 3736 disparia.
3379 3665 3514 3725 lltv'.

2209 3735 2274 3808 (Γ)
2308 3735 2647 3810 Deputamur.
2696 3735 2752 3794 ld
2794 3747 2878 3793 est
2929 3738 3077 3794 valde
3127 3735 3394 3810 putamur,
3443 3742 3731 3808 ducimur',

2139 3807 2266 3865 illud
2294 3809 2435 3865 enim
2467 3809 2530 3864 de
2568 3809 2619 3863 in
2648 3810 3040 3883 compositione
3093 3807 3272 3881 auget.
3301 3813 3450 3869 Alias
3497 3812 3733 3883 deputari

2135 3883 2353 3950 Auctori
2370 3893 2524 3938 netro
2539 3890 2621 3937 est
2637 3881 3044 3938 detruncare.Sic
3059 3883 3270 3939 exliort.
3287 3884 3352 3940 ad
3370 3881 3570 3941 (lastit.
3583 3900 3634 3939 c.
3651 3899 3704 3940 Vl
3716 3926 3732 3942 .
3795 3891 3804 3900 °

2137 3951 2267 4008 Erat
2303 3951 2451 4008 Vetas
2468 3955 2752 4024 dispositio,
2784 3969 2898 4026 qua:
2939 3953 2992 4026 in
3017 3951 3292 4026 Evangelia
3334 3955 3484 4010 Novo
3519 3953 3736 4026 deputo—-

2141 4030 2246 4090 tur;
2263 4026 2312 4078 in
2329 4027 2774 4098 quo,etc.,securis
2784 4025 2850 4078 ad
2864 4025 3083 4098 radicem
3103 4025 3297 4098 arboris
3317 4028 3480 4098 posita
3499 4037 3566 4082 est
3575 4025 3732 4083 .Hsv.

2212 4041 2246 4090 °;
2263 4041 2312 4078 tn
2323 4041 2774 4148 luo,etc.,securts
2784 4041 2848 4078 att
2864 4041 3083 4078 remeent
3103 4041 3297 4081 aroorts
3317 4041 3480 4098 posita
3499 4041 3732 4083 esum'.

2212 4098 2292 4167 (ε)
2368 4113 2515 4168 equm
2541 4095 2813 4152 obstruitur
2833 4097 3126 4168 auctoritas.
3152 4097 3298 4153 Pam.
3340 4109 3396 4154 et
3423 4098 3596 4168 then.
3637 4098 3734 4152 ad-

2138 4175 2364 4240 struatur
2388 4167 2408 4235 ,
2433 4167 2575 4239 quod
2603 4168 2779 4222 minus
2809 4168 3046 4240 elegans.
3078 4167 3184 4224 MS.
3225 4168 3286 4240 L.
3312 4169 3376 4224 Β.
3397 4167 3691 4240 obstruatur
3712 4211 3728 4236 ,

2138 4238 2281 4310 quod
2305 4238 2524 4294 necesse
2551 4255 2658 4294 non
2681 4251 2782 4295 est.
2817 4238 2952 4295 Dicit
2993 4247 3168 4294 autem
3210 4239 3486 4310 eleganter
3518 4239 3735 4310 obstrui

2140 4309 2287 4379 leges
2313 4309 2650 4376 defensioni,
2683 4321 2739 4365 ut
2772 4314 2967 4370 molem
2997 4310 3243 4366 invictam
3264 4351 3278 4374 ,
3324 4325 3484 4381 quam
3509 4309 3590 4369 fas
3621 4327 3730 4366 non
3803 4337 3812 4345 -

447 4384 588 4461 dant.
616 4381 814 4461 Eodem
845 4381 1006 4461 tundo
1034 4383 1154 4461 licet
1180 4383 1418 4461 ittyeuias
1447 4385 1500 4461 in
1526 4381 2035 4461 liabulis‘tEsopicis
2059 4389 2114 4450 Ι)
2141 4383 2209 4461 sit
2233 4383 2438 4461 veritati
2469 4395 2834 4461 perrumpere,
2862 4391 2944 4437 est
2959 4381 3254 4461 enim-inde
3279 4381 3562 4461 desumpta
3581 4383 3731 4439 sitni-
3795 4455 3806 4461 _

2142 4451 2313 4508 litudo
2337 4492 2354 4518 ,
2390 4449 2629 4523 ita’apud
2654 4449 2927 4508 Lucanum
2958 4453 3050 4508 lib.
3079 4451 3144 4508 ll.
3174 4467 3330 4508 versu
3353 4449 3485 4510 493i;

2292 4543 2556 4596 Obstruitis
2576 4557 2772 4608 campos
2793 4543 3050 4608 fluviisque
3071 4555 3244 4594 arcere
3268 4544 3480 4608 paratis:

2139 4636 2196 4688 et
2221 4628 2342 4686 66!:

2641 4721 2741 4773 Sed
2762 4685 2971 4773 molibus
2993 4722 3146 4772 undas

2293 4784 2530 4847 Obstruit,
2559 4790 2611 4836 et
2638 4785 2789 4836 latum
2809 4783 3019 4848 dejectis
3039 4786 3242 4850 rupibus
3263 4797 3446 4849 equos.
3533 4827 3554 4848 ,

2139 4869 2206 4925 Et
2235 4871 2446 4936 planius
2471 4869 2634 4925 etiam
2685 4878 2866 4926 noster
2894 4884 2946 4924 c.
2978 4883 3017 4925 ι.
3072 4868 3282 4923 obstruit
3310 4868 3590 4938 defensioni
3616 4911 3630 4933 ,
3661 4870 3734 4925 sl-

2138 4942 2251 4995 tnili
2280 4943 2566 4996 locutione.
2593 4940 2658 4995 Ut
2688 4941 2828 4996 hunc
2854 4940 3028 4996 locum
3059 4941 3296 4997 imitatus
3324 4942 3396 4994 sit
3424 4939 3731 4996 Lactantius
3815 4965 3828 4979 ι

2141 5012 2313 5068 lnstit.
2348 5013 2460 5066 Div.
2495 5012 2557 5066 Il.
2601 5011 2692 5067 ΞΟ.
2718 5008 2873 5065 Nunc
2899 5027 3016 5066 uero
3038 5013 3203 5083 major
3233 5011 3375 5066 nobis
3395 5029 3455 5065 ac
3478 5011 3732 5082 difﬁc-tuor

2141 5099 2257 5138 cum
2288 5083 2603 5152 philosophis
2635 5083 2894 5151 proposita
2925 5083 3132 5136 luctatio
3159 5091 3260 5148 est,
3289 5099 3504 5152 quorum
3535 5099 3732 5136 summa

2141 5155 2370 5279 :locttnna
2395 5164 2444 5208 et
2466 5155 2774 5223 eloquentia,
2801 5155 2950 5224 quasi
2980 5154 3135 5208 moles
3157 5154 3330 5224 aliqua
3349 5153 3472 5207 mihi
3501 5154 3728 5224 opponi-

2163 5242 2242 5279 ur.
2320 5242 2408 5279 Αν.
3389 5273 3400 5279 -

2139 5235 2242 5280 tur.
2274 5235 2408 5279 "AV.
3389 5273 3400 5280 .

2210 5294 2295 5422 με)
2327 5294 2474 5350 Nihil
2497 5297 2696 5350 dicatur
2713 5295 3110 5352 retractandum.
3160 5296 3322 5365 Quasi
3349 5296 3528 5363 dicat,
3580 5296 3730 5352 Vana

2230 5369 2418 5422 ensio:
2447 5378 2537 5422 aut
2562 5368 2706 5422 enirn
2752 5368 3096 5422 resnondebit
3137 5367 3327 5422 iudex.
3367 5367 3498 5422 nihil
3539 5376 3728 5422 contra

2139 5367 2418 5432 defensio;
2447 5378 2537 5422 aut
2562 5368 2706 5438 enim
2752 5368 3096 5437 respondebit
3132 5367 3327 5438 iudex,
3367 5367 3498 5423 nihil
3539 5376 3728 5423 contra

2141 5441 2288 5508 leges
2332 5439 2444 5494 fieri
2485 5437 2722 5505 debere,
2785 5439 3007 5509 illasque
3051 5437 3330 5496 reformari
3375 5455 3480 5494 non
3529 5440 3726 5504 licere,

2142 5511 2374 5580 ideoque
2395 5510 2716 5576 inauditum,
2750 5520 2808 5566 ut
2849 5511 2932 5566 lex
2969 5511 3154 5581 jubet,
3203 5510 3500 5579 ablegabit,
3547 5521 3639 5564 aut
3683 5511 3730 5565 si

2143 5583 2504 5638 defensionem
2535 5581 2714 5637 audiat
2739 5597 2936 5653 pronus
2958 5584 3118 5637 etiam
3142 5625 3156 5650 ,
3189 5581 3360 5636 facilis
3384 5622 3399 5645 ,
3449 5583 3561 5653 imo
3593 5596 3730 5636 con-

2145 5655 2346 5723 victus,
2378 5653 2505 5708 velit
2533 5653 2698 5720 nolit,
2740 5651 2840 5709 sibi
2873 5667 3050 5711 tamen
3082 5656 3225 5709 dicet
3264 5653 3468 5723 legibus
3515 5651 3730 5706 obtent-

2144 5722 2456 5797 perandum.
2505 5725 2731 5782 Vocibus
2747 5735 3021 5781 retractare
3043 5737 3098 5782 et
3122 5722 3437 5797 ittgrtttis_\_tcl
3466 5724 3722 5794 ingratiis,

2142 5795 2510 5874 δικ-ἀκουσίως,
2545 5811 2690 5882 saepe
2729 5797 2890 5859 utitur
2936 5799 3155 5858 Auctor.
3179 5794 3304 5856 adv.
3337 5794 3728 5867 Hermogenem

4093 4881 4096 5044 l
