4106 6330
391 287 500 349 509

1773 270 2316 359 aretocnrteus.

3590 304 3701 365 510

388 410 497 466 reis
526 423 632 466 non
661 408 878 482 utique,
906 422 1030 467 cum
1060 409 1146 469 vel
1176 425 1243 469 ex
1268 410 1437 470 forma
1466 411 1544 488 (a)
1575 415 1821 473 omnibus
1847 433 1992 489 mys-
2019 425 2070 486 Α
2095 420 2360 492 probavit,
2392 429 2567 480 cessat
2592 436 2736 491 esse,
2756 431 2815 482 et
2834 425 2987 499 quasi
3012 424 3194 486 ofﬁcio
3235 428 3514 487 nuntiandi
3543 428 3696 487 fuuc«

389 503 542 560 teriis
573 503 654 575 (-l)
683 502 879 560 silentii
925 503 1058 560 ﬁdes
1101 504 1379 563 debeatur.
1426 507 1793 565 Samothracia
1822 508 1899 585 (b)
1931 520 1989 567 et

393 594 671 652 Eleusinia
718 594 788 667 (e)
843 596 1172 652 reticentur:
1215 607 1415 670 quanto
1467 601 1636 673 magis
1676 600 1821 669 talia,
1871 616 1991 673 quas

389 686 603 760 prodita
654 683 868 743 interim
900 686 978 761 (Ξ)
1024 689 1185 745 etiam
1237 689 1524 746 humanam
1572 692 1993 748 animadversio-

388 795 516 837 nem
575 780 967 852 provocabunt,
1039 781 1166 836 dum
1226 781 1404 837 divina
1469 794 1712 839 servatur
1757 785 1877 855 (5)?
1932 784 1990 841 Si

389 889 522 947 ergo
544 890 651 931 non
681 875 779 945 ipsi
813 875 1111 946 proditores
1138 878 1243 945 sui,
1274 877 1515 949 sequitur
1544 888 1599 934 ut
1639 878 1899 934 extranei.
1931 879 1996 934 Et

391 965 536 1023 unde
579 968 851 1024 extraneis
897 968 1126 1024 notitia?
1163 985 1284 1025 eum
1329 986 1543 1042 semper
1573 972 1734 1028 etiam
1785 974 1884 1043 piie
1911 973 1993 1045 (4)

394 1061 725 1119 initiationes
756 1061 836 1135 (d)
879 1073 1097 1119 arceant
1146 1063 1399 1135 profanos
1447 1075 1502 1121 et
1548 1065 1615 1121 ab
1663 1066 1879 1124 arbitris
1912 1065 1992 1139 (5)

391 1165 650 1224 caveant,
682 1157 783 1212 nisi
822 1158 868 1213 si
913 1158 1058 1230 impii
1086 1159 1261 1215 minus
1293 1161 1581 1217 metuunt?
1610 1170 1798 1219 natura
1836 1161 1993 1218 fama:

392 1250 645 1309 omnibus
679 1260 803 1307 nota
840 1262 942 1309 est.
987 1252 1236 1310 Vestrum
1276 1263 1389 1312 est:

547 1385 698 1438 Fama
728 1385 790 1453 (6)
818 1388 1014 1452 malum,
1040 1403 1140 1455 quo
1161 1405 1257 1443 non
1282 1392 1409 1445 aliud
1436 1392 1653 1446 velocius
1671 1393 1842 1446 ullum.

397 1543 508 1601 Cur
552 1544 750 1601 malum
800 1546 938 1601 fama
979 1545 1246 1620 (7)?quia
1291 1548 1486 1605 velox?
1514 1549 1635 1619 quia
1688 1547 1888 1605 index?
1931 1563 2001 1603 an

394 1638 519 1711 quia
559 1638 849 1710 plurimum
879 1641 1151 1696 mendax?
1194 1658 1311 1713 quin
1352 1658 1418 1698 ne
1460 1651 1585 1699 tunc
1609 1643 1849 1714 quidem,
1879 1657 2000 1697 eum

397 1732 599 1804 aliquid
634 1735 741 1789 veri
768 1733 944 1802 ati'ert,
976 1736 1093 1791 sine
1126 1736 1387 1792 mendacii
1414 1736 1541 1792 vitio
1560 1747 1662 1807 est,
1686 1738 1994 1804 detrahens,

2094 523 2167 581 ta,
2195 531 2308 571 rem
2357 518 2537 586 tradit,
2567 528 2621 575 et
2650 520 2845 577 exinde
2868 536 2957 579 res
2987 529 3219 594 tenetur,
3246 539 3336 582 res
3363 526 3691 584 nominatur.

2092 606 2204 664 Nec
2248 609 2527 682 quisquam
2556 611 2704 679 dicit,
2755 614 2904 670 verbi
2945 616 3117 687 gratia
3154 635 3168 673 :
3198 616 3315 674 Hoc
3346 617 3526 675 Romte
3547 619 3696 675 aiunt

2096 706 2321 775 factum;
2365 713 2459 759 aut
2497 723 2509 759 :
2542 704 2707 761 Fama
2746 716 2819 763 est
2863 708 3009 765 illum
3061 712 3370 781 provinciam
3427 713 3698 782 sortitum;

2096 795 2191 852 sed
2220 815 2232 851 :
2264 796 2487 855 Sortitus
2515 798 2604 854 ille
2630 801 2959 871 provinciam,
2990 812 3045 859 et
3076 822 3090 859 :
3119 803 3232 861 Hoc
3260 810 3455 878 factum
3483 815 3557 862 est
3584 804 3699 861 Ro-

2098 907 2196 946 ma:
2220 891 2322 965 (8).
2352 892 2535 961 Fama,
2567 910 2762 951 nomen
2812 897 3028 964 incerti,
3056 897 3233 955 locum
3259 915 3365 956 non
3398 901 3579 969 habet,
3611 900 3703 957 ubi

2100 994 2307 1040 certum
2339 995 2440 1041 est.
2492 988 2572 1042 Au
2605 1003 2733 1045 vero
2761 989 2914 1046 fama:
2954 992 3159 1061 credat,
3187 992 3289 1049 nisi
3327 993 3703 1052 inconsidera-

2100 1076 2222 1133 tus?
2269 1075 2370 1145 Qui
2401 1087 2483 1135 est
2510 1081 2744 1151 sapiens,
2802 1098 2908 1139 non
2954 1084 3126 1141 credit
3170 1084 3374 1142 incerto
3419 1086 3525 1158 (9).
3568 1085 3701 1143 Om-

2101 1171 2249 1227 nium
2300 1181 2383 1228 est
2432 1171 2547 1246 (10)
2592 1174 2863 1232 aestimare
2911 1176 3045 1249 (li)
3097 1176 3233 1252 (e),
3278 1190 3704 1251 quantacumque

2102 1263 2191 1319 illa
2221 1263 2335 1337 (lit)
2367 1265 2658 1322 ambitione
2687 1266 2878 1323 diffusa
2909 1270 2998 1339 sit,
3029 1277 3460 1343 quantacumque
3487 1285 3703 1328 asseve-

2104 1360 2312 1416 ratione
2353 1371 2683 1417 constructa.
2738 1363 2889 1432 Quod
2920 1364 2987 1420 ab
3019 1380 3127 1420 uno
3147 1364 3436 1437 aliquando
3463 1366 3705 1437 principe

2105 1469 2171 1509 ex
2182 1463 2295 1509 orta
2314 1455 2404 1523 sit,
2419 1469 2641 1512 necesse
2660 1466 2744 1513 est
2764 1457 2956 1514 exinde
2971 1459 3022 1514 in
3043 1458 3291 1515 traduces
3318 1459 3616 1531 linguarum
3636 1458 3704 1531 (f)

2104 1557 2157 1603 et
2186 1547 2392 1602 aurium
2415 1557 2611 1619 serpat.
2646 1550 2713 1605 Et
2737 1550 2806 1605 ita
2829 1550 3023 1607 modici
3051 1551 3273 1607 seminis
3294 1551 3479 1606 vitium
3502 1560 3702 1607 caetera

2105 1640 2337 1696 rumoris
2376 1641 2788 1713 obseurat(15),
2836 1652 2895 1698 ut
2944 1658 3103 1699 nemo
3142 1644 3437 1714 recogitet,
3492 1658 3560 1699 ue
3590 1644 3701 1714 pri-

2107 1749 2251 1789 mum
2283 1733 2412 1790 illud
2451 1749 2513 1790 os
2541 1735 2878 1791 mendacium
2929 1736 3289 1801 seminaverit,
3317 1735 3461 1807 quod
3482 1750 3624 1805 saepe
3646 1732 3705 1789 iit

395 1802 678 1896 adjiciens,
725 1826 1011 1884 demutans
1039 1830 1108 1885 de
1157 1830 1401 1887 veritate.
1434 1830 1614 1899 Quid?
1648 1802 1801 1903 quod
1828 1848 1891 1887 ea
1919 1802 1991 1889 illi
2028 1802 2075 1862 Β
2103 1837 2195 1883 aut
2228 1828 2443 1899 ingenio
2466 1828 2852 1899 :emulationis,
2878 1837 2970 1885 aut
2989 1829 3212 1886 arbitrio
3238 1802 3590 1899 suspicionis,
3616 1835 3709 1883 aut

398 1920 635 1976 conditio
678 1931 782 1988 est,
832 1931 1026 1979 utnon
1065 1924 1167 1979 nisi
1199 1939 1322 1980 cum
1369 1927 1624 1982 mentitur
1661 1938 1992 1998 perseveret,

411 2021 468 2070 et
515 2013 714 2070 tamdiu
736 2014 885 2082 vivit,
918 2016 1169 2086 quamdiu
1201 2033 1305 2073 nou
1336 2019 1547 2090 probat.
1580 2016 1853 2091 Siquidem
1908 2020 1996 2076 ubi

2068 1932 2073 1936 ‘
2102 1936 2207 1975 nou
2238 1936 2397 1991 nova,
2442 1921 2536 1977 sed
2567 1922 2799 1993 ingenita
2844 1922 3163 1994 quibusdam
3190 1920 3485 1977 mentiendi
3511 1920 3702 1989 volup-

2103 2021 2231 2074 tate.
2261 2017 2405 2073 Bene
2435 2027 2634 2087 autem,
2663 2016 2809 2089 quod
2831 2018 3008 2073 omnia
3036 2027 3246 2087 tempus
3269 2015 3472 2073 revelat
3501 2011 3577 2088 (g)
3603 2021 3708 2070 tes-

1632 2130 2016 2193 LECTIONES
2056 2133 2466 2191 VARIANTES.

570 2221 799 2288 anium
820 2223 1104 2288 mysterium
1127 2221 1337 2288 Semler.

572 2284 885 2349 Interiment,
916 2285 1015 2349 jam
1039 2286 1205 2340 Paris.

574 2348 846 2398 Servantur
876 2348 1026 2400 Fran.

573 2408 730 2473 Impie
752 2412 905 2462 Fran.

570 2473 635 2523 Et
656 2474 865 2525 arbitros
897 2485 1049 2526 Fran.

569 2535 629 2585 N.
655 2534 692 2587 ι.
717 2551 767 2588 ο.
798 2546 911 2588 nota
948 2546 1027 2589 est
1068 2547 1306 2592 vestrum.
1339 2538 1428 2593 Est
1451 2539 1579 2592 fama
1604 2554 1671 2594 ω.
1696 2541 1938 2595 ~Paris.

572 2597 736 2651 Famae
758 2600 961 2653 malum.
989 2601 1189 2654 Seuder.

488 2224 506 2272 I

486 2285 515 2334 2

487 2351 515 2397 ὃ

486 2412 515 2460 ι

482 2474 515 2522 5

483 2538 515 2584 6

485 2600 515 2648 7

2163 2230 2237 2296 (β)
2274 2230 2419 2296 Fama
2440 2233 2539 2293 est,
2559 2229 2667 2296 ‘hoc
2680 2228 2849 2279 Romae
2872 2227 3052 2296 factum
3070 2226 3241 2296 ζαν-ιε.

2166 2286 2239 2358 (9')
2278 2301 2351 2344 tta
2385 2286 2709 2344 hunc'locum
2744 2289 3016 2346 emendavit
3061 2292 3313 2354 Haverc.;
3361 2286 3450 2342 alii
3494 2290 3608 2354 quia
3635 2301 3710 2341 sa-

2104 2357 2263 2420 piens,
2280 2369 2377 2407 non
2398 2358 2558 2420 credit
2593 2357 2802 2407 incerto.

2196 2417 2273 2482 10)
2309 2420 2416 2484 Erit
2438 2416 2540 2484 nig.

2199 2484 2280 2545 il)
2314 2482 2612 2545 Existimare
2636 2483 2761 2531 Par.

2200 2542 2279 2614 12ft
2313 2545 2400 2614 illa
2428 2542 2557 2597 delet
2589 2545 2747 2614 Pen.

2205 2610 2279 2672 t3)
2315 2607 2593 2659 Obscurant
2624 2607 2788 2658 Paris.

1771 2713 2335 2773 COMMENTARIUS.

397 2850 625 2895 norosos
676 2838 913 2908 potuisse
964 2836 1200 2893 facinora
1244 2850 1340 2893 sua
1380 2837 1665 2904 redimere,
1715 2851 1835 2892 cum
1889 2835 1991 2905 ipsi

395 2908 635 2980 quotidie
681 2909 745 2963 ad
798 2908 1183 2965 Procousulem
1239 2908 1713 2981 pertraherentur?
1754 2908 1889 2963 Pan.
1917 2937 1991 2948 ——

396 2984 498 3036 Aut
547 2981 796 3048 vendidit,
841 2983 979 3052 ipsos
1008 2981 1214 3036 trahens
1242 2980 1508 3037 homines.
1556 2981 1881 3051 Interpretes
1909 2980 1985 3035 si-

396 3053 543 3114 Ieut,
574 3055 654 3107 vel
704 3064 898 3123 praeter
926 3054 1116 3124 lligalt.
1153 3052 1435 3109 turbantur
1470 3055 1615 3109 varie
1638 3063 1692 3109 et
1735 3061 1982 3124 sustinuit,

393 3135 455 3181 ut
482 3125 776 3192 Heraldus,
809 3128 963 3194 cuius
993 3123 1205 3189 notam,
1260 3134 1317 3179 ut
1356 3140 1519 3194 serpe,
1576 3142 1724 3183 suam
1757 3123 1879 3180 fecit
1912 3123 1981 3178 La

397 3196 589 3253 Corda.
618 3197 818 3253 Sensus
847 3207 1024 3252 tamen
1044 3208 1125 3251 est
1150 3197 1597 3267 simplicissimus.
1620 3197 1757 3251 Dicit
1774 3196 1984 3251 Tertul-

398 3269 593 3330 Iianus.
631 3270 756 3337 Quis
779 3269 901 3323 talia
930 3270 1183 3341 facinora,
1214 3285 1330 3322 cum
1356 3269 1639 3341 invenisset,
1673 3271 1873 3341 celavit,
1898 3278 1989 3321 aut

397 3342 663 3397 vendidit?
687 3341 894 3396 scilicet
923 3340 1028 3395 non
1056 3340 1301 3400 homines.
1337 3349 1391 3395 ut
1412 3340 1642 3395 absurde
1673 3345 1724 3393 iu
1757 3340 1991 3410 explica-

400 3416 576 3479 tione,
605 3427 762 3483 quam
818 3420 957 3467 uotis
994 3413 1104 3467 suis
1155 3412 1346 3481 przeire
1395 3410 1520 3467 fecit
1560 3412 1635 3467 La
1676 3411 1869 3478 Certla,
1899 3410 1993 3466 sed

400 3486 470 3541 ita
510 3486 742 3555 facinora
774 3485 859 3539 illa
910 3495 1131 3553 accepto
1163 3485 1335 3554 pretio
1361 3483 1566 3552 celans,
1607 3485 1744 3554 ipsa“
1791 3484 1994 3555 trahens

400 3554 668 3613 homines?
699 3556 733 3611 i.
765 3573 815 3611 e.
858 3572 978 3610 rum
1030 3566 1204 3611 tamen
1233 3570 1358 3611 reos
1384 3555 1530 3625 ipsos
1558 3570 1744 3610 corr“
1777 3556 1823 3592 ir
1848 3554 1993 3623 judi-

400 3631 541 3686 cium
596 3629 852 3699 raperet?
896 3628 998 3683 Pro
1047 3629 1303 3699 invenerat
1343 3627 1428 3681 alii
1459 3627 1657 3682 habent
1862 3630 1990 3682 sset.

400 3696 670 3757 Minucius
690 3701 794 3755 huc
838 3700 1170 3769 reSpieiens:
1216 3696 1326 3753 Nec
1366 3698 1765 3770 intelligebcn...s
1812 3699 1873 3751 ab
1918 3699 1996 3752 his

402 3773 604 3845 fabulas
654 3773 777 3827 istas
835 3788 1033 3843 semper
1076 3769 1329 3837 ventilari,
1376 3778 1422 3824 et
1468 3769 1742 3845 numquam
1800 3771 1876 3825 vel
1917 3771 1998 3845 in-

402 3841 639 3916 vestigari
666 3845 744 3899 vel
775 3841 1011 3912 probari,
1042 3860 1132 3899 nec
1161 3853 1301 3897 tanto
1348 3851 1569 3916 tempore
1608 3841 1827 3915 aliquem
1863 3843 1995 3897 exis-

404 3915 543 3981 tere,
576 3918 664 3987 qui
707 3916 937 3987 proderet
960 3960 975 3976 ,
1027 3932 1128 3970 non
1167 3924 1364 3969 tantum
1391 3915 1519 3987 facti
1544 3916 1743 3987 veniam
1768 3957 1783 3981 ,
1828 3931 1999 3969 verum

403 3990 556 4044 etiam
584 3985 771 4059 judicii
814 3989 1028 4059 gratiam
1058 3985 1461 4043 consecuturum.
1495 3985 1669 4041 Rheu.
1701 3986 1839 4057 ipsos
1878 4002 1996 4041 uen-

404 4062 528 4115 dens
555 4061 800 4114 homines.
834 4060 970 4115 Ilav.

478 4134 554 4203 (a)
583 4132 709 4185 Cant
736 4132 813 4187 vel
833 4148 893 4186 ex
915 4134 1100 4204 forma.
1131 4129 1236 4187 MS.
1259 4129 1481 4204 _L._Bat.
1510 4129 1746 4204 exhibet,
1774 4147 1888 4204 cum
1914 4147 1997 4204 vca

405 4201 494 4258 tus
514 4220 575 4258 ea:
595 4204 761 4275 forma
782 4245 796 4265 ,
831 4212 891 4257 ut
916 4201 1179 4259 referatur
1205 4202 1270 4257 ad
1301 4201 1350 4257 id
1383 4202 1521 4275 quod
1550 4204 1821 4275 sequitur,
1850 4202 1993 4275 ﬁdes.

405 4273 879 4345 Julius'Firuiicus
895 4276 1102 4329 Astron.
1139 4275 1227 4328 lib.
1261 4290 1351 4339 vti,
1374 4275 1425 4328 iu
1447 4273 1785 4330 PrmfuCnm
1814 4274 1998 4345 ignotis

408 4347 694 4401 [caminibus
718 4344 953 4415 Orpheus
974 4362 1234 4400 sacrorum
1256 4347 1582 4401 eteretnonias
1610 4344 1847 4413 aperiret,
1871 4345 2000 4399 nihil

409 4419 553 4472 aliud
577 4419 640 4473 ab
668 4418 731 4471 iis
761 4435 885 4487 quos
906 4418 1157 4483 iuitiabat,
1179 4418 1233 4471 in
1261 4420 1423 4487 primo
1441 4418 1700 4490 vestibulo,
1730 4419 1827 4472 nisi
1844 4418 2003 4490 juris-

400 4490 618 4558 jurandi
646 4490 1021 4555 necessitatem,
1057 4500 1101 4543 et
1128 4506 1240 4543 cum
1268 4490 1476 4543 terribili
1522 4489 1743 4560 quadam
1774 4489 1997 4543 auctori-

409 4570 512 4615 tate
540 4560 818 4646 religionis_
838 4563 1012 4642 exigit,
1062 4578 1125 4615 ne
1164 4562 1396 4646 profanis
1449 4560 1916 4646 auribus‘inventte.
1941 4578 2001 4614 ac
2028 4585 2081 4646 Ι)

411 4634 702 4703 coinposita.’
726 4632 984 4703 religionis
1012 4632 1203 4687 secreta
1255 4632 1604 4702 proderentur.
1637 4632 1744 4686 Sed
1774 4643 1818 4685 et
1850 4632 2004 4688 Plato

414 4702 658 4758 Timtvum
689 4702 930 4775 perpetuo
972 4708 1111 4774 apud
1140 4722 1193 4759 se
1222 4710 1508 4775 frequenter
1534 4705 1802 4769 continuit,
1836 4722 1898 4759 ne
1924 4722 2003 4757 se-

411 4787 667 4830 cretarum
695 4777 1100 4845 disputationum
1127 4775 1416 4830 reneraudu
1440 4784 1719 4830 commenta
1761 4777 2007 4845 imperitis

412 4848 690 4917 aliquando
716 4849 989 4913 intimaret,
1028 4849 1287 4916 patiuntur
1326 4849 1460 4901 enim
1490 4848 1597 4901 ha‘c
1642 4849 1812 4901 omnia
1833 4849 2007 4918 jactu-

416 4935 546 4982 ram,
569 4936 681 4974 cum
709 4922 921 4988 perditis
948 4933 991 4973 et
1011 4922 1288 4987 desperatis
1305 4921 1488 4974 animis
1510 4920 1827 4989 ingeruntur.
1861 4920 1898 4971 Α
1908 4919 2011 4988 pud

416 4989 783 5063 Pgthagorteos
848 5003 1016 5046 noster
1064 4991 1386 5064 Porphyrius
1436 4993 1674 5064 religiosa
1723 4992 2011 5062 epulantem

416 5062 643 5117 animum
670 5073 895 5118 nostrum
919 5062 1181 5118 silentium
1201 5062 1545 5117 consecravit.’
1580 5062 1714 5118 Hav.

492 5133 574 5207 (b)
620 5134 1000 5190 Samothracia.
1054 5154 1072 5186 ι
1112 5134 1168 5190 1η
1208 5135 1557 5207 samothraee
1599 5135 1803 5207 insula,
1842 5135 2011 5205 inquit

418 5205 610 5277 Zeph.,
627 5207 955 5263 initiationes
979 5208 1223 5277 quaedam
1250 5206 1411 5263 fuisse
1436 5208 1705 5271 dicuntur,
1743 5205 1808 5262 ad
1833 5222 2011 5262 reme-

422 5279 507 5333 dia
528 5279 902 5334 nonnullarum
927 5280 1375 5347 periclitationum
1397 5320 1413 5347 ,
1448 5279 1538 5335 ubi
1565 5289 1619 5335 et
1646 5279 2010 5350 Corybantum

424 5352 673 5421 mysteria
700 5360 755 5405 et
789 5350 1015 5406 Hecates
1042 5366 1190 5406 sacra
1219 5352 1652 5420 celebrabantur,
1668 5353 1750 5407 cui
1765 5365 1926 5407 canes
1943 5351 2011 5406 ad

427 5431 634 5477 antrum
663 5421 978 5477 Zerinthum
1021 5424 1385 5478 immolabant.
1428 5444 1446 5477 ι
1498 5423 1633 5479 Pan.

506 5493 581 5567 (e)
613 5494 878 5549 Eleusinia
899 5495 1188 5567 reticentur.
1211 5494 1353 5551 Nihil
1377 5507 1559 5551 notum
1582 5496 1771 5567 magis,
1799 5510 2024 5565 praeser-

437 5564 530 5620 tim
560 5564 841 5638 postquam
873 5566 1086 5621 Meursii
1132 5566 1404 5624 Eleusinia
1450 5569 1655 5623 notiora
1678 5564 1836 5623 'i'aeta
1864 5576 2024 5638 sunt,

433 5638 523 5707 qui
548 5636 615 5692 de
646 5636 749 5693 hee
786 5639 1003 5693 silentio
1027 5639 1269 5708 pluribus
1299 5656 1349 5695 c.
1384 5656 1476 5707 xx,
1507 5654 1612 5709 quo
1641 5639 1710 5694 de
1742 5639 1890 5696 fonte
1914 5636 2030 5696 om—

434 5723 533 5765 nes
578 5718 786 5782 potant.
832 5710 969 5766 Hine
1021 5711 1206 5767 tritum
1240 5711 1367 5767 illud
1413 5712 1613 5767 Horatii
1633 5728 1711 5778 Ill,
1755 5712 1857 5768 0d.
1885 5713 1956 5768 ἓξ

620 5861 632 5869 _
672 5861 683 5869 _
781 5865 790 5869 _
1026 5801 1327 5869 Vetaboqui
1371 5802 1572 5855 Cereris
1593 5817 1785 5855 sacrant

592 5861 816 5928 \‘ulgarit
852 5876 1061 5929 arcuum,
1112 5867 1203 5917 sub
1229 5861 1401 5917 ii'sdem

2343 2834 2420 2885 Sit
2454 2835 2676 2885 trabibus
2714 2831 2949 2897 fragilem
2976 2845 3171 2885 meeum

2248 2896 2414 2948 Solvat
2438 2898 2718 2962 phaselum.

2091 3006 2286 3063 Noster
2315 3023 2442 3063 vero
2462 3005 2659 3132 lpudpri
2688 3005 2975 3070 adscribit,
3011 3005 3268 3078 detegens
3299 3022 3487 3065 eorum
3530 3010 3689 3067 ntuli-

2093 3088 2252 3132 tatem
2279 3079 2347 3132 ad
2387 3078 2456 3132 Va
2483 3080 2639 3132 eutin.
2668 3093 2718 3132 c.
2756 3094 2804 3132 l:
2839 3076 2978 3132 Nam
3006 3088 3054 3132 et
3077 3078 3168 3132 illa
3202 3078 3465 3132 Eleusinia
3484 3124 3497 3132 .
3542 3083 3689 3132 [unm

2093 3088 2252 3134 tatem
2279 3079 2347 3133 ad
2387 3076 2639 3133 Valentia.
2668 3093 2718 3133 c.
2756 3094 2804 3133 l:
2839 3076 2978 3132 Nam
3006 3088 3054 3134 et
3077 3076 3168 3133 illa
3202 3078 3498 3146 Eleusinia,
3542 3083 3700 3139 lintres

2091 3162 2137 3224 et
2163 3154 2277 3221 ipsa
2303 3152 2495 3224 Attica:
2543 3151 2958 3224 superstitionis,‘
2989 3151 3126 3224 quod
3166 3161 3359 3221 tacent,
3407 3154 3572 3224 pudor
3604 3166 3696 3211 cst.

2015 3223 2060 3285 C
2095 3220 2527 3279 llam—Patres
2555 3220 2667 3277 fere
2692 3236 2882 3278 omnes
2927 3220 3173 3278 dehisce
3214 3225 3380 3279 sacris
3407 3220 3686 3281 'memino-

2095 3306 2239 3350 runt.
2294 3293 2463 3349 Erant
2509 3304 2688 3368 autem
2738 3308 2888 3368 sacra
2938 3292 3125 3368 Cereri
3155 3303 3210 3351 et
3237 3294 3577 3368 Proserpinm
3607 3299 3693 3353 di-

2095 3377 2235 3433 cata,
2277 3382 2395 3436 qua:
2445 3381 2474 3419 a
2515 3364 2713 3420 Musaeo
2754 3365 2992 3436 instituta
3049 3366 3383 3431 fuerunt,-.et
3432 3364 3694 3425 celebrari

2096 3438 2255 3493 solita
2286 3435 2335 3491 iu
2364 3450 2501 3508 pago
2539 3436 2769 3508 quodam
2800 3435 2993 3491 Attidis
3022 3439 3113 3506 qui
3144 3438 3356 3565 Elcuiis
3385 3439 3685 3565 dlicebatur.

3324 3527 3356 3565 ε
3448 3528 3499 3565 n.

3324 3527 3356 3565 ε
3405 3511 3499 3566 Pn.

2171 3578 2400 3653 (d)Pia:
2446 3580 2775 3653 initiationes.
2803 3578 2915 3653 Alta‘
2945 3577 3137 3653 Rigalt.
3195 3594 3261 3635 ex
3301 3581 3412 3653 MS.
3447 3583 3604 3638 Fuld.
3646 3593 3702 3639 et

2099 3650 2224 3706 ante
2252 3652 2398 3706 illum
2438 3652 2697 3708 Heraldus
2722 3661 2776 3707 et
2802 3651 2849 3705 la
2878 3650 3069 3716 Cerda,
3099 3653 3322 3721 ipseque
3350 3652 3584 3713 Tertull.
3613 3656 3694 3709 Ad

2104 3722 2231 3779 Nat.
2265 3741 2304 3793 ι,
2337 3725 2388 3788 7,
2422 3733 2477 3780 et
2502 3738 2563 3779 os
2597 3724 2668 3779 sit
2702 3723 2955 3789 ferreum,
2982 3738 3078 3778 cor
3103 3724 3433 3794 plumbeum,
3478 3727 3562 3781 cui
3592 3743 3701 3783 uou
3735 3733 3742 3739 '

2102 3796 2377 3869 probetur.
2407 3796 2709 3865 Legebatur
2734 3796 2907 3867 impiae
2934 3795 3006 3848 in.
3029 3794 3161 3850 Cum
3193 3810 3348 3861 vero,
3372 3798 3565 3869 inquit,
3599 3799 3701 3869 pia:

2103 3868 2452 3935 initiationes,
2501 3869 2537 3923 i.
2565 3883 2616 3923 e.
2648 3883 2768 3939 qua:
2795 3870 2894 3936 piae
2929 3875 2983 3921 et
3026 3878 3382 3925 sacrosancta:
3430 3868 3696 3926 habentur

2103 3940 2243 4009 apud
2275 3956 2391 4005 vos,
2444 3949 2728 3996 extraneos
2757 3950 2995 4012 arceant,
3048 3953 3119 4012 an
3160 3953 3264 3994 non
3313 3941 3486 3996 multo
3532 3944 3702 4012 magis

2105 4012 2282 4082 impiis
2331 4012 2379 4067 id
2414 4011 2589 4083 facere
2614 4011 2886 4075 convenit,
2921 4017 3067 4083 metu
3104 4011 3236 4078 legis
3259 4012 3420 4067 etiam
3467 4011 3704 4069 territis?

2105 4085 2159 4140 in
2183 4081 2429 4139 extremo
2454 4081 2591 4139 Gell.
2610 4083 2749 4138 Mod.
2768 4083 2914 4153 legit,
2934 4081 3032 4136 nisi
3052 4082 3215 4150 impii,
3234 4083 3409 4138 deleto
3423 4092 3478 4141 οτό
3506 4086 3569 4151 si,
3595 4102 3700 4140 uou

2101 4166 2268 4214 recte:
2299 4172 2420 4211 nam
2453 4169 2503 4211 et
2534 4158 2612 4210 sic
2640 4169 2800 4225 supra
2826 4154 3100 4227 eleganter
3124 4163 3209 4209 est
3240 4155 3447 4211 locutus
3468 4172 3587 4227 cap.
3617 4172 3695 4214 ιιι.

2102 4228 2203 4283 nisi
2232 4229 2276 4283 si
2300 4238 2385 4282 aut
2414 4227 2679 4282 barbaram
2712 4235 2855 4280 sonat
2883 4226 3056 4296 aliqua
3086 4242 3184 4280 νοω
3231 4228 3470 4295 nominis,
3511 4239 3597 4282 aut
3622 4229 3703 4283 in.

2104 4302 2363 4426 (bustum:
2399 4300 2483 4355 ubi
2515 4300 2767 4382 etianrri.
2788 4298 2831 4352 si
2860 4296 3143 4379 redundat,
3168 4298 3621 4369 quemadmodum
3648 4301 3700 4384 in

2127 4387 2224 4426 nco
2266 4388 2423 4426 auem
2475 4387 2539 4426 ex
2598 4369 2769 4426 OVItIll
2818 4367 3030 4423 Metam.
3080 4368 3175 4424 Itb.
3226 4368 3289 4426 V.
3337 4369 3430 4426 20.
3478 4371 3700 4426 adduxit

2127 4387 2224 4426 nco
2266 4388 2423 4441 quem
2475 4387 2539 4427 cx
2598 4369 2769 4427 Ovidii
2818 4367 3030 4423 Metam.
3080 4367 3289 4438 IibfV,
3337 4369 3430 4441 20,
3478 4371 3700 4428 adduxit

2104 4443 2175 4498 ibi
2204 4443 2276 4498 La
2303 4443 2496 4510 Corda,

2730 4534 2834 4585 Nisi
2857 4536 2898 4585 si
2937 4534 3153 4587 crudelis
3176 4536 3383 4601 idipsum

2294 4600 2485 4663 Exigis,
2532 4607 2586 4651 ut
2625 4606 2820 4663 pereat.

2109 4705 2240 4759 Item
2274 4705 2380 4761 alio
2409 4720 2474 4760 ex
2514 4704 2717 4771 Plinio,
2768 4704 2855 4773 qui
2903 4703 3100 4758 ibidem
3150 4702 3317 4759 videri
3348 4709 3541 4774 potest.
3578 4701 3700 4759 Mox

2111 4778 2166 4833 In
2222 4777 2328 4832 MS.
2376 4776 2529 4832 Fuld.
2562 4778 2658 4831 nisi
2686 4777 2729 4830 si
2768 4776 3188 4831 inconsideratus.
3241 4775 3382 4830 Ilav.

2188 4848 2261 4922 (e)
2306 4848 2545 4903 Omnium
2570 4858 2639 4904 est
2662 4848 2933 4922 testimure,
2962 4857 3068 4903 etc.
3100 4848 3156 4922 Id
3186 4847 3353 4922 teneri
3376 4846 3505 4909 vult.
3532 4862 3702 4918 quau-

2115 4917 2309 4975 tumvis
2336 4936 2529 4992 magno
2558 4931 2815 4991 apparatu
2844 4919 3087 4990 dispersa
3116 4921 3186 4973 sit
3214 4917 3383 4985 fama,
3413 4917 3706 4992 quantum-

2114 4993 2195 5047 vis
2229 4990 2575 5049 adseveretur
2604 4990 2801 5062 palam,
2856 5008 3018 5046 unum
3066 4999 3242 5045 tamen
3274 4999 3477 5045 tantum
3508 4990 3707 5047 habere

2116 5074 2411 5129 auctorem,
2452 5080 2552 5121 nec
2586 5061 2772 5119 amnes
2805 5063 2927 5117 illos
2954 5062 3120 5132 magis
3147 5061 3434 5129 curandos,
3476 5078 3633 5133 quam
3663 5063 3711 5118 si

2114 5151 2252 5191 unus
2291 5136 2562 5207 loquatur,
2598 5137 2705 5191 imo
2748 5134 3038 5199 dilatando,
3070 5134 3425 5208 immutando,
3454 5135 3710 5208 objicien-

2115 5208 2204 5273 do,
2237 5205 2504 5271 addendo.
2556 5208 2752 5263 veritas
2792 5208 3068 5260 amittitur.
3105 5205 3242 5260 “AV.

2186 5279 2251 5353 (ι)
2284 5278 2537 5353 Traduces
2562 5278 2969 5353 littgttarutttslla
2993 5276 3267 5353 eleganter
3289 5278 3431 5353 illam
3454 5277 3711 5353 appellat,
3743 5327 3747 5333 .

2114 5349 2272 5420 quam
2303 5352 2510 5408 Hebraei
2540 5349 2798 5406 vocabant
2836 5350 3045 5403 alterum
3073 5349 3323 5420 linguam,
3357 5349 3482 5405 hinc
3529 5351 3717 5404 tradux

2113 5408 2313 5486 incesti,
2342 5440 2391 5479 c.
2425 5440 2462 5490 ι,
2485 5432 2538 5479 et
2565 5423 2627 5477 de
2658 5421 2956 5491 Pratscript.
2983 5420 3098 5475 adv.
3131 5408 3349 5489 llwret.,
3383 5438 3431 5477 c.
3452 5437 3619 5485 χχχιι,
3641 5422 3721 5475 di-

2131 5497 2320 5567 scipuli
2347 5506 2401 5551 ct
2426 5508 2764 5551 successores
2802 5493 3178 5567 Apostolorum
3206 5493 3438 5550 traduces
3457 5507 3717 5549 vocantur

2133 5563 2320 5623 eorum
2365 5584 2489 5638 quos
2528 5567 2591 5620 ab
2641 5563 2899 5635 Apostolis
2936 5568 2986 5619 in
3017 5565 3361 5637 episcopatum
3388 5567 3717 5633 constitutos,

2134 5641 2401 5712 apostolici
2428 5639 2631 5692 seminis
2679 5638 2910 5712 traduces
2948 5639 3148 5712 habent.

2210 5711 2286 5782 (ε)
2327 5710 2545 5782 Tempus
2579 5710 2748 5782 omnia
2774 5710 2980 5782 revelat,
3025 5710 3227 5782 testibus
3256 5710 3411 5782 etiam
3441 5709 3725 5782 proverbiis

2138 5779 2336 5838 vestris.
2367 5781 2627 5851 Agellius,
2668 5780 2761 5835 lib.
2790 5779 2907 5845 XII,
2938 5796 3037 5851 cap
3067 5780 3123 5835 2.
3151 5780 3302 5836 Alius
3328 5781 3542 5851 quidam
3576 5792 3724 5837 vetc-

2141 5870 2258 5911 rum
2286 5860 2587 5926 poetarum,
2616 5852 2767 5924 cujus
2796 5865 2992 5910 nomen
3016 5853 3141 5910 mihi
3166 5868 3304 5909 nunc
3328 5853 3601 5912 memoriae
3619 5868 3721 5909 nou
