4106 6330
364 329 480 388 515
1195 328 1200 332 ’
1301 328 1310 366 ¹

369 528 425 602 e't
457 555 535 600 tu.
565 545 669 601 Sed
698 545 1067 617 ignorantibus
1105 547 1386 620 subjicitur
1433 562 1487 608 et
1529 528 1850 625 imponitur.
1875 555 1970 610 Ni-

374 639 452 696 hil
483 641 626 697 enim
658 641 765 697 tale
795 641 862 696 de
888 640 1208 697 Christianis
1240 647 1534 702 asseverari
1585 648 1844 712 sciebant,
1877 649 1973 705 ob-

371 733 696 789 servandum
732 734 912 804 utiqnc
942 733 1042 788 sibi
1079 746 1133 789 et
1174 737 1317 791 omni
1346 739 1617 810 vigilantia
1651 741 1972 812 invesﬁgan-

370 825 520 881 dum.
554 825 750 897 Atquin
807 825 1113 881 volentibus
1158 827 1354 884 initiari
1402 831 1711 900 moris'est,
1757 835 1968 906 Opinor,

369 919 520 990 prius
563 927 769 990 patrem
809 918 956 974 illum
987 933 1263 994 sacrorum
1289 921 1366 991 (a)
1408 923 1576 992 adire,
1611 941 1730 997 quae
1762 943 1970 998 pracpa-

370 1009 541 1067 randa
569 1011 675 1066 sint
695 1009 999 1067 describere
1029 1011 1124 1085 (b).
1146 1012 1281 1070 Tum
1307 1014 1429 1071 ille:
1459 1016 1632 1073 infans
1657 1017 1751 1074 tibi
1780 1034 1968 1075 neces-
2027 1005 2032 1008 ’

370 1105 568 1172 snrius,
586 1104 762 1160 adhuc
796 1113 968 1167 tener.
989 1106 1080 1176 qui
1109 1108 1312 1163 nesciat
1339 1117 1586 1177 mortem,
1608 1111 1698 1181 qui
1730 1111 1833 1167 sub
1859 1112 1971 1168 cul-

369 1205 457 1254 tro
488 1206 579 1254 tuo
608 1197 812 1261 rideat;
847 1198 971 1253 item
1001 1199 1173 1268 panis,
1193 1215 1300 1271 quo
1321 1202 1595 1272 sanguinis
1617 1202 1966 1273 jurulentiam

371 1293 593 1365 colligas
642 1291 660 1359 (
687 1292 803 1361 I);
868 1302 1129 1363 prtelerea
1192 1295 1510 1351 candelabra
1569 1305 1622 1352 et
1693 1298 1965 1366 lucernae,

370 1397 424 1444 et
441 1401 604 1442 canes
629 1386 796 1457 aliqui
823 1395 877 1441 et
899 1387 1100 1455 oﬂ'ulm,
1131 1404 1250 1458 qua:
1276 1389 1396 1444 illos
1421 1390 1487 1445 ad
1513 1391 1847 1448 eversionem
1881 1393 1968 1448 lu-

371 1481 578 1537 minum
606 1469 897 1536 extendant
930 1481 1028 1552 (c),
1085 1491 1209 1537 ante
1248 1484 1426 1539 omnia
1457 1501 1576 1541 cum
1607 1497 1777 1543 matre
1813 1496 1865 1542 et
1885 1503 1971 1543 so-

367 1589 496 1632 rore
525 1585 611 1630 tua
644 1575 826 1630 venire
855 1575 1096 1632 debebis.
1129 1576 1289 1644 Quid,
1321 1580 1364 1634 si
1390 1580 1674 1646 noluerint,
1697 1583 1779 1639 vel
1808 1585 1969 1640 nullae

369 1668 568 1724 fuerint
587 1671 610 1721 ’ἰ
627 1667 767 1737 Quid
786 1666 1020 1740 denique
1040 1670 1335 1740 singulares
1366 1673 1686 1731 christiani?
1708 1677 1823 1734 Non
1842 1679 1966 1746 erit,

367 1762 582 1832 Opinor,
617 1762 887 1833 legitimus
929 1763 1272 1833 cltristianus,
1307 1768 1408 1822 nisi
1453 1768 1620 1826 frater
1664 1781 1755 1826 aut
1801 1772 1962 1828 filius.

367 1855 511 1924 Quid
556 1871 734 1921 nunc,
767 1865 822 1912 ct
848 1857 893 1912 si
952 1857 1052 1913 ista
1092 1861 1270 1916 omnia
1317 1861 1514 1930 ignaris
1561 1857 1967 1936 prmparantur?
1998 1833 2044 1892 Β

367 1949 527 2006 Certe
549 1959 733 2020 postea
756 1960 1106 2020 cognoscunt,
1137 1963 1190 2007 et
1207 1954 1532 2012 sustinentet
1563 1957 1862 2028 ignoscunt.
1887 1960 1970 2015 'I‘i-

367 2051 518 2098 ment
545 2041 727 2112 plecti,
775 2042 865 2114 qui
894 2042 938 2098 si
966 2043 1317 2113 proclament,
1348 2046 1561 2103 defendi
1595 2051 1963 2118 merebuntur,

367 2134 458 2206 qui
487 2141 647 2191 etlam
681 2133 819 2189 ultro
841 2135 1017 2205 perire
1048 2137 1257 2202 malint,
1282 2154 1438 2208 quam
1464 2139 1566 2196 sub
1589 2140 1969 2199 taliconscien-

367 2227 439 2282 tia
470 2225 674 2283 vivere.
706 2227 820 2297 Age
846 2241 985 2282 nunc
1013 2227 1256 2297 timeant,
1285 2244 1381 2286 cur
1404 2231 1564 2286 etiam
1586 2233 1968 2302 perseverant?

367 2315 623 2388 Sequitur
650 2317 906 2384 enim,ne
927 2318 1064 2374 ultra
1091 2321 1225 2378 velis
1255 2320 1308 2377 id
1332 2329 1382 2378 te
1415 2337 1556 2390 esse,
1583 2322 1728 2396 quod
1749 2325 1793 2381 si
1823 2325 1970 2396 prius

368 2409 584 2480 scisses,
618 2423 724 2465 non
757 2408 968 2466 fuisses.

1737 328 2278 392 APOLOGETICUS.

370 451 540 532 debes
565 449 808 507 credere.
832 449 1004 507 Homo
1021 461 1102 509 est
1127 456 1268 511 enim
1293 465 1345 512 et
1363 455 1718 528 Christianus,
1745 471 1799 518 et
1825 462 1962 532 quod
2000 461 2051 521 Δ

3568 332 3670 414 sit

2689 455 2914 517 CAPUT
2954 455 3046 514 IX.

2075 555 2555 613 Ancuxsxrnu.—
2574 553 2637 609 At
2661 571 2775 610 vero
2804 565 2983 610 cuncta
3010 553 3101 609 illa
3131 552 3362 618 crimina,
3381 536 3508 624 'qute
3533 551 3670 623 [also

2149 649 2449 704 Christianis
2473 648 2780 713 obiiciuntur
2802 691 2814 712 ,
2841 664 2957 701 vera
2988 648 3040 700 in
3068 646 3310 702 Gentibus
3357 645 3673 700 accusatori-

2148 742 2237 796 bus
2267 741 2575 811 deprehendi
2593 755 2613 804 ;
2631 741 2772 810 apud
2798 740 2913 794 illos
2933 740 3187 808 sacrificia
3212 740 3454 803 humana,
3484 749 3530 791 et
3551 738 3673 791 olim

2146 835 2200 888 in
2225 843 2420 906 aperto,
2449 844 2495 888 et
2519 850 2652 888 nunc
2675 834 2728 887 in
2754 833 2947 888 occulto
2975 832 3261 895 committi;
3285 831 3556 886 homicidia
3583 830 3674 884 la:-

2147 927 2209 982 tis
2231 927 2284 980 in
2308 926 2503 981 theatro
2525 925 2685 981 oculis
2707 925 2958 997 spectari;
2991 923 3313 992 infanticidia
3337 923 3562 994 quotidie
3581 921 3674 977 ab-

2135 1022 2295 1092 jecto,
2316 1029 2489 1075 necato
2510 1020 2661 1076 etiam
2691 1027 2860 1090 partu,
2883 1017 2958 1072 vel
2975 1016 3154 1070 abortu
3170 1025 3339 1070 coacto
3359 1015 3670 1085 perpetrari;

2143 1114 2438 1185 sanguinem
2455 1129 2653 1184 quoque
2667 1112 3008 1184 gladiatorum
3027 1125 3199 1164 recens
3217 1119 3505 1163 necatorum
3517 1109 3597 1164 siti
3604 1109 3671 1173 ri;

2145 1209 2422 1262 hthnanum
2453 1207 2698 1276 pabulum
2728 1205 2792 1260 de
2819 1204 2997 1276 ferinis
3024 1202 3184 1275 qutcri
3210 1221 3228 1269 ;
3274 1203 3374 1256 imo
3405 1202 3456 1256 in
3481 1202 3674 1272 seipsos

2142 1303 2351 1356 invicem
2372 1301 2568 1356 incendi
2595 1293 2946 1355 :Christianos
2985 1308 3181 1363 contra,
3200 1298 3262 1351 ab
3307 1297 3444 1350 omni
3471 1313 3669 1366 cruore,

2143 1394 2442 1448 animalium
2468 1394 2640 1458 etiam,
2662 1390 2967 1455 abhorrere;
2985 1389 3123 1459 apud
3149 1390 3264 1454 illos
3282 1389 3525 1445 incestum
3547 1405 3672 1458 quo-

2145 1487 2266 1541 tidie
2283 1487 2548 1552 committi,
2580 1502 2715 1543 cum.
2743 1502 2832 1556 per
2853 1485 3206 1539 scortationem
3229 1498 3409 1552 vagam
3429 1490 3474 1536 et
3495 1491 3676 1553 gnato-

2145 1598 2257 1634 rum
2285 1581 2611 1651 abjectionem
2638 1621 2652 1644 ,
2669 1577 2832 1634 'liberi
2863 1578 3016 1632 etiam
3043 1596 3073 1631 a
3100 1576 3391 1645 parentibus
3432 1577 3671 1648 ignoren-

2145 1684 2228 1729 tur
2250 1691 2268 1738 ;
2293 1691 2406 1746 qua:
2430 1684 2610 1728 cuncta
2637 1689 2668 1727 a
2690 1672 2992 1728 Christianis
3016 1714 3030 1738 ,
3063 1682 3238 1740 utpote
3265 1672 3446 1732 castis,
3508 1672 3666 1726 conti-
3711 1702 3716 1706 -

2144 1768 2376 1822 nentibus
2396 1809 2409 1832 ,
2445 1768 2635 1821 veneris
2661 1767 2812 1820 etiam
2839 1765 3000 1819 licita,
3027 1765 3044 1835 (
3073 1773 3224 1835 prout
3257 1763 3493 1818 nottnnlli
3531 1762 3674 1833 apud

2144 1861 2258 1915 illos
2293 1861 2622 1932 )eatpertibus
2646 1901 2661 1926 ,
2708 1860 3001 1930 longissime
3040 1858 3248 1922 abesse;
3294 1873 3454 1926 neque
3479 1857 3584 1912 lucc
3610 1857 3672 1912 de

2144 1953 2447 2008 Chrtstianis
2485 1954 2545 2008 tib
2591 1953 2724 2008 ullis'
2761 1953 2899 2007 credi
2955 1969 3130 2024 posse,
3163 1953 3260 2007 nisi
3309 1951 3396 2023 qui
3422 1950 3669 2020 credant,

2146 2057 2191 2101 et
2219 2047 2318 2116 ipsi
2344 2046 2434 2100 illa
2461 2046 2655 2117 faciant
2678 2087 2694 2112 ,
2721 2055 2767 2100 et
2795 2061 2857 2100 ea:
2877 2061 2929 2100 se
2954 2045 3016 2099 de
3034 2044 3150 2098 aliis
3173 2044 3428 2111 judicent.

2148 2137 2274 2193 Hinc
2321 2153 2428 2209 quo
2473 2139 2642 2210 magis
2683 2137 3050 2204 refutaverim,
3079 2152 3110 2193 a
3151 2136 3302 2192 vobis
3334 2138 3447 2193 fieri
3491 2146 3672 2208 osten-

2075 2230 2196 2286 dam
2216 2230 2294 2303 (d)
2319 2229 2509 2302 partim
2543 2231 2594 2285 in
2621 2241 2832 2301 aperto,
2854 2231 3044 2300 partim
3077 2230 3128 2284 in
3156 2231 3390 2292 occulto,
3414 2245 3510 2302 per
3527 2228 3670 2302 quod

2074 2325 2297 2382 forsitan
2319 2332 2372 2378 et
2393 2321 2462 2379 de
2489 2323 2647 2379 nobis
2672 2322 2998 2379 credidistis.
3047 2322 3284 2377 Infantes
3333 2337 3499 2393 penes
3531 2321 3673 2377 Afri-

2076 2433 2197 2474 cam
2227 2416 2299 2487 (c)
2325 2416 2561 2472 Saturno
2591 2414 3010 2471 immolabantur
3048 2415 3220 2485 palam
3250 2430 3421 2486 usque
3452 2413 3519 2470 ad
3550 2429 3671 2486 pro-

2076 2510 2410 2568 consulatum
2441 2511 2511 2583 (f)
2543 2509 2740 2568 Tiberii
2770 2552 2786 2579 ,
2825 2510 2914 2583 qui
2955 2510 3098 2582 ipsos
3125 2507 3436 2567 sacerdotes
3466 2509 3518 2564 in
3561 2508 3670 2566 cis-

1615 2626 1996 2687 LECTIONES
2035 2627 2446 2688 VARIANTES.

436 2741 505 2809 (t)
537 2740 713 2805 Rhein,
742 2743 975 2795 Barrwus
998 2747 1042 2795 et
1067 2741 1176 2794 cod.
1202 2743 1354 2809 Agob.
1379 2743 1707 2796 virulentiam.

1722 2831 2277 2892 COMMENTARIUS.

372 2953 424 3008 la
449 2969 566 3009 voce
585 2995 600 3017 ,
649 2953 738 3008 sed
769 2953 1036 3008 latratibus
1061 2961 1256 3007 tantum
1279 2962 1520 3008 sonantes
1545 2996 1559 3021 ,
1600 2956 1804 3023 asperis
1831 2957 1972 3011 ricti-

373 3025 484 3080 bus.
518 3025 592 3080 Ita
624 3026 764 3081 enim
793 3025 1033 3081 Solinum
1076 3023 1358 3094 scripsisse
1405 3027 1674 3081 contendo
1700 3069 1714 3091 ,
1773 3044 1876 3082 non
1920 3036 1977 3082 ut

372 3098 624 3153 emendat
649 3097 940 3153 Salmasius
965 3138 979 3161 ,
1024 3097 1201 3150 ritibus
1227 3138 1242 3163 ,
1291 3106 1415 3151 sunt
1443 3098 1587 3152 enim
1615 3098 1715 3153 alia
1761 3099 1968 3154 catellis

372 3167 772 3236 Melitensiltns,
816 3169 917 3222 alia
967 3166 1215 3222 Molossis
1253 3183 1367 3222 ora.
1413 3168 1729 3226 Clarissime
1768 3171 1967 3228 Lucre-

373 3239 476 3296 tius
510 3257 560 3295 ν.
595 3215 772 3295 tooe.’
1768 3215 1942 3228 ”“““
1997 3215 2040 3278 C

497 3334 697 3396 Inritata
719 3347 892 3383 ratium
919 3346 1027 3383 eum
1048 3334 1255 3396 primum
1277 3346 1448 3392 magna
1474 3333 1731 3384 Molossum

497 3395 660 3447 Mollia
684 3399 804 3446 ricta
828 3395 1062 3456 fremunt,
1091 3397 1250 3445 duros
1273 3397 1500 3444 nudantia
1522 3397 1717 3448 dentis:

499 3458 671 3521 Longe
698 3459 793 3507 alio
813 3460 977 3509 sonitu
993 3460 1130 3508 rabie
1154 3458 1371 3508 districta
1396 3459 1638 3508 minantur
1666 3474 1677 3507 :

496 3521 557 3572 Et
579 3536 728 3586 quum
749 3523 847 3584 jam
874 3521 1073 3584 latrant,
1100 3528 1150 3571 et
1175 3521 1377 3570 vocibus
1398 3524 1555 3570 omnia
1579 3523 1839 3586 complent.

376 3603 560 3660 Mollia
596 3607 721 3660 ricta
756 3605 1004 3661 Lucretio
1033 3607 1287 3661 dicuntur
1315 3615 1560 3673 respectu
1591 3607 1728 3660 cutis
1755 3617 1809 3661 et
1846 3621 1966 3662 car-

376 3677 461 3731 nis
508 3693 628 3746 qua:
679 3693 774 3732 ora
826 3677 1178 3733 Molossorum
1232 3686 1453 3744 tegunt,
1501 3676 1543 3729 si
1603 3687 1788 3746 tangas
1844 3687 1970 3734 sunt

380 3747 745 3812 mollissimae,
813 3759 867 3804 at
935 3749 1128 3814 asperis
1196 3749 1401 3802 rictibus
1461 3747 1674 3802 Solinus
1725 3761 1969 3818 respectu

380 3819 643 3874 dentium.
681 3819 736 3874 ln
778 3821 966 3876 eadem
997 3821 1115 3875 loco
1157 3819 1294 3891 apud
1323 3819 1564 3891 Snliunm
1583 3861 1597 3882 ,
1627 3819 1715 3874 ubi
1744 3821 1824 3875 vir
1853 3837 1968 3875 ma-

381 3892 560 3946 ximus
582 3892 734 3946 valde
756 3893 912 3946 anxie
952 3890 1232 3957 versatur,
1264 3906 1368 3946 non
1399 3890 1584 3944 dubito
1604 3932 1618 3956 ,
1647 3891 1771 3962 quin
1799 3892 1866 3946 sit
1894 3893 1968 3947 le-

379 3963 611 4032 gendum
643 3981 657 4016 :
684 3965 898 4018 amirtas
923 3965 1104 4017 vestitu
1127 3963 1330 4033 tigrium
1363 3962 1448 4017 vel
1487 3963 1888 4033 pantherarum,
1918 3964 1970 4020 id

379 4043 460 4090 est
487 4035 629 4088 enim
653 4077 666 4098 ,
695 4035 835 4104 quod
867 4035 1070 4089 Plinius
1097 4035 1223 4088 tlieit
1250 4038 1471 4104 ferarmn
1499 4035 1672 4101 pelles.

452 4105 527 4176 (a)
565 4105 769 4160 Patrem
790 4107 934 4160 illum
950 4123 1232 4160 sacrorum.
1249 4105 1346 4172 Qui
1373 4111 1639 4177 ἱεροφάντης
1657 4105 1932 4162 dicebatur
1950 4123 1969 4172 ;-

377 4175 444 4232 de
472 4193 579 4248 quo
604 4177 766 4232 multa
796 4181 934 4232 εοὶιγ·
979 4182 1110 4238 uana
1139 4177 1281 4248 vide
1303 4177 1352 4248 in
1381 4175 1605 4248 attreolo
1647 4177 1860 4248 Meursii
1906 4179 1969 4233 li-

375 4246 516 4303 bello
541 4249 722 4304 Eleus.
749 4265 802 4321 c.
822 4267 871 4302 χ·
1006 4248 1011 4253 ’
1073 4250 1165 4306 ltro
1181 4247 1246 4302 ad
1273 4247 1390 4302 Nat.
1411 4249 1461 4302 1.
1487 4246 1539 4303 7.
1563 4249 1631 4302 ad
1660 4247 1968 4321 Magistrum

373 4336 640 4376 sacrorum
670 4321 748 4374 vel
777 4320 992 4375 Patrem
1007 4321 1168 4373 adire.
1471 4369 1482 4382 ,

450 4392 529 4462 (li)
563 4391 873 4447 Describere.
909 4392 990 4446 Ex
1015 4392 1164 4445 libris
1186 4406 1376 4460 nempe
1398 4391 1696 4453 ritualibus.
1717 4393 1806 4461 qui
1833 4407 1966 4447 con-

376 4463 684 4518 tinebantur
731 4463 993 4534 lapidibus
1034 4462 1243 4516 duobus
1281 4479 1442 4532 quain
1489 4463 1765 4534 aptissime
1811 4480 1968 4533 coag-

374 4535 628 4590 mentatis
650 4576 686 4603 ,.
719 4533 858 4604 quod
887 4545 1110 4604 πέτρωμα
1136 4534 1506 4602 appellabant,
1556 4545 1613 4588 ut
1649 4533 1862 4590 discere
1887 4545 1970 4590 est

377 4605 559 4661 itidem
589 4621 652 4660 ex
688 4605 948 4660 Eleusinis
974 4605 1161 4660 chrsi

374 4692 428 4747 p.
455 4693 529 4730 nt.
560 4677 659 4732 Ed.
689 4676 880 4732 Woch.
913 4676 1038 4731 9.49.
1069 4677 1154 4729 ubi
1187 4677 1288 4744 agit
1315 4675 1381 4730 de
1415 4675 1695 4730 Pheneatis
1726 4719 1740 4741 ,
1775 4677 1967 4746 quibus

373 4749 552 4803 omnia
579 4765 697 4802 cum
723 4749 1134 4824 Atheniensibus
1161 4750 1466 4824 communia
1497 4764 1508 4800 :
1541 4753 1870 4824 eguerimus:
1885 4754 1966 4803 καὶ

373 4830 622 4890 Arpis-rgo;
643 4829 766 4876 ἔστιν
791 4824 906 4889 ἱερόν
924 4817 1217 4885 Biton-atati,
1247 4829 1374 4883 etc.,
1401 4819 1438 4871 ἱ.
1455 4833 1527 4872 0.:
1551 4817 1645 4890 Est
1671 4819 1808 4888 apud
1831 4819 1967 4873 Phe-

373 4889 552 4946 neatas
580 4892 730 4945 etiam
752 4890 946 4946 Cereris
967 4901 1300 4961 cognomento
1334 4889 1605 4943 lilensinite
1631 4893 1808 4960 [artant
1828 4907 1847 4954 ,°
1885 4893 1967 4945 cui

372 4963 520 5016 initia
556 4962 730 5016 eodem
775 4964 911 5025 ritu,
961 4980 1058 5030 quo
1099 4961 1238 5032 apud
1281 4961 1568 5015 Eleusinem
1614 4973 1962 5030 peraguntur,

371 5051 488 5088 cum
514 5034 612 5104 ipsi
640 5044 806 5088 tamen
825 5051 884 5088 ea
913 5050 1060 5087 sacra
1087 5033 1227 5101 apud
1248 5050 1300 5088 se
1322 5033 1546 5104 primum
1566 5033 1796 5104 instituta
1817 5044 1966 5087 autn-

372 5103 620 5160 ntent.’Et
649 5106 828 5160 statim
852 5123 866 5159 :
904 5105 1073 5176 PrOpe
1103 5109 1278 5174 {unum
1305 5103 1602 5176 Eleusinae,
1627 5103 1821 5174 lapides
1842 5107 1966 5176 cnti-

372 5188 493 5230 nent
517 5177 844 5247 prwgrandes
870 5176 970 5230 duo
997 5173 1019 5242 ,’
1040 5176 1170 5230 alter
1199 5185 1317 5245 apte
1345 5175 1493 5228 alteri
1519 5176 1783 5244 impositus
1813 5192 1830 5229 :
1857 5173 1934 5230 Pe
1952 5207 1964 5217 -

371 5257 538 5301 tronta
565 5258 738 5302 vocant
780 5265 864 5302 eos
904 5247 1101 5316 lapides
1128 5290 1142 5312 ,
1175 5248 1258 5302 ubi
1284 5247 1619 5301 anniversarii
1643 5248 1775 5301 sacri
1801 5288 1814 5308 ,
1852 5265 1965 5316 qua:

373 5319 572 5390 majora
601 5321 862 5372 nominant
903 5319 1050 5372 initia
1070 5362 1084 5386 ,
1115 5320 1222 5373 dies
1256 5319 1668 5389 apprOpinquant
1693 5361 1708 5383 ,
1758 5319 1961 5387 disjun-

377 5401 524 5461 gunt.
553 5401 704 5460 atque
731 5392 850 5444 inde
875 5391 1070 5446 litteras
1099 5392 1340 5456 educunt,
1364 5390 1544 5460 quibus
1573 5405 1772 5461 pompa:
1797 5392 1922 5445 ritus
1943 5433 1958 5458 ,

279 5461 292 5474 ’
371 5460 420 5515 et
450 5479 564 5533 qua:
590 5462 701 5530 ﬁeri
741 5471 935 5532 oportet
962 5463 1133 5515 omnia
1161 5463 1459 5533 consignata
1497 5460 1801 5533 sunt.'lfunt
1825 5478 1963 5516 com-

378 5532 684 5588 mentarium
711 5549 825 5587 cum
845 5533 1149 5600 sacri/iculis
1175 5532 1495 5587 audientibus
1517 5532 1836 5587 recitandum
1881 5550 1970 5589 cu-

380 5606 541 5659 rarint
565 5645 581 5671 ,
613 5621 668 5660 ea
692 5605 804 5676 ipsa
826 5613 970 5658 nocte
992 5607 1043 5659 in
1065 5605 1332 5674 pristinam
1361 5605 1529 5658 sedem
1557 5614 1827 5674 reponunt.

439 5732 511 5792 (a)
538 5733 713 5781 Mirum
731 5740 963 5795 quantum
989 5731 1228 5782 facillimis
1251 5732 1298 5788 in
1321 5732 1733 5796 rcbnsdesudent
1759 5733 1976 5796 quando-

371 5808 470 5858 que
495 5802 923 5856 commentatores,
940 5809 1048 5844 cnm
1075 5796 1223 5858 rictus
1239 5796 1398 5858 asperi
1424 5795 1540 5843 nihil
1565 5795 1664 5844 sint
1687 5795 1812 5844 aliud
1834 5809 2000 5858 quam.

373 5856 596 5918 ingratus
631 5858 825 5920 quidam
861 5858 1056 5907 ridendi
1091 5856 1369 5920 modusch
1405 5871 1572 5920 parum
1611 5858 1829 5908 liberalis
1854 5856 1978 5908 ‘oris

372 5919 721 5984 contractio,et
743 5922 953 5972 vestitus
977 5928 1228 5986 tergorum
1241 5919 1371 5971 idem
1383 5919 1511 5971 sonit
1533 5933 1589 5970 ac
1613 5920 1834 5986 pellium.
1855 5920 1974 5974 Enn.

1025 4585 1184 4659 ettrsii
1298 4621 1350 4668 κ,
1373 4585 1665 4659 Pausanias
1693 4606 1968 4661 Arcadicis
1993 4585 2046 4644 D

2153 2955 2226 3030 (ς)
2258 2955 2628 3030 Eagtendebant.
2675 2951 2984 3030 C_ogita_bam
3015 2949 3186 3030 primo
3231 2949 3502 3030 incendant
3531 2945 3671 3030 aged

2077 3018 2299 3084 omnino
2323 3027 2394 3082 ita
2436 3018 3072 3097 scripsit,Tertulliantis.
3111 3021 3333 3077 Extendi
3356 3021 3498 3076 enim
3518 3018 3675 3097 _di_t:it

2082 3115 2275 3163 canes,
2302 3115 2464 3169 quum
2496 3090 2563 3152 iu'
2579 3096 2742 3166 pedes
2763 3111 2822 3152 se
2851 3094 3201 3169 c0ujicientes
3224 3135 3238 3157 ,
3267 3109 3361 3169 5pc
3388 3090 3672 3169 pra-duriti-

2077 3161 2332 3227 ternodia'
2349 3161 2593 3240 corporis
2622 3169 2803 3224 laxant
2832 3161 3088 3240 ct_spiras_
3119 3164 3442 3240 extendunt,
3471 3161 3673 3240 signifi-

2077 3253 2163 3296 cat
2186 3244 2328 3298 enirn
2362 3233 2668 3297 mensuram
2700 3238 2944 3308 Corporis
2972 3235 3172 3300 canini,
3201 3235 3394 3308 quini"
3427 3245 3574 3288 motu
3599 3233 3672 3286 tli-

2077 3314 2294 3368 lutatur.
2319 3312 2633 3367 Clarissime
2661 3306 2882 3366 Ovidius
2903 3307 3250 3376 Metamorph.
3286 3306 3379 3361 lib.
3406 3321 3498 3361 xu.
3526 3318 3667 3360 vers.

2076 3385 2206 3441 476.
2239 3385 2305 3442 de
2330 3384 2527 3440 Latreo
2555 3383 2826 3439 Centauro
2853 3399 2879 3432 ει
2912 3379 3106 3434 (Ζωιιεο
3127 3376 3428 3433 interfecto.

2576 3474 2784 3523 Jactanti
2809 3471 2921 3520 talia
2946 3470 3159 3521 Caeneus

2197 3539 2464 3589 Extentum
2485 3550 2626 3586 cursu
2649 3537 2791 3584 missa
2817 3534 2940 3583 latus
2963 3534 3092 3582 eruit
3112 3532 3270 3592 hasta,

2201 3605 2307 3661 Qua
2332 3603 2401 3650 vir
2427 3613 2558 3664 equo
2580 3600 2866 3649 commissus
2883 3602 3006 3645 erat.
3288 3601 3295 3607 '

2143 3682 2296 3740 CAP.
2329 3684 2420 3738 IX.
2450 3715 2522 3724 —
2548 3683 2628 3756 (tl)
2651 3681 2848 3756 Arabis
2889 3679 2998 3756 fieri
3022 3674 3667 3756 ostettdam._Porpltxrins

2073 3757 2212 3826 apud
2238 3747 2565 3828 Theodoreti
2595 3747 2644 3823 p.
2682 3752 2881 3828 l08._et
2901 3749 3026 3828 I99.
3053 3747 3221 3828 Graec.
3250 3747 3354 3828 All.
3386 3763 3482 3828 cur
3522 3747 3669 3803 Εθέτσ

2069 3819 2182 3898 γὰρ,
2205 3839 2362 3898 φησιν,
2389 3833 2434 3882 ἐν
2461 3819 2611 3895 ιδόδῳξ
2642 3833 2749 3898 etc.
2776 3821 3273 3898 Mactabaturenint.
3293 3819 3452 3898 inquit
3479 3859 3490 3881 ,
3546 3833 3664 3898 χχι.

2073 3889 2278 3953 kalend.
2311 3889 2607 3953 Novembris
2630 3897 2778 3951 homo
2800 3894 2939 3962 apud
2973 3892 3201 3948 Rhodios
3222 3892 3274 3945 in
3303 3891 3543 3944 honorem
3572 3889 3668 3962 Stt-

2075 3971 2209 4025 turui
2231 3987 2246 4024 :
2267 3974 2422 4040 quod,
2444 3985 2558 4023 cum
2580 3969 2760 4040 perdiu
2781 3961 3034 4040 servatum
3051 3964 3245 4040 fuisset,
3263 3962 3322 4040 in
3346 3961 3668 4040 consuetudi-

2073 4059 2186 4096 nem
2214 4032 2354 4096 abiit.
2378 4032 2645 4111 quemddm
2676 4039 2808 4093 enim
2847 4054 2909 4092 ea:
2953 4032 3148 4111 ii_s,_'qui
3185 4034 3385 4111 publica
3421 4032 3667 4111 sententia

2075 4115 2304 4168 damnati
2325 4103 2488 4169 essent
2505 4113 2571 4165 ad
2589 4111 2808 4180 capitale
2826 4103 3153 4180 supplicium,
3163 4103 3397 4180 adusque
3415 4103 3667 4180 Saturitas

2073 4186 2142 4239 lia
2169 4187 2332 4240 vivunt
2355 4174 2674 4239 asservabant
2693 4197 2711 4235 :
2733 4174 3099 4236 adtlit‘ibidetn
3129 4177 3263 4232 alios
3290 4174 3550 4246 populus,
3573 4175 3665 4245 qui

2074 4257 2126 4311 in
2163 4256 2434 4310 infandum
2464 4255 2604 4310 hunc
2627 4255 2784 4309 ritum
2807 4250 3199 4306 consenserint.
3221 4247 3334 4302 Imo
3360 4245 3664 4305 notatLac-

2035 4375 2038 4378 Α
2075 4331 2274 4383 tantius
2319 4327 2430 4382 Inst
2481 4325 2590 4381 div.
2624 4342 2661 4378 ι.
2693 4324 2779 4380 15.
2814 4323 2865 4376 ἱιι
2899 4321 3128 4376 llistoria
3157 4335 3308 4374 sacra
3339 4317 3494 4372 Ennii
3535 4317 3662 4372 olim

2072 4399 2238 4454 fuisse
2267 4399 2524 4467 scriptum
2555 4415 2566 4451 :
2598 4396 2881 4452 Saturnum
2909 4392 3178 4467 elopem,
3203 4402 3506 4458 cretei-osque
3548 4399 3674 4467 tunc.

2073 4471 2298 4524 homines
2325 4511 2338 4532 ,
2369 4460 2642 4524 humanam
2671 4483 2874 4521 carnem
2898 4465 3070 4518 solitos
3096 4463 3312 4527 esitare;
3338 4477 3508 4515 verum
3552 4460 3661 4532 pri-

2075 4559 2212 4595 munt
2231 4531 2409 4596 Jovem
2432 4541 2563 4611 leges
2592 4537 2878 4593 hominibus
2906 4550 3165 4611 moresque
3181 4533 3491 4611 condentem
3533 4531 3666 4584 edic-

2075 4623 2123 4667 to
2155 4603 2506 4682 prohibuisse:
2533 4627 2593 4665 ne
2613 4611 2782 4664 liceret
2807 4626 2864 4663 eo
2885 4609 2995 4682 cibo
3023 4603 3167 4682 vesci.
3201 4603 3551 4682 ltatpte‘cuirs
3590 4611 3663 4653 est

2075 4676 2283 4754 pudoris
2307 4726 2322 4749 ,
2356 4683 2474 4753 quin
2505 4684 2606 4736 into
2647 4680 3016 4754 inverecttntlite
3038 4719 3052 4739 ,
3083 4676 3389 4754 cujus-quod
3430 4689 3576 4754 agere
3617 4684 3664 4752 te

2072 4746 2240 4810 videas
2267 4798 2280 4819 ,
2305 4746 2356 4809 in
2368 4746 2440 4808 'eo
2467 4755 2682 4808 alterum
2703 4749 3107 4821 reprehendere?
3128 4746 3389 4822 illatedicti
3421 4756 3463 4822 et
3487 4746 3662 4822 crimi-

2072 4828 2151 4880 nis
2181 4815 2290 4882 loco
2311 4828 2433 4881 dare
2463 4844 2521 4880 ea
2540 4866 2556 4889 ,
2582 4840 2696 4890 qua:
2716 4815 2771 4878 in
2794 4834 2840 4877 te
2863 4823 3056 4894 possint
3079 4820 3388 4894 reciprocam
3402 4815 3660 4894 vicissitu-

2072 4899 2188 4953 dine
2212 4898 2485 4969 retorqueri
2507 4886 2609 4951 I’ut
2637 4886 2872 4969 loquitur
2898 4893 3162 4969 Arnobius
3185 4886 3285 4969 lib.
3315 4904 3369 4969 tt:
3401 4886 3536 4941 llsv.
3647 4957 3659 4969 .

2144 4971 2222 5038 (et
2245 4959 2481 5036 Infrintes
2515 4985 2666 5038 penes
2693 4959 2939 5038 Africam.
2964 4961 3294 5038 Testitnonia
3321 4959 3584 5038 .\_'ctcrt_tt_n_

2072 5028 2191 5111 quis
2204 5028 2525 5104 desideret,
2553 5039 2710 5095 adeat
2737 5028 3264 5111 Eltnenhorstintnct
3285 5031 3417 5085 alios
3441 5028 3507 5111 ad
3535 5029 3662 5111 illud

2072 5101 2370 5183 Minttcii'p.
2395 5112 2485 5169 54.
2515 5101 2706 5166 Merito
2733 5112 2784 5183 in
2815 5106 3073 5183 nonnullis
3101 5104 3292 5183 Africa:
3326 5101 3552 5183 partibus
3578 5101 3662 5154 in-

2073 5190 2239 5256 fantes
2279 5174 2987 5256 inunolabantur,blanditiis
3024 5174 3276 5256 etlosculg
3307 5177 3666 5256 comprimente

2068 5242 2287 5327 imgitum
2314 5297 2328 5322 ,
2372 5272 2434 5327 ne
2475 5253 2658 5325 ﬂebilis
2683 5242 2859 5306 vhostia
2878 5248 3209 5327 ⁵ὶιιριιιυιειιιιο.
3239 5245 3304 5299 Et
3344 5242 3664 5325 Plutarchus

2071 5316 2622 5396 invApophtheg'mat.
2647 5333 2822 5396 narrat
2867 5320 3139 5396 Gelunenr
3173 5327 3455 5396 tyrannum
3513 5316 3665 5396 victis

2066 5386 2592 5470 Carthaginiensibus
2608 5395 2673 5450 ad
2704 5395 2970 5470 llimcrarn
2993 5386 3662 5470 coegi-550inscriberent}-

2067 5457 2307 5534 det'ilitts,
2328 5469 2469 5540 quod
2491 5481 2772 5540 cirss:tre_nt_
2783 5463 3061 5540 immolare
3080 5457 3216 5516 filios
3239 5459 3492 5540 _S:ttttrtto.
3522 5457 3661 5540 “Av.

2150 5543 2214 5614 (Γ)
2245 5529 2665 5614 I’i'oitortsttlutttttt
2691 5536 2898 5614 Tiberii.
2922 5533 3255 5614 _N_t_)dum,qtti
3273 5529 3512 5614 eruditos
3531 5529 3666 5582 mul-

2080 5601 2446 5672 ttni't'torscrat
2467 5653 2480 5675 ,
2505 5611 2736 5684 solvisse
2757 5607 2836 5684 vel
2860 5606 3084 5684 s_c_idisse
3107 5601 3282 5684 potius
3307 5601 3662 5684 _Scaligerttttt,

2081 5699 2303 5745 testatur
2329 5671 2590 5740 lleraldus
2613 5683 2664 5736 in
2694 5680 2861 5736 Notis.
2887 5678 2955 5734 Et
2979 5671 3286 5746 sane—digna
3312 5673 3412 5742 legi
3418 5681 3513 5746 _est
3538 5671 3662 5738 Epi-

2081 5743 2214 5815 stola
2244 5759 2358 5824 ejus
2382 5756 2450 5809 ad
2479 5753 2708 5809 Casaub.
2757 5751 2940 5824 LXVI.
2974 5751 3061 5824 ubi
3107 5743 3389 5824 disputata
3418 5743 3661 5813 Prophe-

2085 5845 2198 5888 tore
2227 5817 2307 5884 vel
2333 5826 2656 5882 Procttnsulc
2683 5824 2881 5880 Tiberii
2912 5821 3021 5893 (qui
3072 5831 3120 5874 et
3153 5817 3411 5893 sacrificia
3440 5829 3664 5893 cruenta

2084 5903 2392 5968 Gallorum,
2441 5909 2574 5956 teste
2619 5895 2818 5963 Plinio,
2865 5890 3174 5962 sr's’tulerat)
3203 5900 3258 5948 ct
3308 5890 3661 5948 ilaBC'SllbiMil
