4106 6330
402 247 512 315 519

1794 245 2250 306 TERTULLIANI

3593 246 3724 308 320

407 369 497 436 tis;
530 366 673 426 ferro
697 365 839 424 enim
861 364 997 422 meri
1023 364 1100 436 (ιι)
1126 370 1256 420 aetas
1279 377 1491 437 quoque
1511 365 1680 421 maior
1705 365 1988 437 optaverit.
2022 370 2075 432 Α
2100 366 2353 433 animam,
2376 380 2444 423 an
2467 371 2778 423 nascentem
2795 364 3058 423 disturbet
3084 382 3097 420 :
3122 364 3285 423 homo
3301 373 3384 423 est
3409 363 3506 438 (e),
3532 375 3585 423 et
3611 366 3716 438 qui

410 463 489 535 (b)
517 461 678 520 Nobis
707 476 870 526 vero,
919 459 1212 515 homicidio
1242 460 1410 515 semel
1464 444 1793 527 interdicto,
1833 461 1992 516 etiam

407 564 723 626 conceptum
753 562 909 608 utero
927 551 1022 624 (ε),
1045 552 1171 608 dum
1201 551 1380 608 adhuc
1401 553 1616 625 sanguis
1641 553 1692 608 in
1725 554 1994 609 hominem

406 649 670 706 delibatur
690 649 790 720 (ιι),
813 647 1109 704 dissolvere
1127 662 1231 704 non
1251 647 1396 704 licet.
1425 647 1706 705 Homicidii
1728 647 1997 703 festinatio
2038 657 2040 659 '

405 750 488 799 est
531 741 820 814 prohibere
867 740 1054 810 nasci;
1085 755 1185 797 nec
1227 739 1394 799 refert
1440 751 1618 796 natam
1658 734 1778 813 quis
1806 741 1997 812 eripiat

2099 470 2182 517 est
2211 461 2420 517 futurus
2444 477 2458 525 ;
2487 461 2649 516 etiam
2698 460 2900 515 fruetus
2928 460 3105 516 omnis
3129 461 3241 531 jam
3275 459 3326 516 in
3355 460 3566 518 semine
3595 469 3710 517 est.

2103 553 2203 626 (ί)
2251 553 2326 609 De
2375 553 2653 624 sanguinis
2701 553 2896 624 pabulo
2949 552 3024 626 (g)
3076 564 3129 608 et
3168 553 3428 609 eiusmodi
3486 553 3714 626 tragicis

2104 645 2321 701 ferculis
2369 645 2564 717 legite,
2606 645 2840 700 nuncubi
2889 645 3114 701 relatum
3162 645 3231 700 sit
3272 644 3388 716 (l),
3436 643 3540 719 [est
3567 645 3717 718 apud

2101 737 2467 804 Herodotum,
2513 735 2724 813 Opinor]
2756 735 2836 809 (2)
2881 736 3126 795 defusum
3178 737 3258 810 (h)
3304 735 3539 794 brachiis
3579 751 3713 794 sau-

1657 852 2040 912 LECTIONLS
2078 851 2490 909 VARIANTES.

467 973 542 1036 (ι)
576 971 708 1036 Εάά.
740 983 902 1024 omnes
926 984 944 1022 :
970 971 1124 1033 legite
1164 971 1342 1036 necubi
1366 970 1459 1036 rel.
1496 972 1584 1036 sit,
1605 971 1734 1034 (cod.
1762 970 1910 1036 Apin
1947 974 1994 1021 et

409 1030 581 1104 Lugd.
606 1034 738 1104 est),
764 1030 1123 1104 munerarium
1169 1030 1584 1104 Scriverium,qui
1613 1030 1761 1104 recte
1805 1030 1989 1104 habet:

407 1094 639 1152 nuncubi.
669 1094 829 1150 Verba
846 1097 981 1149 uncis
998 1096 1202 1159 inclusa,
1228 1109 1337 1160 qua:
1357 1094 1528 1148 desunt
1565 1094 1615 1146 in
1641 1094 1856 1146 Rhenani
1887 1094 1988 1158 ed.,

2098 968 2258 1019 nescio
2301 981 2363 1018 an
2403 967 2664 1018 debeantur
2709 967 2875 1018 manui
2919 966 3110 1018 librarii
3144 966 3271 1018 male
3310 967 3513 1020 sedulae.
3551 963 3716 1022 nilum

2098 1038 2256 1082 autem
2277 1031 2423 1094 istum
2447 1031 2737 1094 Scytharum
2759 1027 2986 1082 describit
3013 1031 3248 1082 Herodot.
3271 1032 3316 1094 4,
3340 1030 3421 1082 70.

2165 1094 2237 1159 (2)
2271 1093 2688 1146 Βιιϊιιδυιιιιςεηιι.

1762 1201 2326 1261 COMMENTARIUS.

486 1321 562 1394 (a)
582 1320 740 1378 Ferro
757 1321 888 1378 enim
910 1322 1057 1377 mori.
1079 1319 1227 1378 Unde
1242 1318 1424 1378 IEnea:
1450 1321 1534 1376 illa
1560 1319 1847 1394 indignatio
1865 1320 2005 1392 apud

415 1393 695 1468 Virgilium
727 1395 819 1454 lib.
854 1411 891 1460 ι,
923 1394 1048 1450 150.

849 1483 890 1536 Ο
909 1485 1126 1548 Danaum
1150 1483 1409 1536 fortissime
1437 1487 1602 1548 gentis

537 1549 742 1620 Iydide,
768 1561 920 1620 mene
947 1547 1122 1620 Alliacis
1151 1549 1444 1620 occumbere
1479 1549 1661 1620 eampis

537 1609 648 1663 Non
670 1611 888 1675 potuisse
909 1611 920 1659 Ξ
945 1618 1128 1672 tuaque
1152 1611 1359 1660 animum
1386 1611 1510 1660 hanc
1524 1609 1780 1660 ell'urulere
1796 1610 1972 1660 dextra
1992 1610 2005 1659 3

414 1697 641 1754 Mortem
683 1696 818 1749 hanc
863 1694 1010 1750 ferro
1063 1695 1369 1758 inventam,
1425 1695 1724 1750 Romanam
1769 1696 2010 1764 appella-

2109 1322 2172 1380 L.
2204 1321 2345 1396 B.Aet
2371 1337 2475 1378 non
2502 1331 2584 1396 est
2615 1322 3045 1394 improbandum.
3083 1324 3279 1396 Lucem
3309 1323 3458 1380 haud
3490 1339 3711 1396 parvam

2109 1394 2301 1466 accipit
2338 1410 2405 1449 ex
2455 1395 2734 1451 notissimo
2762 1397 2982 1452 Ausonii
3010 1395 3241 1452 disticho
3270 1417 3286 1450 :

2235 1484 2363 1552 Dum
2386 1487 2578 1538 dubitat
2601 1495 2774 1538 Natura
2795 1502 2977 1540 marem
2999 1488 3254 1540 faceretne
3280 1489 3516 1552 puellam,
3563 1502 3566 1506 '
3647 1481 3657 1492 ⁸

2300 1549 2480 1600 Factus
2503 1565 2575 1611 es,
2602 1565 2632 1600 ο
2656 1552 2876 1614 pulcher,
2902 1566 3029 1614 pene
3055 1552 3236 1615 puella,
3264 1549 3403 1616 puer.
3503 1549 3509 1550 7
3558 1554 3566 1560 “

2113 1633 2218 1690 Sed
2245 1635 2482 1689 omnium
2518 1635 2683 1688 instar
2706 1636 3134 1702 elegantissimus
3157 1635 3244 1691 ille
3275 1634 3533 1690 Varronis
3565 1635 3720 1691 locus

2116 1708 2186 1760 sit
2210 1704 2278 1759 de
2306 1704 2521 1775 Origine
2548 1707 2775 1761 humana
2803 1706 2940 1776 apud
2983 1707 3336 1762 Censorinum
3367 1706 3435 1762 de
3482 1707 3575 1762 Die
3605 1706 3718 1762 Na-

414 1766 966 1850 Ell|1_,”q1l.'ts_lmftil'.lt3l2
994 1778 1047 1821 et
1074 1767 1282 1850 virilem
1301 1767 1502 1850 “Collige
1533 1782 1598 1850 ex
1644 1767 1760 1849 istis
1790 1766 2006 1850 Martia-

2119 1777 2208 1832 tali
2230 1792 2348 1849 cap.
2378 1766 2450 1833 lii.
2485 1794 2549 1832 ex
2573 1766 3195 1850 senteutia'Pythagorar.
3216 1778 3347 1846 Qua:
3368 1780 3584 1849 quidem
3608 1778 3722 1834 fra-

414 1840 506 1905 lis,
538 1837 628 1896 lib.
654 1837 808 1905 1,79.
834 1838 902 1893 de
926 1837 1086 1894 Festo
1106 1879 1122 1906 ,
1142 1839 1230 1909 qui
1249 1837 1523 1894 laborabat
1543 1837 1773 1893 faucium
1797 1837 2005 1892 morbo.

415 1911 554 1967 "AV.

488 1982 569 2054 (b)
597 1981 772 2038 Semel
799 1980 1336 2054 interdicto.AEli-gans
1367 1981 1524 2054 hujus
1542 1983 1697 2054 vocis
1716 2023 1730 2047 ,
1761 1980 1855 2036 sed
1902 1995 2008 2036 non

416 2051 505 2112 ita
531 2051 734 2126 passim,
772 2062 930 2126 notus
951 2095 965 2117 ,
997 2051 1324 2126 multauloea
1350 2052 1490 2126 apud
1541 2053 1710 2108 bonos
1761 2061 2009 2126 auctores

416 2123 658 2196 corrupit
678 2166 692 2188 ,
726 2125 795 2179 ita
825 2125 911 2196 hic
937 2134 1060 2178 ante
1090 2123 1339 2178 meliores
1366 2124 1514 2196 MSS,
1547 2140 1742 2196 semper
1790 2124 2008 2194 legeba-

418 2195 604 2262 batur’;
634 2207 688 2252 et
709 2195 850 2265 apud
877 2195 1180 2250 Lucretium
1209 2197 1260 2249 in
1290 2196 1440 2249 simul
1470 2195 1736 2266 hodieque
1767 2206 1849 2266 est
1894 2210 2012 2249 mu-

417 2277 612 2334 tatum,
633 2267 772 2338 apud
793 2283 950 2338 quem
975 2282 1004 2320 a
1023 2267 1158 2338 bene
1181 2266 1362 2338 multis
1389 2267 1533 2322 illtnn
1550 2265 1848 2338 aliquando
1857 2281 2012 2338 men-

420 2339 526 2402 dis,
559 2335 685 2405 qusi
706 2335 878 2393 adhuc
909 2337 1178 2405 resident,
1206 2337 1522 2393 vindieaturi
1555 2353 1617 2393 ex
1643 2335 1793 2394 MSS.
1831 2335 2018 2392 Vossi-

429 2411 556 2468 anis
574 2409 826 2466 Biblioth.
859 2410 994 2481 Lug.
1027 2409 1088 2464 B.
1118 2409 1427 2480 reponimus
1449 2411 1519 2464 ita
1550 2426 1563 2462 :

822 2502 1097 2554 Admistum
1114 2503 1341 2566 quoniam
1363 2502 1521 2554 semel
1542 2508 1620 2553 est
1644 2505 1694 2552 in
1717 2504 1886 2553 rebus.
1940 2539 1948 2548 .

417 2600 473 2646 et
490 2585 951 2660 ego'antejamiitak
971 2601 1310 2644 correxeram
1336 2629 1349 2653 ,
1381 2586 1640 2644 adductus
1669 2588 1788 2643 loco
1808 2585 2011 2643 Lucani

419 2658 542 2717 νιιιξ
565 2659 691 2716 707.
723 2659 811 2716 ubi
833 2659 902 2716 de
930 2658 1203 2730 Pompeio.

1171 2729 1324 2780 Simul
1351 2729 1539 2793 impulit
1563 2730 1698 2780 illum

546 2793 706 2844 Dilata
726 2793 943 2845 Fortuna
967 2805 1128 2856 manu,
1153 2794 1368 2856 pulsatur
1389 2794 1568 2856 arenis,

543 2857 766 2920 Qarpitur
789 2859 837 2907 in
860 2854 1090 2920 seopulis,
1109 2854 1284 2906 hausto
1305 2869 1395 2920 per
1419 2854 1621 2906 vulnera
1642 2856 1793 2904 ﬂuctu

546 2871 633 2906 ιλιι·
671 2871 766 2906 ιιυι·
789 2871 837 2907 ιιι
860 2871 1026 2918 scoput

546 2871 830 2970 Ludibrium
849 2919 1029 2982 pelagi.

423 3002 620 3060 Noster
644 3003 876 3074 denique
906 3017 1092 3058 rursus
1119 3019 1167 3058 c.
1199 3019 1252 3058 ιι.
1286 3004 1539 3072 Sequetur
1560 3013 1612 3058 ut
1643 3004 1818 3057 eadem
1857 3001 2014 3056 ratio-

423 3091 487 3130 ne
534 3091 625 3144 pro
672 3073 798 3129 aliis
830 3092 932 3129 non
957 3076 1316 3143 sacriﬁcemus,
1345 3077 1464 3143 quia
1493 3093 1580 3129 nec
1607 3091 1698 3146 pro
1744 3073 2013 3128 nobismet-

423 3146 580 3216 ipsis,
606 3147 760 3216 semel
788 3146 907 3201 deos
942 3163 1044 3200 non
1070 3145 1302 3201 colendo.
1338 3147 1470 3201 ΙΙΑν.

501 3217 574 3289 (c)
592 3215 903 3287 Com-cptum
929 3227 1091 3272 utero.
1113 3218 1342 3287 Accepta
1366 3219 1638 3289 potatione
1657 3217 1723 3272 ad
1745 3218 2016 3289 abortum.

426 3288 703 3344 iuvenalis
727 3289 842 3344 Sat.
874 3305 950 3343 vr.
980 3289 1105 3344 594.
1129 3305 1288 3360 quem
1317 3289 1455 3344 vide.
1484 3288 1704 3344 Ovidius
1720 3289 1858 3344 idem
1883 3288 2016 3342 abo-

426 3362 662 3416 minatur
687 3361 780 3417 lib.
829 3377 885 3416 ιι.
932 3369 1036 3417 etc.
1075 3369 1208 3415 utet
1246 3375 1405 3416 versu
1459 3361 1552 3416 29.
1609 3361 1692 3415 Fit
1737 3362 1913 3430 itaque
1965 3360 2016 3414 in

427 3431 615 3488 forma:
645 3433 970 3488 lenocinium
1001 3441 1054 3488 ct
1081 3431 1275 3488 scortis
1300 3441 1382 3486 est
1405 3431 1834 3487 l'anuliare.llinc
1863 3431 2020 3486 Pros-

427 3519 524 3573 per
547 3504 800 3573 Aquitan.
837 3505 911 3559 Dc
955 3503 1133 3559 Prom.
1167 3515 1217 3558 et
1266 3503 1511 3558 Praedict.
1547 3504 1638 3558 lib.
1670 3520 1726 3558 ll.
1778 3517 1894 3572 cap.
1926 3503 2015 3557 i5.

429 3585 484 3628 ut
511 3575 701 3644 sitiam
733 3593 890 3640 uxor,
917 3591 1030 3646 quae
1055 3575 1212 3646 paulo
1243 3585 1361 3628 ante
1417 3580 1580 3645 fuerat
1628 3575 1864 3628 meretrix
1885 3616 1898 3636 ,
1927 3575 2020 3626 ha-

429 3649 637 3718 beatque
676 3647 813 3716 ﬁlios
835 3687 852 3714 ,
883 3663 996 3718 quae
1024 3647 1252 3701 studebat
1279 3647 1414 3714 ﬁlios
1443 3664 1544 3700 non
1570 3647 1773 3710 habere,
1802 3661 1891 3699 nec
1905 3646 2020 3718 jam

429 3715 778 3784 libidini,sed
819 3715 1156 3789 suscipienda:
1195 3719 1377 3772 serviat
1430 3719 1580 3788 proli.
1613 3719 1679 3789 At
1709 3731 1838 3789 vero
1879 3715 2024 3789 nulla

427 3790 638 3854 mulier,
660 3797 717 3842 ut
732 3789 869 3844 bene
891 3785 1239 3858 Augustinus,
1273 3785 1551 3858 potationes
1577 3787 1644 3840 ad
1670 3787 1899 3841 abortum
1923 3785 2023 3839 ἀε-

429 3859 621 3924 cipiat,
654 3875 742 3912 nec
761 3870 1029 3929 conceptos
1044 3869 1131 3913 aut
1161 3871 1306 3912 natos
1333 3861 1548 3912 occidat.
1582 3858 1706 3923 Qure
1735 3858 2022 3927 mortiferas

431 3931 660 3998 potiones
687 3931 902 3999 accipit,
939 3941 990 3983 ut
1014 3948 1113 3984 non
1140 3931 1430 3997 concipiat,
1461 3940 1887 3998 quantoscumque
1927 3944 2023 3997 pa-

429 4016 541 4054 rere
569 4000 829 4064 potuisset,
851 4011 1104 4055 tantorum
1129 4001 1516 4054 homicidiorum
1543 4012 1614 4053 cst
1633 4016 1718 4053 rea
1741 4015 1758 4051 :
1786 4008 1867 4052 est
1896 4012 2024 4053 vero

431 4080 706 4136 tantorum,
737 4081 834 4138 tot,
871 4083 974 4126 tam
1014 4073 1326 4136 multorum,
1353 4080 1410 4125 ut
1437 4087 1580 4133 saepe
1607 4069 1745 4138 apud
1769 4069 2018 4123 Nosuum

429 4144 614 4214 etiam.
636 4140 902 4214 ἷξες-ξειηο
931 4144 1153 4198 medicis
1181 4143 1464 4214 prohibita.
1507 4141 1823 4214 Theodorus
1849 4139 2016 4214 ⁸Ριὶεο

430 4211 619 4266 cianus
663 4210 717 4266 in
759 4211 1042 4269 Victoriam
1072 4210 1209 4269 libro
1237 4231 1314 4269 ιιι.
1342 4213 1582 4267 Abortum
1616 4213 1739 4266 dare
1769 4210 1895 4264 nulli
1922 4226 2019 4264 un-

430 4298 584 4352 quam
605 4285 686 4353 {as
706 4294 778 4337 est
810 4293 897 4338 :ut
924 4287 1056 4339 enim
1091 4285 1417 4353 Hippocratis
1441 4293 1650 4338 testatur
1675 4284 1838 4337 oratio
1871 4323 1884 4347 ,
1915 4290 2018 4334 tant

396 4354 550 4426 aduri
567 4357 1049 4426 reatusconscientiu
1075 4359 1380 4426 medicorum
1409 4357 1647 4410 innocens
1677 4353 1896 4426 ofﬁciunt
1917 4368 2019 4426 non

431 4425 880 4499 debetmaeulare.
912 4426 1022 4482 lmo
1047 4429 1160 4499 lege
1183 4424 1445 4498 prohibita
1479 4444 1492 4481 :
1520 4424 1782 4499 Paulusl.
1807 4425 1863 4499 Si
1901 4424 2019 4492 quis

429 4495 653 4572 aliquid.
686 4495 736 4568 §.
785 4498 884 4572 Qui
913 4495 1226 4554 altor-tionis.
1261 4499 1287 4572 §

431 4567 511 4621 nis
531 4577 619 4620 aut
642 4569 947 4641 amatorium
965 4572 1202 4640 poculum
1228 4567 1351 4624 dant
1369 4614 1382 4636 ,
1409 4567 1507 4626 etsi
1527 4572 1644 4625 dolo
1676 4587 1774 4624 non
1797 4569 2009 4641 faciant,

433 4647 599 4711 tanien
634 4640 752 4710 quia
785 4642 907 4695 muli
937 4643 1151 4711 exempli
1179 4659 1257 4696 res
1285 4651 1378 4707 est,
1420 4643 1712 4696 humiliores
1741 4640 1804 4695 in
1835 4640 2013 4694 metal-

432 4709 567 4774 lum,
600 4709 906 4766 honestiores
946 4714 998 4766 in
1037 4709 1254 4768 insulam
1277 4756 1290 4778 ,
1323 4715 1512 4768 amissa
1558 4713 1803 4767 bonorum
1831 4719 1976 4782 parte
1996 4749 2014 4777 ,

431 4782 740 4855 relegantur.
769 4783 918 4850 Quod
945 4786 987 4838 si
1009 4802 1066 4840 eo
1088 4786 1268 4839 mulier
1297 4796 1382 4839 aut
1433 4788 1582 4840 homo
1615 4783 1849 4855 perierit,
1880 4798 2020 4837 sum-

432 4868 516 4927 ma
545 4854 808 4927 supplicia
828 4856 1131 4927 aﬁiciuntur.
1165 4857 1363 4911 Similis
1389 4857 1472 4912 lex
1503 4853 1661 4910 Mosis
1685 4853 1853 4910 Exodi
1881 4868 1978 4907 xxr
1999 4893 2014 4919 ,

429 4923 524 4999 22.
565 4924 748 4999 Codex
773 4923 924 4982 Fuld.
961 4928 1084 4999 legit
1125 4939 1417 4999 conceptum
1474 4939 1708 4993 uterum,
1766 4934 2020 4995 nutatque

435 4993 721 5070 Scioppius
749 5013 812 5053 ex
841 4998 965 5070 jure
1007 4993 1220 5068 phrasin
1251 4993 1390 5070 esse.
1419 4999 1559 5054 llav.

507 5065 589 5136 (d)
606 5065 670 5121 in
692 5065 946 5125 hominem
963 5065 1232 5126 delibatur.
1252 5069 1573 5125 Deliberatur
1589 5070 1711 5126 Jun.
1731 5067 1890 5134 male,
1907 5066 2024 5122 alia:

435 5135 699 5194 editiones
729 5143 922 5198 melius
948 5143 1210 5198 delibatur.
1241 5141 1467 5197 Delibari
1497 5143 1549 5197 in
1581 5140 1852 5197 hominem
1893 5138 2024 5193 dici-

437 5216 541 5285 ιιιιεΔ
566 5213 782 5282 sanguis
807 5255 821 5276 ,
873 5214 998 5269 dum
1030 5231 1094 5270 ex
1129 5215 1572 5285 priestantissimo
1601 5209 1833 5269 hominis
1864 5223 2024 5265 succo

436 5280 932 5353 embryo’nutritur.
981 5280 1278 5342 Lucretius.

562 5372 815 5426 Floriferis
838 5383 893 5428 ut
915 5391 1036 5441 apes
1055 5380 1102 5428 in
1119 5379 1324 5430 saltibus
1339 5381 1501 5430 omnia
1524 5379 1693 5430 libant.

437 5455 642 5539 Estque
679 5459 730 5515 id
773 5461 944 5539 ipsum
978 5464 1118 5532 quod
1146 5464 1313 5520 .lobus
1353 5480 1402 5521 c.
1433 5480 1489 5519 ιι.
1534 5479 1680 5539 vers.
1712 5461 2019 5539 15._l!ouue

435 5531 565 5606 sicut
606 5531 684 5585 lac
714 5534 927 5606 mulsisti
958 5531 1065 5606 nte,
1099 5547 1143 5606 et
1162 5553 1363 5591 caseum
1390 5553 1468 5591 me
1496 5535 1818 5606 coagulasti!
1844 5534 2018 5606 Theo-

438 5599 615 5657 doret.
646 5618 699 5673 p.
725 5603 820 5677 A78.
848 5619 954 5675 quo
980 5605 1168 5660 alludit
1200 5625 1289 5663 rex
1324 5608 1485 5677 David
1520 5599 1611 5664 l‘s:
1654 5621 1886 5662 cxxxtx.
1933 5605 2018 5659 l5.

439 5687 608 5748 nonne
631 5675 937 5748 occultatum
967 5687 1036 5733 est
1065 5694 1120 5732 os
1158 5694 1324 5732 meum
1353 5681 1406 5732 in
1435 5675 1627 5748 abdito,
1659 5689 1706 5732 et
1752 5676 2025 5746 artiﬁciose

439 5744 702 5821 acupiclus
731 5762 844 5800 sum
869 5747 920 5801 in
950 5749 1064 5821 imis
1085 5749 1312 5818 partibus
1344 5759 1490 5804 terra:
1510 5752 1535 5803 ?
1564 5744 1822 5821 liigaltius
1843 5744 2025 5821 tamen

445 5826 511 5868 ex
542 5814 647 5873 MS.
668 5817 904 5875 l'uteano
921 5814 1094 5876 edidit
1108 5820 1442 5889 deliberatur,
1465 5823 1606 5892 quod
1629 5814 1682 5880 Et
1707 5837 1807 5894 ego
1838 5818 1939 5877 feci
1960 5834 2026 5875 ex

2115 1858 2327 1918 gntenta
2364 1891 2378 1914 ,
2430 1849 2720 1904 reconditae
2789 1849 3120 1920 antiquitatis
3178 1850 3377 1919 plena,
3429 1851 3718 1906 emendata

2112 1929 2373 1990 auctaque
2393 1931 2447 1976 et
2479 1921 2618 1975 notis
2662 1921 2923 1974 illustrata
2947 1963 2960 1983 ,
2995 1920 3204 1990 adjecto
3253 1921 3489 1976 omnium
3521 1922 3720 1978 verbo-

2113 2007 2232 2046 rum
2261 1992 2635 2056 voeabulario,
2657 1992 2721 2046 ad
2751 1991 3042 2048 editionem
3081 1993 3342 2048 habemus
3369 2003 3574 2062 parata.
3605 1993 3718 2049 Sed

2113 2064 2227 2136 ipse
2254 2062 2458 2118 Varro:
2489 2080 2722 2136 numeros
2746 2105 2761 2129 ,
2792 2065 2880 2132 qui
2904 2064 2956 2118 in
2999 2079 3298 2135 unoquoque
3323 2074 3473 2134 partu
3502 2065 3710 2136 aliquid

2113 2135 2352 2204 adferunt
2395 2135 2720 2200 mutationis,
2778 2136 2900 2189 dum
2945 2146 3033 2189 aut
3061 2152 3230 2190 semen
3270 2137 3324 2189 in
3367 2135 3709 2207 sanguinem;

2113 2217 2202 2260 aut
2232 2207 2440 2278 sanguis
2467 2207 2521 2260 in
2595 2223 2826 2278 carnem,
2868 2216 2957 2260 aut
2998 2223 3116 2262 raro
3158 2208 3213 2261 in
3261 2207 3477 2278 hominis
3500 2208 3724 2278 ﬁguram

2123 2277 2447 2332 convertitur.
2481 2277 2719 2347 Denique
2748 2279 2861 2344 ipse
2891 2293 3074 2334 rursus
3103 2277 3472 2334 Tertullianns
3506 2277 3594 2333 lib.
3643 2295 3715 2334 tv.

2122 2349 2260 2404 Adv.
2286 2348 2608 2404 Marcionem
2637 2363 2754 2418 cap.
2783 2347 2876 2404 2ι.
2900 2366 2998 2404 ηοιι
3020 2351 3186 2404 decem
3206 2350 3452 2404 mensium
3483 2351 3720 2405 cruciatu

2121 2420 2442 2492 delibet-atus.
2476 2421 2549 2475 Ita
2572 2433 2625 2476 et
2651 2420 2720 2474 ibi
2743 2421 2884 2492 enim
2915 2421 3167 2492 meliores
3187 2419 3339 2476 MSS.
3367 2430 3464 2490 pro
3490 2436 3600 2492 quo
3625 2422 3720 2478 alii

2121 2491 2392 2547 delibatus.
2423 2492 2627 2547 Sensus
2657 2500 2758 2559 est,
2788 2491 2913 2547 dum
2935 2491 3193 2546 deliberat
3219 2492 3420 2546 Natura
3450 2491 3709 2560 iu'ntero,

2118 2563 2316 2618 velitne
2336 2572 2652 2632 conceptum
2675 2578 2860 2619 semen
2881 2565 3333 2634 commixtumque
3355 2564 3405 2618 in
3437 2563 3722 2620 hominem

2119 2636 2352 2690 formare
2376 2677 2390 2701 ,
2424 2652 2490 2690 an
2513 2635 2694 2690 sinere
2725 2644 2779 2690 ut
2808 2634 3022 2703 efﬂuat,
3053 2637 3458 2706 naturalemque
3485 2637 3721 2706 patiatur

2115 2707 2382 2762 abortum.
2438 2706 2575 2762 llav.
3369 2719 3372 2722 ’

2187 2777 2260 2849 lc)
2278 2776 2442 2832 Homo
2462 2787 2532 2834 est
2553 2788 2598 2832 et
2615 2778 2699 2846 qui
2715 2788 2786 2833 est
2805 2779 3024 2850 futurus
3049 2778 3299 2834 Martialis
3318 2778 3407 2834 lib.
3429 2794 3500 2833 ix.
3525 2777 3714 2850 cui?"

2240 2872 2398 2934 Ipsam
2424 2872 2573 2920 crede
2593 2872 2678 2921 tibi
2704 2879 2925 2922 naturam
2957 2873 3125 2924 dicere
3151 2885 3338 2922 verum.

2303 2933 2435 2984 istud
2459 2934 2590 2998 quod
2613 2934 2797 2996 digitis,
2826 2935 3054 2996 Pontice,
3083 2936 3265 2999 perdis,
3294 2935 3436 2985 homo
3466 2940 3560 2984 est.

2119 3019 2269 3075 Licet
2296 3019 2437 3073 enim
2457 3017 2601 3073 JCtis
2628 3028 2809 3088 partus
2833 3019 3068 3091 nandum
3093 3019 3268 3074 editus
3292 3018 3526 3091 nondum
3551 3017 3720 3074 homo

2121 3093 2359 3153 dicatur,
2410 3099 2565 3163 recte
2603 3099 2777 3144 tamen
2812 3091 3004 3146 Paulus
3053 3090 3080 3163 ᾗ
3129 3093 3197 3145 de
3240 3090 3392 3146 statu
3440 3091 3719 3163 hominum

2043 3147 2088 3208 (ἶ
2125 3147 2378 3226 testatur,
2421 3162 2508 3232 qui
2553 3162 2604 3214 in
2640 3171 2782 3232 utero
2811 3168 2918 3228 est",
2965 3147 3172 3229 perinde
3202 3179 3260 3216 ac
3291 3164 3335 3216 si
3362 3163 3414 3216 in
3446 3161 3593 3215 rebus
3625 3162 3720 3232 hu-

2123 3233 2286 3289 manis
2317 3231 2476 3298 esset,
2523 3231 2784 3287 custodiri.
2819 3233 3096 3302 Quomodo
3141 3235 3282 3288 enim
3319 3234 3463 3302 prius
3503 3248 3534 3288 ιι
3573 3231 3723 3289 JCtis

2122 3306 2367 3374 dicatur,
2397 3312 2539 3373 patet
2569 3319 2633 3357 ex
2673 3304 2958 3359 collatione
3008 3304 3294 3360 verborum
3324 3305 3596 3374 l’apiniani
3651 3304 3720 3359 ad

2123 3373 2325 3448 Legem
2348 3375 2637 3430 Falcidiam
2671 3375 2784 3445 Dig.
2822 3391 2993 3430 xxxv.
3039 3377 3125 3430 tir.
3157 3377 3207 3431 2.
3240 3375 3266 3448 §
3298 3377 3352 3432 9.
3390 3373 3456 3428 In
3496 3373 3722 3448 ,Falcida

2126 3447 2353 3520 placuit,
2382 3457 2436 3500 ut
2479 3449 2672 3517 fructus
2703 3456 2874 3515 postea
2901 3450 3151 3518 percepti,
3203 3447 3290 3516 qui
3321 3447 3503 3520 maturi
3533 3448 3724 3520 mortis

2125 3518 2347 3585 tempore
2402 3523 2641 3586 fuerunt,
2701 3528 2916 3589 augeant
2967 3520 3278 3573 haneditatis
3331 3518 3718 3573 mstimationem

2127 3593 2275 3662 fundi
2301 3592 2534 3662 nomine,
2570 3591 2658 3657 qui
2684 3591 2880 3662 videtur
2909 3591 2996 3644 illo
3023 3591 3072 3643 in
3100 3601 3322 3660 tempore
3349 3591 3506 3662 fuisse
3528 3589 3722 3662 pretio-

2126 3660 2248 3717 sior.
2283 3660 2432 3716 Circa
2470 3671 2688 3715 ventrem
2721 3661 2911 3714 ancilla
2939 3663 3081 3716 nulla
3111 3663 3322 3717 temnari
3350 3660 3576 3714 admissa
3606 3661 3718 3715 dis—

2127 3681 2248 3717 stor.
2283 3681 2432 3716 ιλιι-σα
2470 3681 2688 3715 ventrem
2721 3681 2911 3714 aucrua
2939 3681 3081 3716 naua
3111 3681 3205 3715 rem
3231 3681 3320 3715 ron
3352 3681 3576 3714 aanussa
3606 3681 3718 3715 ars—

2127 3735 2300 3788 tinctio
2331 3744 2423 3789 est.
2454 3749 2543 3787 nec
2573 3733 2820 3785 immerito
2842 3775 2855 3794 ,
2885 3735 3002 3802 quia
3043 3681 3228 3799 partus!
3242 3733 3469 3787 nondum
3504 3733 3671 3786 editus
3703 3772 3721 3796 ,

2129 3806 2277 3859 homo
2308 3821 2407 3857 non
2438 3814 2566 3857 recte
2605 3805 2760 3872 fuisse
2797 3804 3001 3858 dicitur.
3029 3804 3218 3860 Sermo
3246 3816 3326 3859 est
3369 3804 3433 3857 de
3462 3803 3636 3867 legato
3665 3813 3723 3858 ct

2130 3874 2550 3930 hmreditattbus.
2586 3873 2750 3928 Pecus
2779 3876 3016 3944 appellat
3069 3876 3295 3932 informe
3325 3874 3449 3928 illud
3481 3873 3720 3929 nondum

2129 3948 2402 4018 hominem
2431 3945 2656 4001 Tertull.
2688 3945 2779 3999 lib.
2804 3947 2872 4002 de
2897 3950 3085 4002 Anima
3108 3963 3226 4018 cap.
3255 3946 3348 4003 25.
3378 3957 3432 4000 et
3451 3946 3722 4018 inetnbra-

2128 4035 2194 4074 na
2226 4013 2410 4073 fretum
2437 4020 2709 4072 involvens
2737 4020 2902 4086 ἆμνισν
2922 4061 2936 4083 ,
2983 4019 3133 4089 quasi
3173 4013 3379 4088 pellem
3409 4017 3603 4089 agnelli
3633 4017 3721 4089 tli-

2129 4103 2248 4156 cas,
2303 4089 2574 4144 veteribus
2603 4098 2897 4154 nuncupata
2929 4088 3045 4144 fuit.
3078 4091 3254 4159 Itaque
3286 4105 3385 4144 nec
3413 4088 3719 4144 audiendus

2128 4169 2212 4218 est
2238 4161 2553 4216 AristOteles
2573 4159 2708 4229 ,rqui
2741 4160 2958 4214 nimiam
2987 4161 3180 4216 civium
3214 4160 3612 4226 multitudinem
3667 4160 3722 4213 in

2124 4248 2228 4288 una
2245 4235 2456 4287 civitate
2483 4233 3040 4296 dissuasurus,semcn
3063 4232 3459 4300 vultcorrumpi
3488 4241 3540 4286 et
3560 4231 3722 4285 abor-

2124 4306 2288 4362 tivum
2317 4304 2499 4367 reddi,
2531 4313 2813 4372 antequam
2839 4304 2998 4358 homo
3032 4305 3198 4373 possit
3225 4303 3511 4358 nominari.
3548 4300 3722 4358 Verba

2124 4377 2240 4447 ejus
2267 4391 2389 4433 sunt
2417 4378 2510 4434 lib.
2542 4393 2636 4432 vn.
2675 4375 3019 4431 l’oliticorum
3058 4390 3175 4444 cap.
3214 4373 3302 4430 i6.
3415 4384 3432 4447 Α·

2196 4448 2265 4518 (f)
2282 4447 2448 4522 Etiam
2466 4452 2656 4522 fructus
2678 4449 2862 4522 cumis,
2881 4447 2992 4513 jam
3016 4447 3066 4500 in
3093 4448 3279 4522 semine
3301 4454 3393 4500 est.
3412 4445 3487 4501 De
3503 4445 3725 4506 Zenone

1317 4514 1382 4554 nc
1407 4500 1600 4588 poenis.
1656 4497 1757 4564 Qui
1787 4497 2009 4588 aﬂbortiol-

2119 4497 2654 4577 sia'éJriigsaaat
2677 4497 2735 4588 .3:
2750 4497 2862 4574 531'
2881 4497 2970 4572 2..
2990 4497 3080 4588 γὲέρ
3097 4497 3188 4571 ἥξοι
3203 4497 3719 4588 signasigna;

2120 4602 2260 4668 ὑγρόν
2289 4601 2401 4650 ὄντα
2421 4599 2502 4649 καὶ
2527 4602 2784 4662 μιτέχθντα
2807 4596 3083 4668 “tropum,
3125 4597 3573 4668 ἶ-ἧςμίυχῆς-εφηῗ,ἵ
3600 4594 3722 4642 εἶναι

2119 4661 2258 4739 μιξρος
2295 4694 2345 4725 τι
2383 4680 2466 4724 καὶ
2494 4661 2809 4731 etiamm.
2847 4661 3074 4739 genitale
3101 4661 3346 4739 siquidem
3376 4661 3609 4739 hominis
3637 4676 3722 4714 se-

2122 4732 2258 4808 men,
2289 4741 2424 4813 quod
2449 4741 2661 4813 [tumore
2695 4752 2755 4789 ac
2796 4735 2976 4813 spiritu
3020 4732 3436 4813 pra’ditu-ntcsse
3471 4735 3718 4813 cernitur,

2126 4802 2321 4883 partem
2356 4827 2466 4870 esse
2491 4810 2695 4883 anima:
2715 4847 2728 4872 ,
2751 4802 3124 4883 quarrtdamque
3165 4804 3312 4857 veluti
3343 4802 3724 4883 _abscissioaent

2123 4873 2336 4952 putavit.
2369 4882 2552 4951 [inpiae
2579 4880 2756 4946 itaque.
2783 4877 3191 4952 Platonis-leges
3216 4875 3354 4943 apud
3375 4873 3718 4952 _e_umdem__p.

2124 4945 2249 5012 i5l.
2279 4947 2406 5012 ὅταν
2430 4945 2565 5016 δὶμὶ
2583 4965 2793 5019 γυναῖκες
2820 4990 2834 5009 ,
2865 4957 2975 5001 etc.
3009 4945 3108 5019 Ubi
3136 4955 3303 5019 autem
3339 4945 3432 4998 viri
3458 4954 3502 4997 et
3530 4945 3720 5019 mulie-

2130 5045 2210 5082 res
2259 5027 2496 5100 gigneudi
2545 5017 3103 5100 tempus_excess_erint,
3151 5017 3333 5070 liberos
3367 5032 3456 5100 eos
3495 5017 3721 5069 sinemus

2129 5089 2411 5154 conviva-Euri
2441 5107 2492 5151 ut
2533 5089 2719 5156 velint;
2749 5093 2841 5145 hoc
2875 5089 3038 5144 soluat
3069 5096 3450 5159 prwmonentes,
3486 5103 3548 5159 ne
3573 5103 3722 5157 quem

2129 5171 2350 5241 amplius
2371 5176 2662 5238 conceptum
2689 5167 2860 5241 [cetum
2881 5163 2932 5214 in
2955 5160 3116 5241 lucem
3140 5158 3291 5241 edant
3318 5176 3330 5212 :
3357 5159 3399 5211 si
3420 5158 3533 5227 quis
3552 5167 3724 5241 autem
3741 5215 3758 5228 ο

2128 5228 2413 5296 ἱηδὶὶιιιιιιυι
2443 5228 2537 5293 hoc
2567 5239 2636 5291 ita
2667 5228 2886 5298 violarit,
2917 5243 2972 5285 ut
3003 5235 3175 5300 factum
3204 5228 3272 5281 ad
3301 5230 3726 5300 parttunperdu-

2130 5323 2231 5378 cat,
2252 5314 2322 5367 ita
2347 5329 2460 5366 eum
2487 5308 2698 5374 denique
2724 5311 2964 5378 exponat,
2983 5299 3037 5378 ut
3055 5302 3190 5355 Omni
3237 5315 3446 5378 prorsus
3473 5299 3723 5378 alimonia

2130 5370 2318 5438 careat.
2353 5383 2478 5451 Alii,
2509 5389 2554 5434 et
2582 5370 2848 5449 [ructus—0.
2869 5376 2990 5446 jam
3007 5374 3058 5427 in
3083 5389 3128 5428 s.
3159 5389 3204 5426 e.
3241 5370 3414 5424 Rhea.
3445 5379 3491 5423 et
3522 5372 3722 5440 {ructus

2125 5457 2363 5512 hominis.

2198 5528 2273 5602 (ις)
2316 5527 2391 5602 ne:
2429 5522 2694 5602 ιαηριιεηίε
2734 5519 2939 5602 Pabula;
2971 5513 3724 5602 Rementem"arcentes

2198 5543 2273 5602 (ἧς)
2316 5543 2391 5582 υϐ
2429 5543 2520 5581 san
2561 5543 2694 5576 unus
2734 5543 2939 5590 puuuw.
2971 5543 3262 5597 navalium
3301 5543 3351 5567 ιιι
3381 5543 3724 5570 uuvclaauua

2125 5603 2327 5657 crimen
2357 5599 2424 5653 de
2456 5543 2652 5667 pabulo
2673 5589 2850 5646 crudae
2878 5598 2933 5667 e_t
2957 5601 3230 5656 sangnuns
3258 5585 3486 5667 haustu;
3520 5584 3588 5667 de
3615 5601 3724 5656 quo

2127 5655 2276 5728 more
2303 5655 2472 5724 multa
2491 5672 2886 5733 congesserunt
2908 5655 3233 5733 [interpretes
3262 5655 3573 5733 Minuciani.

2204 5741 2284 5813 (Ιι)
2328 5726 3172 5813 De]usunt_br_qchii_s_sanguinein.
3198 5726 3342 5813 inde
3379 5727 3724 5813 Lydiiubjyn-

2131 5798 2304 5888 tagnia
2329 5798 2538 5871 sacrum
2564 5807 2632 5865 de
2663 5807 2741 5862 lie
2770 5798 2965 5875 Milﬁpl
2993 5800 3121 5857 205.
3168 5810 3221 5856 et
3259 5809 3412 5857 natas
3447 5798 3512 5854 ad
3545 5798 3721 5854 Minu-
