4106 6330
451 329 555 388 52³1

1834 318 2293 377 TER'fULLlANl

3648 308 3761 366 528

452 443 692 504 monium
732 455 955 500 excessu
980 483 996 508 ,
1045 447 1245 496 tantum
1275 448 1329 496 et
1355 439 1424 496 ab
1453 437 1642 495 incesti
1672 451 1799 494 casu
1828 439 1923 492 tuti
1951 452 2048 492 su-
2077 438 2126 498 Λ
2155 435 2235 492 bis
2276 434 2405 508 ipsis
2431 476 2445 502 ,
2473 431 2641 489 semel
2683 431 2813 488 deos
2841 444 2946 487 non
2975 427 3220 486 colendo.
3261 427 3445 500 Itaque
3483 424 3748 497 sacrilegii

453 553 592 595 mus.
624 534 848 604 Quidam
872 533 1041 588 multo
1067 533 1368 589 securiores
1389 542 1552 588 totam
1570 531 1676 586 vim
1707 531 1864 601 hujus
1889 545 2041 586 erro-

452 630 529 686 ris
559 628 761 698 virgine
789 625 1119 681 continentia
1151 625 1425 697 depellunt
1455 667 1470 692 ,
1501 639 1660 681 senes
1688 625 1858 694 pueri.
1909 622 2042 678 lltec

450 720 504 777 in
532 721 682 783 vobis
701 733 821 775 esse
850 719 894 774 si
919 719 1355 787 consideraretis,
1385 719 1609 790 proinde
1641 720 1692 774 in
1722 715 2046 772 Christianis

451 827 558 869 non
615 828 736 868 esse
781 810 1183 883 perspiceretis.
1249 809 1414 865 Iidem
1458 811 1600 866 oculi
1649 810 2047 865 renuntiassent

450 915 758 977 utrumque.
785 905 890 962 Sed
921 905 1180 961 excitatis
1207 903 1327 960 dua:
1373 906 1582 974 species
1621 903 1778 959 facile
1822 917 2047 958 concur-

449 1009 594 1066 runt,
623 1000 793 1071 utqui
819 1014 923 1054 non
967 999 1151 1055 vident
1177 1013 1296 1071 qua:
1323 1007 1486 1066 sunt,
1535 997 1719 1054 videre
1767 996 2047 1053 videantur

355 1160 360 1168 _
460 1109 579 1164 qum
602 1107 709 1149 non
737 1101 880 1148 sunt.
911 1092 1001 1148 Sic
1020 1106 1114 1163 per
1139 1091 1316 1147 omnia
1340 1090 1639 1148 ostendam.
1672 1088 1822 1146 Nunc
1843 1088 1909 1144 de
1935 1102 2050 1143 ma-

335 1251 351 1263 .
452 1185 816 1244 nileSIioribus
840 1183 1013 1242 dicam
1040 1184 1142 1257 (l).

1080 1300 1304 1358 CAPUT
1343 1299 1414 1355 Χ.

453 1437 1260 1510 Αιιοωιεητυη.-Ρνο9νεάίιυν
1275 1438 1388 1508 jam
1409 1436 1478 1491 ad
1493 1436 1678 1491 crimen
1694 1435 2050 1508 irreligiosita-

527 1534 614 1601 tis,
637 1533 804 1603 aitque
833 1531 1149 1587 Christianos
1174 1529 1392 1584 Deorum
1421 1530 1615 1584 cultum
1641 1545 1899 1596 recusare,
1927 1530 2048 1600 quia

523 1625 611 1681 Dii
634 1643 734 1681 non
755 1635 892 1690 sunt,
913 1625 1130 1688 colendi,
1158 1625 1200 1678 si
1228 1623 1484 1678 Divinitas
1511 1640 1684 1678 eorum
1708 1623 2052 1678 demonstrari

525 1717 962 1790 possit.Provocat
978 1721 1145 1787 itaque
1163 1717 1231 1770 ad
1247 1717 1602 1771 conscientiam
1620 1716 1910 1781 Gentilium,
1933 1731 2046 1786 qute

2150 527 2223 600 (b)
2246 537 2299 582 ct
2324 525 2620 597 ntajestatis
2648 525 2724 580 rei
2749 523 3115 580 convenimur.
3141 522 3360 578 Summa
3391 521 3505 576 lucc
3529 534 3745 586 caussa,

2150 619 2257 674 imo
2281 627 2388 672 tota
2417 628 2499 673 cst
2522 658 2537 684 ,
2573 627 2626 672 et
2651 618 2836 688 utique
2866 617 3026 688 digna
3071 615 3320 686 cognosci
3348 655 3362 679 ,
3392 614 3436 669 si
3470 628 3575 669 non
3609 628 3750 684 pra:-

2149 714 2384 785 sumptio
2432 723 2523 769 aut
2553 713 2810 784 iniquitas
2837 711 3042 782 jtulicet
3067 754 3082 779 ,
3124 711 3290 766 altera
3316 725 3434 780 quae
3461 707 3711 780 desperat
3734 749 3751 776 ,

2150 806 2229 880 (Ξ)
2263 808 2428 862 altera
2479 821 2598 876 qua:
2644 813 2856 860 recusat
2899 805 2975 876 (5)
3021 804 3322 859 veritatem.
3353 802 3492 856 Deos
3537 810 3747 856 vestros

2154 902 2335 958 colere
2361 900 2658 957 desinimus
2689 899 2796 969 (c);
2825 914 2892 956 ex
2923 913 3029 971 quo
3070 898 3190 954 illos
3231 912 3337 953 non
3367 911 3492 952 esse
3527 907 3757 967 cognos-

2157 995 2348 1050 cimus.
2381 994 2492 1049 lloc
2517 993 2675 1064 igitur
2704 993 2920 1065 exigere
2950 991 3178 1059 debetis,
3214 993 3286 1046 uti
3320 990 3609 1061 probemus
3638 1003 3755 1045 non

2159 1102 2280 1144 esse
2312 1087 2431 1142 illos
2457 1086 2589 1144 deos
2619 1129 2634 1152 ,
2667 1095 2721 1142 et
2765 1086 2968 1142 idcirco
2995 1100 3102 1141 non
3149 1084 3404 1141 colendos
3429 1124 3444 1150 ,
3473 1084 3599 1155 quia
3631 1092 3758 1139 tunc

2161 1181 2376 1238 demum
2405 1179 2509 1236 coli
2534 1179 2869 1242 debuissent.
2895 1181 2937 1234 si
2961 1178 3035 1234 dii
3067 1178 3312 1234 fuissent.
3334 1177 3486 1233 Tunc
3505 1184 3563 1232 et
3581 1174 3759 1232 Chris-

2164 1275 2291 1330 tiani
2325 1271 2574 1345 puniendi
2603 1315 2617 1340 ,
2665 1273 2709 1328 si
2739 1286 2872 1344 quos
2898 1287 3004 1326 non
3028 1269 3268 1326 colerent
3291 1255 3324 1335 ,’
3351 1269 3475 1342 quia
3505 1274 3759 1339 putarent

2160 1384 2265 1424 non
2297 1382 2438 1435 esse,
2471 1371 2744 1422 constaret
2773 1365 2891 1420 illos
2911 1363 3044 1423 deos
3073 1378 3213 1420 esse.
3243 1362 3350 1419 Sed
3381 1362 3535 1418 nobis
3575 1360 3758 1432 inqui-

2161 1463 2250 1525 tis,
2271 1460 2343 1516 dii
2369 1468 2515 1516 sunt.
2552 1458 2899 1530 Appellamus
2929 1467 2984 1514 et
3005 1472 3360 1529 provocamus
3390 1471 3421 1511 a
3451 1455 3606 1512 vobis
3627 1455 3757 1526 ipsis

2156 1554 2224 1611 ad
2245 1552 2634 1631 conscientiam
2657 1560 2888 1612 vestram
2917 1593 2932 1617 ,
2965 1551 3056 1606 illa
3098 1566 3198 1606 nos
3221 1551 3428 1622 judicct
3455 1590 3471 1616 ,
3521 1549 3611 1604 illa
3658 1561 3758 1604 nos

2155 1649 2499 1716 condemnet,
2521 1648 2564 1704 si
2588 1647 2783 1719 poterit
2809 1661 3003 1718 negare
3032 1661 3222 1702 omnes
3246 1646 3375 1701 istos
3395 1644 3530 1700 deos
3548 1653 3759 1699 vestros

2158 1741 2406 1798 homines
2427 1740 2591 1797 fuisk
2610 1737 2836 1813 (d).,Scd
2860 1749 2916 1795 et
2937 1738 3049 1810 ipsa
3079 1737 3283 1794 inficias
3313 1736 3358 1793 si
3381 1736 3524 1804 ierit,
3557 1735 3624 1792 de
3644 1735 3759 1791 suis

522 1827 822 1907 πθθαῗέηθη
840 1807 1469 1907 ΡίῗίθδίῩΜ¹¹⁸³μί¹¹⁰³υθίῗ³
1487 1809 1713 1907 ¹ξ9²⁷¹ῨΨ⁸
1729 1809 1848 1907 f’li'"
1866 1809 2043 1880 (“imi
2083 1813 2128 1873 Β
2157 1836 2534 1907 antiquitatum
2566 1807 2940 1890 instrumentis
2960 1807 3279 1889 revincetur
3300 1874 3315 1899 ,
3346 1831 3414 1888 de
3443 1831 3638 1903 quibus
3661 1844 3760 1887 eos

520 1905 659 1977 quod
675 1905 788 1975 jam
815 1903 968 1958 unius
995 1903 1210 1959 Saturni
1233 1903 1469 1973 exemplo
1496 1901 1689 1972 liquido
1707 1902 2038 1956 demonstrat.

522 2017 602 2090 (a)
635 2019 792 2086 Deos,
822 2020 1062 2092 inquitis,
1091 2035 1196 2075 non
1226 2019 1404 2099 colitis
1426 2060 1439 2084 ,
1466 2028 1519 2096 et
1564 2033 1660 2089 pro
1707 2019 2045 2090 imperatori-

448 2111 549 2169 bus
595 2114 854 2170 sacrilicia
913 2130 1018 2170 non
1078 2112 1404 2184 impenditis.
1459 2111 1712 2183 Sequitur
1753 2121 1809 2167 ut
1859 2113 2047 2168 eadem

445 2205 656 2262 ratione
685 2221 783 2276 pro
807 2205 928 2262 aliis
955 2219 1060 2261 non
1087 2204 1456 2261 sacriﬁcemus
1476 2246 1490 2271 ,
1535 2204 1658 2276 quia
1687 2218 1788 2260 nec
1817 2219 1914 2276 pro
1951 2222 2051 2261 no-

2149 1927 2338 1984 didicit
2371 1969 2388 1996 ,
2450 1926 2815 1984 testimonium
2848 1924 3257 1997 perhibentibus
3303 1924 3370 1978 ad
3397 1923 3678 1979 hodierum
3703 1930 3764 1978 et

2149 2020 2457 2077 civitatibus
2478 2061 2491 2085 ,
2523 2020 2574 2075 in
2601 2019 2796 2090 quibus
2836 2019 2944 2074 nati
2990 2026 3114 2072 sunt
3157 2018 3229 2089 (e)
3251 2058 3266 2084 ,
3318 2027 3373 2072 et
3402 2015 3713 2089 regionibus
3738 2056 3759 2084 ,

2158 2114 2209 2170 in
2239 2113 2432 2186 quibus
2470 2112 2668 2184 aliquid
2692 2113 2896 2184 operati
2923 2111 3143 2183 vestigia
3171 2111 3526 2183 reliquerunt,
3550 2111 3602 2166 in
3626 2111 3757 2182 qui-

2158 2209 2257 2264 bus
2277 2209 2438 2264 etiam
2467 2207 2660 2279 sepulti
2689 2207 2767 2278 (f)
2791 2206 3252 2264 demonstrantur.
3280 2205 3387 2265 Nec
3412 2220 3511 2277 ego
3540 2219 3636 2278 per
3655 2204 3762 2260 sine

1697 2319 2072 2398 LECTIONES
2113 2322 2528 2380 VARIANTES.

511 2435 584 2498 (1)
617 2434 710 2485 Vv.
753 2433 835 2484 Sic
857 2447 946 2496 per
967 2433 1130 2498 omnia
1154 2433 1412 2498 ostendam
1433 2433 1603 2484 desunt
1629 2429 1678 2483 in
1695 2433 1772 2498 ed.
1797 2432 2034 2497 Illtenatti,

449 2496 628 2563 etquae
663 2503 924 2563 sequuntur
963 2497 1151 2563 {Nune
1173 2497 1238 2545 de
1262 2496 1676 2563 manifestioribus
1697 2496 1872 2558 dicam,
1894 2509 1940 2547 c.
1969 2496 2038 2548 1.

444 2557 845 2625 adscripta.
869 2559 932 2612 de
957 2562 1085 2611 Hau.
1110 2559 1248 2610 Nunc
1274 2565 1326 2608 et
1345 2560 1636 2609 manifestis.

2210 2436 2282 2561 E2)
2316 2435 2565 2498 DeSperet
2592 2432 2746 2486 Paris.

2235 2499 2285 2561 5)
2320 2497 2534 2550 Recuset
2555 2497 2710 2549 Paris.

2235 2497 2285 2563 5)
2320 2497 2534 2550 Recuset
2555 2497 2710 2549 Paris.

1800 2666 2366 2730 COMMENTARIUS.

445 2794 696 2856 liberales.
727 2793 771 2848 si
809 2792 958 2846 modo
985 2791 1297 2848 committant
1331 2806 1384 2844 se
1410 2789 1461 2843 in
1493 2789 1649 2854 ﬁdem
1681 2787 1794 2851 Dei.
1824 2798 1870 2844 et
1907 2790 2027 2844 doc-

444 2867 631 2920 trinam
655 2865 780 2920 .lestt
815 2865 1082 2930 recipiant,
1111 2873 1307 2916 tantum
1336 2863 1517 2915 absunt
1543 2861 1606 2914 ab
1635 2864 1771 2915 ontnt'
1796 2861 2023 2923 lascivia.

441 2938 704 3008 spurcitia,
739 2936 1056 3001 turpitudine
1078 2933 1377 3008 libidinum,
1399 2943 1452 3008 ut
1483 2933 1535 2985 itt
1564 2949 1753 3008 morem
1780 2936 2045 3008 perfecto--

442 3004 557 3062 rum
576 3008 892 3064 sacerdotum
917 3011 980 3060 ab
1004 3007 1140 3060 omni
1175 3007 1306 3058 coitu
1329 3004 1722 3063 abhorrentium.
1755 3005 1896 3058 multi
1935 3021 2023 3060 eo-

441 3097 558 3134 rum
595 3081 650 3134 in
689 3090 847 3134 totum
879 3088 1011 3134 caste
1051 3093 1270 3148 pureque
1303 3078 1490 3148 vivant,
1521 3074 1675 3129 alieni
1699 3093 1730 3128 a
1754 3091 2024 3146 congressu

443 3151 711 3206 mulierum
734 3154 884 3206 etiam
908 3147 1143 3222 legitimo.
1179 3149 1296 3203 Mox
1322 3163 1351 3202 a
1381 3147 1552 3203 Rhen.
1581 3148 1734 3202 abest
1762 3155 1807 3200 et
1833 3147 2025 3215 ﬁdelis-

441 3224 591 3278 sima.
625 3223 756 3278 llav.

513 3295 665 3350 CAP.
707 3293 776 3348 Χ.
803 3323 874 3334 --
910 3293 984 3365 (a)
1016 3291 1177 3365 Deos:
1204 3291 1411 3358 inquitis
1432 3333 1446 3354 ,
1475 3305 1576 3365 non
1606 3290 1789 3365 colitisf
1824 3290 2028 3346 Passim

440 3365 580 3436 apud
610 3367 810 3422 Arnob.
856 3362 1032 3420 utilib.
1057 3365 1098 3419 l.
1133 3363 1337 3434 Ergone
1361 3363 1532 3432 impia:
1555 3362 1813 3436 religionis
1853 3379 2029 3417 sumus

442 3433 582 3508 apud
611 3455 695 3492 vos
717 3439 810 3503 rei,
843 3447 888 3490 et
932 3437 1067 3506 quod
1095 3433 1246 3505 caput
1277 3450 1452 3508 rerum
1474 3443 1519 3486 et
1548 3433 1778 3486 columen
1815 3449 2025 3508 venera-

441 3504 623 3564 bilibus
652 3509 853 3562 adimus
880 3504 1127 3578 obsequiis
1159 3504 1234 3578 (ut
1265 3504 1488 3578 convicio
1517 3514 1720 3578 utamur
1740 3508 1925 3578 vestro)
1948 3507 2027 3558 in-

439 3581 596 3652 fausti
626 3592 672 3634 et
697 3581 834 3634 athei
863 3575 1238 3648 nuncupantur.
1271 3575 1483 3652 Lib.__V.
1522 3575 1720 3652 Audere
1747 3592 1832 3652 nos
1863 3576 2027 3632 dicere

437 3648 502 3706 es
527 3653 608 3706 his
631 3653 857 3717 atlteunt,
889 3651 1248 3721 irreligiosum,
1277 3648 1600 3721 sacrilegum,
1625 3649 1711 3721 qui
1736 3648 1868 3721 Deos
1891 3664 2019 3710 esse.

441 3724 646 3778 omnino
687 3733 774 3776 aut
818 3718 1048 3792 negantf
1072 3731 1159 3774 aut
1204 3718 1547 3792 dttbitetttaEt
1584 3720 1673 3772 lib.
1704 3720 1802 3792 Νι.
1834 3718 2025 3792 lit/tat:

442 3797 590 3849 enim
614 3789 896 3848 consuestis
930 3801 1072 3862 parte
1110 3792 1325 3845 invidias
1369 3791 1510 3843 nobis
1550 3789 2028 3862 tumultuosissimas

441 3867 714 3925 concitare,
749 3860 1011 3934 appellare
1038 3879 1128 3916 nos
1160 3865 1356 3934 atlteos,
1385 3871 1428 3934 e_t
1458 3860 1593 3930 quod
1633 3861 1916 3934 minimum
1935 3864 2024 3934 tri-

443 3936 652 4060 buanmls
685 3931 828 3988 DiisJ
853 3933 982 3989 Vide
1028 3935 1178 4003 plura
1218 3932 1357 4004 apud
1400 3931 1725 4002 lnterprctes
1757 3931 2024 3986 Arnobiu-

443 4022 560 4060 nos.
640 4023 726 4060 sv.

442 4022 560 4061 ιιυς.
593 4022 726 4060 IIAV.

514 4077 591 4147 (b)
619 4075 910 4148 Sacrilegii.
928 4075 1240 4131 Convicium
1263 4073 1403 4144 quod
1421 4073 1703 4148 confestim
1730 4072 2035 4129 christianis

443 4145 1012 4218 ingerebatur,'supra
1055 4161 1108 4218 7c.
1142 4161 1219 4218 _n.
1260 4145 1461 4218 quando
1485 4145 1555 4218 de
1609 4145 1778 4218 aliquo
1825 4155 2030 4218 nocente

442 4219 762 4289 cognoscitis,
794 4227 898 4273 etc.
923 4216 936 4283 ξ
967 4228 1021 4273 et
1051 4216 1178 4272 ibid.
1204 4217 1388 4289 laniari
1415 4216 1588 4289 iubere
1614 4216 1937 4289 sacrilegum,
1985 4217 2030 4270 si

442 4285 672 4358 conﬁteri
717 4292 1116 4358 perseveraverit.
1148 4297 1203 4343 et
1229 4287 1292 4341 ad
1321 4287 1603 4356 Scapulam
1653 4302 1703 4342 c.
1735 4285 1807 4342 it.’
1836 4285 2027 4343 Tamen

442 4377 554 4425 nos,
587 4376 712 4430 quos
739 4362 1009 4430 sacrilegos
1053 4360 1367 4423 existimatis,
1409 4360 1595 4430 necin
1624 4358 1766 4427 furto
1807 4375 2028 4430 unquam

443 4429 865 4502 depreltendistis,
898 4429 1084 4502 nedum
1109 4432 1162 4484 in
1191 4430 1475 4502 sacrilegio.
1511 4429 1621 4483 lmo
1660 4431 1813 4484 solita
1847 4429 2025 4502 pupuli

441 4501 559 4556 tet-at
583 4502 894 4557 acclamatio
915 4501 967 4573 in
985 4501 1336 4573 deposcendis
1356 4503 1695 4564 innocentum
1724 4501 2019 4573 suppliciis,

442 4573 588 4628 Tolle
616 4574 910 4642 sacrilegos.
945 4563 1166 4626 Rufinus
1189 4587 1252 4626 ex
1303 4572 1534 4628 Eusebio
1556 4563 1721 4628 Eccl.
1757 4563 1892 4628 Hist.
1938 4563 2022 4630 IV.
2051 4563 2105 4622 D

439 4645 615 4700 Judea:
661 4645 729 4697 ad
777 4643 1125 4714 Polycarpum
1168 4643 1392 4697 :Itttbeto
1431 4645 1596 4698 (etatis
1643 4654 1742 4698 tute
1791 4660 2023 4699 revereri.

441 4719 586 4781 tiam,
611 4725 656 4770 et
684 4731 834 4785 parce
857 4717 1050 4788 ultima;
1079 4715 1318 4788 senectuti
1341 4724 1459 4788 ωας,
1471 4785 1478 4788 Α
1481 4717 1604 4784 jura
1626 4719 1882 4788 fortunam
1908 4715 2025 4771 Cte-

441 4789 594 4854 saris,
635 4803 812 4859 geretis
847 4787 916 4859 de
958 4785 1210 4859 prioribus
1253 4785 1635 4859 ptenitudinent,
1682 4797 1726 4840 et
1765 4787 2026 4842 conclamo

443 4861 598 4913 etiam
623 4856 676 4912 tu
709 4874 727 4912 :
760 4857 902 4912 Tolle
928 4857 1221 4928 sacrilegos.
1270 4856 1466 4928 Ibidem
1491 4898 1504 4920 ,
1554 4857 1622 4912 de
1660 4865 1833 4912 morte
1884 4860 2022 4916 Poli-

443 4933 633 5000 carpi:
695 4929 825 4985 Cant
869 4945 934 4984 ea:
986 4927 1139 5000 hujus
1183 4935 1284 5000 tam
1323 4927 1534 5000 insignis
1565 4940 1722 4983 morte
1772 4939 2026 4996 stuporem

443 5004 654 5071 cepisset
683 5002 896 5056 astantis
927 4999 1105 5071 populi
1149 4999 1421 5071 multitudo
1449 5008 1494 5052 et
1523 5000 1676 5053 totius
1718 5001 2021 5055 christiano-

2131 2794 2219 2848 67.
2261 2794 2348 2864 qui
2380 2794 2736 2861 interrogatus
2767 2808 2794 2847 a
2823 2787 3054 2862 Nerone,
3084 2793 3276 2864 quibus
3296 2796 3480 2852 causis
3502 2795 3568 2852 ad
3596 2798 3738 2855 obli.

2130 2865 2342 2941 vioncm
2373 2866 3077 2941 sacramentiprocessisset
3109 2883 3121 2918 :
3147 2865 3386 2941 Oleram
3419 2878 3484 2928 te.
3538 2870 3729 2941 inquit,

2129 2939 2508 3008 necquisquam
2533 2939 2620 2990 tibi
2647 2937 2848 3002 fidelior
2877 2939 3092 2990 militum
3127 2940 3246 3007 fuit.
3282 2940 3408 2992 dum
3439 2937 3616 2995 amari
3634 2937 3737 2997 mc-

2127 3009 2307 3074 ruisti;
2337 3009 2502 3063 odisse
2529 3009 2688 3076 capi,
2711 3019 2976 3078 postquam
3005 3010 3266 3078 p'trricida
3311 3013 3487 3064 matris
3518 3023 3564 3066 et
3598 3030 3734 3069 uxo-

2129 3080 2219 3139 ris.
2255 3082 2449 3150 auriga,
2486 3080 2662 3134 histrio
2691 3089 2737 3133 et
2769 3081 3112 3134 incendiarius
3153 3082 3415 3136 exstitisti.
3453 3083 3589 3138 llav.

2215 3150 2294 3221 (d)
2323 3149 2562 3205 ﬂamines
2583 3152 2755 3221 fuisse.
2780 3151 2903 3206 litec
2927 3151 3084 3206 habet
3113 3151 3316 3206 Tullius
3333 3153 3554 3222 Tuscul.
3584 3157 3623 3219 Ι.
3649 3156 3742 3212 12.

2063 3210 2108 3273 C
2145 3210 2288 3295 Quid,
2325 3232 2482 3276 totum
2521 3210 2677 3292 prope
2699 3224 2878 3277 caelum
2902 3266 2914 3287 ,
2951 3240 3012 3276 ne
3038 3225 3204 3290 plures
3237 3217 3542 3295 persequar,
3578 3210 3750 3282 nonne

2135 3293 2357 3346 ltum'tno
2387 3310 2563 3363 genere
2589 3298 2893 3362 completum
2924 3305 3000 3348 est
3024 3296 3049 3347 ἴ)
3079 3295 3142 3348 Si
3171 3312 3285 3349 vero
3317 3293 3536 3352 scrutari
3577 3310 3749 3354 cetera

2132 3374 2178 3418 et
2217 3381 2279 3418 ea:
2320 3365 2398 3418 Itis
2425 3381 2482 3417 ea
2521 3381 2635 3436 qua:
2657 3367 2926 3433 scriptores
2961 3364 3176 3420 ercia:
3207 3369 3541 3436 prodiderunt
3569 3386 3751 3426 eruere

2130 3451 2299 3500 coner,
2331 3437 2429 3505 ipsi
2457 3437 2533 3490 illi
2566 3438 2820 3506 majorum
2851 3439 3077 3507 gentiunt
3105 3437 3178 3490 dii
3205 3439 3294 3508 qui
3307 3441 3593 3508 inibantur.
3623 3441 3748 3496 Itinc

2130 3524 2164 3581 a_
2191 3509 2331 3561 nobis
2354 3503 2571 3577 profecti
2621 3503 2671 3560 in
2711 3503 2892 3581 cwlunt
2939 3503 3504 3581 reperimrtirnﬁutere
3530 3528 3749 3581 quorum

2131 3579 2540 3656 demonstrantur
2587 3580 2858 3645 sepulchra
2901 3581 2956 3656 in
2984 3578 3186 3633 ereia
3217 3597 3236 3633 :
3264 3578 3586 3635 reminiscere
3611 3601 3747 3656 quo-

2129 3651 2266 3703 niam
2293 3667 2346 3725 es
2385 3652 2612 3725 initiatus
2655 3666 2769 3720 qua:
2795 3652 3064 3725 traduntur
3092 3653 3372 3725 mysteriis,
3392 3663 3498 3706 tum
3528 3651 3750 3725 denique

2135 3737 2285 3792 qttttttt
2328 3723 2419 3775 hoc
2464 3721 2563 3776 late
2592 3731 2758 3792 patextt
2788 3724 3054 3792 intelliges.
3091 3722 3215 3776 Hec
3258 3724 3504 3778 similiter
3537 3725 3602 3781 de
3645 3721 3750 3782 diis

2137 3793 2504 3862 Egypliorum,
2537 3804 2960 3864 ceterorumque
2993 3794 3306 3864 populorum
3344 3795 3505 3849 tradit
3541 3797 3747 3852 Diodo-

2139 3878 2230 3934 rqs
2260 3864 2425 3918 Sicul.
2460 3864 2553 3917 lib.
2586 3863 2628 3928 Ι,
2660 3878 2710 3931 p.
2745 3865 2806 3917 17
2834 3882 2844 3916 ε
2879 3872 2988 3935 Περί
3011 3875 3091 3930 μὲν
3112 3863 3187 3919 aut
3213 3878 3304 3920 τῶν
3333 3871 3378 3919 ἐν
3407 3871 3581 3938 οὖρα-ίῳ
3605 3879 3741 3937 θεῶν,

2136 3941 2414 4009 ξαὲγὲνεσιν
2457 3938 2610 3988 ἀΐδην
2653 3940 2918 4001 ἐσχηκότωι
2949 3944 3164 3991 τοκεῦ-ται
3206 3947 3412 4007 λέγητε-ι
3457 3944 3741 4010 Αἰγύπτιον.

2137 4015 2307 4065 Alica;
2335 4011 2380 4059 δὲ
2407 4013 2454 4060 ει
2470 4012 2644 4060 τςὺτων
2665 4011 2893 4076 ἐπιγείους
2917 4017 3128 4078 γέιισοκι
3159 4021 3273 4076 ρει-τὰ
3295 4028 3306 4039 ·
3334 4016 3636 4080 inrigat-trra;
3655 4023 3748 4080 μὲν

2136 4086 2348 4140 ονητοὺς,
2378 4081 2460 4129 διὰ
2489 4081 2536 4129 δὲ
2564 4085 2740 4131 σύκων
2763 4090 2845 4130 atati
2875 4089 3032 4131 not-nio
3052 4083 3299 4148 ἀνθρώπω
3321 4085 3578 4152 εὐεργεσίαν
3605 4107 3750 4139 τετυ·

2133 4152 2340 4218 χηκὸτις
2362 4163 2448 4208 τῆς
2473 4151 2757 4209 ἀθανασίας.
2807 4175 2828 4199 ν
2849 4155 2991 4209 Iuleo;
3011 4155 3093 4202 uti
3113 4157 3331 4220 βιγιλεῖς
3355 4151 3588 4223 peperi-ut
3611 4162 3746 4210 κατὰ.

2130 4234 2220 4281 τὴν
2246 4227 2494 4291 Αἴγυπτον.
2526 4228 3014 4290 Μεθηρμηνευομξνωι
3065 4223 3104 4273 δ’
3133 4223 3286 4275 αὐτῶν
3314 4230 3450 4284 τινὰς
3484 4235 3568 4293 μὶν
3595 4232 3699 4295 ὁμω
3720 4256 3749 4269 -

2132 4299 2302 4358 νόμους
2343 4298 2571 4370 ῧπᾶιρχξιν
2615 4299 2714 4351 τοῖς
2761 4296 3012 4357 οὐρανίοις,
3042 4297 3265 4370 τινὰςβὲ
3316 4297 3438 4347 ἰδίαν
3488 4303 3750 4365 ἐτχηκέυαι

2129 4374 2464 4434 προσηγορίαν,
2490 4366 2699 4438 ﬂgiti-nc,
2721 4368 2802 4414 usti
2839 4367 3030 4432 Κρὸέο),
3056 4369 3139 4417 καὶ
3171 4366 3314 4429 ἰδέαν,
3345 4373 3418 4420 ἔτι
3444 4371 3491 4420 δὲ
3527 4380 3612 4422 uti
3651 4377 3749 4422 Διὰ.

2128 4441 2212 4488 τὸν
2240 4440 2328 4488 ὕπο
2355 4457 2494 4488 τινων
2518 4443 2716 4502 Appia-rat.
2742 4439 3213 4504 προγαγςρευὸμενω.

2131 4504 2260 4560 ll-ec
2282 4513 2460 4560 autem
2490 4505 2558 4560 de
2585 4505 2803 4578 diisqui
2838 4510 2888 4578 in
2917 4508 3056 4560 ctelo
3081 4518 3204 4559 stitit
3232 4517 3285 4560 ct
3315 4523 3550 4578 quorum
3580 4519 3745 4567 teter-

2136 4593 2260 4630 nutn
2312 4586 2393 4631 est
2427 4591 2594 4644 genus
2636 4574 2869 4646 :Egyplii
2909 4574 3352 4632 commemorant.
3387 4579 3463 4634 Ex
3497 4582 3562 4637 iis
3591 4583 3748 4637 aiunt

2135 4665 2166 4702 e
2217 4658 2358 4702 terra
2402 4655 2552 4702 ortos
2576 4689 2590 4710 ,
2622 4647 2982 4714 mortalcsque
3014 4649 3243 4716 primum
3277 4649 3442 4705 fuisse
3465 4693 3480 4714 ,
3516 4663 3642 4708 tunc
3672 4654 3747 4708 ob

2140 4717 2408 4790 ingenium
2455 4719 2750 4787 collataque
2807 4719 3057 4771 omnilms
3115 4719 3426 4776 hominibus
3479 4721 3746 4780 beneficia

2133 4790 2584 4866 immortalitatem
2630 4790 2883 4858 adepth;
2913 4805 3140 4866 quorum
3192 4794 3481 4866 nonnullos
3513 4793 3751 4866 iqugy-
3797 4819 3810 4828 -

2134 4870 2225 4931 pto
2257 4877 2406 4932 reges
2437 4862 2677 4914 extitisse
2705 4877 2718 4921 ;
2750 4859 3102 4932 quorumdam
3135 4864 3351 4916 nomina
3389 4866 3472 4920 vel
3511 4869 3582 4920 ita
3625 4859 3748 4920 niu-

2133 4929 2240 4986 tata
2266 4929 2428 4986 fuisse
2455 4974 2469 4996 ,
2497 4941 2554 4985 ut
2593 4945 2714 4984 cum
2755 4929 3061 4986 etelestibus
3109 4947 3260 4986 vocev
3286 4937 3597 4992 consimiles
3653 4939 3750 4993 lie-

2134 5011 2275 5078 rcnt,
2310 5003 2390 5056 vel
2429 5002 2790 5078 _a_d__prior_em_
2817 5015 3082 5078 normam
3116 5015 3346 5078 servata,
3391 5007 3596 5078 absque
3626 5025 3747 5064 mu-

443 5070 558 5150 rum
585 5074 746 5142 gentis
791 5070 964 5150 mirari
991 5073 1220 5124 virtutem
1250 5070 1708 5150 demcontentnenda
1738 5081 1897 5150 morte
1925 5088 2025 5126 σω·
2082 5099 2117 5134 ,ιι
2133 5075 2359 5150 latione,
2378 5073 2640 5150 uidelicet
2681 5071 2843 5150 Solis,
2871 5072 3193 5150 Saturnique
3219 5085 3274 5129 et
3303 5076 3431 5150 Rea:
3456 5070 3522 5132 ac
3548 5081 3749 5150 ipsius-

447 5138 634 5214 pissent
663 5182 678 5207 ,
714 5142 1030 5196 conclamant
1060 5157 1231 5195 omnes
1259 5156 1277 5195 :
1307 5138 1450 5194 Tolle
1476 5140 1765 5211 sacrilegos.
1795 5139 2030 5214 Exque-

447 5211 565 5270 rum
593 5216 992 5283 comparatione
1021 5214 1191 5268 lucem
1223 5227 1415 5282 capere
1446 5223 1687 5283 possunt,
1715 5211 1922 5283 qu:_e_de
1941 5211 2034 5267 Ju-

444 5287 685 5341 da‘orum
717 5281 767 5339 in
798 5287 1136 5352 Servatorem
1160 5281 1394 5338 clamore
1421 5281 1643 5352 legimus
1674 5281 1811 5350 apud
1833 5281 2033 5338 Lucam

445 5355 633 5411 XXI".
659 5357 747 5428 l8.
778 5351 1038 5428 Ᾱνὲκραξαν
1068 5359 1114 5408 δὲ
1142 5362 1438 5428 πᾳμπὶ.ηθεὶ,
1462 5353 1828 5428 ξέχῃτιὶέ-Λῖρξ
1853 5356 2033 5410 τοῦτον.

445 5428 598 5495 Quod
629 5427 768 5486 idem
799 5429 852 5482 in
886 5416 1047 5481 Paulo
1083 5416 1280 5481 accidit
1309 5416 1432 5479 Act.
1471 5416 1613 5489 XXI,
1645 5425 1735 5478 56.
1779 5416 2034 5479 ’ἠκολούθει

441 5508 534 5570 γάρ
564 5509 618 5553 τὸ
647 5507 828 5570 πλῆθος
850 5507 934 5553 τοῦ
964 5508 1080 5552 λαοῦ
1105 5505 1294 5568 κράζων*
1327 5497 1432 5567 αἶρε
1461 5499 1620 5570 abso-1,
1654 5506 1708 5550 et
1736 5495 1903 5570 multo
1928 5512 2040 5550 ma-

445 5568 525 5639 gis
569 5569 736 5635 XX“,
766 5568 856 5623 22.
889 5574 999 5639 Αἶρε
1023 5571 1119 5623 ἀπὸ
1144 5585 1226 5630 τῆς
1255 5581 1339 5636 γῆς
1368 5577 1448 5623 τὸν
1477 5569 1711 5623 τοιοῦτον·
1752 5569 1806 5620 οὖ
1836 5571 1925 5636 γὰρ
1955 5591 2038 5621 zac-

444 5651 589 5704 οῆκον
613 5646 756 5696 αὐτὸν
797 5652 900 5712 ζῇν,
943 5646 1078 5712 ῌΑν.

517 5713 592 5783 (c)
640 5708 1170 5783 (ἐοιειῖρίιιφεειὶηἱηιιιε2
1188 5709 1412 5783 Egregia
1435 5709 1607 5783 oratio
1627 5708 2039 5783 resipiscentite,

445 5780 534 5839 cui
567 5780 661 5852 par
689 5782 860 5838 audax
891 5782 1110 5838 libertas
1141 5780 1516 5840 Subrii'Flavii
1547 5780 1792 5852 Tribuni,
1813 5781 2042 5852 Aconspi-

447 5849 668 5913 rationis
694 5855 748 5912 in
777 5853 1041 5912 Neronem
1071 5853 1325 5923 convicti,
1352 5853 1492 5926 apud
1529 5851 1698 5910 Tacit.
1731 5849 1849 5907 XV.
1895 5849 2039 5908 Ann.

2137 5154 2248 5200 met
2276 5143 2421 5214 lovis
2447 5159 2602 5212 quem
2626 5141 2837 5214 quidam
2867 5141 3184 5214 Ammonem
3213 5141 3582 5214 appellarunt:
3611 5152 3746 5205 Eon.

2212 5213 2294 5286 (c),
2321 5213 2388 5267 ltt
2414 5211 2590 5286 quibus
2616 5213 2725 5286 nati
2755 5223 2891 5286 sunt.
2927 5211 3515 5286 Non_tantum'Apollo,
3555 5222 3743 5284 Diana,

2141 5281 2404 5348 Bacchus,
2426 5281 2688 5363 Hercules
2708 5325 2722 5348 ,
2753 5281 2868 5346 alii,
2911 5282 3004 5337 sed
3035 5284 3250 5363 Jupiter
3279 5281 3394 5363 ipse
3429 5281 3621 5347 Divum
3646 5281 3744 5363 pa;

2145 5366 2225 5411 ter
2263 5365 2442 5431 atque
2465 5355 3027 5431 Itoininumlmternus
3060 5369 3180 5431 rex,
3205 5356 3278 5431 de
3303 5355 3459 5426 cujus
3492 5364 3609 5431 ipse
3640 5355 3743 5418 ᾖο-

2145 5434 2256 5480 stcr
2286 5423 2445 5480 natali
2474 5425 2590 5478 solo
2613 5441 2663 5480 c.
2695 5423 2860 5478 XXV.
2891 5425 3042 5478 solita
3076 5425 3342 5483 irrisione.
3371 5423 3480 5485 Sed
3508 5423 3611 5487 non
3637 5443 3744 5490 sta-

2149 5498 2238 5550 tim
2269 5507 2314 5548 et
2341 5495 2544 5564 Jupiter
2568 5495 2767 5550 Cretam
2817 5511 2962 5565 suam
2988 5499 3230 5565 romanis
3271 5500 3502 5565 fascibus
3531 5505 3744 5559 concuti

2147 5568 2354 5646 sineret,
2389 5562 2798 5646 oblitns'anuum
2821 5564 2952 5646 illud
2977 5562 3172 5644 dicunt
3196 5562 3373 5646 etiam
3403 5571 3742 5646 corybantia,

2148 5648 2192 5692 et
2214 5638 2642 5707 jucundissimunt
2674 5637 2782 5689 illic
2813 5635 3020 5707 nutricis
3050 5653 3157 5692 sua:
3187 5639 3416 5697 odorem.
3451 5635 3594 5700 "iv.

2222 5705 2284 5779 (Γ)
2306 5708 2506 5778 Sepulti
2535 5708 2960 5779 demonstrantur.
2982 5705 3264 5779 Hincillud
3292 5713 3427 5767 infra
3447 5723 3498 5770 c.
3526 5716 3647 5772 XII.
3681 5717 3752 5774 In

2146 5775 2348 5834 insulas
2377 5775 2707 5852 relegantur?
2747 5775 2888 5852 Solet
2917 5786 2962 5829 et
2993 5777 3178 5852 insulis
3207 5782 3394 5852 aliquis
3428 5786 3556 5840 deus
3585 5798 3752 5845 uester

2148 5860 2234 5905 aut
2266 5852 2430 5921 nasci,
2461 5845 2548 5905 a'ut
2578 5848 2725 5904 mori.
2757 5845 2902 5904 Jovis
2927 5856 3071 5904 certe
3093 5845 3407 5910 incunabula
3429 5857 3554 5930 quis
3576 5862 3757 5919 nescit
