4106 6330
336 339 457 397 529

1743 338 2281 397 APOLOGETICUS.

3552 342 3656 401 550

342 460 510 532 gulos
532 458 820 516 decurram
860 498 877 525 ,
933 464 1012 514 tot
1039 470 1103 513 ac
1126 464 1300 512 tantos
1326 458 1403 529 (a)
1433 498 1448 523 ,
1480 469 1671 522 novos,
1700 466 1914 513 veteres
1935 499 1951 526 ,
1982 457 2033 518 Α
2060 455 2299 522 Thallus,
2320 469 2493 526 neque
2512 453 2729 512 Cassius
2756 452 3012 523 Severus,
3029 465 3119 512 aut
3146 456 3427 514 Cornelius
3453 456 3653 528 Nepos,

349 552 616 609 barbaros
636 552 736 625 (b),
752 550 991 617 Gmcos,
1015 551 1310 617 Romanos,
1333 551 1665 622 peregrinos,
1690 552 1949 622 captivos,

360 647 437 720 (c)
460 644 767 718 adoptivos,
798 645 1047 716 preprios
1067 685 1083 712 ,
1113 658 1450 713 communes,
1470 643 1738 701 masculos
1761 686 1776 711 ,
1804 644 1954 700 femi-

352 752 478 807 nas,
506 740 740 796 rusticos
759 781 774 807 ,
801 739 1071 807 urbanos,
1100 738 1343 794 nauticos
1364 779 1379 805 ,
1404 737 1695 802 militares;
1722 736 1955 792 otiosum

352 840 442 889 est
464 832 628 888 etiam
652 831 836 887 titulos
862 831 1130 903 persequi,
1154 839 1211 886 ut
1233 830 1477 902 colligam
1493 832 1549 887 in
1575 828 1956 903 compendium

355 928 465 999 (Δ),
488 925 667 983 ethoc
697 939 805 981 non
833 938 940 996 quo
989 924 1346 997 cognoscatis,
1396 923 1488 981 sed
1533 923 1949 996 recognoscatis;

352 1027 507 1077 certe
532 1019 676 1076 enim
713 1017 912 1075 oblitos
939 1016 1116 1088 agitis.
1141 1019 1290 1074 Ante
1312 1016 1602 1075 Saturnum
1630 1018 1763 1097 deus
1784 1032 1952 1089 penes

353 1125 456 1168 vos
485 1127 644 1168 nemo
669 1121 772 1180 est,
786 1109 855 1168 ab
879 1109 972 1166 illo
987 1124 1181 1168 census
1208 1110 1373 1168 totius
1388 1112 1473 1168 vel
1497 1112 1723 1183 potioris
1748 1112 1837 1168 vel
1860 1127 1957 1168 no-

356 1204 513 1261 tiaris
539 1203 850 1262 divinitatis.
876 1204 1060 1275 Itaque
1087 1203 1228 1276 quod
1245 1206 1539 1278 deorigine
1561 1206 1878 1272 constiterit,
1905 1203 1958 1261 t‘d

355 1296 427 1355 de
453 1298 764 1369 posteritate
802 1299 1103 1355 conveniet.
1134 1297 1422 1355 Saturnum
1472 1301 1671 1371 itaque,
1695 1300 1740 1354 si
1786 1314 1959 1379 quan-

358 1400 473 1447 tum
513 1389 596 1465 (l)
637 1391 832 1449 littera:
859 1392 1078 1461 docent,
1116 1408 1290 1464 neque
1316 1392 1579 1450 Diodorus
1608 1392 1846 1458 Graccus,
1876 1403 1968 1449 aut

2058 563 2230 619 neque
2285 548 2425 604 ullus
2470 558 2861 606 commentator
2912 550 3237 621 ejuscemodi
3281 551 3656 623 antiquitatum

2058 640 2200 696 aliud
2217 657 2375 712 quam
2404 641 2675 699 hominem
2697 644 3198 715 promulgaverunt;
3224 648 3269 700 si
3295 656 3551 717 quantum
3570 662 3660 703 re-

2059 751 2178 791 rum
2193 744 2526 808 argumenta,
2544 751 2804 808 nusquam
2828 739 3039 794 invenio
3055 739 3313 808 fideliora,
3328 756 3486 811 quam
3516 741 3659 812 apud
3684 803 3692 815 ,

2061 830 2229 901 ipsam
2251 816 2534 897 ltaliam,iu
2547 830 2988 904 qua(e)Saturuus
3005 841 3128 904 post
3145 833 3339 890 multas
3357 834 3658 904 expeditio-

2063 941 2159 983 nes
2181 936 2410 999 postque
2435 927 2610 1001 Attica
2637 926 2867 997 hospitia
2889 927 3413 999 consedit,exceptus
3438 943 3470 985 a
3498 928 3658 995 Jano,

2061 1023 2146 1077 vel
2170 1021 2325 1091 Jan‘e,
2353 1030 2414 1077 ut
2436 1021 2566 1077 Salii
2593 1021 2801 1076 volunt.
2826 1020 2999 1088 Mons,
3032 1036 3192 1092 quem
3223 1023 3518 1079 incoluerat
3545 1023 3613 1096 (Γ)
3639 1064 3657 1090 ,

2060 1114 2342 1173 Saturnius
2368 1113 2543 1169 dictus
2568 1130 2587 1181 ;
2616 1112 2824 1179 civitas,
2842 1127 3002 1184 quam
3024 1113 3385 1185 depalaverat,
3411 1115 3662 1176 Saturnia

2062 1223 2231 1280 usque
2252 1220 2393 1262 nunc
2416 1216 2537 1272 est;
2569 1215 2677 1262 tota
2710 1206 2944 1277 denique
2968 1205 3138 1272 Italia,
3164 1218 3283 1278 post
3302 1207 3615 1267 (Enotriam
3640 1252 3660 1279 ,
3728 1248 3731 1251 ‹

2066 1300 2142 1373 (g)
2195 1298 2444 1355 Saturnia
2486 1298 2965 1369 cognominabatur
3022 1298 3126 1370 (2).
3154 1300 3238 1354 Ab
3275 1300 3392 1371 ipso
3428 1303 3659 1372 primum

2067 1391 2261 1448 tabula:
2303 1400 2359 1446 et
2378 1390 2606 1463 imagine
2630 1390 2869 1463 signatus
2894 1392 3089 1481 uulnus
3115 1390 3218 1464 (It),
3244 1401 3297 1448 et
3324 1391 3450 1449 inde
3469 1394 3662 1452 aerario

1592 1486 1971 1544 LECTIONES
2007 1482 2421 1544 VARIANTES.

360 1640 376 1653 α
428 1580 498 1695 li)
530 1581 850 1695 CMWd.
897 1584 939 1633 si
973 1591 1235 1647 quantum;
1267 1565 1434 1633 ταξιάνὶ
1463 1595 1474 1631 :
1519 1588 1781 1654 quantum,
1827 1587 1968 1647 atque

360 1657 461 1695 tua
481 1652 588 1695 tera
783 1659 798 1695 ι
823 1652 961 1695 parte
992 1658 1171 1695 urceo.
1195 1648 1323 1695 auod
1365 1642 1588 1695 Gelenius
1636 1642 1816 1695 alnaue
1848 1641 1968 1695 sub-

353 1641 588 1710 inuitem
607 1641 800 1710 periodi
823 1652 961 1709 parte
991 1641 1171 1710 proeo,
1195 1641 1323 1709 quod
1365 1641 1588 1710 Gelenius
1636 1641 1816 1710 aliique
1848 1641 1968 1710 stib-

355 1704 653 1760 sft'tuerant':
676 1710 719 1759 si
754 1704 945 1772 quaeras
976 1704 1079 1760 rer.
1123 1704 1251 1773 avsi,
1298 1721 1325 1758 e
1363 1706 1508 1760 codd.
1535 1704 1748 1759 HeraldI
1787 1712 1834 1757 et
1858 1704 1966 1770 Rig.

2071 1577 2379 1642 restituerunt
2402 1590 2419 1629 :
2444 1578 2485 1627 si
2508 1584 2741 1642 quantum
2778 1592 2878 1642 rer.
2913 1586 3221 1642 argumenta,
3250 1570 3345 1631 etc.

2438 1619 2485 1690 ἃ
2511 1619 3367 1706 ’1ᾱέιὲἦέῃὲ--ὶῖόῐιέὶῇἱὲἦὶωῖὂίυέῖέι
3397 1645 3655 1699 Saturnius

2070 1703 2246 1765 dictus,
2271 1705 2442 1755 civitas
2455 1714 2603 1770 quam
2615 1703 2952 1754 debellaverat
2963 1703 3192 1774 Saturnia
3208 1708 3661 1768 cognominabatur.

1713 1788 2274 1850 COMMENTARIUS.

485 1954 735 2020 Vagltum,
759 1956 810 2005 in
831 1953 978 2007 Creta
999 1889 1512 2019 quoddaiiiudlc‘ultasse
1543 1950 1784 2005 feruntur.

362 2054 520 2113 quem
548 2039 676 2096 olim
703 2040 946 2106 Curetes,
969 2055 1133 2111 quum

485 2133 670 2184 Amnti
694 2132 743 2182 in
767 2145 1027 2183 numerum
1049 2130 1300 2195 pulsarent
1322 2131 1505 2195 aeribus
1525 2144 1642 2191 aera,

484 2196 563 2246 Ne
582 2195 831 2246 Saturnus
856 2208 969 2245 eum
993 2194 1136 2244 malis
1156 2194 1409 2245 mandaret
1424 2194 1647 2257 adeptus,

488 2257 1010 2322 )Eternumque‘daret
1032 2259 1175 2307 matri
1198 2258 1293 2306 sub
1318 2255 1532 2321 pectore
1548 2255 1738 2317 volnus,

362 2368 422 2416 ut
445 2360 639 2417 cecinit
663 2358 879 2415 Lucret.
896 2358 990 2415 lib.
1016 2358 1079 2414 Il.
1110 2374 1252 2415 vers.
1276 2359 1402 2416 635.
1438 2346 1794 2431 Epiphanium
1818 2357 1957 2414 adde

361 2433 418 2488 in
442 2432 534 2488 lib.
567 2433 866 2487 Ancoratus
893 2430 1168 2500 aliquanto
1194 2440 1319 2485 ante
1365 2430 1568 2486 finem:
1599 2433 1670 2484 οὗ
1715 2440 1768 2485 τὸ
1791 2445 1957 2497 μνῆμα

362 2508 447 2558 οὐκ
476 2507 649 2569 ὀλίγοις
677 2508 777 2559 ἔστι
804 2504 1022 2567 δῆλον,ἕν
1036 2509 1204 2575 Κρήτῃ
1233 2509 1323 2573 γὰρ
1351 2518 1410 2575 τῇ
1439 2515 1579 2573 νήσῳ,
1680 2512 1747 2570 τῷ
1774 2508 1957 2575 ὃριιᾼτῷ

363 2584 589 2645 λινομινῳ
614 2580 800 2643 Acteis},
828 2580 910 2635 iet;
941 2576 1073 2640 δεῦρο
1098 2572 1582 2637 δαέτυὶόδιηιτιῖται,
1606 2572 1678 2645 id_
1689 2582 1771 2626 est
1804 2572 1817 2627 ξ
1851 2573 1955 2627 Ctt-

352 2642 449 2717 jus
476 2642 854 2699 monumentum
880 2661 987 2717 non
1008 2646 1384 2717 paucisnotum
1426 2654 1517 2708 est,
1558 2646 1611 2717 in
1639 2642 1790 2717 Creta
1819 2646 1955 2699 enim

362 2714 556 2781 insula,
589 2718 639 2771 in
670 2726 839 2787 monte
869 2714 1020 2787 Lusio
1049 2715 1328 2787 appellato,
1360 2732 1517 2787 usque
1544 2716 1643 2769 huc
1686 2714 1843 2786 digito
1874 2732 1954 2770 os-

370 2788 613 2842 tenditur.
640 2786 793 2855 Quod
820 2785 1127 2856 indignatus
1160 2786 1538 2851 Callimachus,
1596 2785 1832 2842 veterem
1879 2798 1954 2842 ta-

364 2873 487 2914 men
511 2858 701 2913 famam
726 2858 1008 2913 confirmat
1037 2860 1236 2914 hvmno
1264 2857 1307 2912 l.
1336 2873 1477 2913 vers.
1505 2858 1557 2913 8.
1590 2857 1725 2913 Hav.

427 2928 506 3001 (a)
538 2928 635 2985 Tot
660 2945 721 3001 ac
748 2928 1144 3001 tantos.etc._l)e
1168 2930 1249 2982 his
1276 2944 1341 3001 ex
1370 2930 1612 3001 professn
1641 2930 1763 3001 agit‘
1778 2929 1956 3000 Augu-

363 2998 537 3057 stinus
562 3001 630 3057 de
666 3000 785 3056 Civ.
816 3000 910 3055 Dei
936 3000 1026 3054 lib.
1056 2999 1146 3054 ill.
1169 3016 1218 3054 c.
1252 3000 1340 3055 1‘2.
1374 2998 1483 3055 Sub
1512 3000 1605 3054 hoc
1630 2998 1701 3053 tot
1733 2998 1957 3054 Deorum

364 3072 625 3143 praesidio,
652 3088 778 3142 quos
807 3087 1071 3126 numerare
1099 3073 1211 3141 quis
1235 3072 1435 3140 potest?
1463 3073 1728 3141 indigenas
1757 3081 1804 3125 et
1833 3071 1977 3125 alie-.

365 3145 597 3237 nigraes.
625 3143 863 3237 caelestes,
898 3143 1454 3237 terrestresuinfernos,
1502 3143 1747 3225 marinos,
1783 3144 1951 3213 [onla-
1977 3175 2022 3237 ρ

368 3212 482 3277 nos,
499 3215 768 3340 ﬂuviales,
807 3222 853 3267 et
879 3223 933 3267 ut
976 3212 1135 3268 Varro
1164 3212 1308 3279 dicit,
1340 3223 1504 3268 certos
1532 3224 1683 3283 atque
1710 3212 1948 3279 incertos,

368 3288 419 3339 in
450 3303 497 3340 Ol
570 3285 776 3340 ibusaue
803 3284 1064 3340 generibus
1096 3283 1338 3340 Deorum.
1371 3287 1498 3339 sicut
1542 3285 1595 3338 in
1623 3284 1948 3340 animalibus.

365 3288 419 3339 in
450 3283 776 3355 athibusque
801 3284 1064 3355 generibus
1096 3283 1338 3349 Deorum,
1371 3287 1498 3339 sicut
1542 3285 1595 3338 in
1623 3284 1953 3352 animalibus,

368 3373 535 3413 tttares
554 3369 601 3412 et
629 3356 884 3427 (minium,
918 3357 1005 3427 ubi
1035 3356 1195 3427 etiam
1226 3355 1361 3427 forte
1382 3357 1574 3411 melius
1606 3358 1770 3426 legas,
1804 3366 1874 3410 tot
1894 3372 1956 3427 ac

370 3438 534 3493 tanto,
561 3424 832 3498 quomodo
857 3441 924 3482 ex
950 3424 1083 3482 Cod.
1123 3425 1233 3481 MS.
1266 3426 1333 3482 ad
1372 3428 1649 3497 exemplar
1664 3424 1958 3498 'Augustiui

372 3499 503 3570 utei.
527 3497 594 3554 ab
624 3497 915 3570 ipso‘ViveA,
947 3506 1003 3570 ut
1023 3508 1172 3567 puto,
1203 3508 1287 3552 est
1313 3497 1959 3570 adscriptum._Minucius

380 3569 531 3625 Felix
553 3567 766 3641 quoque
796 3585 847 3639 p.
878 3567 931 3624 6.
965 3568 1101 3641 Dum
1127 3570 1352 3639 undique
1388 3571 1611 3638 hospites
1654 3568 1789 3641 Deos
1819 3584 1959 3639 qua:-

372 3650 511 3702 runt,
547 3640 591 3695 et
619 3640 737 3696 suos
764 3640 989 3711 faciunt:
1007 3641 1128 3694 dum
1156 3656 1275 3697 aras
1303 3649 1568 3695 exstruunt
1596 3640 1748 3694 etiam
1775 3640 1962 3711 ignotis

371 3712 678 3767 numinibus.
715 3711 847 3766 Ilav.

435 3781 534 3909 ι31»)
560 3782 835 3847 Barbaros,
860 3781 1082 3837 (ἔπρεσε.
1112 3768 1455 3839 Antisthenes
1482 3782 1706 3838 Thracia
1725 3791 1896 3838 matre
1915 3792 1969 3838 et

474 3869 506 3909 e
534 3856 715 3909 irrisus
738 3869 767 3908 a
789 3853 1011 3909 Graecis.
1046 3854 1245 3909 dixisse
1290 3855 1476 3909 fertur.
1501 3860 1601 3909 Rat
1629 3862 1659 3909 ἡ
1700 3866 1859 3909 μήτηρ
1882 3865 1969 3909 τῶν

378 3853 715 3910 ῑιιάθίιτὶειις
738 3869 767 3908 a
789 3853 1011 3922 Grmcis,
1046 3854 1245 3925 dixisse
1290 3855 1476 3921 fertur,
1501 3860 1601 3910 Καὲ
1629 3862 1659 3914 ἡ
1697 3866 1859 3925 μήτηρ
1882 3865 1972 3910 τῶν

372 3930 521 3997 Bina,
549 3931 916 3997 thy-[Maleum
944 3925 981 3980 i.
1010 3942 1075 3997 e.
1091 3923 1160 3979 Et
1192 3924 1416 3980 Deorum
1437 3936 1596 3982 mater
1620 3923 1849 3997 Phrygia
1875 3935 1968 3981 est.

374 3995 623 4053 Laertius
645 3999 696 4050 iu
728 3995 843 4051 Vita
873 3996 1008 4066 ejus.
1040 3996 1177 4051 lin.
1734 3995 1772 3997 "
1838 4010 1847 4017 -

447 4068 531 4140 (c)
562 4068 819 4138 Captivos.
852 4067 1005 4135 Quod
1057 4079 1115 4122 ut
1160 4078 1313 4139 turpe
1368 4084 1530 4139 quum
1575 4084 1827 4127 amovere
1854 4083 1883 4123 a
1915 4083 1973 4123 se
2023 4117 2031 4123 .

375 4140 582 4195 vellent
602 4140 802 4205 miseri,
829 4141 976 4207 prius
996 4154 1220 4194 evocare
1257 4141 1607 4205 conabantur,
1649 4142 1975 4209 obsessaque

380 4210 517 4265 urbe
542 4209 719 4279 aliqua
750 4209 1041 4279 transferre
1063 4209 1116 4263 in
1148 4226 1205 4265 se
1232 4210 1465 4266 favorem
1508 4212 1737 4266 Deorum
1781 4213 1974 4266 tutela-

380 4282 544 4338 rium.
562 4278 722 4336 Notat
744 4278 965 4336 Servius
985 4280 1051 4335 ad
1081 4281 1208 4336 illud
1233 4281 1420 4353 Virgil.
1443 4282 1504 4338 ll.
1530 4281 1745 4377 IEucid.
1775 4283 1901 4340 551.

511 4373 1010 4457 Excessere'omnes,
1028 4391 1181 4457 adytis
1200 4393 1398 4457 arisque
1420 4392 1606 4445 relictis

508 4456 591 4517 Di,
617 4456 798 4519 quibus
818 4457 1077 4518 imperium
1091 4455 1193 4505 hoc
1229 4455 1455 4505 steterat.

384 4538 540 4607 Quia,
570 4539 761 4610 inquit,
791 4548 907 4594 ante
933 4539 1358 4610 expugnationem
1378 4540 1715 4595 erocabantur
1735 4541 1798 4597 ab
1820 4541 1976 4595 Itosti-

1990 1888 2038 1948 B
2067 1885 2480 1963 existimationis
2497 1899 2633 1963 ergo
2661 1894 2717 1941 et
2742 1886 2879 1963 opis,
2901 1885 3337 1963 _arcam_l‘aederis
3365 1890 3654 1963 intemplo

2067 1957 2296 2026 Dagnnis
2312 1956 2509 2029 ‘Deisui
2531 1957 2863 2023 collocarint,
2882 1956 2948 2013 de
2967 1973 3073 2029 quo
3093 1957 3135 2013 Ι.
3161 1958 3306 2015 Sam.
3331 1976 3379 2017 c.
3405 1961 3468 2016 V.
3492 1956 3653 2020 Certe

2063 2043 2170 2083 non
2222 2027 2357 2087 levia
2385 2027 2452 2082 de
2480 2027 2838 2083 lsraelitarum
2886 2027 3006 2096 Deo;
3044 2031 3298 2096 sensisse,
3340 2040 3551 2088 constat
3579 2049 3653 2090 ex

2064 2114 2208 2155 vers.
2236 2100 2290 2153 7.
2336 2113 2387 2154 c.
2436 2097 2500 2153 IV
2531 2106 2585 2153 et
2611 2099 2664 2153 6.
2711 2113 2829 2167 cap.
2866 2099 2950 2153 VI.
2979 2093 3308 2158 Gravissimi:
3351 2117 3479 2158 vero
3532 2104 3655 2160 tulit

2062 2170 2225 2236 Deus,
2253 2184 2389 2239 quos
2425 2170 2685 2236 vicerant,
2713 2180 2766 2224 et
2792 2171 3107 2240 populorum
3132 2188 3267 2241 quos
3293 2173 3652 2240 eradicaraut,

2063 2242 2116 2317 i_n
2149 2243 2367 2317 numina
2389 2256 2483 2317 sua
2512 2242 2833 2317 reciperent,
2870 2251 2929 2297 ut
2969 2251 3113 2313 patet
3151 2259 3217 2299 ex
3244 2243 3310 2299 II.
3341 2241 3473 2317 Reg.
3506 2245 3651 2315 XVI,

2061 2313 2116 2377 5,
2145 2322 2198 2369 et
2228 2311 2392 2368 XVII.
2422 2313 2474 2367 7.
2504 2311 2557 2366 8.
2590 2312 2724 2367 ilav.

2130 2384 2565 2457 (d)_Couigamin
2597 2383 2968 2457 compendium.
2994 2384 3218 2442 Notetur
3242 2388 3442 2444 locutio
3481 2389 3648 2445 Hinc-

2058 2454 2195 2512 ma'ri
2219 2455 2537 2528 Rhemensis
2563 2454 2719 2528 arch.
2744 2457 2831 2524 qui
2861 2457 2910 2510 iu
2937 2458 3093 2528 epist.
3123 2459 3229 2521 ait,
3256 2469 3311 2513 ut
3336 2469 3517 2515 cuncta
3532 2461 3643 2515 bre-

2057 2528 2183 2599 uiter
2218 2526 2421 2599 cingulo
2450 2526 2882 2597 perstringamus;
2922 2526 3063 2584 unde
3090 2530 3286 2586 allucet
3317 2530 3645 2589 locutionem

2059 2598 2212 2653 istam
2243 2598 2477 2654 breviter
2499 2600 2877 2668 perstringere,
2919 2600 3167 2656 usitatam
3191 2600 3393 2656 Latinis
3412 2605 3646 2659 auctori-

2056 2669 2181 2744 bus,
2204 2677 2471 2744 sumptam
2491 2682 2610 2744 aere
2638 2670 2885 2744 ves_tiaria
2907 2710 2923 2736 ,
2953 2678 3015 2744 et
3033 2674 3329 2741 prassertitn
3352 2688 3380 2726 a
3409 2675 3643 2744 cingulo.

2057 2740 2212 2815 Unde
2224 2742 2308 2796 hic
2323 2740 2683 2815 Tertullianus
2699 2740 3174 2815 signatggolliyam
3195 2746 3246 2798 in
3266 2740 3641 2813 compendium,

2056 2814 2217 2887 quasi
2235 2821 2411 2887 vestes
2437 2811 2662 2887 cingulo
2684 2851 2700 2878 ,
2729 2827 2796 2887 ne
2809 2811 3104 2887 _difIluau't.
3134 2815 3316 2887 Neque
3341 2811 3643 2873 a'vestibus

2057 2878 2166 2939 abit
2206 2884 2404 2939 locutio
2432 2878 2651 2953 Seneca:
2692 2878 2783 2953 ep'.’
2808 2882 2897 2938 76.
2928 2894 2982 2937 ut
3026 2886 3080 2940 in
3123 2878 3321 2941 arcium
3346 2902 3461 2953 qua:
3506 2888 3644 2942 dicta

2056 2965 2190 3017 siml.
2222 2955 2535 3009 contraham.
2559 2952 2697 3023 ιω.

2129 3026 2205 3102 (θ)
2238 3025 2307 3080 In
2349 3041 2453 3102 quo
2466 3024 2797 3102 ‘Saturnus._
2824 3026 3164 3102 Prudentius
3183 3029 3235 3102 in
3266 3029 3651 3102 Symmachum

2058 3095 2151 3153 lib.
2186 3095 2225 3154 Ι.
2255 3112 2401 3153 vers.
2427 3095 2518 3152 42.
2551 3097 2637 3151 hic
2662 3096 3046 3166 inspiciendus,
3079 3100 3167 3156 ubi
3194 3095 3399 3172 incipit.

2181 3189 2307 3240 Num
2331 3189 2509 3240 melius
2525 3190 2767 3239 Saturnus
2790 3203 2904 3241 avos
2926 3193 3119 3241 rexisse
3142 3191 3347 3243 Latinos

2187 3252 2442 3304 Creditur?
2462 3253 2636 3316 edictis
2658 3253 2739 3315 qui
2757 3253 2937 3303 talibus
2962 3254 3239 3303 informavit
3280 3312 3287 3316 ν

2186 3317 2427 3379 Agrestes
2449 3315 2652 3374 animos,
2679 3321 2733 3365 et
2755 3317 2958 3365 barbara
2981 3316 3131 3365 corda
3151 3315 3542 3368 virorum..Hav.

2135 3400 2202 3471 (f)
2242 3400 2390 3455 Mons
2414 3417 2559 3472 quem
2582 3393 2879 3472 incoluerat.
2906 3399 3058 3472 Hunc
3097 3400 3271 3456 locum
3304 3401 3514 3457 videtur
3558 3400 3655 3459 de-

2063 3470 2360 3542 stunpsisse
2390 3470 2453 3526 ex
2480 3471 2718 3527 Varrone
2738 3470 3191 3543 l._lV.de_lingua
3220 3473 3404 3536 latina,
3430 3474 3665 3528 citatum,

2062 3540 2221 3598 etiam
2262 3558 2289 3595 a
2324 3543 2386 3598 Ι).
2423 3546 2647 3613 August.
2682 3540 2856 3613 LVII.
2887 3542 2955 3598 de
2981 3540 3218 3613 Civaei
3249 3558 3368 3613 cap.
3394 3543 3447 3598 2.
3472 3543 3649 3608 Mons,

2066 3614 2256 3685 inquit,
2286 3614 2340 3667 in
2365 3629 2463 3685 quo
2482 3612 2798 3685 Capitolium
2824 3623 2916 3678 est,
2944 3624 3060 3669 ante
3089 3612 3335 3682 Tarpeius
3364 3615 3529 3669 dictus
3555 3624 3651 3670 est.

2070 3682 2225 3740 Hunc
2250 3682 2405 3739 antea
2433 3692 2668 3739 montem
2698 3682 3001 3739 Saturnium
3039 3686 3363 3754 appellatum
3401 3685 3660 3754 prodideo

2072 3766 2215 3821 runt,
2240 3765 2295 3811 et
2315 3757 2382 3811 ab
2398 3770 2462 3810 eo
2479 3755 2583 3810 late
2598 3754 2902 3811 Saturniam
2932 3766 3151 3822 terram,
3178 3766 3234 3809 ut
3261 3758 3422 3811 etiam
3452 3755 3657 3812 Ennius
3736 3782 3750 3797 ο

2072 3827 2326 3897 appellat.
2360 3827 2648 3896 Autiquum
2677 3826 2926 3896 oppidum
2951 3826 3001 3880 in
3030 3825 3131 3883 hoc
3161 3825 3325 3882 fuisse
3349 3828 3659 3883 Saturnium

2075 3896 2343 3953 scribitur.
2370 3897 2495 3966 Ejus
2528 3896 2745 3967 vestigia
2769 3898 2926 3951 etiam
2955 3897 3343 3955 nunc'maueut
3372 3899 3491 3962 tria;
3515 3898 3662 3966 quod

2076 3970 2290 4024 Saturni
2320 3971 2496 4023 fanum
2530 3968 2582 4022 in
2614 3967 2876 4035 faucibus,
2899 3968 3040 4038 quod
3066 3969 3311 4039 Saturnia
3333 3977 3481 4039 porta
3499 3985 3659 4039 quam

2076 4041 2267 4098 Junius
2296 4041 2511 4103 scribit,
2543 4054 2701 4109 quam
2735 4055 2873 4094 nunc
2903 4049 3099 4095 vocant
3137 4038 3445 4094 Pontianum
3473 4082 3488 4105 ,
3520 4038 3666 4109 quod

2078 4121 2202 4184 post
2228 4112 2396 4167 aedem
2427 4110 2673 4184 Saturni,-
2708 4111 2761 4165 in
2785 4110 3129 4184 aediﬁciorum
3155 4112 3363 4184 legibus
3383 4153 3397 4174 ,
3432 4113 3664 4184 parietes

2080 4180 2275 4273 P951???
2292 4225 2313 4273 ν.
2344 4182 2495 4273 ,ΨΗἾῙ
2517 4180 3256 4273 :._§l‘.'.“..sc.'.il".l:-1113???
3279 4182 3473 4273 i995???
3498 4180 3667 4273 ,εἶτεν

2080 4251 2486 4380 Scalilgerpipsos
2517 4252 2671 4308 Ennii
2700 4260 2755 4307 ct
2792 4251 2994 4308 similes
3020 4252 3251 4308 Maronis
3279 4268 3467 4309 versus
3491 4251 3559 4308 de
3575 4252 3668 4308 Ja-
3704 4320 3715 4331 Χ

2080 4330 2202 4380 nicu
2229 4345 2276 4380 ι).
2353 4341 2444 4379 an.

2078 4330 2276 4384 niculo.
2311 4330 2444 4380 Pan.

2150 4394 2717 4470 (g)(Enotriam.ltalia
2746 4394 2887 4450 dicta
2909 4404 2989 4470 est
3009 4393 3265 4451 (Enotria
3292 4403 3385 4470 bno
3411 4404 3493 4451 τοῦ
3521 4402 3665 4470 αἴνει),

2082 4485 2111 4525 a
2138 4466 2276 4533 vino,
2308 4484 2411 4522 non
2440 4468 2506 4522 ab
2536 4468 2713 4537 aliquo
2743 4482 2869 4537 rege
2898 4466 3054 4537 hujus
3100 4468 3334 4523 nominis
3358 4486 3371 4522 :
3397 4483 3517 4536 ιιιιίιῑ
3546 4467 3663 4535 opi-

2081 4542 2171 4596 nio
2217 4539 2484 4595 consentit
2504 4554 2623 4593 cum
2655 4540 2940 4595 Aristotele
2976 4539 3065 4594 lib.
3095 4538 3205 4593 VII.
3230 4539 3440 4594 Politic.
3471 4547 3668 4591 etcum

384 4587 1710 4691 signasiggjpna;unus};'a'a;a;;,};.t'i§t';g
1735 4587 1976 4667 aitait-
1999 4587 2055 4651 D
2080 4587 2483 4691 gg;.t;.;.'.'._;iji':
2500 4587 2716 4691 ῡῑζηῖίί·
2735 4587 3663 4691 annos;'oo.}s;..n;';.n.;asn;

383 4681 601 4737 crobius
628 4679 716 4747 Ill,
746 4679 801 4736 9.
826 4679 882 4733 ut
911 4697 1025 4734 cum
1056 4682 1337 4735 obsiderent
1367 4679 1541 4737 urbem
1581 4683 1798 4738 Itostium
1838 4700 1975 4738 eam-

382 4768 483 4822 que
503 4755 615 4822 jam
632 4753 747 4822 capi
775 4768 923 4821 posse
952 4751 1284 4821 conﬁderent,
1305 4764 1440 4807 certo
1466 4756 1687 4808 carmine
1714 4762 1976 4809 evocarent

386 4821 631 4896 tutelares
661 4821 796 4877 Deos
825 4838 855 4896 εΔ
876 4823 1011 4893 quod
1038 4834 1125 4877 aut
1164 4825 1311 4878 aliter
1340 4824 1510 4878 urbem
1555 4826 1672 4896 capi
1703 4842 1848 4892 posse
1875 4842 1978 4878 non

384 4893 665 4959 crederent,
692 4902 785 4966 aut
813 4894 857 4947 si
883 4904 1068 4966 posset,
1115 4897 1258 4966 nefas
1299 4897 1605 4966 wstitnareut
1620 4893 1765 4950 Deos
1787 4896 1979 4962 habere

384 4967 649 5035 captivos.
675 4964 795 5032 Quo
834 4964 1012 5035 refero
1040 4964 1322 5020 consilium
1367 4964 1545 5021 forsan
1592 4967 1767 5021 Balaci
1806 4978 1858 5023 ct
1891 4967 1979 5022 Bi-

385 5034 577 5100 Icauti,
605 5034 894 5090 Numeror.
926 5034 1116 5091 XXIII.
1149 5037 1203 5092 5.
1229 5036 1319 5093 25.
1347 5037 1595 5093 Notabile
1622 5038 1749 5092 illud
1783 5038 1978 5105 estLi-

385 5106 455 5177 vii
484 5106 577 5161 lib.
608 5105 671 5160 V.
700 5121 819 5177 cap.
854 5106 943 5179 2‘2.
972 5108 1116 5178 quod
1146 5111 1284 5163 vide.
1320 5110 1381 5163 At
1418 5110 1544 5179 quid
1574 5109 1846 5164 conlidere
1888 5125 1983 5179 ρος

386 5186 566 5250 terant
589 5179 720 5250 ιιωεὶ
750 5178 973 5247 gentiles
997 5180 1129 5250 istis
1174 5180 1305 5245 Diis,
1350 5178 1461 5250 qui"
1486 5182 1803 5250 impotentes
1831 5178 1985 5236 erant

385 5263 481 5304 sua
508 5248 820 5322 defendere,
841 5247 1067 5322 utiufra
1095 5253 1341 5322 ostendet
1365 5247 1585 5322 Auctor;
1626 5268 1792 5322 quare
1820 5254 1981 5307 etiam

389 5320 566 5392 paruit
589 5320 814 5392 consilio
839 5320 1064 5376 Philota.-
1085 5321 1388 5377 Alexander
1407 5321 1547 5392 apud
1571 5320 1813 5378 Curtium
1837 5323 1903 5388 V,
1925 5324 1979 5377 Ξ.

386 5404 529 5465 cum
551 5391 662 5465 jam
706 5391 760 5445 in
788 5405 854 5465 eo
882 5400 1048 5465 esset,
1081 5403 1139 5447 ut
1164 5407 1373 5448 sacrum
1426 5391 1535 5448 Diis
1585 5410 1847 5460 mensam,
1879 5410 1984 5465 qua

387 5461 533 5517 vesci
564 5462 758 5517 solitus
784 5462 990 5528 Darius,
1017 5474 1070 5518 et
1096 5477 1128 5518 e
1167 5479 1226 5519 re
1254 5473 1377 5519 nata
1405 5477 1501 5532 pro
1531 5466 1767 5520 scabello
1792 5461 1909 5520 sibi
1929 5467 1982 5520 iu

388 5534 545 5607 regia
558 5532 688 5588 sede
703 5534 912 5607 altiore
927 5534 1277 5607 substratam,
1298 5535 1522 5590 subduci
1549 5536 1783 5607 juberet,
1811 5537 1985 5591 moui-

392 5602 476 5658 Ius
496 5603 580 5659 his
605 5603 785 5660 verbis
811 5620 827 5657 :
859 5602 1072 5659 Minime
1100 5620 1216 5659 vero
1245 5606 1353 5661 lucc
1380 5602 1691 5676 fecerit'rex,
1719 5608 1808 5662 sed
1837 5625 1985 5663 omen

388 5677 822 5750 quoquepaccipe:
852 5691 1098 5750 mensam,
1126 5692 1189 5731 ea:
1212 5678 1312 5746 dua
1355 5677 1526 5750 libavit
1576 5679 1733 5733 hostis
1782 5682 1981 5750 epulas,

390 5746 728 5818 {nisrpedibus
756 5761 863 5801 esse
888 5746 1181 5816 subiectam.
1201 5750 1378 5815 Quare
1402 5749 1457 5804 in
1484 5750 1645 5806 dubio
1668 5761 1770 5817 εει,
1807 5746 1986 5806 utrum

396 5815 657 5877 I'bilistaei
687 5825 745 5872 ut
771 5815 1031 5889 trepaeum
1059 5819 1128 5876 de
1156 5818 1313 5877 hoste
1340 5821 1501 5889 victo,
1520 5832 1594 5877 an
1624 5815 1764 5877 vero
1789 5821 1988 5878 divinae

675 5911 1116 5976 Tauranus:
1157 5913 1209 5976 l.

2079 4684 2222 4739 illam
2253 4680 2551 4751 indigitaut.
2584 4680 2713 4736 Lac.

2152 4754 2230 4825 (It)
2259 4752 2285 4806 1
2294 4747 2491 4825 magiae
2528 4754 2756 4823 signatus
2798 4769 3000 4821 namus.
3030 4751 3264 4806 Isidorus
3284 4749 3429 4825 Orig.
3448 4750 3503 4807 ⁴1.
3524 4747 3669 4804 XVI.

2079 4842 2129 4881 (ι.
2161 4822 2261 4879 Π]
2286 4822 2473 4878 Postea
2495 4840 2527 4876 a
2557 4822 2783 4877 Saturno
2813 4840 2974 4878 cereus
3005 4838 3238 4883 nummus
3289 4823 3520 4876 iuventus
3571 4828 3664 4874 est.

2082 4896 2203 4966 Ipse
2228 4896 2358 4949 enim
2380 4896 2571 4966 signari
2596 4910 2826 4949 nummos
2855 4896 2905 4948 et
2938 4894 3086 4966 scribi
3110 4893 3385 4946 constituit.
3418 4891 3683 4961 Propter-a

2082 4964 2141 5022 ea
2169 4978 2214 5022 et
2244 4964 2481 5023 aerarium
2536 4965 2764 5037 Saturno
2789 4981 2822 5019 a
2855 4964 3127 5037 gentilibus
3152 4974 3521 5037 ‘consecratum
3573 4972 3670 5018 est.

2083 5039 2205 5094 vide
2253 5036 2586 5108 pluraapud
2631 5033 2991 5092 Elmenhorst.
3049 5033 3213 5108 iu_N.
3264 5033 3498 5108 altilia.
3534 5041 3673 5108 utet

2083 5109 2224 5181 apud
2251 5108 2416 5180 Lipsii
2441 5104 2711 5181 eicerpta,
2739 5123 2859 5179 qua:
2885 5121 3034 5181 novae
3060 5105 3281 5160 editioni
3306 5104 3674 5181 Kippiugiautn

2084 5177 2288 5253 adjecta
2316 5177 2520 5253 Sunlrp.
2547 5178 2670 5235 597.
2691 5177 2968 5253 etjgraude
2994 5178 3292 5253 litterarum
3310 5177 3510 5253 decus,
3538 5189 3679 5253 sutu-

2084 5244 2188 5324 qu'e
2217 5244 2913 5324 Gertnaniieverumjliodie
2933 5246 3387 5324 splendorcmnl‘o.
3417 5247 3539 5324 A_l_b.
3571 5244 3678 5300 Fa-

2086 5317 2312 5379 bricium
2347 5322 2399 5376 in
2429 5321 2819 5393 Bibliographia
2852 5317 3165 5393 Antiquaria
3196 5317 3674 5393 p.__52e5._No_u__e§t

2088 5411 2218 5451 vero
2261 5385 2631 5459 reticendum,~
2664 5385 2807 5462 quod
2851 5390 2924 5445 ita
2970 5385 3224 5445 exhibeat
3252 5388 3476 5462 Collatio
3520 5385 3670 5462 MSS.

2091 5466 2246 5521 Fuld.
2280 5475 2326 5520 et
2355 5463 2575 5535 imagine
2600 5473 2646 5516 et
2676 5460 2905 5534 signatus
2932 5477 3207 5535 Anutnmus.
3240 5460 3383 5515 unde
3430 5460 3679 5529 conjcce-

2088 5539 2225 5602 ratu,
2257 5533 2511 5606 scriptuin
2535 5533 2692 5599 forte,
2716 5533 2761 5587 et
2785 5533 3050 5604 imagines,
3080 5541 3124 5586 et
3154 5533 3385 5606 signatus
3415 5544 3672 5606 nummus.

2090 5608 2350 5664 Minucius
2369 5603 2543 5667 certe,
2571 5605 2659 5674 qui
2682 5603 2926 5675 gnaviter
2952 5613 3194 5659 nostrum
3216 5603 3520 5675 descripsit,
3542 5610 3678 5654 tam-

2093 5690 2201 5735 tqu
2236 5679 2394 5733 habet
2422 5673 2650 5730 nummos
2674 5673 2901 5747 signare,
2934 5685 2988 5732 ut
3022 5686 3076 5729 et
3100 5674 3315 5747 reliqui.
3348 5673 3677 5747 Quuniverp

2093 5752 2183 5805 alii
2212 5749 2280 5805 de
2306 5749 2578 5817 putatione
2606 5741 2881 5813 arborum,
2904 5747 2971 5804 de
2992 5741 3236 5817 coronis,
3252 5745 3319 5799 de
3341 5742 3562 5813 navigiis
3586 5741 3682 5817 ad-

2094 5822 2243 5888 dant,
2275 5814 2446 5893 potuit
2473 5817 2665 5876 Noster
2686 5820 2961 5876 inventum
2991 5816 3264 5875 statuarius
3290 5824 3344 5870 et
3372 5814 3684 5885 sculpturis:

3170 5907 3418 5992 (0nze.)
