4124 6340
496 354 599 413 391
622 396 623 399 η

1896 326 2365 388 Τειιτυιιιιιιιι

3648 342 3660 358 ι
3692 319 3823 383 392.

496 481 553 530 et
567 472 952 528 elementorum
978 459 1157 517 munia
1185 455 1490 514 exorbitant
1519 450 1596 527 (a)
1618 467 1633 519 ;
1658 448 1805 524 quod
1826 458 1880 510 et
1907 462 2094 504 mons-
2121 449 2175 509 Α
2270 443 2406 500 verbi
2428 440 2603 498 Divini
2621 439 3004 510 impletnentum
3037 453 3310 511 agnoscere
3329 436 3584 493 noluerint
3609 452 3627 491 :
3651 437 3805 530 cujus

498 566 597 621 tris
620 573 675 619 et
704 555 962 632 portentis
981 552 1305 610 naturalium
1328 550 1500 605 forma
1520 547 1781 610 turbatur,
1809 543 2095 616 providen-

499 665 580 713 ter
629 653 826 723 scripta
875 656 1002 704 sunt
1049 644 1152 719 (l).
1186 645 1319 699 Dum
1354 642 1602 712 patimur,
1632 641 1920 711 leguntur;
1968 635 2096 690 dum

498 729 1291 817 recognoscimus;probantur.
1310 734 1588 795 idoneum.
1614 731 1826 801 opinor,
1852 727 2099 783 testimo-

497 842 644 898 nium
696 836 990 896 divinitatis
1040 831 1240 888 veritas
1288 827 1367 902 (2)
1406 825 1773 883 divinationis.
1828 818 2097 889 llincigi-

498 945 585 991 tur
612 933 752 1004 apud
800 945 899 985 nos
951 928 1249 983 futurorum
1278 937 1491 994 quoque
1532 918 1668 974 lides
1698 926 1809 972 tuta
1852 924 1957 982 est,
1984 912 2098 983 jam

498 1028 709 1085 scilicet
730 1024 1093 1098 probatorum,
1120 1019 1245 1091 quia
1270 1032 1392 1073 cum
1416 1014 1542 1080 illis,
1570 1028 1689 1086 qua:
1711 1010 1947 1082 quotidie
1970 1009 2097 1079 pro-

500 1120 719 1187 bantur,
782 1114 1232 1189 praedicebantur.
1292 1108 1491 1165 Eadem
1551 1105 1631 1179 (3)
1678 1119 1839 1160 voces
1880 1111 2098 1168 sonant,

500 1213 692 1270 eadem
742 1212 934 1266 littera:
981 1212 1187 1270 uetant,
1237 1204 1375 1259 idem
1427 1198 1650 1271 spiritus
1696 1199 1890 1268 pulsat,
1935 1211 2097 1251 unum

502 1314 716 1376 tempus
738 1312 823 1359 est
840 1300 1156 1357 divinationi
1188 1296 1363 1352 futura
1384 1290 1629 1363 praefanti
1655 1287 1793 1360 apud
1825 1287 2091 1352 homines,

504 1399 548 1454 si
579 1397 721 1453 forte
747 1394 1093 1464 distinguitur
1121 1390 1247 1444 dum
1276 1387 1614 1457 expungitur,
1649 1382 1777 1437 dum
1805 1396 1877 1435 ex
1924 1380 2102 1434 futuro

504 1490 591 1562 (4)
640 1501 900 1561 praesens,
944 1485 1140 1541 dehinc
1183 1499 1249 1538 ex
1288 1478 1539 1550 praesenti
1570 1476 1897 1547 praeteritum
1938 1473 2105 1541 depu-

505 1592 667 1640 tatur.
703 1581 843 1650 Quid
869 1580 1253 1650 delinquimus,
1283 1589 1383 1630 oro
1409 1587 1527 1637 vos,
1554 1570 1729 1625 futura
1757 1582 1970 1639 quoque
1995 1581 2106 1621 cre-

504 1675 819 1746 dentes,‘qui
834 1673 945 1744 jam
963 1669 1249 1726 didicimus
1262 1668 1365 1724 illis
1378 1681 1473 1738 per
1486 1664 1620 1720 duos
1633 1662 1827 1734 gradus
1839 1660 2063 1717 credere
2084 1660 2107 1714 ?

1095 1759 1324 1818 CAPUT
1365 1757 1506 1815 XXI.

2272 553 2396 592 sane
2448 535 2712 588 divinitate
2751 541 3004 603 percepta,
3055 531 3200 603 falste
3247 530 3479 602 religioni
3515 529 3808 595 renuntiare

2274 630 2434 695 decet,
2459 645 2575 682 cum
2605 627 2757 681 etiam
2780 626 2853 680 ab
2877 625 3001 696 ipsis
3030 624 3267 696 malignis
3313 623 3592 694 spiritibus,
3622 622 3809 692 quibus

2274 726 2515 793 imperat,
2532 721 2872 777 testimonium
2889 719 3166 792 aliquando
3193 717 3431 790 potentia
3475 732 3583 772 ante
3604 717 3800 788 exigat.

2273 815 2367 871 21.
2389 815 2493 872 Sed
2520 816 2769 887 quoniam
2792 811 3076 878 edidimus,
3094 809 3480 881 antiquissimis
3494 808 3808 864 ludaeoeum

2206 908 2581 966 instrumentis
2606 917 2806 964 sectam
2838 907 2993 961 istam
3020 920 3143 961 esse
3168 903 3459 970 sulfultam,
3511 917 3674 974 quam
3700 900 3808 956 ali-

2205 1017 2407 1076 quanto
2437 1003 2702 1060 novellam
2735 1001 2832 1075 (b),
2864 1011 2925 1056 ut
2953 998 3230 1055 Tiberiani
3275 997 3534 1068 temporis
3558 996 3654 1069 (c),
3689 995 3808 1067 ple-

2206 1097 2360 1168 rique
2426 1097 2634 1161 seiunt,
2692 1091 3066 1165 profitentibus
3111 1092 3189 1162 (5)
3221 1090 3375 1146 nobis
3412 1089 3506 1159 ,(d)
3552 1103 3808 1160 quoque;

2210 1188 2280 1243 lo:
2294 1197 2437 1243 insse
2462 1203 2533 1241 an
2562 1187 2665 1241 hoc
2693 1185 2912 1240 nomine
2938 1182 3007 1238 de
3033 1192 3175 1237 statu
3202 1182 3321 1252 ejus
3364 1188 3684 1236 retractetur
3713 1172 3823 1247 (e),‘

2212 1283 2369 1354 quasi
2408 1281 2509 1337 sub
2561 1278 2878 1335 umbraculo
2931 1275 3307 1348 insignissimte
3339 1274 3634 1346 religionis,
3661 1279 3814 1328 certe

2209 1378 2369 1433 licitae
2413 1374 2516 1446 (6),
2578 1370 2777 1443 aliquid
2827 1368 3057 1442 propria:
3107 1367 3544 1439 pra-sumptionis
3572 1365 3809 1419 abscon-

2208 1470 2320 1534 dat,
2346 1466 2434 1524 vel
2459 1465 2581 1538 quia
2610 1473 2809 1535 praeter
2828 1471 3039 1517 tetatetn
3064 1476 3238 1532 neque
3260 1459 3329 1515 de
3351 1459 3521 1514 victus
3539 1456 3814 1527 exceptio-

2211 1564 2391 1629 nibus,
2445 1575 2620 1632 neque
2663 1558 2733 1613 de
2786 1554 3216 1612 solemnitatibus
3243 1552 3475 1615 dierum,
3516 1565 3689 1622 neque
3741 1548 3815 1606 de

2212 1658 2331 1728 ipso
2351 1653 2627 1727 signaculo
2655 1651 2928 1721 corporis,
2957 1663 3131 1718 neque
3155 1646 3226 1702 de
3267 1645 3541 1700 consortio
3583 1640 3819 1698 nominis

2215 1766 2336 1808 cunt
2366 1749 2564 1805 Judmis
2592 1748 2821 1819 agimus,
2851 1744 2993 1815 quod
3024 1743 3205 1813 utique
3231 1747 3526 1811 oporteret,
3560 1736 3606 1792 si
3634 1735 3814 1793 eidem

502 1862 978 1920 Ancustnnrun.-—-
998 1856 1114 1912 Hoc
1130 1854 1317 1926 insigni
1347 1852 1513 1923 capite
1555 1844 1846 1922 plenissima
1864 1848 2106 1920 propina-
2138 1811 2186 1872 Β
2219 1847 2326 1901 Deo
2348 1839 2824 1913 manciparemur?
2852 1837 2959 1894 Sed
2984 1845 3040 1891 et
3059 1835 3248 1906 vulgus
3264 1834 3375 1905 jam
3397 1833 3500 1926 scit
3518 1829 3817 1894 Christum,

574 1964 659 2010 tur
684 1954 891 2018 Christi,
923 1950 1021 2005 Dei
1052 1947 1199 2013 Filii,
1226 1946 1460 2012 historia,
1490 1945 1596 2014 qui,
1620 1953 1770 2014 prout
1798 1944 1865 1996 ad
1893 1944 2108 1996 salutent

575 2048 863 2102 animarum
892 2045 1037 2099 debet
1071 2040 1328 2113 cognosci,
1357 2040 1461 2094 late
1482 2048 1528 2092 et
1546 2052 1751 2092 nervoso
1770 2036 2105 2091 ’describitur.

579 2138 875 2196 Ostenditur
895 2137 1114 2203 interim,
1141 2134 1266 2206 quid
1292 2130 1495 2188 Jndwis
1519 2130 1762 2205 evenerit,
1793 2128 1919 2183 dum
1938 2129 1992 2183 in
2017 2128 2108 2182 illo

2215 1938 2489 1994 hominem
2516 1934 2699 2005 utique
2720 1929 3203 2004 aliquetn,‘qualem
3225 1926 3393 1982 Judaei
3409 1924 3810 1995 judicaverunt,

2218 2047 2328 2105 quo
2375 2027 2588 2085 facilius
2634 2026 2755 2096 quis
2784 2040 2883 2081 nos
2910 2022 3138 2078 hominis
3164 2020 3398 2076 cultores
3426 2013 3824 2073 existimaverit

2214 2124 2279 2198 (7"
2300 2126 2369 2199 ι’).
2397 2123 2602 2180 Verum
2643 2112 2821 2194 neque
2864 2119 2932 2176 de
2986 2117 3202 2173 Christo
3227 2114 3621 2181 erubescimus,
3651 2124 3823 2183 quum

1751 2266 2137 2327 LECTIONES
2178 2260 2592 2322 VARIANTES.

571 2420 644 2490 (1)
670 2417 1010 2490 Providentiae
1033 2416 1241 2490 semier.

573 2484 648 2544 (2')
670 2485 942 2536 Veritatem
966 2484 1132 2533 Paris.

594 2545 646 2615 ὅ)
678 2546 876 2615 Eaedem
890 2545 1093 2615 eadem.
1116 2545 1240 2594 Jun.

595 2609 646 2663 ll
680 2610 866 2663 Futura
883 2609 1047 2658 Paris.

2300 2406 2355 2468 5)
2373 2404 2528 2468 Vﬁobis
2549 2403 2702 2468 Eran.

2302 2465 2354 2533 ρ)
2390 2466 2539 2533 certe
2563 2465 2774 2533 ϋοξιιιίαε
2798 2465 2951 2533 Ρνιξη·

2302 2523 2355 2590 7)
2382 2530 2474 2590 Qui
2493 2554 2556 2564 —
2572 2528 2962 2579 existimaverint
2982 2523 3071 2577 alii
3090 2532 3204 2576 Jun.

2304 2532 2355 2658 ’ῖς
2382 2532 2474 2590 Qui
2493 2554 2556 2564 —
2572 2532 2827 2579 existimav

2304 2594 2334 2642 8
2382 2590 2445 2644 Ut
2465 2591 2827 2656 quosﬂaverc.

1873 2719 2368 2785 COMMENTARIU
2391 2722 2440 2781 3.

432 2846 435 2853 ’
513 2861 825 2936 pestilentem
844 2857 1087 2922 videmus,
1116 2870 1211 2911 cur
1236 2868 1338 2907 non
1361 2850 1557 2906 multas
1581 2849 1811 2922 regiones
1834 2889 1851 2916 ,
1882 2860 1997 2919 qua:
2014 2844 2104 2899 diu

514 2956 694 3011 bellica
720 2952 884 3024 gloria
907 2948 1169 3024 celebratas
1217 2954 1371 3024 sunt,
1427 2943 1696 3024 ἱιιιιιιιιωια
1741 2944 1875 3024 aeris
1901 2984 1916 3008 ,
1960 2942 2104 3024 quia

515 3027 628 3081 caeli
653 3014 789 3080 sttitu
826 3022 1135 3094 qualitatem,
1160 3019 1359 3094 sumit,
1387 3015 1707 3094 conditione,
1751 3014 1805 3068 in
1842 3015 2102 3094 [taurinum

514 3099 698 3153 virtute
741 3086 1067 3166 degenerasse
1101 3086 1514 3166 Δζιῆῖνῃιαιιὶηιιιδῖ
1565 3087 1733 3166 llujus
1779 3087 1857 3141 rei
1886 3100 2103 3166 causam

517 3168 694 3226 ruenti
721 3157 918 3221 sarculo
943 3157 1196 3218 adscribit
1221 3159 1500 3214 Lucretius
1544 3157 1672 3213 dum
1713 3168 1909 3215 terram

518 3241 750 3296 elltntam
776 3244 1053 3307 parentem
1081 3229 1411 3289 considerari
1437 3228 1571 3285 vult.
1619 3229 1815 3286 Versus
1841 3228 1959 3301 ejus
1987 3236 2111 3284 sunt

517 3311 613 3368 lib.
644 3310 707 3375 ll,
736 3307 895 3366 1149.

643 3403 854 3467 Jamque
875 3400 1001 3467 adeo
1022 3395 1196 3446 affecta
1219 3399 1454 3467 est_:etas,
1484 3384 1917 3467 eﬂ‘o‘taque‘telius

643 3465 737 3516 Vix
763 3462 989 3514 animalia
1013 3473 1160 3525 parva
1183 3465 1476 3525 creat,qu
1502 3462 1677 3525 cuncta
1697 3462 1886 3507 creavit

644 3527 813 3588 Sterla,
842 3522 1079 3590 deditque
1100 3522 1320 3574 ferarum
1344 3522 1563 3583 ingentia
1587 3533 1788 3585 corpora
1815 3525 1977 3584 partu.

518 3636 596 3693 Ita
636 3637 753 3709 lege
777 3650 897 3709 eum
922 3633 1073 3709 MSS.
1107 3634 1273 3709 Voss._
1294 3633 1410 3709 l_t_i_b.
1441 3631 1596 3709 _L._B.
1622 3626 1907 3709 Quomodo
1954 3625 2120 3709 plane

519 3696 991 3766 etiamVSallustins
1018 3706 1134 3763 Cat.
1159 3721 1208 3761 c.
1257 3704 1386 3761 ιλιι.
1424 3705 1491 3759 tle
1516 3702 1651 3770 Rep.
1683 3700 1843 3757 Rom.
1871 3715 1932 3752 ac
1958 3696 2119 3751 velati

521 3782 689 3849 elfazta
743 3780 1027 3851 parentium
1050 3820 1063 3843 ,
1100 3779 1301 3851 inmltis
1362 3773 1753 3851 tempestatibus
1796 3770 1934 3851 haud
1993 3785 2123 3851 sane

520 3841 787 3924 quisquam
835 3850 1015 3924 Rarum
1051 3841 1243 3924 virtute
1284 3841 1503 3924 magnus
1551 3845 1667 3915 fuit.
1701 3843 1866 3924 ldem_
1889 3841 2114 3924 Lucret.

522 3910 658 3978 eum.
696 3923 943 3992 agricola:
990 3921 1236 3994 querelas
1284 3910 1581 3973 induxisset
1632 3930 1788 3971 versu
1846 3910 2018 3969 1170.
2049 3910 2124 3966 ita

524 3995 827 4061 Concludit,
1714 4006 1715 4009 ‘

650 4104 757 4176 Ifiec
778 4111 946 4176 tenet,
971 4101 1388 4176 omniapaulatim
1402 4101 1678 4176 tabescere
1697 4114 1710 4150 :
1729 4103 1793 4176 et
1814 4101 1888 4150 ire

649 4168 725 4217 Ad
746 4162 1023 4232 secpulum,
1051 4162 1209 4230 spatio
1227 4166 1361 4216 aetati
1383 4162 1580 4215 defessa
1600 4168 1814 4215 vetusto.

598 4272 666 4328 Et
691 4271 781 4328 hic
833 4272 1083 4328 scribeex
1107 4271 1334 4342 eleganti
1364 4270 1587 4342 istorum
1611 4266 1760 4323 MSS.
1791 4265 2125 4323 correCIione

529 4344 597 4399 ad
617 4344 879 4414 capulum,
905 4344 941 4398 i.
969 4359 1020 4398 e.
1042 4343 1108 4397 ad
1131 4341 1483 4414 sepulturam.
1514 4341 1649 4414 "KV.

599 4407 1044 4488 (e)-Emorbitant.
1082 4407 1231 4488 Bari.
1274 4425 1329 4469 et
1352 4413 1477 4488 Ald.
1508 4412 1876 4488 exorbitantur.
1908 4407 2123 4488 Adam—

527 4480 701 4616 Bra\"it
749 4486 868 4543 haec
903 4486 1081 4545 omnia
1134 4486 1318 4557 pulcre
1364 4484 1597 4556 Prosper
1637 4483 1934 4554 Aquitanus
1978 4480 2124 4536 libro

547 4578 556 4593 ·
576 4575 852 4616 oneratum.

547 4575 852 4631 Lptgl‘alnlll.
882 4626 907 4645 κ

650 4694 761 4760 Non
780 4695 916 4760 idem
937 4699 1192 4760 statusiest
1214 4696 1363 4760 agris,
1386 4708 1483 4746 non
1502 4695 1712 4745 urbibus
1733 4695 1848 4747 ullis
1861 4729 1875 4756 ,

712 4758 986 4823 Omniaque
1007 4760 1060 4823 in
1084 4759 1230 4809 ﬁnem
1248 4758 1555 4823 praecipitata
1576 4764 1744 4823 ruunt.

652 4820 829 4885 Ferro,
856 4819 1017 4885 péSte,
1038 4821 1198 4884 fame,
1223 4819 1417 4881 vinclis,
1435 4819 1633 4885 algore,
1662 4821 1845 4885 calore,

712 4883 1026 4947 Mille'modis
1047 4883 1255 4935 miseros
1276 4898 1409 4935 mors
1438 4884 1569 4947 rapit
1590 4895 1687 4947 una
1710 4883 1949 4934 homines.

654 4945 882 5009 Undique
913 4946 1045 5007 bella
1083 4950 1323 5003 fremunt,
1349 4945 1559 4997 hominis
1582 4945 1716 4996 furor
1742 4949 1956 5007 excitat,
1982 4945 2131 4994 armis

712 5009 1006 5060 Incutnbunt
1021 5023 1177 5073 reges
1200 5011 1407 5074 regibus
1430 5010 1720 5074 innumeris.

651 5070 807 5133 Impia
828 5074 1030 5123 confuso
1051 5070 1191 5123 saevit
1211 5070 1450 5123 discordia
1475 5072 1655 5122 mundo
1682 5087 1695 5133 ;

754 5148 816 5184 ax
841 5137 962 5186 abiit
982 5137 1154 5211 terris,
1176 5136 1346 5185 ultima
1364 5148 1582 5200 quaeque
1605 5130 1759 5186 vides.
1784 5130 1910 5185 ΗΠ.

600 5261 752 5318 CAP.
772 5261 1099 5334 XXl.—(lt)
1139 5263 1413 5334 Aliquanto
1439 5262 1711 5316 novellam.
1740 5261 2026 5334 Perialiam
2054 5263 2130 5318 lc-

527 5334 783 5396 ctionem,
801 5350 921 5402 qua:
945 5336 1003 5390 in
1026 5332 1159 5389 cou.
1184 5332 1337 5390 Fuld.
1358 5344 1461 5398 est,
1480 5335 1617 5387 alius
1632 5347 1822 5387 sensus
1851 5333 1974 5389 huic
2006 5335 2126 5390 loco

528 5406 707 5471 datur,
739 5406 810 5461 ibi
839 5406 1047 5475 legitur,
1062 5423 1216 5477 quam
1233 5407 1392 5460 scient
1415 5404 1716 5477 aliquando,
1743 5413 1805 5477 ut
1823 5404 1887 5458 ad
1905 5404 2121 5461 .Iudzeos

529 5477 810 5531 referatur.
829 5477 962 5531 Puto
995 5475 1173 5532 verius
1199 5493 1265 5533 ex
1294 5478 1538 5547 sequenti
1562 5476 1735 5547 sciunt
1760 5475 1844 5530 hic
1876 5477 2022 5531 illam
2053 5494 2118 5531 vo

529 5563 647 5604 cem
666 5548 985 5618 duplicatum
1003 5563 1142 5603 esse.
1164 5546 1469 5603 Secundum
1490 5547 1644 5601 Fuld.
1665 5546 1772 5618 MS.
1792 5561 2002 5618 sensus,
2022 5550 2110 5618 qui

528 5634 651 5675 sese
678 5616 762 5675 hic
790 5620 927 5674 alius
952 5620 1163 5687 aperire
1189 5620 1418 5687 videtur,
1448 5619 1535 5675 ille
1558 5630 1676 5674 est:
1712 5616 1813 5687 Ipsi
1840 5618 1912 5672 illi
1942 5616 2114 5674 Judlei

529 5692 702 5745 scient
747 5690 1032 5761 aliquando
1079 5689 1217 5745 hanc
1263 5703 1487 5757 sectam,
1534 5690 1571 5745 i.
1618 5705 1669 5742 e.
1712 5688 2013 5761 intelligent
2062 5700 2118 5746 et

530 5760 935 5829 approbabunt,
992 5762 1044 5815 in
1099 5770 1278 5816 nostra
1327 5774 1499 5817 castra
1551 5776 1672 5816 sese
1720 5760 2112 5829 conjicientes,

532 5831 822 5887 secundum
874 5834 1071 5887 dictum
1102 5829 1255 5901 Osca:
1294 5848 1370 5887 ιιι.
1399 5832 1454 5887 5.
1490 5844 1598 5887 tum
1638 5847 1802 5901 quum
1842 5833 2014 5888 scient
2066 5843 2121 5888 et

535 5912 861 5970 cognoscent
887 5904 1085 5974 ipsum,
1111 5900 1313 5959 Jcrcm.
1343 5918 1494 5959 xxxt.
1524 5904 1614 5960 54.
1639 5900 1932 5962 clamantes
1952 5901 2121 5963 :Deus

1955 3157 2108 3227 quasi
2136 3156 2182 3218 C

2150 4532 2206 4591 D

2206 2842 2298 2907 mi,
2321 2857 2413 2895 nos
2434 2838 2601 2895 Israel
2620 2848 2734 2893 tuus
2763 2838 2991 2893 novimus
3019 2847 3085 2892 te.
3119 2837 3211 2892 Os.
3251 2835 3363 2893 vni.
3394 2835 3451 2890 2.
3475 2836 3575 2891 Alii
3594 2834 3811 2907 legunt,

2206 2911 2455 2967 Barrteus
2483 2912 2697 2981 duidem
2737 2922 2787 2964 et
2832 2908 2953 2981 Ald.
2985 2919 3040 2981 et
3083 2908 3300 2963 llerald.
3342 2918 3393 2963 et
3437 2908 3611 2969 Bltcn.
3650 2925 3816 2981 quam

2209 2983 2484 3054 aliquando
2501 2980 2773 3054 novellam.
2793 2980 2867 3036 La
2889 2980 3057 3054 corda
3074 2998 3229 3054 quant
3245 2981 3505 3054 aliquanto
3530 2980 3806 3054 nomallam,

2213 3066 2271 3111 ut
2295 3050 2366 3112 ἐι
2395 3054 2502 3110 MS.
2546 3055 2609 3109 L.
2640 3053 2700 3108 Β.
2730 3062 2786 3107 et
2813 3050 3169 3120 Agobard.et
3209 3052 3473 3108 Patnelins
3512 3060 3565 3106 et
3605 3050 3809 3177 Riﬁt‘l‘t’.

3726 3137 3819 3177 Αν.

2290 3199 2367 3271 (c)
2407 3195 2664 3271 Tiberiani
2707 3197 2968 3271 temporis.
3002 3193 3078 3271 ita
3105 3194 3250 3251 clare
3281 3194 3423 3271 MSS.
3455 3193 3822 3271 Agobard._et
3850 3222 3879 3235 κ

2228 3266 2381 3325 Ι..’Β.
2413 3272 2481 3323 ita
2513 3267 2659 3322 Pam.
2689 3278 2749 3322 et.
2770 3267 2890 3338 Rig.
2919 3276 2972 3320 et
3000 3266 3177 3321 illten.
3203 3268 3294 3337 qui
3332 3283 3452 3321 cmn
3486 3282 3589 3322 non
3617 3266 3820 3338 distin-

2227 3351 2390 3411 [:ttnnt
2419 3349 2539 3407 post
2568 3341 2824 3409 temporis,
2848 3337 3115 3411 ridentur
3144 3338 3442 3411 intelligere
3470 3338 3537 3394 de
3579 3337 3818 3411 scripto-

2225 3408 2373 3467 rihus
2405 3411 2673 3467 Tiberiani
2717 3410 2994 3480 temporis,
3026 3409 3168 3480 quod
3208 3408 3295 3464 hic
3330 3409 3525 3465 falsum
3547 3418 3648 3465 est.
3676 3408 3829 3463 Dicit

2226 3484 2369 3539 enim
2422 3484 2704 3552 plerosque
2747 3482 3131 3551 introgressutn
3164 3497 3322 3536 nova:
3359 3480 3517 3551 hujus
3555 3489 3738 3552 δαείω,
3771 3481 3827 3534 in

2227 3545 2585 3611 orbetn'scire
2610 3545 2803 3608 factum
2838 3545 3080 3622 tempore
3105 3552 3326 3618 Tiberii,
3360 3545 3602 3608 fortassis
3636 3545 3823 3622 itaque

2228 3636 2506 3697 putaturos
2523 3639 2713 3697 novam
2734 3624 2875 3697 hanc
2895 3625 3363 3697 praesumptionem
3398 3624 3496 3679 sub
3525 3624 3610 3678 illa
3640 3636 3829 3697 vetus-

2229 3695 2335 3753 tate
2361 3713 2453 3751 sua
2486 3696 2732 3751 roborata
2762 3695 3070 3750 Judzeurnnt
3105 3696 3383 3766 religione,
3414 3707 3471 3750 ut
3498 3704 3618 3765 post
3640 3695 3826 3767 Ajacis

2228 3769 2455 3837 alicujus
2501 3769 2781 3839 clypeum,
2837 3768 3003 3839 latere
3053 3768 3208 3823 velle.
3267 3769 3370 3822 Alii
3425 3766 3825 3839 legebant,“

2231 3839 2418 3895 Tiberii
2435 3837 2764 3909 temporibus,
2797 3838 2936 3909 quod
2964 3854 3084 3892 cum
3114 3840 3229 3894 sine
3251 3853 3433 3904 sensu,
3459 3837 3698 3894 additum
3721 3838 3828 3893 fuit

2229 3910 2282 3966 in
2314 3911 2472 3967 Fuld.
2507 3922 2690 3975 ortam,
2733 3911 2804 3965 ita
2837 3928 2850 3964 :
2882 3920 2937 3963 ut
2965 3909 3250 3964 Tiberianis
3288 3909 3595 3980 temporibus
3628 3920 3822 3966 artant.

2228 3983 2287 4053 In
2321 3982 2552 4037 editione
2571 3981 2846 4037 Prioriana
2874 3982 3084 4053 Rigﬂex
3114 3982 3399 4051 postremis
3415 3984 3603 4037 vitiose
3624 3981 3826 4052 legitur

2232 4051 2473 4108 Tiberini.
2507 4054 2679 4122 Supra
2708 4068 2829 4123 cap.
2874 4070 2926 4109 ν.
2948 4051 3200 4109 Ὑίὺενὶιιε
3228 4069 3365 4122 ergo,
3408 4055 3553 4121 cuius
3593 4051 3825 4124 tempore

2229 4141 2412 4180 nomen
2439 4124 2773 4178 christianum
2794 4127 2846 4178 in
2873 4126 3114 4181 saeculum
3134 4126 3375 4180 introivit.
3404 4124 3537 4181 llav.

2303 4215 2386 4289 (ιι)
2430 4215 2593 4289 Nobis
2618 4234 2833 4289 quoque.
2865 4216 2940 4272 Ita
2975 4217 3094 4288 Rig.
3134 4219 3254 4274 Ald.
3286 4218 3410 4273 Jun.
3440 4219 3544 4273 Alii
3570 4218 3728 4289 vobis.
3758 4228 3822 4275 ut

2231 4288 2381 4343 Pam.
2414 4288 2556 4358 quod
2590 4288 2840 4345 vitioSum
2871 4299 2973 4356 est,
3005 4291 3055 4345 id
3085 4290 3227 4345 enim
3259 4289 3458 4345 Judmis
3477 4301 3531 4346 et
3551 4288 3819 4346 Gentibus

2232 4359 2387 4415 facile
2420 4360 2783 4426 concedimus,
2829 4378 3019 4416 novam
3057 4377 3178 4418 esse
3221 4370 3445 4427 sectam,
3487 4362 3581 4417 sed
3634 4372 3819 4416 tamen

2231 4432 2613 4506 antiquissimis
2656 4433 3026 4506 velipsorum
3079 4432 3386 4506 Judzeorum
3444 4433 3822 4506 instrumentis

2231 4502 2541 4576 sull'ultant,
2580 4519 2699 4574 qua:
2737 4504 3072 4576 disciplinam
3118 4505 3229 4560 Deo
3263 4502 3467 4576 gratam
3500 4502 3604 4559 non
3651 4503 3817 4572 tollit,

2232 4575 2325 4630 sed
2349 4575 2629 4643 illuminat,
2657 4576 2752 4631 sed
2783 4575 3059 4631 refermat.
3086 4576 3160 4631 La
3184 4575 3381 4642 Cerda,
3412 4576 3616 4632 nostris.

2306 4666 2384 4740 (e)
2427 4667 2927 4740 Retractetur.-Cutn
2960 4684 3087 4724 vero
3116 4660 3183 4725 de
3213 4680 3352 4725 statu
3398 4669 3517 4740 ejus
3543 4671 3828 4726 retractari

2232 4738 2381 4805 dicit,
2407 4750 2533 4809 puto
2560 4739 2706 4793 innui
2730 4739 3115 4811 malignitatem
3142 4751 3196 4797 et
3225 4738 3476 4796 invidiam
3494 4756 3596 4811 qua
3611 4743 3827 4809 judica-

2233 4810 2361 4865 bant
2408 4811 2475 4864 de
2515 4812 2792 4882 religione.
2833 4810 3127 4867 Iletractare
3181 4814 3323 4869 enim
3380 4810 3525 4883 apud
3565 4812 3825 4871 NOStrum

2233 4883 2447 4952 quidem
2479 4884 2678 4954 passim
2716 4884 2979 4954 significat
3008 4884 3292 4954 diligenter
3322 4894 3550 4941 tractare
3580 4899 3633 4941 et
3658 4902 3819 4943 reco-

2229 4968 2517 5033 gnoscere.
2542 4955 2635 5009 sed
2663 4956 2913 5033 quoniam
2946 4956 3035 5033 ille
3061 4957 3352 5033 quillippus
3379 4958 3492 5028 ipse
3522 4968 3664 5033 recta
3685 4958 3827 5014 alio-

2235 5040 2353 5100 rum
2371 5025 2624 5100 aspicere
2651 5027 2916 5100 ιιοιιμνιιιι,
2946 5025 3349 5083 obtrectationis
3376 5025 3505 5100 ergo
3533 5030 3826 5100 diligenter

2237 5097 2485 5167 inquirit,
2532 5098 2698 5153 sicubi
2758 5097 2985 5154 faculam
3057 5100 3267 5155 invidia:
3326 5110 3381 5155 et
3418 5097 3825 5157 intaledicentia:

2233 5169 2529 5244 accendere
2555 5172 2741 5240 possit,
2767 5171 3003 5244 ideohic
3035 5186 3132 5244 pro
3169 5188 3380 5241 carpere
3406 5172 3630 5244 accipio.
3662 5172 3819 5244 Quo-

2233 5240 2395 5314 modo
2424 5240 2534 5295 fere
2573 5243 2816 5314 utiturin
2846 5243 2991 5297 libro
3014 5243 3081 5314 de
3104 5240 3331 5314 Jejuniis
3356 5258 3406 5298 c.
3446 5240 3541 5299 xv:
3584 5240 3732 5300 certe
3762 5243 3823 5300 in

2230 5312 2425 5366 malam
2452 5322 2655 5382 partem
2682 5331 2695 5366 :
2721 5313 2906 5382 Atquin
2926 5314 2995 5368 ad
3016 5312 3276 5371 Romanos
3299 5315 3538 5379 scribens,
3570 5332 3657 5371 vos
3682 5332 3824 5371 nunc

2180 5418 2185 5431 κ
2228 5385 2522 5454 compungit
2544 5394 2903 5457 Aretractatores
2930 5386 3083 5457 hujus
3122 5387 3308 5457 ofﬁcii;
3346 5387 3383 5442 i.
3415 5402 3466 5443 c.
3498 5387 3825 5445 detrectato-

2227 5469 2331 5520 res,
2365 5455 2751 5521 inobed’tentes,
2781 5455 3048 5513 irrisores.
3080 5455 3212 5513 Har.

2300 5547 2367 5619 (f)
2394 5548 2653 5627 Qttis_nos.
2686 5551 2934 5607 Aldinum
2962 5554 3338 5627 exemplarqui
3353 5570 3447 5608 nos
3474 5553 3529 5608 Ii.
3557 5571 3604 5609 c.
3636 5553 3822 5627 existi—

2221 5622 2485 5673 mavcrinl.
2517 5620 2686 5677 Verus
2715 5639 2904 5679 sensus
2928 5637 3030 5690 εει,
3064 5620 3146 5680 vel
3179 5620 3300 5680 inde
3327 5625 3564 5681 humano
3588 5625 3810 5694 ingenio

2224 5700 2425 5769 tantum
2450 5694 2669 5769 rationis
2689 5694 2938 5769 debuiSse
2968 5696 3251 5768 indulgeri,
3274 5707 3333 5752 ttt
3360 5697 3405 5751 si
3429 5712 3726 5769 congruum
3753 5706 3816 5753 et

2223 5763 2397 5838 simile
2422 5765 2647 5838 alicujus
2666 5768 2776 5821 veri
2824 5768 3022 5838 lingere
3046 5779 3096 5823 et
3118 5763 3349 5824 'mentiri
3381 5770 3454 5824 illi
3487 5763 3811 5837 voluissent,

2224 5831 2510 5890 humanam
2545 5831 2735 5908 saltem
2764 5831 2999 5908 speciem
3027 5840 3114 5896 Dei
3146 5838 3575 5897 Christianorum
3617 5831 3815 5896 ﬂuxis;

2224 5915 2371 5978 sent,
2395 5923 2504 5965 non
2544 5906 3204 5983 ferinam,'tuonstrosant,
3233 5922 3291 5975 ut
3317 5911 3556 5971 fecerant
3585 5913 3639 5969 in
3665 5912 3829 5969 Ono-
