4126 6340
408 208 515 295 599

1829 233 2295 295 TERTULLIANI
2328 212 2335 219 ’

3604 239 3713 297 400

405 353 608 421 vocari,
638 358 692 411 et
711 351 869 412 deum
896 357 951 411 et
975 351 1209 415 animum
1236 349 1384 409 Jovis
1405 347 1504 424 (ιι),
1534 356 1589 408 et
1617 350 1994 410 necessitatem
2026 354 2078 416 Λ
2100 351 2395 418 Christum,
2429 314 2635 409 scilicet
2660 351 2852 426 quibus
2870 354 3143 426 prophetae
3162 352 3541 426 loquebantur.
3573 352 3710 411 Nam

407 450 649 507 omnium
679 463 878 514 rerum,
908 447 1035 504 Haec
1057 444 1348 504 Cleanthes
1376 446 1428 502 in
1455 445 1700 519 spiritum
1731 448 2008 519 congerit,

406 558 568 614 quem
597 550 980 614 permeatorem
999 539 1362 596 universitatis
1378 538 1629 596 affirmat.
1648 538 1713 595 Et
1729 554 1826 594 nos
1848 539 2008 594 etiam

404 635 654 694 Sermoni
679 644 837 705 atque
854 633 1064 689 Rationi
1090 633 1327 705 itemque
1348 631 1669 703 Virtuti,per
1690 647 1808 704 quae.
1830 632 2007 687 omnia

404 732 651 790 molitum
679 729 848 785 Deum
875 727 1160 796 ediximus,
1190 725 1461 799 propriam
1484 726 1837 782 substantiam
1860 725 2008 797 spiri-

404 833 519 880 tum
543 821 625 900 (1)
656 821 1015 889 inscribimus,
1047 823 1131 879 cui
1163 832 1218 878 et
1241 823 1433 878 Sermo
1458 822 1582 877 insit
1603 821 2003 893 pronuntianti,

406 927 465 975 et
489 917 647 974 Ratio
671 916 815 974 adsit
833 915 1165 988 disponenti,
1192 924 1244 972 et
1283 915 1452 971 virtus
1478 916 1659 987 praesit
1684 913 2003 986 perﬁcienti.

404 1009 563 1067 Hunc
586 1024 655 1067 ex
678 1008 790 1066 Deo
818 1009 1085 1082 prolatum
1108 1007 1414 1073 didicimus,
1438 1018 1492 1063 et
1515 1005 1811 1077 prolatione
1836 1020 2002 1077 gene-

402 1112 666 1171 ratum,et
691 1103 890 1160 idcirco
911 1102 1109 1159 Filium
1132 1102 1228 1159 Dei
1248 1111 1301 1159 et
1320 1102 1485 1158 Deum
1503 1100 1701 1157 dictum
1719 1116 1785 1157 ex
1804 1100 2007 1155 unitate

405 1197 744 1255 substantim.
774 1196 907 1253 Nam
943 1205 996 1253 et
1023 1196 1164 1252 Deus
1188 1196 1427 1269 spiritus.
1454 1195 1518 1249 Et
1563 1209 1683 1249 cum
1712 1192 1914 1262 radiqu
1938 1207 2006 1248 ex

406 1294 523 1350 sole
551 1293 861 1365 porrigitur,
890 1291 1067 1363 portio
1092 1306 1157 1347 ex
1185 1304 1424 1356 summa;
1462 1288 1559 1345 sed
1587 1288 1667 1344 soi
1698 1288 1801 1344 erit
1837 1287 1889 1342 in
1919 1301 2010 1342 ra-

407 1386 498 1444 dio
528 1386 629 1461 (2),
648 1385 772 1457 quia
797 1386 927 1441 solis
949 1393 1032 1440 est
1051 1383 1250 1448 radius,
1272 1397 1371 1439 nec
1392 1389 1668 1453 separatur
1687 1378 2006 1447 substantia,

2112 455 2169 504 et
2199 461 2343 503 nunc
2362 446 2647 503 adventum
2677 445 2791 517 ejus
2818 456 3152 517 exspeCtant,
3185 462 3284 504 nec
3312 447 3413 503 alia
3434 449 3602 519 magis
3629 448 3710 502 in-

2112 548 2195 595 ter
2233 554 2332 595 nos
2383 548 2438 596 et
2472 539 2591 594 illos
2631 538 2984 610 compulsatio
3004 548 3106 607 est,
3136 554 3295 610 quam
3324 539 3591 610 quodjam
3613 554 3710 597 ve-

2111 632 2255 689 nisse
2282 646 2386 687 non
2428 631 2673 689 credunt.
2702 632 2919 689 Duobus
2945 632 3087 690 enim
3118 631 3437 690 adventibus
3465 633 3581 705 ejus
3625 634 3705 690 si-

2109 724 2375 797 gnificatis
2400 743 2413 778 :
2438 726 2627 796 primo,
2657 724 2747 797 qui
2762 725 2874 796 jam
2904 734 3205 798 expunctus
3224 734 3309 781 est
3328 726 3382 781 in
3408 710 3711 783 humilitate

2110 818 2433 875 conditionis
2455 820 2722 887 humanae;
2740 818 2996 887 secundo,
3012 818 3100 892 qui
3126 818 3497 876 concludendo
3512 818 3712 876 saeculo

2111 911 2355 967 imminet
2386 911 2438 966 in
2467 910 2794 967 sublimitate
2818 910 3109 966 divinitatis
3135 920 3367 967 exserta:
3410 928 3424 965 :
3469 909 3708 982 primum

2113 1018 2219 1060 non
2242 1002 2608 1075 intelligendo,
2638 1002 2955 1071 secundum,
2980 1019 3137 1075 quem
3157 1002 3491 1060 manifestius
3514 1002 3711 1073 praedi-

2112 1107 2288 1155 catum
2304 1098 2423 1172 (l2)
2445 1107 2858 1169 sperant,unum
2876 1098 3341 1155 existimaverunt.
3363 1097 3441 1154 Ne
3457 1098 3601 1155 enim
3624 1099 3711 1155 in-

2112 1191 2413 1265 telligerent
2455 1190 2761 1262 pristinum,
2791 1192 3042 1248 credituri
3119 1192 3164 1247 si
3196 1191 3621 1260 intellexissent,
3656 1200 3715 1250 et

2109 1285 2448 1344 consecuturi
2474 1285 2700 1341 salutem
2735 1285 2785 1340 si
2826 1284 3202 1351 credidissent,
3222 1285 3473 1343 meritum
3496 1284 3594 1341 fuit
3615 1285 3713 1342 de-

2109 1379 2292 1436 lictum
2309 1392 2497 1435 eorum
2511 1378 2654 1450 (15).
2670 1377 2777 1450 ipsi
2793 1378 2973 1450 legunt
2992 1377 3064 1434 ita
3081 1378 3336 1449 scriptum
3353 1378 3636 1435 mulctatos
3648 1392 3713 1436 se

405 1477 503 1535 sed
522 1476 847 1535 extenditur.
865 1475 943 1532 lta
973 1476 1040 1532 de
1065 1476 1264 1548 Spiritu
1292 1475 1544 1546 Spiritus,
1563 1483 1617 1530 et
1642 1472 1710 1530 de
1738 1472 1848 1528 Deo
1869 1472 2010 1528 Deus
2112 1473 2370 1546 sapientia
2397 1482 2454 1529 et
2473 1471 2821 1544 intelligentia
2846 1479 2902 1529 et
2924 1471 3199 1528 oculorum
3224 1483 3275 1528 et
3297 1472 3506 1528 aurium
3534 1472 3705 1545 fruge.

407 1570 491 1643 (3)
512 1612 528 1639 ,
555 1578 614 1626 ut
648 1570 827 1625 lumen
853 1568 919 1624 de
946 1568 1145 1624 lumine
1171 1570 1480 1624 accensum.
1510 1565 1686 1622 Manet
1711 1566 1915 1637 integra
1954 1573 2010 1620 et
2113 1566 2283 1637 Quem
2307 1566 2466 1638 igitur
2480 1566 2817 1622 solummodo
2838 1564 3718 1638 hominem(inprtesumpserant

415 1660 679 1719 indefecta
705 1661 942 1718 materia:
972 1660 1162 1715 matris
1187 1700 1201 1725 ,
1232 1659 1331 1716 etsi
1360 1660 1538 1730 plures
1566 1655 1645 1731 (4)
1673 1656 1796 1714 inde
1826 1655 2011 1712 tradu-
2116 1659 2184 1715 de
2219 1659 2518 1735 hu'militate
2538 1702 2554 1727 ,
2582 1660 2907 1730 sequebatur
2933 1660 3009 1715 uti
3050 1674 3262 1731 magum
3290 1662 3621 1717 mstimarent
3644 1660 3716 1718 de

410 1768 501 1813 aes
524 1753 835 1826 qualitatum
890 1751 1151 1808 mutueris
1186 1750 1288 1822 (5).
1316 1750 1392 1806 lta
1419 1761 1474 1806 et
1509 1749 1592 1823 (6)
1629 1748 1768 1821 quod
1812 1749 1879 1806 de
1902 1750 2014 1805 Deo
2041 1737 2089 1798 Β
2117 1761 2411 1824 potestate,
2452 1767 2573 1808 cum
2633 1752 2722 1807 ille
2770 1752 2936 1807 verbo
2986 1752 3250 1808 darmonia
3291 1753 3358 1813 de
3402 1752 3715 1810 hominibus

406 1846 702 1919 profectum
743 1854 851 1913 est,
869 1846 1010 1903 Deus
1032 1855 1137 1914 est,
1161 1854 1214 1902 et
1244 1845 1337 1902 Dei
1365 1845 1567 1912 Filius,
1590 1854 1639 1901 et
1673 1860 1811 1900 unus
1830 1844 2010 1899 ambo.
2116 1856 2600 1923 excuteretncmeos
2627 1846 2969 1902 reluminaret
2999 1846 3136 1921 (15),
3165 1847 3404 1919 leprosos
3429 1857 3715 1920 purgaret,

412 1941 483 1998 ita
534 1950 588 1999 et
612 1941 681 1998 de
711 1940 912 2012 Spiritu
965 1939 1229 2011 Spiritus,
1260 1948 1312 1996 et
1356 1938 1423 1995 de
1454 1938 1568 1995 Deo
1604 1938 1745 1994 Deus
1788 1936 2006 1993 modulo
2110 1941 2432 2013 paralyticos
2453 1940 2817 2011 restringeret,
2849 1949 3095 1995 mortuos
3116 1940 3349 2013 denique
3378 1941 3547 1998 verbo
3581 1940 3714 1998 red-

405 2037 657 2105 alterum,
690 2050 798 2091 non
822 2050 1047 2092 numero
1068 2033 1142 2107 (b)
1169 2075 1183 2101 ,
1211 2033 1375 2106 gradu
1397 2075 1411 2100 ,
1444 2049 1552 2090 non
1581 2042 1720 2088 statu
1744 2030 1828 2103 (7)
1849 2030 1971 2087 fecit
1990 2072 2004 2097 ,

400 2140 458 2188 et
496 2147 527 2187 a
555 2130 779 2188 matrice
812 2147 918 2186 non
970 2129 1229 2195 recessit,
1278 2128 1372 2185 sed
1411 2128 1663 2184 excessit.
1703 2126 1808 2183 Iste
1851 2126 2010 2198 igitur

405 2222 498 2280 Dei
519 2222 722 2290 radius,
742 2230 802 2278 ut
822 2232 969 2279 retro
989 2236 1202 2292 semper
1216 2220 1608 2292 przedicabatur
1630 2217 1729 2291 (8),
1759 2217 2009 2288 delapsus

403 2318 456 2373 in
483 2317 742 2389 virginem
773 2314 1083 2387 quamdam,
1114 2323 1169 2369 et
1196 2315 1248 2369 in
1280 2323 1431 2368 utero
1450 2312 1570 2383 ejus
1596 2326 1724 2367 caro
1751 2310 2008 2382 figuratus

400 2407 504 2483 (9),
528 2408 769 2465 nascitur
791 2409 963 2465 Homo
988 2407 1100 2465 Deo
1128 2407 1337 2463 mistns.
1367 2406 1505 2463 Caro
1534 2405 1723 2478 spiritu
1749 2406 2005 2460 instructa

402 2501 523 2575 (10)
553 2502 782 2558 nutritur
801 2542 816 2568 ,
843 2500 1122 2566 adolescit,
1151 2500 1376 2568 affatur,
1419 2499 1605 2566 docet,
1657 2506 1929 2570 operatur,
1953 2490 2010 2553 et

397 2593 647 2650 Christus
684 2603 787 2651 est.
820 2592 1061 2665 Recipite
1089 2592 1298 2649 interim
1329 2593 1466 2649 hanc
1496 2591 1727 2648 fabulam
1749 2633 1764 2659 ,
1810 2590 2006 2646 similis

399 2696 482 2744 est
500 2686 697 2745 vestris
714 2728 731 2754 ,
757 2685 884 2743 dum
909 2686 1243 2743 ostendimus
1283 2685 1557 2758 quomodo
1604 2684 1852 2741 Christus
1873 2698 2001 2756 pro-

2111 2035 2263 2092 deret
2294 2033 2437 2101 vitcc,
2469 2032 2737 2089 elementa
2766 2033 2878 2104 ipsa
2906 2032 3195 2090 famularet
3235 2033 3303 2105 (c)
3328 2075 3344 2101 ,
3371 2047 3719 2104 compescens

2112 2128 2374 2202 procellas
2401 2137 2453 2183 et
2479 2126 2612 2185 freta
2643 2127 2995 2199 ingrediens,
3019 2129 3310 2185 ostendens
3344 2143 3404 2185 se
3444 2143 3567 2185 esse
3597 2136 3718 2184 A0-

2113 2212 2243 2280 Γοιὶῐ
2273 2222 2387 2288 Dei,
2418 2222 2468 2276 id
2497 2234 2579 2278 est
2610 2222 2833 2278 verbum
2863 2221 2990 2277 illud
3019 2221 3358 2292 primordiale
3378 2220 3491 2295 (16)
3521 2222 3721 2293 primo-

2119 2316 2386 2388 genitum,
2413 2316 2610 2371 virtute
2639 2323 2693 2370 et
2722 2304 2929 2370 ratione
2956 2314 3293 2379 comitatum,
3324 2326 3379 2371 et
3403 2314 3595 2386 spiritu
3615 2314 3720 2371 ful-

2110 2418 2224 2464 tum
2256 2406 2393 2480 (l7),
2423 2407 2670 2464 eumdem
2692 2408 2779 2478 qui
2794 2408 3171 2476 verboomnia,
3195 2418 3254 2463 et
3275 2407 3497 2474 faceret,
3526 2419 3578 2465 et
3601 2407 3716 2482 (18)

2108 2499 2342 2557 fecisset.
2360 2498 2439 2555 Ad
2470 2499 2769 2556 doctrinam
2800 2515 2926 2556 vero
2953 2500 3090 2571 ejus,
3108 2516 3208 2572 qua
3233 2500 3718 2574 (l9)revinceban-

2110 2601 2196 2649 tur
2235 2591 2476 2664 magistri
2525 2594 2895 2663 primoresque
2942 2592 3249 2649 ludacorum
3271 2636 3286 2660 ,
3320 2594 3392 2648 ita
3422 2608 3717 2665 exaspera-

2108 2685 2323 2749 bantur.
2351 2685 2587 2741 maxime
2611 2685 2752 2758 quod
2780 2684 2844 2741 ad
2868 2701 2988 2742 eum
3009 2687 3196 2759 ingens
3223 2687 3503 2744 nmltitudo
3520 2688 3717 2745 deﬂec-

403 2783 577 2837 betur.
620 2778 875 2836 Sciebant
916 2788 973 2835 et
1010 2779 1101 2851 qui
1140 2793 1306 2851 penes
1347 2794 1444 2836 vos
1485 2777 1749 2851 ejusmodi
1792 2777 1999 2836 fabulas
2103 2788 2241 2836 teret
2276 2777 2414 2852 (20),
2441 2786 2503 2834 ut
2536 2787 2806 2848 postremo
2826 2779 3060 2836 oblatum
3087 2779 3278 2837 Pontio
3306 2781 3480 2837 Pilato
3507 2781 3716 2854 Syriam

398 2872 619 2929 aemulas
644 2871 710 2928 ad
736 2871 1417 2948 destructionemveritatis
1445 2871 1751 2929 istiusmodi
1781 2872 2000 2944 prmmi-
2104 2879 2229 2928 tunc
2242 2886 2306 2927 ex
2343 2880 2494 2942 parte
2520 2870 2886 2944 (2t)Romana
2904 2870 3023 2944 (22)
3046 2870 3127 2945 (ά)
3153 2873 3463 2944 procuranti
3481 2873 3715 2948 (e),vio-

405 2967 778 3025 nistraverunt-
795 2962 933 3039 (11).
982 2964 1236 3023 Sciebant
1273 2976 1329 3024 et
1357 2965 1526 3024 Judaei
1559 2976 1840 3024 venturum
1880 2980 2001 3022 esse
2106 2963 2267 3020 lentia
2300 2962 2674 3036 suffragiorum
2718 2964 2770 3021 in
2796 2980 3009 3022 crucem
3038 2964 3153 3038 (25)
3184 2966 3306 3024 dedi
3336 2967 3436 3023 sibi
3468 2976 3715 3026 extorse-

1646 3078 2036 3139 LECTIONES
2071 3078 2490 3137 VARIANTES.

2030 3197 2074 3261 C
2107 3197 2338 3261 meritum
2362 3194 2453 3261 fuit
2474 3195 2788 3261 delictorum.

569 3263 830 3390 ξίέἰδέξὲί
844 3351 907 3362 -
921 3322 1060 3375 Deus
1080 3320 1251 3375 desunt
1274 3335 1327 3375 tn
1349 3322 1463 3375 cod.
1485 3318 1639 3374 Fuld.
1663 3328 1710 3374 et
1731 3321 1814 3375 ed.
1842 3321 1992 3374 Rhea.

475 3390 514 3521 ἕ
568 3387 908 3513 inid.
931 3453 979 3501 et
1002 3443 1185 3500 ramel.
1204 3448 1481 3513 qualitatis;
1509 3447 1667 3514 Lugd.
1696 3448 1759 3501 lI.
1788 3448 1992 3500 traducis

429 3425 739 3567 ἐξέξὶ
756 3425 908 3503 ἱστιιιά.
931 3453 979 3501 et
1002 3443 1185 3500 ramel.
1204 3448 1481 3513 qualitatis;
1509 3447 1667 3514 Lugd.
1696 3448 1759 3501 lI.
1788 3448 2004 3500 traducis

394 3530 431 3582 (ι
469 3578 507 3582 Α
569 3576 604 3582 _
665 3551 698 3582 ο-
817 3577 847 3582 -

326 3621 341 3639 ‘
564 3576 973 3705 gbmdﬁaggd
1001 3641 1130 3705 stat_u
1156 3634 1322 3689 Paris.
1360 3636 1555 3688 Modulo
1593 3636 1835 3689 alternum
1854 3674 1869 3699 ,
1906 3650 2000 3687 nn-

394 3700 588 3756 mérum
611 3700 784 3763 gradu,
807 3714 902 3751 non
921 3704 1049 3750 statu
1076 3700 1227 3749 Fran.

460 3767 533 3837 (ρ)
565 3764 933 3837 Ermdieeiiatttr
954 3762 1066 3837 cod.
1087 3769 1177 3813 vel.
1202 3759 1457 3837 Scriverii.
1592 3830 1604 3837 Δ
1651 3828 1659 3837 _
1766 3832 1776 3837 _
1906 3825 1935 3837 γ.

460 3768 512 3822 (8
565 3768 933 3815 Ρνωόίοθωιιιι·
954 3768 1066 3812 cod.
1087 3769 1177 3813 vel.
1202 3768 1457 3814 Scriverii.

459 3768 1535 3911 $93..Biantem..itat'scszisreaete
1559 3830 1612 3876 ει
1649 3828 1696 3875 in
1728 3832 1875 3876 υιθτο
1891 3825 2002 3888 eius

394 3885 910 4023 “iiiaﬁg‘s'iii‘é‘ia‘ii‘s
924 3885 1097 3999 Fi‘ffia‘
1119 3885 1318 3949 “3””
1345 3885 1553 3957 sm"

490 4011 686 4085 tt)_Sic
712 4011 871 4085 lorum
894 4012 1203 4085 restituerunt
1227 4011 1479 4085 Scriver..,_
1517 4011 1711 4085 Κίρκῃ
1748 4013 1960 4063 Habere.
1979 4024 1999 4073 ,'

400 4073 559 4145 antea:
572 4073 667 4145 leg.
678 4076 929 4145 probetur
943 4073 1109 4145 _etiqui
1133 4096 1190 4109 —-
1216 4073 1729 4136 praeministraverint.

459 4136 565 4264 (t2)
599 4136 1126 4207 Gelen._:prmdietum.

488 4201 569 4264 15)
602 4198 752 4251 Rhea.
785 4199 935 4248 med.
964 4198 1035 4258 l.,
1083 4196 1231 4258 Ald.,
1276 4197 1487 4259 Pmnel.,
1526 4199 1788 4258 Barrams,
1819 4197 1995 4264 Gang.:

488 4196 569 4264 15)
602 4198 752 4251 Rhea.
785 4196 842 4248 iii
859 4199 935 4248 ed.
964 4198 1035 4258 l.,
1083 4196 1231 4258 Ald.,
1276 4197 1487 4259 Pmnel.,
1526 4199 1788 4258 Barrams,
1819 4197 1994 4265 Gang.:

457 3200 505 3260 ll
567 3200 780 3266 Spiritus
799 3196 966 3251 Paris.

485 3264 516 3316 2
570 3263 686 3315 Exit
708 3264 830 3313 Jun.

481 3330 513 3379 5
569 3326 641 3377 lta
663 3326 729 3376 de
752 3339 828 3390 sp.
844 3322 966 3375 —D

457 3198 908 3566 Qiéﬁfkw'
931 3461 966 3501 ei

2195 3322 2275 3385 15)
2310 3320 2617 3385 Illuminaret
2641 3322 2809 3376 Paris.

2199 3384 2275 3446 16)
2313 3385 2431 3434 Cod.
2460 3384 2603 3435 Fuld.
2630 3388 2899 3437 ostendens
2920 3400 2978 3438 se
3002 3401 3116 3439 esse
3140 3386 3289 3439 tilium
3316 3397 3368 3441 et
3392 3391 3526 3441 illum
3550 3390 3664 3442 olim
3687 3404 3716 3444 a

2103 3446 2218 3499 Deo
2240 3447 2549 3508 pradicatum
2570 3485 2583 3508 ,
2620 3457 2674 3498 et
2707 3450 2768 3499 ad
2803 3452 3018 3499 omnium
3053 3451 3263 3502 salutem
3301 3461 3468 3503 natum
3508 3456 3745 3505 verbum-

2103 3509 2368 3579 Deijilnd,
2397 3517 2585 3579 etc.,__rt
2608 3509 2800 3579 omissis
2842 3510 3032 3565 terbis:
3063 3514 3295 3564 eumdem
3315 3515 3714 3579 qui—fecisset.

2104 3571 2480 3686 fulﬁl'ghﬁhen"
2508 3574 2659 3679 Hem,
2682 3575 2868 3639 Gangn.
2895 3588 2913 3626 :
2940 3578 3256 3641 instructum,
3283 3571 3406 3679 co'd.
3426 3580 3584 3645 Lugd.
3609 3578 3716 3631 suf-

2094 3692 2127 3773 ’7
2167 3697 2556 3773 (18)13Mlll§iatv
2573 3700 2801 3773 eumdem
2818 3727 2885 3773 -ς,
2895 3698 3097 3773 fecisset
3111 3700 3237 3753 delet
3254 3700 3515 3773 Rigaltius;
3531 3705 3716 3773 Haver-

2103 3761 2320 3823 campius
2341 3761 2501 3811 autem
2524 3768 2681 3812 tuetur
2704 3761 2778 3815 sic
2803 3761 3112 3829 reformatam
3135 3778 3152 3816 :
3179 3761 3409 3817 eumdem
3434 3769 3516 3831 qui
3554 3770 3716 3819 omnia

2106 3830 2159 3873 et
2182 3823 2367 3874 faceret
2393 3829 2445 3873 et
2466 3824 2683 3875 fecisset.

2188 3886 2271 4002 ἐξ)
2306 3886 2430 3945 Quia
2453 3888 2576 3937 Par.

2303 3949 2587 3999 Conﬂueret
2608 3948 2717 3999 cod.
2746 3951 2895 4002 Fuld.

2191 4009 2273 4075 21)
2311 4010 2469 4075 Iflebe
2494 4012 2606 4075 MS,
2633 4012 2785 4075 Lugd.
2820 4016 2932 4065 Bal.

2105 4066 2426 4186 mggljntfod.
2457 4072 2609 4139 Lugd.
2637 4066 2876 4139 ex"plebe
2901 4076 3119 4128 Romana
3138 4112 3154 4139 ,
3180 4080 3330 4132 Fuld.
3357 4094 3420 4132 ex
3449 4085 3590 4146 parte
3611 4079 3715 4132 Ro-

2165 4196 2269 4262 (23)
2304 4199 2387 4249 Ita
2407 4198 2518 4250 cod.
2538 4198 2708 4262 Fuld.;
2732 4199 2845 4252 alii:
2868 4204 2916 4252 in
2940 4216 3011 4253 er.
3035 4203 3207 4254 Jesum
3228 4205 3373 4277 dedi.
3454 4224 3461 4231 λ

570 3256 686 3315 E'xit
708 3264 830 3313 Jun.
2042 3256 2073 3261 ⁷
2197 3258 2274 3320 14)
2308 3259 2473 3309 Solum
2500 3259 2749 3310 hominem
2774 3261 2915 3312 modo
2937 3261 3093 3314 Seml.

570 3326 641 3377 lta
663 3326 729 3376 de
752 3339 828 3390 sp.
844 3322 1060 3375 —Detts
1080 3320 1251 3375 desunt
1274 3335 1327 3375 tn
1349 3322 1463 3375 cod.
1485 3318 1639 3374 Fuld.
1663 3328 1710 3374 et
1731 3321 1814 3375 ed.
1842 3321 1992 3374 Rhea.
2168 3256 2275 3447 £15)
2310 3320 2617 3371 Illuminaret
2641 3322 2809 3376 Paris.

570 3387 625 3439 In
648 3391 772 3441 Par.
1159 3443 1168 3447 Α
2108 3446 2131 3447 ἡ
2199 3384 2275 3446 16)
2313 3385 2431 3434 Cod.
2460 3384 2603 3435 Fuld.
2630 3388 2899 3437 ostendens
2920 3400 2978 3438 se
3002 3401 3093 3438 εδει

1769 4306 2326 4367 COMMENTARIUS.

473 4447 553 4523 (a)
584 4445 835 4523 E_um_dem
876 4455 920 4501 et
965 4449 1132 4523 [alam
1175 4446 1346 4523 uocari
1372 4455 1417 4501 et
1466 4443 1654 4523 Deum_
1675 4455 1722 4501 et
1767 4447 1994 4523 aninmm

398 4517 565 4577 loris.
614 4517 818 4575 Eadem
876 4517 1036 4573 verba
1062 4518 1202 4588 apud
1252 4518 1603 4573 Lactantium.
1631 4517 1878 4573 Laertius
1902 4533 1998 4572 au-

399 4601 510 4649 tem
536 4591 769 4650 Zenonis
796 4589 1117 4645 sententiam
1145 4591 1225 4646 sic
1272 4591 1484 4656 retulit,
1533 4596 1583 4644 ἐν
1609 4613 1660 4645 τε
1689 4594 1841 4646 ricam
1878 4597 1996 4644 Θεὸν

400 4676 485 4721 και
513 4672 663 4727 Νοῦν,
693 4668 1002 4732 Εἱμαρμένην
1023 4702 1039 4726 ,
1070 4671 1150 4715 καὶ
1176 4670 1292 4716 Δία.
1326 4661 1444 4718 RIG.

474 4735 553 4806 (b)
602 4731 1109 4806 Modaloalterum,
1160 4749 1259 4788 non
1292 4749 1525 4806 numero.
1572 4732 1725 4806 Alius
1775 4746 1804 4787 a
1841 4731 1994 4806 Filio

400 4803 564 4863 Pater
588 4815 705 4872 est,
745 4818 849 4875 qua
881 4803 1075 4875 Pater,
1118 4819 1225 4858 non
1255 4820 1357 4874 qua
1389 4805 1551 4860 Dens.
1583 4804 1733 4875 Alius
1761 4818 1791 4859 a
1839 4804 1993 4861 Patre

401 4878 545 4933 ﬁlius
571 4887 654 4933 est
678 4919 692 4938 .
743 4874 848 4945 qua
877 4874 1020 4929 filius
1047 4917 1062 4939 ,
1090 4889 1197 4930 non
1226 4890 1328 4944 qua
1356 4876 1424 4931 de
1454 4877 1565 4930 Deo
1593 4874 1753 4931 Deus.
1788 4876 1935 4931 Alius
1962 4893 1992 4932 a

398 4948 559 5006 Patre
589 4958 642 5005 et
668 4947 808 5004 Filio
835 4946 1067 5017 Spiritus
1087 4988 1102 5014 ,
1131 4962 1234 5016 qua
1264 4945 1495 5018 Spiritus
1516 4987 1531 5014 ,
1580 4961 1687 5001 non
1734 4962 1838 5018 qua
1869 4962 1990 5002 eum

399 5020 517 5078 Deo
546 5021 705 5075 Patre
749 5027 804 5074 et
834 5016 969 5074 Filio
1020 5018 1166 5073 Deus
1210 5024 1315 5072 est.
1355 5016 1487 5072 Nam
1517 5032 1638 5072 cum
1680 5016 1765 5073 sit‘
1800 5032 1936 5073 unus
1961 5034 1991 5072 a

399 5092 562 5147 Patre
588 5103 643 5148 et
672 5089 809 5145 Filio
834 5088 1065 5160 Spiritus
1088 5129 1105 5155 ,
1137 5102 1244 5144 uno
1274 5088 1466 5158 spiritu
1487 5129 1503 5154 ,
1564 5103 1667 5142 una
1695 5088 1991 5160 substantia

399 5161 564 5219 Pater
591 5173 646 5218 et
672 5162 837 5217 Filius
881 5159 939 5216 et
980 5159 1213 5228 Spiritus
1243 5175 1405 5214 unum
1436 5167 1564 5214 sunt
1584 5200 1599 5220 .
1633 5159 1775 5229 quod
1824 5176 1990 5219 unum

398 5233 548 5293 Deus
591 5242 690 5289 est.
736 5233 850 5289 R16.
892 5261 956 5273 —
1004 5230 1219 5287 Modulo
1288 5233 1525 5285 alterum.
1572 5231 1662 5286 Sic
1735 5230 1993 5287 adversus

398 5304 699 5376 Praxeatni,
748 5320 869 5376 pag.
928 5302 1054 5376 640.
1114 5303 1243 5376 Non,
1280 5311 1448 5357 tamen
1494 5301 1784 5376 diuersitate
1830 5303 1990 5376 alium

398 5378 570 5448 ﬁlium
597 5395 626 5431 a
651 5373 842 5441 Patre,
870 5376 960 5429 sed
981 5374 1343 5448 distributione
1366 5390 1385 5438 ;
1411 5390 1501 5448 nec
1531 5373 1775 5448 divisione
1792 5373 1952 5428 alium
1972 5418 1988 5442 ,

398 5443 494 5503 sed
518 5449 875 5509 distinctione,
903 5446 1023 5516 quia
1040 5462 1140 5500 non
1170 5446 1234 5499 sit
1254 5446 1388 5500 idem
1431 5443 1660 5516 Palerhet
1686 5443 1881 5509 Filius,
1913 5448 1992 5502 vel

397 5521 611 5576 modulo
651 5520 784 5573 alius
822 5516 885 5571 ab
917 5514 1055 5571 alio.
1104 5516 1172 5570 Et.
1216 5532 1334 5587 pag.
1385 5516 1513 5573 645.
1580 5514 1833 5571 l’isibilem
1876 5534 1995 5573 vero

399 5590 600 5646 Filium
628 5604 963 5661 agnoscamus
987 5628 1001 5651 ,
1035 5603 1127 5658 pro
1157 5589 1363 5643 modulo
1408 5588 1785 5661 derivationis,
1811 5588 1995 5659 Itaque

397 5663 594 5718 modus
620 5660 675 5718 'et
702 5660 948 5716 modulus
976 5669 1058 5713 est
1083 5667 1352 5718 certarum
1380 5674 1559 5714 rerum
1589 5660 1882 5715 secundum
1913 5661 2007 5715 sui

438 5735 613 5790 eneris
665 5734 901 5789 rationes
947 5730 1266 5801 dispositio,
1318 5730 1625 5805 ordinatio,
1671 5732 1992 5789 meonomia.

434 5806 570 5860 dem.

2176 4446 2757 4531 (c).l"aniularel.§um
2783 4468 2942 4531 usum
2979 4455 3129 4531 verbi
3169 4471 3275 4513 non
3304 4458 3708 4531 intelligerent,
3746 4495 3751 4499 η

2107 4518 2500 4603 substi‘tuerunt
2525 4523 2576 4577 in
2603 4521 2738 4603 Cod.
2768 4526 2963 4582 Aldino
2986 4538 3040 4582 et
3065 4530 3334 4597 Agobard.
3363 4518 3708 4603 famiilarenl.

2106 4589 2291 4674 Voluit
2321 4591 2849 4674 Noster_evprimere
2872 4589 3344 4674 ενῳοιιηιέδουλοῦν,
3363 4589 3512 4673 ἱμιοι]
3543 4612 3627 4660 est
3654 4605 3711 4659 in

2101 4665 2394 4745 servitutem
2421 4665 2668 4738 redigere,
2718 4678 2772 4723 et
2803 4665 3035 4726 ita'alios
3064 4673 3227 4728 etiam
3267 4665 3480 4731 loeu'tos
3520 4684 3712 4731 notant

2101 4743 2444 4804 interpretes.
3004 4802 3007 4805 _

2172 4805 2369 4889 (ιη-164)
2396 4817 2540 4889 parte
2569 4807 2827 4889 Romana.
2858 4810 2967 4889 MS.
2993 4813 3054 4868 L.
3164 4831 3239 4889 ea:
3267 4817 3411 4889 plebe
3452 4818 3706 4875 Romana.

2099 4875 2260 4943 Quasi
2279 4875 2465 4935 innuat
2486 4880 2745 4959 plebeiam
2769 4883 3082 4940 Pontiorum
3102 4875 3520 4959 fuisse'gentem.
3545 4890 3699 4946 Fuld.

2098 4962 2520 5025 veroexhparte
2559 4951 2871 5019 Romanam,
2920 4960 3069 5025 quasi
3126 4951 3314 5016 nollet.
3339 4960 3704 5018 Romanorum

2102 5022 2393 5101 provinciis
2434 5027 2783 5101 annumerari
2830 5027 2881 5101 in
2930 5022 3083 5099 Syria
3114 5028 3456 5101 Comagenen
3508 5043 3562 5090 et
3602 5032 3702 5089 Ju-

2097 5091 2521 5173 d:f:atn,_utpote
2535 5096 2648 5151 suis
2671 5095 2914 5173 dynastis
2935 5091 2990 5173 et
3021 5102 3217 5170 regulis
3247 5091 3541 5173 sithjectas.
3571 5104 3707 5162 Erat

2097 5178 2235 5244 vero
2258 5165 2382 5244 illud
2424 5165 2641 5244 solitum
2675 5165 2931 5244 Romanis
2954 5165 3454 5244 istis‘temporibus,
3486 5186 3545 5232 ut
3584 5190 3706 5233 sese

2098 5234 2324 5291 turbidis
2364 5238 2526 5292 rebus
2554 5239 2873 5314 populorum
2918 5252 2975 5296 et
3021 5234 3479 5314 regum'dissidiis
3525 5248 3705 5304 immi-

2096 5317 2330 5390 scerent,
2362 5323 2472 5390 quo
2503 5312 2835 5390 potentiores
2862 5314 2951 5390 qui
2998 5312 3277 5390 nul—unsuo
3308 5316 3504 5389 Remp.
3543 5334 3700 5390 rege-

2097 5376 2227 5462 bant
2251 5390 2306 5433 et
2335 5376 2529 5462 pedum
2572 5381 2724 5450 pulsu
2758 5376 3029 5439 exercitus
3049 5386 3384 5462 colligerent,
3409 5376 3475 5462 ex
3497 5376 3700 5462 rapinis

2098 5448 2424 5528 ditescerent
2444 5460 2499 5507 et
2519 5448 3109 5528 regnaaepotestates,
3138 5448 3335 5527 quibus
3359 5448 3579 5528 vellent;
3600 5463 3700 5518 do-

2099 5531 2309 5603 narent.
2334 5521 2614 5603 Quomodo
2636 5525 2716 5603 _ili_i
2744 5521 2964 5583 obnoxii
2991 5521 3235 5601 patronis
3254 5532 3368 5587 suis
3392 5547 3461 5589 ne
3491 5521 3700 5591 hiscere

2100 5591 2313 5663 quidem
2338 5602 2522 5648 contra
2550 5595 2841 5653 audebant.

2174 5662 2615 5739 (εξλιῆνοεξιταῃιί.
2636 5666 2863 5739 Tacitus
2880 5670 2945 5727 de
2970 5685 3102 5726 nece
3121 5670 3325 5731 Christi
3354 5676 3550 5733 Annal.
3581 5674 3696 5732 XV.

2100 5733 2193 5817 ῃ
2381 5733 2584 5817 Tiberio
2625 5738 2962 5817 imperitante,
2997 5756 3088 5812 per
3116 5744 3510 5817 Procuratorem
3537 5744 3698 5817 Apon-

2102 5805 2226 5861 tium
2248 5804 2475 5861 Pilatum
2492 5804 2747 5880 supplicio
2765 5804 2977 5880 allectus
2996 5804 3123 5871 erat.
3156 5816 3377 5876 Hieron.
3403 5820 3462 5874 in
3482 5815 3698 5875 Chron.
