4126 6340
459 382 568 443 605

1886 375 2348 435 TERTULLIANI

3655 376 3767 443 4οό

463 500 642 572 omnia
696 512 856 572 super
898 496 1114 554 Christo
1163 494 1387 561 Pilatus,
1442 502 1499 553 et
1544 493 1658 565 ipse
1694 492 1804 565 jam
1844 508 1940 564 pro
1967 507 2061 550 sua
2088 496 2141 557 Α
2168 493 2410 560 Athenis,
2437 492 2736 566 Melampus
2761 494 2938 567 Argis,
2964 494 3306 566 Tr0plionius
3331 494 3554 555 Bmotiae
3585 494 3766 553 initia-

472 571 575 593 «υν-

463 584 791 650 ὦῖῐςεὶοιιιίτι
815 590 1141 647 christianos
1171 588 1274 661 (a),
1306 588 1508 645 Ctesari
1530 597 1641 645 tum
1677 586 1891 644 Tiberio
1927 603 2063 642 nun-

466 685 638 743 tiavit.
671 680 778 739 Sed
801 692 855 737 et
882 681 1128 737 Cicsares
1155 679 1514 738 credidissent
1552 694 1715 751 super
1740 680 1974 746 Christo,
2017 678 2063 737 si

463 784 557 833 aut
571 774 812 835 Crasares
839 788 945 831 non
976 782 1159 831 essent
1180 772 1381 830 smculo
1420 772 1712 828 necessarii
1755 771 1856 844 (ὁ),
1881 779 1974 826 aut
2018 770 2064 827 si

466 879 522 926 et
547 868 836 927 christiani
884 868 1186 940 potuissent
1216 882 1336 923 esse
1362 882 1594 924 cmsares
1646 865 1742 939 (c).
1798 866 2064 937 Discipuli

464 975 680 1035 quoque
709 958 887 1017 dili’usi
916 974 1011 1030 per
1036 958 1248 1025 orbem,
1282 974 1346 1015 es
1379 968 1647 1030 prmcepto
1696 942 1932 1031 magistri
1967 958 2061 1013 Dei

466 1061 780 1125 paruerunt,
810 1052 900 1127 qui
926 1060 982 1111 et
1007 1052 1108 1124 ipsi
1153 1067 1184 1106 a
1212 1050 1413 1108 iudicis
1445 1052 1853 1123 insequentibus
1898 1051 2065 1109 multa

466 1146 733 1218 perpessi,
766 1145 948 1219 utique
974 1160 1073 1217 pro
1111 1143 1304 1201 liducia
1331 1143 1569 1211 veritatis
1600 1144 1849 1212 libenter,
1878 1145 2063 1200 Romae

466 1248 743 1311 postremo
770 1254 868 1313 per
897 1237 1124 1299 Neronis
1153 1236 1437 1303 smvitiam,
1467 1236 1782 1308 sanguinem
1812 1237 2065 1299 christia-

466 1346 599 1389 num
626 1331 1047 1389 seminaverunt.
1072 1329 1178 1387 Sed
1202 1329 1620 1387 monstrabimus
1650 1329 1733 1403 (I)
1766 1332 1916 1389 vobis
1947 1332 2064 1389 illo-

468 1441 603 1483 neos
629 1433 794 1481 testes
820 1424 1043 1492 Christi,
1073 1424 1219 1497 ipsos
1247 1421 1367 1479 illos
1412 1436 1547 1494 quos
1566 1422 1822 1481 adoratis.
1848 1423 2069 1481 Multum

470 1527 574 1585 est,
606 1518 651 1575 si
681 1533 776 1575 eos
797 1518 1081 1575 adhibeam
1130 1526 1187 1572 ut
1210 1516 1439 1572 credatis
1457 1516 1777 1573 Christianis
1800 1560 1814 1586 ,
1849 1527 2071 1590 propter

468 1626 607 1683 quos
627 1610 979 1669 non'creditis
1004 1608 1321 1665 Christianis
1348 1606 1447 1682 (2).
1474 1608 1689 1665 Interim
1714 1609 1800 1665 hic
1832 1619 1914 1667 est
1939 1610 2072 1666 ordo

471 1713 672 1760 nostras
716 1702 1064 1761 institutionis
1087 1744 1102 1769 ,
1153 1702 1295 1757 hunc
1332 1702 1598 1758 edidimus
1637 1703 1714 1775 (ὅ)
1749 1714 1803 1760 et
1831 1714 1992 1761 sectae
2017 1715 2073 1767 et

472 1799 707 1855 nominis
735 1812 955 1854 censum
978 1813 1097 1852 cum
1129 1811 1229 1852 suo
1254 1806 1496 1852 auctore.
1547 1796 1718 1852 Nemo
1757 1799 1869 1869 jam
1926 1798 2066 1855 inla-

470 1891 636 1948 miam
669 1890 911 1956 incutiat,
943 1905 1102 1946 neruo
1122 1889 1264 1944 aliud
1291 1889 1579 1956 existimet,
1610 1890 1732 1961 quia
1753 1905 1851 1946 nec
1877 1888 1957 1946 fas
1986 1890 2067 1966 (ti)
2097 1870 2145 1929 Β

470 1995 553 2043 est
583 1985 676 2042 ulli
703 1984 771 2041 de
797 1998 889 2040 sua
919 1985 1179 2056 religione
1203 1982 1440 2040 mentiri.
1473 1982 1551 2039 Es
1605 1998 1670 2040 eo
1705 1983 1847 2041 enim
1874 2026 1889 2054 ,
1924 1988 2068 2058 quod

472 2079 618 2135 aliud
645 2095 673 2134 a
702 2092 760 2135 se
787 2079 889 2135 coli
920 2078 1070 2146 dicit,
1101 2093 1262 2147 quam
1279 2077 1429 2145 colit,
1457 2088 1614 2148 negat
1641 2077 1782 2149 quod
1811 2077 1960 2146 colit,
2014 2089 2071 2136 et

469 2175 735 2231 culturam
785 2181 839 2229 et
878 2172 1137 2228 honorem
1178 2171 1262 2243 (5)
1314 2171 1367 2226 in
1432 2171 1656 2227 alterum
1700 2171 1971 2240 transfert,
2002 2181 2073 2247 .et

473 2260 853 2323 transferendo
875 2266 983 2336 jam
1015 2281 1120 2320 non
1145 2265 1272 2320 colit
1298 2263 1441 2335 quod
1470 2264 1701 2337 negavit.
1728 2264 1986 2334 Dicimus,
2015 2276 2071 2324 et

475 2362 650 2431 palam
700 2360 953 2426 dicimus,
1000 2368 1055 2414 et
1109 2359 1260 2414 vobis
1314 2358 1689 2430 torquentibus
1746 2359 1964 2415 lacerati
2016 2369 2071 2417 et

470 2451 678 2507 cruenti
726 2449 1117 2505 vociferamur:
1164 2450 1331 2506 Deum
1360 2451 1587 2506 colimus
1619 2466 1715 2521 per
1765 2450 2066 2511 Christum.

472 2542 626 2601 Illum
650 2542 924 2601 hominem
952 2551 1156 2613 putate,
1190 2557 1284 2612 per
1300 2557 1422 2599 eum
1447 2551 1502 2598 et
1537 2542 1591 2597 in
1623 2558 1691 2599 eo
1735 2557 1794 2600 se
1818 2549 2070 2617 cognosci

474 2639 587 2694 vult
616 2639 756 2695 Deus
785 2647 838 2695 et
865 2638 989 2695 coli.
1019 2637 1089 2695 Ut
1132 2645 1309 2694 autem
1348 2636 1551 2694 Judzcis
1587 2639 1963 2709 respondeam,
2018 2654 2073 2701 et

472 2733 573 2803 ipsi
605 2732 775 2793 Deum
811 2749 905 2805 per
932 2731 1251 2807 [hominem]
1281 2731 1362 2803 (6)
1389 2732 1605 2805 Moysen
1643 2733 1822 2791 colere
1861 2736 2067 2796 didice-

473 2834 639 2894 runt;
685 2834 743 2883 ut
770 2824 974 2883 Graecis
994 2840 1299 2893 occurram,
1328 2825 1572 2896 Orpheus
1601 2822 1814 2897 Pieriae,
1838 2830 2070 2892 Musteus

2171 588 2406 647 tionibus
2434 588 2681 645 homines
2710 589 3115 661 obligaverunt;
3147 598 3202 645 ut
3227 588 3292 644 ad
3321 603 3416 644 vos
3431 603 3643 660 quoque
3668 587 3768 644 do~

2168 683 2461 739 urinatores
2496 683 2735 754 gentium
2784 683 3064 753 aSpiciam,
3108 680 3272 737 homo
3334 682 3433 737 luit
3470 682 3767 752 Pompilius

2166 772 2336 829 Numa
2361 814 2378 840 ,
2424 775 2516 845 qui
2564 773 2835 830 Romanos
2860 774 3254 844 operosissimis
3294 774 3771 843 superstitionibus

2167 868 2428 923 oneravit.
2458 864 2695 924 Licuerit
2720 876 2779 923 et
2806 865 3022 923 Christo
3051 868 3402 923 commentari
3434 867 3769 933 divinitatem

2166 975 2282 1015 rem
2313 959 2619 1031 propriam;
2644 975 2748 1016 non
2771 961 2861 1031 qui
2880 961 3090 1032 rupices
3121 961 3203 1033 (d)
3224 969 3278 1016 et
3302 960 3479 1017 adhuc
3503 961 3644 1017 feros
3664 961 3763 1018 ho-

2171 1055 2342 1110 mines
2370 1053 2716 1111 multitudine
2737 1062 2814 1110 tot
2838 1055 3114 1109 numinum
3142 1053 3594 1111 demerendorum
3616 1062 3765 1111 atto-

2171 1147 2312 1202 nitos
2359 1144 2639 1203 efﬁciendo
2685 1145 2751 1201 ad
2784 1146 3171 1204 humanitatem
3228 1156 3574 1219 temperaret,
3616 1147 3764 1220 quod

2170 1238 2377 1306 Numa;
2423 1239 2519 1296 sed
2549 1240 2639 1311 qui
2666 1239 2778 1310 jam
2804 1240 3070 1310 expolitos
3095 1249 3150 1296 et
3176 1239 3287 1311 ipsa
3330 1239 3635 1307 urbanitate
3665 1241 3768 1299 de-

2173 1342 2359 1404 ceptos
2388 1332 2440 1388 iu
2461 1333 2788 1404 agnitionem
2819 1333 3061 1389 veritatis
3098 1333 3339 1389 ocularet
3385 1332 3478 1405 (e).
3531 1333 3772 1402 Quaerite

2175 1441 2328 1498 ergo,
2356 1426 2401 1483 si
2432 1441 2555 1482 vera
2609 1426 2681 1483 sit
2730 1427 2832 1481 ista
2866 1424 3116 1481 divinitas
3158 1423 3376 1482 Christi.
3429 1424 3487 1481 Si
3545 1440 3607 1483 ea
3660 1435 3767 1493 est,

2174 1533 2278 1588 qua
2321 1520 2531 1589 cognita
2562 1515 2630 1573 ad
2662 1516 2859 1573 bonum
2886 1518 3008 1588 quis
3033 1517 3353 1573 reiormetur
3375 1518 3476 1590 (7),
3507 1519 3770 1589 sequitur,

2175 1620 2236 1667 ut
2264 1610 2398 1667 falsa
2425 1612 2762 1669 renuntietur
2782 1612 2985 1681 quaevis
3014 1613 3115 1667 alia
3160 1612 3425 1667 contraria
3459 1621 3772 1682 comperta;

2175 1702 2438 1773 imprimis
2478 1703 2568 1759 illa
2598 1703 2742 1757 omni
2787 1703 2994 1758 ratione
3026 1702 3127 1773 (8),
3174 1718 3294 1774 qua:
3324 1703 3645 1760 delitescens
3673 1704 3776 1761 sub

2178 1794 2484 1852 nominibus
2510 1802 2565 1851 ct
2592 1794 2909 1866 imaginibus
2940 1805 3295 1860 mortuorum,
3341 1795 3659 1867 quibusdam
3688 1796 3771 1853 si-
3798 1834 3807 1841 η

2171 1891 2311 1963 guis,
2341 1900 2392 1946 et
2412 1889 2702 1959 miraculis,
2738 1899 2790 1946 et
2814 1890 3046 1945 oraculis
3077 1888 3235 1946 iidem
3274 1889 3566 1946 divinitatis
3586 1906 3776 1963 opera-

2175 1994 2284 2049 Illl‘.
3690 1996 3693 1999 ’

2742 2077 2969 2134 CAPUT
3008 2075 3197 2132 XXII.‘

2172 2172 2885 2245 ARGUIENTUI.—Explit:ttl
2897 2173 3010 2243 jam
3057 2170 3345 2227 dwmonum
3372 2182 3629 2241 naturam,
3647 2189 3774 2242 quo-

2244 2283 2358 2322 rum
2381 2268 2657 2322 notitiama
2682 2265 3010 2339 Philosophis
3023 2278 3069 2322 et
3097 2266 3270 2321 Poetis
3298 2265 3448 2321 etiam
3469 2266 3773 2322 instillatam

2247 2362 2410 2426 docet,
2439 2362 2557 2416 inde
2575 2362 2782 2417 illorum
2809 2361 3126 2433 spiritualem
3156 2359 3489 2414 substantiam
3519 2360 3771 2428 edisserit,

2245 2465 2393 2525 atque
2417 2454 2536 2508 inde
2555 2452 2693 2519 chit
2717 2454 2921 2508 modum
2942 2454 3129 2525 agendi
3143 2454 3193 2507 in
3208 2451 3455 2515 homines,
3475 2462 3527 2505 ut
3543 2462 3774 2518 noceant,

2248 2547 2625 2617 ostenditurque
2662 2547 2795 2602 illud
2864 2547 3085 2618 fallaciis
3123 2548 3229 2602 suis
3265 2545 3433 2601 solum
3471 2562 3622 2617 agere
3644 2588 3658 2613 ,
3720 2548 3781 2603 ul

2244 2641 2421 2696 relicto
2471 2639 2583 2696 Deo
2628 2656 2743 2696 vero
2789 2640 2938 2712 falsa!
3011 2641 3248 2714 religioni
3298 2639 3495 2695 creduli
3542 2641 3778 2696 mortales

2245 2734 2617 2805 mancipantur.

2244 2831 2420 2899 Atque
2473 2826 2609 2883 adeo
2658 2825 2903 2893 dicimus,
2962 2841 3083 2883 esse
3141 2825 3465 2883 substantias
3512 2825 3773 2897 quasdam

1718 2917 2102 2986 LECTIONES
2138 2922 2306 2983 VARI
2318 2918 2553 2976 ANTES.

565 3032 606 3084 Il
645 3029 1103 3082 Demonstrabimus
1125 3030 1333 3084 Sentler.

559 3092 606 3153 2]
646 3093 940 3153 Adhibeam,
966 3102 1021 3144 ut
1044 3094 1258 3146 credatis
1279 3095 1530 3146 christiani
1553 3096 1707 3150 Fran.

541 3156 589 3205 ’5
643 3154 894 3206 Edidimus
924 3159 1075 3208 Fran.

541 3154 608 3269 I4i
648 3218 797 3269 Nefas
816 3216 881 3269 al.

541 3189 556 3348 l

557 3273 606 3349 δῇ
645 3283 709 3332 In
731 3281 838 3333 cod.
866 3280 1009 3333 Fuld.
1035 3282 1209 3333 desunt
1251 3294 1323 3333 vv.
1343 3285 1395 3331 et
1418 3282 1763 3336 eultursmfln
1786 3286 1892 3340 cod.
1920 3292 2074 3356 Agob.
2103 3273 2150 3341 C

2178 3043 2231 3092 in
2266 3040 2524 3090 honorem.
2565 3034 2836 3101 Utrumque
2898 3030 3085 3084 videtur
3124 3029 3184 3084 ab
3221 3031 3485 3099 interprete
3532 3031 3778 3098 adiectum

2180 3114 2312 3222 mitis.)
2354 3161 2471 3216 Cod.
2501 3158 2647 3212 Fuld.
2674 3164 2720 3210 et
2745 3159 2870 3222 Hav.
2897 3170 2989 3222 per
3011 3155 3248 3222 Moysem.

2266 3218 2312 3278 7i
2350 3223 2660 3276 Reformatur
2684 3218 2889 3273 Sentler.

2265 3282 2315 3356 8)
2351 3289 2494 3342 Omni
2516 3286 2691 3337 rationi
2712 3282 3073 3349 comperta-illa
3108 3284 3238 3334 omni
3264 3284 3453 3334 rationi.
3480 3283 3607 3347 conj.
3646 3284 3775 3333 Hae.

2245 3166 2262 3354 Ξ

1851 3394 2411 3454 COMMENTARIUS.

471 3503 582 3573 pite
608 3502 823 3559 libellus
851 3504 969 3559 iste.
997 3502 1217 3576 Legitur
1241 3504 1311 3559 ibi
1345 3522 1365 3559 ι
1386 3505 1512 3575 Quis
1536 3505 1685 3561 istaut
1710 3511 2068 3565 contumeliam

473 3584 698 3655 excuset,
734 3590 848 3655 ante
874 3584 926 3628 ut
952 3585 1043 3629 aut
1072 3574 1294 3630 mortuos
1317 3574 1433 3655 cum
1474 3576 1593 3632 Deis
1633 3579 1879 3655 deputet;
1909 3599 2067 3655 quem

477 3595 698 3640 excuset,
734 3595 848 3646 qua:
874 3595 925 3628 ιιι
952 3595 1042 3629 aut
1072 3595 1294 3630 mortuos
1317 3595 1433 3631 cum
1474 3595 1593 3632 uets
1633 3595 1862 3706 argum,-
1909 3599 2063 3655 quem

477 3646 655 3719 locum
703 3646 882 3703 minus
928 3662 1117 3719 sanum
1170 3649 1480 3719 pronuntiat
1506 3659 1651 3705 recte
1729 3652 2063 3719 otholredus,

477 3716 800 3789 medicinam
832 3733 940 3773 non
976 3716 1213 3775 adhibet.
1261 3718 1519 3789 Rigaltius
1562 3720 1693 3776 nihil
1735 3732 1902 3784 notat.
1937 3716 2068 3781 nihil

472 3788 850 3865 mutat;'u_nam
872 3789 990 3845 dele
1012 3788 1607 3865 litterulam,verissima
1630 3804 1868 3865 emerget
1888 3796 2068 3864 lectio,

474 3860 765 3933 scribendo
793 3870 903 3933 utut
949 3871 1197 3933 mortuos,
1233 3864 1267 3914 i.
1303 3878 1354 3915 e.
1388 3877 1724 3933 quocumque
1755 3860 1904 3921 more
1951 3860 2072 3921 tan;

476 3931 606 4010 dein
629 3932 822 4010 mortui
854 3931 1070 4010 iuerint,
1096 3933 1290 4010 ut_scil.
1316 3947 1523 4010 scaevus
1549 3931 1652 3989 iste
1673 3934 1950 4010 Romulus,
1981 3938 2071 4010 qui

477 4001 750 4075 dissipatis
779 4003 1035 4075 membris
1056 4019 1123 4058 ne
1152 4003 1360 4074 integer
1387 4002 1605 4075 quidem
1631 4007 1890 4062 unuulom
1924 4001 2073 4065 inv'e-

477 4070 575 4144 nit.
609 4072 744 4128 Vide
767 4073 914 4144 plura
942 4075 1079 4144 apud
1121 4070 1440 4144 interpretes
1483 4084 1538 4130 et
1588 4076 1946 4135 Elmenhorst.
2004 4080 2073 4135 ad

475 4140 673 4197 Minue.
707 4140 871 4212 p.56.
908 4140 1044 4200 Htv.
1263 4140 1277 4144 ’
1596 4152 1601 4155 “

556 4213 633 4284 (a)
663 4212 982 4271 Conscientia
1019 4217 1345 4272 cln'istianus.
1365 4217 1460 4273 Cui
1488 4232 1608 4272 cum
1635 4221 1959 4276 conscientia
1987 4221 2071 4276 di-

476 4294 648 4340 claret
686 4285 880 4357 injuste
910 4297 1215 4343 accusatum
1248 4289 1540 4357 Christum,
1577 4290 1777 4347 nullam
1802 4292 1882 4347 vel
1911 4291 2069 4347 mini-

479 4370 622 4431 gnam
651 4372 843 4431 noxam
879 4358 947 4431 in,
973 4359 1063 4415 illo
1096 4360 1319 4416 inveniri
1351 4376 1526 4431 posse,
1558 4372 1799 4419 coactum
1828 4379 1931 4419 non
1976 4378 2071 4420 vo-

479 4427 769 4500 luntarium
799 4442 857 4482 se
887 4430 953 4483 ad
983 4431 1305 4499 puniendum
1352 4427 1673 4500 accessisse,
1730 4434 1816 4489 ubi
1866 4436 2070 4492 nullum

478 4507 613 4574 erat_
639 4498 911 4574 delictum,
948 4498 1167 4574 necesse
1200 4503 1400 4567 habuit,
1436 4514 1491 4558 ut
1531 4503 1632 4574 ipsi
1661 4498 1801 4571 vivo,
1836 4507 1905 4561 ita
1952 4523 2070 4563 me-

477 4570 663 4627 moria:
694 4570 811 4645 ejus
842 4572 1035 4627 [ιι-ονε).
1071 4572 1385 4645 Christianus
1425 4570 1601 4645 itaque
1649 4576 1849 4632 Pilatus
1878 4578 2072 4635 dicitur

479 4654 688 4722 uestro,
720 4642 874 4722 plane
897 4653 952 4697 ut
983 4644 1275 4722 per-iocum
1306 4642 1526 4722 Livium
1546 4650 1818 4721 Augustus
1848 4651 2073 4722 Pompe-

479 4716 666 4770 ianum
692 4714 961 4786 appellare
994 4715 1219 4782 solebat,
1250 4717 1389 4786 quod
1417 4728 1593 4772 exstat
1623 4714 1674 4774 in
1702 4722 1954 4786 praeclara
1977 4714 2072 4777 de-

479 4786 722 4858 fensione
743 4786 1002 4858 Cremutii
1028 4786 1187 4842 Cordi
1214 4790 1353 4858 apud
1379 4788 1621 4846 Tacitum
1646 4786 1733 4845 IV.
1759 4793 1953 4847 Annal.
1977 4790 2067 4850 54.

484 4856 845 4934 Iitus_Livius,_
891 4858 1187 4934 eloquentia:
1226 4856 1446 4934 a'cﬁdei
1492 4863 1769 4934 prteclarus
1798 4864 2070 4934 imprimis,

484 4928 587 4984 Gn.
629 4928 935 5005 Pompeium
965 4932 1115 5005 (mitis
1152 4930 1388 5001 laudibus
1430 4928 1565 5005 tulit,
1604 4943 1657 4987 ut
1700 4928 2073 5005 Pompeianum

481 5018 597 5078 eum
625 5001 883 5078 Augustus
912 5002 1190 5078 appellaret
1221 5020 1232 5054 :
1264 5018 1419 5069 neque
1444 5002 1766 5078 id_ami_citite
1795 5001 1967 5061 eorum
1992 5011 2073 5078 of-

480 5074 619 5145 fecit.
652 5072 806 5145 Libet
844 5072 1021 5142 itaque
1064 5074 1366 5141 exclamare
1395 5072 1458 5127 ad
1492 5074 1758 5141 Pontium,
1791 5088 1845 5131 ut
1882 5072 2073 5134 Noster

482 5143 551 5199 ad
582 5144 868 5214 'I‘rajanum
894 5159 943 5198 c.
977 5160 1032 5199 tt.
1065 5144 1110 5197 υ
1135 5148 1431 5199 sententiam
1456 5148 1748 5202 necessitate
1769 5153 2031 5273 con/usam
2053 5150 2073 5203 .'

482 5226 538 5271 et
566 5233 579 5271 :
606 5214 744 5273 Quid
783 5217 1095 5273 temetipsum
1120 5232 1333 5271 censura
1361 5216 1734 5271 circumvenis?
1767 5222 1809 5273 si
1875 5237 2072 5273 umnas.

479 5226 538 5271 et
566 5233 579 5271 :
606 5214 744 5283 Quid
783 5217 1095 5286 temetipsum
1120 5232 1333 5271 censura
1361 5216 1734 5271 circumvenis?
1767 5222 1809 5274 si
1838 5214 2072 5287 damnas,

477 5303 571 5364 cur
594 5287 842 5364 inquiris_?_
863 5287 907 5340 si
928 5288 1158 5359 inquiris,
1192 5305 1283 5342 cur
1304 5304 1404 5343 non
1424 5299 1470 5343 et
1496 5289 1710 5344 absolris
1726 5291 1751 5343 ?
1777 5302 1834 5346 ut
1862 5293 2077 5364 paulum

476 5356 769 5415 inﬂectunt.
798 5356 934 5413 Hav.

552 5430 634 5501 (ιι)
678 5429 741 5485 Si
780 5438 884 5501 aut
926 5430 1149 5485 Cwsares
1195 5448 1295 5484 non
1356 5439 1517 5486 essent
1556 5432 1742 5487 sarculo
1784 5435 2071 5488 necessarii.

475 5500 593 5559 Hoc
617 5509 734 5566 est,
776 5500 1005 5570 Imperio
1034 5501 1280 5558 Romano
1301 5544 1321 5569 ,
1349 5502 1489 5572 quod
1523 5503 1725 5559 tamdiu
1754 5503 2073 5561 duraturum

479 5572 732 5642 dieebaut
770 5572 1024 5642 quamdiu
1054 5572 1330 5628 Saeculum.
1384 5573 1460 5628 Ex
1490 5574 1581 5630 illo
1610 5576 1856 5631 videlicet
1884 5576 2068 5642 Pauli,

378 5672 397 5695 .
478 5641 701 5717 Tantum
730 5641 816 5717 qui
836 5651 995 5717 tenet,
1029 5653 1209 5699 teneat.
1241 5644 1325 5700 FI.
1346 5644 1620 5717 Vopiscus
1648 5647 1713 5703 de
1742 5641 2066 5710 Aureliano,

476 5716 566 5772 hic
588 5714 751 5791 linis,
780 5714 943 5791 inquit
972 5757 984 5778 ,
1026 5716 1311 5791 aureliano
1335 5714 1465 5785 fuit,
1497 5719 1720 5791 principi
1763 5718 2069 5775 necessario

476 5784 644 5857 magis
670 5802 828 5852 quam
854 5784 1014 5841 Itone.
1038 5784 1155 5843 Βία.

550 5856 626 5929 (c)
665 5857 765 5929 Aut
811 5858 854 5913 si
905 5867 949 5913 et
992 5858 1255 5929 christiani
1317 5862 1592 5928 potuissent
1652 5878 1757 5918 esse
1809 5856 2058 5927 Cwsares.

474 5927 658 6000 Longe
682 5927 801 5987 alia:
828 5940 1036 5989 mentes
1061 5927 1477 5989 christian’orum
1505 5932 1655 5992 tuere
1682 5932 1780 5994 sub
1804 5933 2067 5994 Constan-

2096 4692 2151 4753 D

2180 3511 2320 3576 tino,
2354 3524 2512 3582 quem
2540 3516 2595 3564 et
2632 3505 2813 3563 sa'culi
2846 3504 3150 3582 praesidem,
3184 3513 3238 3561 et
3263 3504 3637 3582 ιςΙιιιίιιιίςιιιιιηιΔ
3652 3519 3775 3582 esse

2174 3576 2412 3655 potuisse
2458 3581 2735 3655 dixerunt,
2804 3576 3116 3655 et_quautis
3180 3593 3284 3632 non
3335 3578 3540 3655 ingenii
3597 3576 3774 3634 Gratci

2174 3646 2377 3710 viribus
2427 3652 2816 3724 probaverunt!
2860 3646 2993 3724 -S'ub
3032 3664 3097 3724 eo
3153 3659 3322 3724 certe“
3353 3646 3769 3724 christianarum

2176 3741 2357 3781 rerum
2412 3719 2585 3779 adhuc
2628 3726 2814 3795 ignaro
2860 3719 3407 3795 htereticicatholicis
3452 3720 3777 3795 insultabant

2179 3795 2487 3868 hujusmodi
2514 3791 2758 3868 convicio
2780 3837 2795 3859 ,
2826 3791 2970 3868 Quid
3009 3792 3313 3868 christianis
3355 3792 3775 3868 cum___regibus?

2179 3861 2271 3922 aui
2298 3869 2425 3940 quid
2448 3866 2715 3937 episcopis
2742 3881 2860 3940 cum
2892 3862 3129 3940 palatio?
3156 3861 3381 3940 Optatos
3401 3905 3415 3929 ,
3459 3863 3563 3940 lib.
3584 3861 3771 3940 j.RtG.

2251 3932 2330 4011 (di
2365 3932 2582 4009 liupices
2608 3932 2763 3993 vocat
2784 3932 3028 4011 homines
3063 3936 3328 4011 rusticus
3355 3932 3689 4011 et__incuitos
3741 3952 3773 3991 a

2179 4005 2369 4067 Grieco
2398 4005 2561 4081 ῥῦωαε
2587 4018 2636 4064 et
2668 4014 2838 4081 ῥύσος.
2871 4007 2945 4061 De
2984 4006 3151 4061 Pallio
3177 4022 3225 4061 c.
3260 4005 3350 4081 IV.
3384 4005 3486 4061 Ille
3512 4007 3652 4078 apud
3679 4023 3774 4061 ru-

2181 4083 2344 4153 pireut
2386 4077 2431 4137 et
2474 4077 2773 4153 sylvicolant
2806 4088 2852 4131 et
2884 4088 3163 4153 monstrum
3188 4077 3514 4153 _eru_ditorem
3557 4094 3775 4153 scrupea

2180 4148 2352 4208 schola
2380 4148 2628 4207 eruditus.
2662 4149 2790 4205 Ibid.
2814 4151 3014 4219 rupices
3040 4151 3092 4203 in
3121 4148 3344 4214 urbanis,
3378 4165 3582 4203 scurras
3607 4150 3659 4202 in
3693 4152 3776 4216 fo-

2180 4223 2426 4291 rensibus,
2470 4238 2696 4294 paganos
2724 4221 2776 4275 in
2814 4221 3116 4275 militaribus
3137 4237 3155 4274 :
3178 4221 3245 4294 Et
3278 4220 3345 4275 de
3381 4221 3569 4294 Anima
3600 4237 3648 4276 c.
3676 4219 3768 4278 VI.

2182 4295 2318 4363 Quid
2344 4293 2512 4350 autem
2541 4293 2726 4366 facient
2748 4303 2818 4347 tot
2840 4309 2900 4346 ac
2928 4301 3083 4366 tanta!
3101 4293 3286 4366 animle
3309 4293 3539 4366 rupicum
3575 4302 3622 4366 et
3651 4308 3772 4347 var-

2179 4362 2382 4433 renum,
2429 4362 2607 4437 quibus
2645 4365 2889 4419 alimenta
2936 4365 3197 4437 sementim
3224 4362 3442 4418 desunt?
3472 4362 3772 4437 ItaAIocutn

2179 4437 2314 4509 lege.
2342 4434 2450 4493 non
2476 4437 2828 4491 barbarorum.
2857 4435 3108 4505 Respexit
3133 4438 3274 4489 enim
3305 4450 3520 4509 versum
3558 4434 3769 4503 Lucilii,

2272 4508 2543 4559 Varronum
2567 4518 2624 4559 ac
2645 4508 2865 4572 rupicum
2890 4504 3151 4572 squarrosa
3176 4505 3424 4572 incondita
3438 4504 3614 4572 rostra.

2250 4573 2326 4658 (0)
2374 4573 2632 4658 Ocularet:
2656 4570 3055 4658 ..Ε’ξῗιμμάτωσξ
3075 4570 3284 4658 ιίὲαρξβΙ
3310 4570 3575 4658 ξοαιξδετ..
3609 4583 3769 4641 quem

2175 4640 2396 4699 omnino
2424 4644 2541 4699 vide
2562 4642 2626 4697 ad
2655 4642 2922 4697 Manilium
2950 4658 2999 4710 p.
3033 4641 3154 4696 IIS.
3186 4640 3410 4695 Videtur
3434 4640 3639 4695 Noster
3669 4657 3768 4695 γοα

2177 4731 2295 4771 cem
2336 4716 2541 4769 oculare
2576 4729 2868 4783 usurpare,
2909 4713 3058 4783 quasi
3095 4711 3417 4781 signiﬁcaret
3446 4712 3615 4766 visum
3644 4711 3768 4783 red-

2176 4787 2340 4859 dere,
2380 4785 2658 4859 quomodo
2702 4781 2838 4857 apud
2893 4781 3144 4859 Nostrum
3187 4783 3254 4837 de
3305 4784 3495 4859 Ptenit.
3548 4797 3596 4837 c.
3650 4781 3766 4859 XII.

2178 4853 2452 4926 "manu,
2512 4859 2557 4913 si
2607 4853 2931 4911 excdcaverit
2977 4853 3175 4921 pullos,
3223 4855 3360 4908 novit
3399 4854 3518 4908 illos
3568 4854 3772 4909 oculare

2176 4946 2353 4985 rursus
2379 4930 2441 4983 de
2479 4946 2573 4984 sua
2599 4927 2904 4981 chelidonia.
2938 4925 3090 4995 Quod
3133 4927 3464 4994 transcripsit
3510 4926 3770 4981 Pacianus

2177 5004 2228 5055 in
2261 5001 2522 5056 l’araenesi
2567 4999 2631 5054 atl
2673 4999 2958 5054 i'mnitent.
3004 4996 3299 5051 Excwcutos
3339 4998 3558 5051 hirundo
3602 4998 3770 5067 pullos

2176 5076 2310 5127 novit
2333 5073 2564 5137 occulare
2584 5070 2647 5124 de
2673 5087 2765 5124 sua
2786 5070 3092 5124 chelidonia.
3127 5071 3376 5139 Adeoque
3406 5070 3678 5137 accepisse
3696 5069 3769 5124 ita

2180 5145 2391 5199 videtur
2439 5144 2738 5213 Cyprianus
2784 5143 2869 5196 ille
2925 5141 3098 5195 Nostri
3150 5141 3317 5195 lector
3364 5150 3428 5213 et
3464 5140 3770 5213 admirator

2180 5215 2443 5270 assiduus.
2478 5210 2534 5269 Is"
2568 5216 2635 5271 de
2667 5214 2931 5269 Idolorum
2960 5221 3012 5265 et
3041 5213 3273 5266 vanitate
3303 5230 3316 5265 :
3356 5211 3423 5267 Ut
3451 5212 3677 5266 [contines
3704 5210 3767 5265 ab

2180 5302 2349 5340 errore
2373 5287 2688 5341 tenebrarum
2729 5287 2798 5339 ad
2834 5286 2965 5339 viam
2995 5282 3126 5338 lucis
3154 5284 3465 5338 adducerent
3485 5325 3500 5344 ,
3529 5299 3689 5338 caecos
3721 5291 3768 5337 et

2179 5358 2386 5429 ignaros
2414 5359 2482 5411 ad
2502 5360 2809 5430 agnitionem
2834 5356 3055 5430 veritatis
3077 5356 3381 5430 occulerent.
3417 5354 3601 5430 Diﬁ'ert
3624 5355 3764 5410 etaim

2180 5428 2247 5483 ab
2290 5428 2549 5483 inoculare
2590 5430 2728 5501 quod
2771 5438 2855 5484 est
2901 5428 3117 5501 petitum
3162 5442 3190 5481 a
3233 5428 3439 5501 cultura
3480 5429 3765 5492 arborum,

2179 5515 2298 5566 tunc
2340 5501 2437 5554 sub
2486 5499 2623 5569 ipsa'
2652 5515 2781 5555 voce
2824 5502 2922 5554 hac
2971 5499 3231 5553 oculeeren
3273 5500 3443 5553 cuivis
3490 5508 3614 5552 nota
3663 5507 3762 5569 ea.

2184 5569 2376 5625 Oculus
2401 5568 2541 5625 enim
2571 5570 2673 5625 illis
2710 5579 2791 5626 εει
2836 5570 3145 5626 tuberculus
3177 5569 3301 5634 ille,
3344 5584 3409 5623 ex
3432 5583 3538 5639 quo
3578 5568 3766 5623 ramuli

2172 5642 2477 5713 germinare
2501 5642 2714 5713 debent.
2737 5640 2871 5697 Cato
2899 5642 2966 5699 de
3000 5641 3076 5695 Re
3109 5641 3259 5696 Rust.
3288 5656 3337 5697 c.
3361 5640 3451 5696 Vl.
3485 5639 3566 5697 lbi
3595 5640 3766 5713 oculos

2171 5712 2441 5784 arauidinis
2489 5712 2638 5784 pedes
2692 5723 2890 5779 ternos,
2945 5713 3103 5767 alium
3148 5714 3211 5784 ab
3252 5713 3354 5784 alio
3392 5721 3615 5784 seruato.
3649 5712 3764 5779 Ipse

2171 5779 2498 5841 Tertullian.
2521 5783 2613 5838 lib.
2663 5784 2729 5840 de
2780 5786 2991 5839 Anima.
3040 5799 3091 5839 c.
3141 5783 3285 5840 XIX.
3318 5779 3425 5838 Ἀκί
3461 5782 3596 5837 unde
3644 5794 3765 5834 mox

2168 5855 2271 5929 illis
2299 5865 2346 5911 et
2372 5856 2576 5929 frutices
2614 5857 2955 5929 maculantur,
2986 5865 3033 5912 et
3059 5857 3187 5928 folia
3214 5860 3523 5929 formantur,
3552 5863 3600 5907 et
3643 5869 3762 5924 ger-

2171 5926 2309 5985 mina
2345 5926 2609 6000 inflantur.
2644 5927 2776 5984 Hav.
