4126 6340
414 249 533 313 405
604 296 630 320 ._
1811 262 2355 325 APOLOGETICUS.
3036 279 3054 302 ‘
3625 279 3732 339 406

418 366 697 439 Spiritales
711 384 742 473 ς.
757 382 858 426 nec
898 382 1094 433 nomen
1136 383 1330 428 novum
1375 379 1477 430 est.
1526 373 1713 432 Sciunt
1753 377 2025 436 daemonas
2051 381 2104 442 Λ
2129 381 2209 439 sic
2233 382 2433 439 malitia
2461 383 2716 473 spiritalis
2742 400 2770 443 a
2802 388 3099 468 primordio
3122 391 3395 464 auspicata
3425 396 3518 451 est
3538 396 3591 452 in
3622 395 3725 454 ho-

420 458 765 533 Philosophi,
781 461 1003 521 Socrate
1029 462 1144 536 ipso
1172 463 1236 519 ad
1268 463 1517 522 dtemonii
1533 467 1809 524 arbitrium
1825 479 2020 543 exspe-

419 561 627 609 ctante.
658 553 891 622 Quidni?
920 570 1039 612 cum
1080 564 1136 612 et
1175 556 1274 628 ipsi
1303 556 1630 616 daemonium
1668 560 1961 619 adhmsisse
1990 579 2022 621 a

419 645 653 717 pueritia
703 646 947 716 dicatur,
981 648 1405 707 dehortatorium
1451 652 1607 725 plane
1656 670 1685 710 a
1734 656 1876 712 bono
1921 656 2019 732 (a).

418 738 711 796 Daemonas
757 741 932 797 sciunt
980 741 1192 811 Poetae,
1223 746 1381 802 etiam
1422 747 1611 820 vulgus
1654 747 1927 806 indoctum
1968 752 2020 806 in

416 848 582 888 usum
627 833 895 890 maledicti
939 833 1282 907 frequentat,
1337 855 1458 895 nam
1513 849 1566 897 et
1611 841 1861 914 Satanam
1916 845 2018 916 (l),

415 925 714 998 principem
764 925 923 999 hujus
966 930 1090 987 mali
1133 932 1382 1003 generis,
1413 934 1640 1005 proinde
1692 934 1758 992 de
1808 938 2019 1010 propria

414 1019 745 1074 conscientia
770 1021 982 1093 animm,
1007 1023 1192 1079 eadem
1215 1016 1574 1082 execramenti
1625 1043 1754 1085 voce
1785 1045 2019 1102 pronun-

418 1114 520 1166 tiat
548 1111 647 1183 (ὁ).
680 1112 913 1184 Angelos
958 1130 1170 1187 quoque
1213 1118 1374 1173 etiam
1418 1119 1569 1174 Plato
1613 1136 1718 1176 non
1766 1124 2012 1194 negavit,

415 1203 707 1277 Utriusque
749 1207 977 1264 nominis
1026 1217 1189 1266 testes
1222 1211 1306 1266 vel
1353 1213 1489 1284 magi
1543 1224 1787 1283 asserunt
1821 1216 2013 1290 (2)(σ).

415 1298 525 1355 Sed
569 1302 838 1370 quomodo
869 1302 935 1358 de
963 1305 1164 1375 angelis
1202 1304 1279 1379 ((1)
1326 1307 1641 1378 quibusdam
1690 1325 1783 1365 sua
1822 1322 2013 1382 sponte

414 1393 685 1463 corruptis
738 1396 1041 1467 corruptior
1098 1413 1229 1467 gens
1294 1399 1598 1456 daemonum
1659 1400 1731 1474 (c)
1782 1406 2014 1462 evaserit

414 1483 667 1539 damnata
708 1501 736 1540 a
788 1487 894 1541 Deo
924 1502 1045 1542 cum
1076 1491 1289 1559 generis
1327 1492 1635 1548 auctoribus
1657 1534 1670 1559 ,
1704 1503 1757 1549 et
1786 1510 1905 1550 cum
1948 1510 2013 1552 eo

412 1593 574 1648 quem
599 1578 1099 1652 diximuscprincipe
1136 1581 1202 1653 (Γ)
1228 1625 1242 1648 ,
1272 1584 1410 1653 apud
1440 1584 1643 1640 litteras
1680 1595 1894 1641 sanctas
1919 1603 2011 1643 or-

413 1669 538 1725 dine
563 1671 901 1740 cognoscitur
929 1671 1029 1745 (5).
1061 1672 1211 1729 Nune
1239 1674 1306 1729 de
1331 1677 1641 1747 operatione
1664 1694 1852 1734 eorum
1881 1681 2014 1747 satis

2126 474 2286 531 minis
2315 476 2756 551 exitiumJtaque
2783 482 3099 551 corporibus
3122 485 3433 557 quidem,et
3458 488 3723 546 valetudi-

2125 584 2223 625 nes
2268 569 2515 642 infligunt
2561 571 2660 646 (g),
2685 581 2739 630 et
2784 575 2990 648 aliquos
3038 594 3196 636 casus
3239 581 3495 651 acerbos,
3530 584 3724 640 anima:

2127 676 2254 718 vero
2285 665 2592 735 repentinos
2623 675 2672 721 et
2703 669 3158 729 extraordinarios
3185 688 3281 743 per
3310 675 3415 730 vim
3443 690 3719 735 excessus.

2126 756 2373 828 Suppetit
2419 758 2522 815 illis
2561 759 2629 815 ad
2661 769 2937 832 utramque
2978 764 3328 823 substantiam
3361 767 3593 828 hominis
3619 772 3718 829 ad-

2082 860 2097 871 ·
2124 850 2352 907 eundam
2381 852 2515 909 mira
2572 851 2653 929 (4)
2684 854 2951 912 subtilitas
2988 868 3039 913 et
3093 861 3320 917 tenuitas
3347 877 3462 923 sua.
3496 864 3718 923 Multum

2121 944 2447 1014 spiritalibus
2462 945 2665 1001 viribus
2683 947 2827 1013 licet,
2847 959 2903 1005 ut
2919 950 3210 1007 invisibiles
3236 963 3287 1008 et
3306 954 3644 1014 insensibiles
3663 961 3716 1015 in

2121 1035 2313 1092 eﬂ‘ectu
2343 1037 2518 1109 pctius
2544 1054 2703 1109 quam
2736 1040 2788 1095 in
2819 1052 2938 1096 aeto
2969 1057 3067 1098 suo
3092 1028 3382 1117 appareant
3411 1064 3422 1101 :
3458 1049 3500 1105 si
3534 1065 3713 1121 poma,

2119 1131 2181 1200 si,
2208 1130 2387 1203 fruges
2431 1134 2613 1190 nescio
2653 1135 2796 1207 quod
2840 1152 2986 1192 aura:
3034 1138 3203 1194 latens
3247 1142 3433 1197 vitium
3481 1144 3531 1198 in
3584 1146 3718 1202 ﬂore

2122 1224 2450 1295 praecipitat,
2484 1225 2534 1279 in
2575 1227 2816 1297 germine
2843 1229 3153 1297 exanimat,
3188 1231 3238 1284 in
3272 1233 3552 1301 pubertate
3581 1251 3717 1291 con-

2119 1314 2395 1384 vulnerat,
2429 1332 2492 1373 ac
2533 1320 2578 1373 si
2606 1334 2747 1375 cmca
2779 1321 2987 1377 ratione
3018 1331 3253 1378 tentatus
3285 1326 3378 1380 aer
3411 1328 3719 1394 pestilentes

2064 1440 2071 1443 -
2118 1406 2342 1463 haustus
2368 1425 2496 1466 suos
2522 1411 2750 1469 offundit
2775 1430 2788 1466 :
2817 1414 3006 1470 eadem
3041 1416 3201 1487 igitur
3227 1417 3558 1483 obscuritate
3583 1437 3716 1477 con-

2119 1501 2345 1572 tagionis
2386 1507 2643 1576 aspiratio
2690 1507 2992 1565 daemonum
3034 1519 3088 1565 et
3148 1512 3459 1582 angelorum
3524 1517 3717 1584 mentis

2117 1608 2329 1664 quoque
2360 1599 2694 1677 corruptelas
2718 1600 2824 1671 agit
2850 1600 3118 1658 furoribus
3147 1613 3200 1659 et
3228 1607 3482 1663 amentiis
3513 1607 3671 1664 foedis
3696 1651 3710 1675 ,

2114 1693 2206 1740 aut
2236 1686 2392 1745 suavis
2442 1689 2749 1746 libidinibus
2785 1707 2906 1747 cum
2952 1694 3226 1750 erroribus
3256 1699 3456 1763 variis;
3484 1715 3711 1771 quorum

412 1763 515 1818 erit
543 1777 833 1835 exponere.
875 1763 1126 1837 Operatio
1157 1781 1342 1822 eorum
1372 1779 1453 1823 est
1491 1769 1725 1825 hominis
1753 1774 1961 1828 eversio
1986 1791 2000 1828 :
2036 1769 2083 1829 B
2114 1777 2213 1835 iste
2240 1782 2551 1852 potissimus
2571 1825 2586 1851 ,
2615 1801 2720 1856 quo
2754 1784 2885 1851 deos
2927 1786 3056 1843 istos
3085 1790 3254 1860 captis
3284 1801 3337 1846 et
3366 1763 3710 1849 circiimscri.

1648 1883 2033 1945 LECTIONES
2071 1891 2276 1949 VARIA
2286 1897 2478 1954 NTES.

476 1995 550 2057 (l)
593 1995 836 2066 Wogtw._c
868 1993 1046 2050 ms.'et
1083 1995 1195 2066 Itig.
1238 1999 1514 2066 Daemones;
1553 2002 1763 2054 calari:
1803 2004 2003 2057 Omnes.

408 2059 539 2128 Hoc:
563 2057 719 2128 et‘alii
742 2071 758 2109 :
790 2057 1071 2128 frequentat
1093 2057 1339 2112 Stitanam.
1363 2064 1463 2115 Sed
1486 2057 1557 2115 uc.
1587 2080 1693 2114 nam
1721 2074 1790 2125 et,
1815 2081 1925 2128 αμα)
1956 2071 2007 2123 in

410 2118 730 2234 ﬁghGorz.
766 2128 811 2171 et
850 2118 1004 2188 Lugd.
1031 2120 1275 2190 leguntur,
1321 2138 1413 2177 nec
1450 2140 1750 2191 supervacua
1780 2118 2005 2197 'nt‘c‘eji-V

407 2196 660 2310 αῗέἷαὲίε
683 2245 790 2297 cod.
819 2244 966 2298 Fuld.
986 2260 1004 2311 ;
1027 2247 1200 2310 linem,
1225 2253 1367 2301 Pam.
1393 2228 1570 2317 aliique
1595 2267 1613 2305 :
1644 2254 1719 2304 vel
1746 2268 1912 2319 magos
1928 2266 2006 2307 as-

2110 2017 2450 2138 ἳῗῑῖιιιι
2478 2026 2588 2071 Put.
2616 2018 2700 2071 vel
2723 2021 2855 2084 magi
2876 2020 3073 2085 adsunt,
3100 2020 3231 2086 quod
3254 2030 3543 2089 receperunt
3569 2023 3703 2091 359-.

2175 2140 2247 2200 (5)
2283 2139 2413 2191 Ordo
2433 2140 2637 2197 Sentler.

2174 2202 2245 2267 (4)
2282 2204 2398 2255 Mira
2421 2205 2550 2257 abest
2568 2208 2722 2259 Fran.
2748 2205 2857 2273 Rig.

1783 2360 2334 2421 COMMENTARIUS.

478 2490 562 2548 CA
572 2492 631 2569 Pi.
650 2490 1410 2569 XXIII—(a)Deliortatorium.
1427 2495 2008 2569 Planeabono.Ubique

407 2573 559 2625 antea
580 2566 657 2638 sic
683 2565 954 2634 legebatur
978 2576 1032 2622 et
1062 2567 1502 2638 distinguebatur,
1519 2570 1736 2625 dicatur.
1755 2565 2010 2627 Deltorta-

409 2636 745 2711 toriun‘tplanc
773 2654 803 2690 a
831 2637 958 2711 bona
972 2655 1141 2693 omnes
1156 2636 1319 2693 sciunt
1334 2651 1515 2711 poetaz.
1531 2641 1635 2697 Sed
1663 2653 1805 2699 recte
1825 2659 2009 2699 emen-

406 2706 550 2786 davit
567 2707 970 2786 Bigposuitque
986 2720 1105 2780 post
1119 2711 1317 2786 dicatur
1334 2706 1566 2786 comma,
1588 2729 1683 2769 nos
1704 2714 1862 2770 etiam
1880 2724 2002 2786 post

407 2779 817 2853 dehortatorium
837 2779 1110 2850 punctum.
1140 2782 1244 2838 Iste
1274 2782 1415 2837 enim
1443 2786 1630 2853 genius
1668 2801 1761 2840 seu
1788 2779 1997 2841 dminou

407 2849 642 2927 Socratis
688 2849 1057 2927 celebrabatur
1101 2860 1157 2908 ut
1182 2849 1578 2927 dehortatorius
1626 2856 1819 2927 siquid
1877 2858 2001 2915 mali

408 2922 511 2997 ipsi
534 2922 756 2977 instaret
779 2923 858 2978 vel
884 2936 1211 2997 occurreret,
1235 2925 1345 2980 imo
1374 2926 1557 2983 ridens
1587 2922 1756 2997 inquit
1783 2927 1999 2987 Tertul-

405 2991 579 3071 lianus
608 2997 798 3071 abono
827 3009 903 3050 sc.
928 2996 1121 3071 ipsum
1129 3006 1399 3071 avertens.
1418 2997 1596 3070 Itaque
1612 2991 1688 3054 sic
1709 3000 1994 3071 distinguo,

407 3063 607 3119 dicatur
627 3063 1045 3123 dehortatorium.
1083 3067 1265 3134 Plane,
1294 3086 1327 3124 a
1359 3063 1574 3137 bono,'i.
1604 3086 1653 3126 e.
1686 3071 1792 3126 imo
1819 3063 2003 3128 habuit

2115 2498 2456 2573 necessitatem
2483 2496 2615 2573 _odii
2656 2499 3023 2570 importunum.
3086 2500 3336 2555 Satanam
3391 2500 3605 2573 denique
3654 2504 3708 2558 in

2112 2571 2258 2644 omni
2277 2571 2627 2637 aversatione,
2656 2580 2704 2625 et
2736 2573 3091 2640 aspernatione
3110 2615 3125 2637 ,
3157 2582 3202 2626 et
3230 2571 3558 2637 detestatione
3584 2591 3707 2644 pro-

2112 2642 2358 2714 nuntias,
2402 2657 2550 2711 qucm
2596 2643 2931 2714 nosdicimus
2960 2644 3170 2700 malitia?
3194 2644 3455 2714 angelum,
3501 2642 3606 2703 etc.
3641 2645 3708 2702 Ut

2104 2714 2249 2768 enim
2306 2712 2553 2786 absolute
2584 2712 2775 2786 _i_ualus
2827 2713 3148 2771 Christianis
3202 2712 3298 2786 pro
3348 2715 3600 2772 [unumne
3652 2725 3706 2771 et

2106 2786 2335 2859 Satana,
2366 2785 2433 2839 ita
2464 2784 2549 2839 hic
2583 2784 2910 2841 Tertulliano
2956 2786 3127 2841 Sanos
3154 2784 3217 2841 εί
3239 2786 3565 2842 Dwtitouium
3607 2803 3706 2859 pro

2106 2858 2261 2912 malo.
2298 2855 2431 2910 Hav.

2177 2929 2253 2998 (c)
2287 2925 2563 2998 Utriusque
2583 2928 2801 2983 nominis
2828 2937 2973 2985 testes
2999 2944 3108 2983 esse
3128 2971 3141 2993 ,
3169 2929 3247 2984 uel
3297 2926 3443 2999 Magi
3483 2929 3695 2984 adsunt.

2108 3000 2233 3055 [hoc
2263 2999 2482 3053 omnino
2510 3008 2592 3053 est
2630 3004 2892 3069 scriptura
2930 3000 3132 3056 codicis
3179 3000 3379 3067 antiqui
3427 3002 3695 3057 l’uteano—

2107 3088 2259 3133 rum.
2290 3085 2449 3140 quam
2477 3084 2599 3125 esse
2648 3082 2776 3140 puto
2819 3071 3085 3127 veriorem
3134 3072 3234 3126 iam
3279 3070 3568 3134 Fuldensi,
3618 3072 3697 3126 vel

407 3137 752 3225 daemonium,
775 3138 869 3221 sed
903 3140 1048 3225 quod
1074 3140 1459 3225 illumabono
1502 3141 1896 3225 dettom-aretur.
1930 3144 2002 3200 Ita
2030 3162 2074 3225 ρ
2110 3145 2245 3225 magi
2268 3137 2556 3225 asserunt;
2578 3137 2665 3223 Ait
2722 3141 3051 3225 Septimius,
3102 3144 3263 3198 etiam
3294 3142 3699 3225 hominibusab

406 3217 461 3286 τρ
503 3207 655 3286 plane
695 3207 1007 3286 passim,ct
1036 3211 1129 3286 lib.
1166 3212 1247 3286 Ad
1286 3211 1405 3267 Nat.
1440 3228 1478 3268 ι.
1517 3212 1600 3286 lO.
1635 3212 1832 3283 Plane,
1878 3231 2003 3286 quo-

406 3280 544 3356 niam
564 3279 667 3334 illis
684 3280 865 3356 caelum
887 3292 1054 3356 patet,
1074 3284 1187 3356 i.7e.
1218 3284 1327 3339 imo
1346 3325 1361 3350 ,
1392 3293 1556 3340 recte.
1582 3284 1761 3356 Itaque
1789 3279 1847 3342 ut
1869 3279 2004 3342 bene

406 3349 650 3437 Lactant.
821 3349 984 3437 cru.
1017 3353 1124 3409 Sed
1152 3355 1248 3437 ipsi
1269 3356 1511 3437 cum-siut
1534 3349 1809 3437 perditor“
1830 3358 1998 3437 (tomi-

404 3438 566 3499 num‘,
591 3423 824 3480 custodes
854 3434 1019 3499 tamen
1048 3442 1102 3499 se
1137 3423 1309 3499 videri
1332 3428 1505 3482 volunt
1524 3423 1545 3493 ,⁷
1567 3438 1624 3482 ut
1650 3429 1749 3499 ipsi
1773 3430 2004 3484 colantur

407 3502 456 3571 et
506 3490 787 3571 Deus_non
832 3496 1046 3571 colatur.
1077 3498 1255 3571 Possis
1303 3498 1381 3571 im
1413 3490 1571 3553 etiam
1626 3490 2003 3571 interpungere

381 3563 608 3642 -locu_m,
640 3565 1279 3642 dicatur"dehortatorium.
1316 3567 1483 3642 Plane
1505 3570 1705 3642 abono.
1733 3563 1838 3627 Sed
1869 3563 2000 3642 quo—

408 3634 798 3707 modocumque
825 3637 917 3694 tiat
940 3639 1209 3697 distinctio
1230 3684 1245 3709 ,
1279 3641 1452 3696 nullus
1483 3641 1616 3699 alios
1660 3649 1835 3709 potest
1877 3634 1999 3700 esse

406 3721 627 3781 sensus,
672 3725 831 3780 quam
877 3710 966 3768 ille
1013 3728 1172 3781 quem
1214 3727 1310 3768 nos
1353 3712 1618 3768 dedimus.
1662 3710 1801 3768 Mala
1855 3723 1999 3772 certe

405 3777 746 3855 distinctione
769 3777 1080 3852 deceptns'a
1109 3799 1240 3839 vero
1279 3784 1492 3840 aberrat
1521 3786 1676 3855 Casp.
1712 3784 1960 3842 Barthius
1980 3828 1993 3850 ,

405 3851 492 3921 qui
520 3851 916 3927 contemplatus
952 3864 1036 3927 e51
1079 3855 1191 3911 hmo
1236 3856 1397 3911 verba
1438 3856 1490 3910 in
1542 3851 1680 3911 libro
1707 3856 1842 3912 Adv:
1884 3856 1991 3914 LV.

405 3937 521 3993 cap.
552 3922 607 3979 5.
639 3922 860 4001 vultque
886 3925 1008 3997 legi,
1037 3928 1433 4001 dehortatorium
1459 3945 1490 3983 a
1516 3928 1645 4001 bono
1668 3928 1810 4001 Orfci
1830 3929 1995 3984 sciunt

404 4007 599 4123 poetic;
631 4008 686 4051 ut
707 3996 777 4052 ita
814 3996 1101 4054 innuantur
1127 3997 1214 4053 illa
1250 3999 1485 4055 carmina
1538 4008 1592 4055 et
1637 3996 1854 4072 hymni,
1901 4003 1989 4073 qui
2036 4026 2049 4033 η

426 4068 669 4123 todieaue
690 4078 902 4123 exstant
929 4069 1078 4123 istius
1107 4071 1306 4123 nomini
1337 4070 1608 4123 inscripti.
1640 4081 1690 4123 cl
1719 4072 1847 4123 satis
1872 4081 1998 4123 sunt

443 4068 902 4152 odioque‘exnstaut
929 4069 1078 4152 istius
1107 4071 1306 4152 nomini
1337 4070 1610 4152 inscripti,
1640 4068 1690 4126 ct
1719 4068 1998 4152 satissunt

403 4141 616 4213 vetusti.
644 4141 717 4196 De
742 4141 1015 4213 Dmnmnio
1041 4158 1167 4199 vero
1191 4142 1425 4199 Sacratis
1456 4142 1614 4200 locuti
1642 4145 1995 4213 sapientiores

405 4211 654 4286 Ethnici,
700 4211 833 4267 nihil
859 4214 1003 4269 aliud
1033 4214 1409 4286 intellexerunt
1437 4214 1538 4270 nisi
1569 4211 1847 4286 providum
1879 4220 1995 4284 ejus

403 4283 638 4343 animum
679 4294 733 4340 et
760 4286 1124 4356 perspicacem
1152 4286 1205 4341 in
1238 4285 1425 4342 futuris
1450 4283 1629 4342 rebus.
1662 4286 1793 4342 llinc
1820 4283 1996 4354 δαέρων

402 4361 623 4429 ἑκάστουη
644 4367 674 4418 ἡ
714 4367 841 4426 ψυχὴ
869 4357 1046 4429 cuique
1065 4358 1264 4413 animus
1290 4358 1489 4414 dromon
1528 4358 1721 4413 dicitur
1748 4374 1778 4413 a
1816 4356 1995 4414 Xeno-

403 4437 561 4500 crate
601 4428 927 4498 Philosopho
978 4430 1118 4499 apud
1152 4431 1489 4485 Aristotelem
1532 4446 1591 4485 tt.
1634 4429 1990 4500 Tepicorum,

403 4500 491 4573 qui
533 4499 729 4573 ibidem
778 4506 1033 4569 εὐδαίμονα
1072 4502 1306 4571 appellat
1351 4516 1471 4557 cum
1525 4501 1609 4557 cui
1653 4499 1787 4557 bona
1832 4518 1992 4573 utens

403 4570 735 4642 contigisset.
769 4573 1036 4628 Socratica
1065 4570 1223 4627 etiam
1262 4573 1517 4642 sapientia
1559 4572 1790 4627 imbutus
1829 4572 1989 4629 Euri-

405 4640 555 4708 pides
593 4642 732 4710 apud
763 4643 1034 4699 'l‘hconem
1063 4659 1113 4715 p.
1145 4643 1234 4699 60.
1281 4640 1566 4715 Progytnn.
1607 4653 1685 4701 τὸν
1724 4647 1825 4698 νοῦν
1865 4651 1993 4713 ἡμῶν

403 4718 731 4786 transegit)»
754 4714 908 4780 dixit,
927 4727 1141 4770 mentem
1166 4732 1309 4769 suam
1323 4714 1600 4768 daunoncm
1626 4716 1817 4786 cuique.
1852 4715 1988 4771 llttv.

478 4786 555 4854 (b)
599 4784 737 4840 Nam
760 4795 806 4841 ct
843 4786 1091 4843 Satanam
1145 4786 1476 4841 execramenti
1506 4803 1621 4841 voce
1677 4784 1987 4857 pronuntiat.

404 4855 588 4923 Quid?
630 4860 841 4912 Satanas
866 4859 1182 4913 vocabulum
1216 4858 1444 4912 Bouiani
1491 4855 1721 4928 unquam
1762 4875 1988 4927 usurpa-

404 4942 531 4982 vere
580 4929 630 4983 in
675 4930 972 4986 maledictis
1024 4941 1118 4985 aut
1161 4927 1630 4985 execrationibus!
1671 4927 1987 4999 Neutiquatn

403 5013 553 5055 sane.
593 5001 697 5056 Sed
769 5002 1031 5057 malorum
1094 5003 1396 5057 daemonum
1474 5001 1764 5072 principem
1833 5004 1989 5058 Sata-

404 5075 982 5145 ﬂitlllJll'OﬂllﬂllaVBI‘c
1005 5117 1020 5143 ,
1077 5072 1469 5145 pronuntiando
1494 5115 1527 5145 ,ν
1560 5071 1839 5145 Malum;
1872 5073 1989 5129 llic.

404 5172 475 5183 —
530 5142 732 5199 Sensus
792 5142 1086 5201 verborum
1150 5146 1279 5200 mihi
1355 5146 1439 5200 hic
1484 5144 1746 5201 videtur:
1795 5144 1995 5215 Volgus

405 5229 614 5285 quoque
636 5217 747 5286 jam
775 5218 1043 5273 indoctum
1078 5233 1180 5286 pro
1206 5217 1485 5271 maledicto
1516 5217 1815 5286 frequentat
1843 5215 1997 5272 Sata-

405 5302 526 5339 nam
546 5289 1001 5361 auctorcmhnjns
1020 5285 1251 5359 generis,
1283 5285 1665 5361 daemoniorum
1678 5285 1833 5361 εεοιι..
1855 5288 1995 5343 unde

405 5364 527 5428 post
564 5359 761 5431 generis
805 5359 1198 5415 distinctionem
1244 5375 1365 5414 cum
1406 5360 1620 5428 optimis
1659 5359 1830 5431 posui.
1862 5362 1994 5415 Cum

403 5444 533 5483 vero
570 5432 949 5485 conscientiam
982 5432 1174 5486 animm
1214 5431 1299 5486 hic
1340 5432 1595 5502 advocet,
1635 5431 1789 5486 latius
1817 5448 1995 5502 perso-

406 5501 497 5572 qui
527 5517 748 5557 necesse
780 5502 963 5558 habuit
989 5502 1040 5557 in
1072 5502 1246 5557 libello
1272 5504 1338 5558 de
1365 5501 1699 5558 Testitnonio
1728 5501 1934 5557 Aldina:
1976 5521 1989 5557 :

404 5587 523 5642 cap.
572 5588 647 5627 ιιι.
684 5589 803 5643 qua:
844 5574 1058 5644 quidem
1106 5576 1221 5643 ejus
1264 5574 1425 5629 verba
1451 5590 1517 5629 ex
1551 5574 1650 5630 hoc
1678 5577 1794 5630 loco
1819 5575 1992 5630 lucem

344 5664 349 5671 ’
406 5644 642 5711 Cupiunt.
669 5646 804 5700 Sunt
831 5661 959 5701 vero
1008 5648 1104 5701 ista
1148 5663 1161 5698 ε
1196 5645 1513 5703 Dteinonium
1557 5662 1704 5701 vocas
1743 5648 1995 5701 hominem

405 5724 493 5767 aut
523 5716 845 5790 inmunditia
865 5759 880 5785 ,
910 5727 995 5771 aut
1022 5717 1218 5771 malitia
1237 5758 1253 5783 ,
1293 5726 1381 5771 aut
1422 5717 1722 5790 insolentia,
1755 5729 1843 5773 aut
1868 5735 1995 5790 qua-

348 5818 385 5833 .-
406 5800 616 5862 cumque
635 5787 855 5860 macula,
883 5804 1033 5860 quam
1065 5805 1157 5847 nos
1182 5790 1446 5847 dwmouiis
1468 5789 1786 5862 deputamus,
1812 5787 1900 5847 aut
1925 5790 1993 5847 ad

2112 3213 2207 3270 Dei
2232 3214 2450 3268 civitate
2489 3213 2679 3268 alienis
2722 3213 2863 3270 haud
2906 3215 3082 3284 ignota
3112 3229 3233 3273 esse
3259 3214 3514 3277 vocabula
3538 3257 3552 3281 ,
3584 3215 3700 3269 Da:-

2109 3301 2326 3340 tnonum
2378 3291 2434 3339 et
2508 3284 2839 3353 angelorum.
2892 3284 3208 3353 Dmmonas,
3261 3285 3470 3354 inquit,
3522 3286 3701 3341 sciunt

2109 3356 2430 3428 pltilOSOplli,
2454 3356 2630 3428 sciunt
2661 3368 2831 3426 poeta:
2852 3373 2864 3410 :
2884 3356 3118 3428 Atigelos
3134 3372 3348 3427 quoque
3373 3356 3530 3428 etiam
3550 3357 3699 3411 Plato

2107 3426 2212 3484 non
2255 3436 2429 3497 negat.
2462 3427 2666 3482 Deinde
2710 3428 2895 3494 addit,
2929 3426 3214 3497 Utriusque
3257 3427 3489 3489 nominis
3534 3436 3699 3483 testes

2106 3515 2228 3555 esse
2253 3496 2335 3553 vel
2361 3496 2497 3568 Magi
2523 3498 2736 3553 adsunt.
2771 3499 2885 3553 Hoc
2911 3506 3022 3563 est,
3046 3496 3241 3555 adsunt
3277 3507 3473 3561 testes;
3504 3498 3700 3563 adsunt

2104 3569 2417 3633 testiﬁcari;
2464 3568 2659 3623 adsunt
2695 3570 3002 3625 testimonio
3028 3570 3262 3629 dicundo
3291 3610 3305 3632 ,
3339 3584 3531 3639 nempe
3572 3584 3707 3625 esse»

2104 3652 2158 3697 et
2189 3644 2467 3697 llmmonas
2492 3651 2544 3695 et
2569 3641 2824 3711 Angelos.
2858 3641 2974 3711 Ipse
3003 3656 3118 3711 pag.
3141 3657 3254 3709 seq.
3280 3642 3457 3710 Magos
3487 3641 3691 3697 habere

2102 3714 2230 3769 dicit
2276 3713 2617 3767 invitatorum
2648 3712 2971 3781 Angelorum
3008 3724 3062 3768 et
3095 3714 3403 3770 Damonem
3431 3714 3690 3775 assisten-

2103 3793 2208 3842 tem
2232 3785 2331 3855 sibi
2364 3792 2709 3855 potestatem.
2744 3782 2867 3839 Rto.

2174 3854 2617 3931 (ἀγριέαιιςμειίεἶ
2669 3855 2725 3910 1η
2755 3856 2917 3911 stulta
2945 3854 3325 3931 is_la_0piuione
3350 3854 3445 3931 luit
3481 3869 3697 3926 quoque

2101 3926 2325 3984 Tertull.
2356 3938 2405 3982 ut
2451 3928 2646 3996 putarit
2691 3943 2757 3982 ex
2800 3926 3173 3983 commistione
3215 3927 3523 3997 angelorum
3569 3942 3694 3997 cum

2102 3999 2404 4056 hominibus
2433 4005 2588 4053 natos
2611 3997 2916 4065 duunonas,
2962 3998 3103 4052 male
3136 3996 3404 4054 intellecto
3433 3997 3569 4053 Gen.
3601 3996 3689 4053 Vl.

2097 4072 2152 4127 ἓ.
2180 4073 2364 4142 ltaqne
2392 4084 2577 4142 rursus
2606 4070 2680 4124 De
2704 4069 2893 4124 Idolol.
2923 4083 3042 4137 cap.
3073 4068 3164 4124 1X.
3198 4069 3417 4142 Angelos
3445 4069 3561 4142 illos
3589 4085 3697 4124 esse

2099 4140 2376 4198 desertores
2404 4141 2501 4196 Dei
2521 4182 2535 4204 ,
2569 4153 2820 4197 amatores
2858 4142 3198 4207 lautitiarum.
3227 4140 3533 4201 Lactantius
3555 4156 3693 4211 quo-

2098 4231 2202 4286 que
2251 4214 2345 4270 lib.
2376 4230 2434 4268 ιι.
2462 4228 2512 4286 c.
2548 4214 2633 4270 l5.
2657 4212 2847 4286 illaque
2866 4210 2983 4286 illos
3010 4228 3127 4286 cum
3152 4213 3437 4286 ltiontinibus
3463 4228 3686 4286 camma-

2098 4283 2269 4342 rantes
2289 4327 2303 4352 ,
2333 4285 2620 4340 dominator
2647 4285 2734 4340 ille
2765 4283 2918 4338 terra!
2943 4284 3303 4354 {allacissimus
3331 4283 3695 4339 consuetudine

2098 4359 2211 4427 ipsa
2228 4358 2474 4429 paulatim
2499 4356 2568 4410 ad
2592 4356 2714 4429 uitia
2732 4355 2958 4429 pellexit,
2984 4365 3030 4409 et
3055 4356 3321 4429 mulierum
3344 4356 3693 4429 congressibus

2099 4426 2674 4503 iiiquittaait,ietc_.__S_ed
2705 4427 3020 4503 prudentior
3040 4428 3550 4499 Augustinus,quem
3572 4426 3693 4503 vide

2018 4484 2072 4544 Ῑ)
2098 4484 2297 4556 ἀρ’ϐἰγ.
2332 4484 2421 4555 Dei
2446 4500 2483 4554 l.
2511 4498 2628 4554 XV.
2653 4484 2820 4555 c325.

2174 4572 2247 4644 (θ)
2281 4570 2415 4626 Gens
2443 4574 2753 4625 dwmonum.
2808 4570 3049 4625 Lactant.
3075 4569 3206 4644 ibid.
3249 4570 3350 4644 Qui
3379 4579 3544 4644 autem
3573 4576 3693 4644 sunt

2099 4661 2161 4699 ea:
2185 4641 2272 4698 liis
2300 4644 2581 4717 procreati,
2604 4644 2723 4712 quia
2752 4659 2909 4717 neque
2935 4642 3101 4713 angeli
3127 4658 3285 4713 neque
3318 4641 3544 4717 Imagines
3574 4643 3691 4711 fuco

2098 4726 2236 4781 runt,
2267 4716 2354 4770 sed
2376 4714 2593 4768 medium
2613 4713 2889 4785 quamdam
2901 4723 3135 4767 naturant
3157 4713 3544 4785 gerentes,‘uon
3573 4721 3693 4767 sunt

2095 4789 2165 4842 ad
2200 4789 2392 4858 inieras
2417 4784 2639 4858 recepti,
2680 4786 2809 4840 sicut
2844 4786 3008 4858 neciu
3034 4784 3214 4858 caelum
3237 4793 3465 4858 parentes
3492 4797 3689 4858 comam.

2166 4860 2232 4929 (Γ)
2259 4853 2327 4912 Et
2356 4874 2469 4911 cum
2491 4853 2549 4911 eo
2575 4873 2721 4927 quem
2755 4858 2809 4911 d.
2841 4873 2893 4927 p.
2936 4855 3069 4929 Cod.
3126 4855 3280 4909 Fuld.
3308 4864 3351 4929 et
3382 4870 3529 4929 quem
3549 4853 3684 4907 dixi-

2095 4924 2507 5001 mu's’principeut
2534 4924 2618 4982 aut
2649 4929 2686 4982 Ι.
2712 4924 2914 5001 sanctas
2940 4926 3424 5001 ordocoguoscitur.
3450 4924 3692 4979 Lactant.
3772 4990 3777 4997 ι

2099 4998 2284 5058 rursus
2325 5019 2337 5055 :
2390 5000 2460 5055 lli
2508 5010 2622 5054 sunt
2663 5000 2912 5053 immundi
2955 4999 3197 5068 spiritus,
3249 4998 3536 5060 malorum,
3577 5012 3692 5063 qua:

2098 5083 2341 5145 grrunt_nr
2384 5081 2645 5140 auctores,
2688 5087 2900 5143 quarunt
2920 5071 3053 5125 idem
3085 5068 3315 5122 diabolus
3336 5080 3407 5123 est
3435 5068 3688 5138 princeps.

2100 5143 2232 5200 unde
2258 5143 2612 5217 Trismegistus
2638 5145 2782 5217 illum
2805 5148 3303 5217 carpo-ianosvocat.

2172 5220 2249 5288 (g)
2295 5216 2357 5270 Et
2384 5212 2700 5291 valetudines
2739 5212 3014 5291 infligunt.
3040 5212 3418 5291 Videturanilii
3445 5219 3695 5291 spectare

2100 5283 2490 5344 ad'vi'uinistros
2539 5283 2816 5358 publicos,
2858 5283 2953 5355 qui
3009 5288 3232 5354 puniunt
3275 5283 3547 5358 homines,
3600 5283 3692 5351 qui

2100 5361 2190 5415 inll
2212 5370 2344 5431 gnat
2373 5354 2612 5421 verbera,
2651 5359 2740 5428 qui
2760 5354 3031 5431 homines
3061 5358 3462 5431 exearnilicant.
3486 5354 3691 5431 Quem-

2101 5425 2389 5486 adttuidtttit
2454 5425 2689 5486 lautitias
2747 5427 3161 5500 Clit-ysostoznus
3219 5427 3448 5481 ot‘at.dc
3476 5425 3690 5500 diabolo

2104 5514 2365 5558 tentatore
2392 5513 2543 5577 vocat
2568 5495 3031 5577 diabolumjpsum
3061 5503 3318 5577 ᾀρὼματοί
3337 5504 3526 5577 dilutior,
3540 5495 3687 5577 _q.__d:

2100 5576 2390 5644 carniﬁcem
2430 5572 2805 5641 incorporeum.
2838 5570 2905 5625 Et
2938 5571 3041 5626 huc
3073 5574 3158 5625 ille
3189 5572 3396 5625 Confert
3428 5568 3552 5623 illttd
3594 5568 3690 5651 llei

2100 5648 2165 5701 ad
2188 5647 2460 5701 diabolum
2490 5651 2613 5713 ipsa
2639 5660 2724 5706 τῆς
2745 5654 2911 5716 σαρκὸς
2940 5647 3091 5699 αὐτοῦ
3114 5662 3126 5698 :
3156 5654 3304 5713 tange
3329 5656 3539 5716 carnem
3558 5647 3689 5709 ejus.

2103 5718 2159 5775 Id
2191 5728 2276 5790 est
2298 5712 2572 5790 constituo
2616 5725 2669 5773 te
2698 5717 2767 5772 ad
2808 5712 3101 5790 'inlligeuda
3151 5712 3372 5772 vulnera
3418 5712 3693 5787 publicum
3787 5730 3791 5735 λ

2101 5789 2426 5849 carniﬁcem.
2457 5786 2586 5846 Lac.
2935 5786 2947 5790 '
3265 5828 3269 5831 .
