4126 6340
355 333 477 404 413

1752 329 2292 397 APOLOGETICUS.

3567 335 3679 411 ut
3770 306 3775 311 ’

360 451 748 526 pronuntietur
786 450 843 509 in
875 461 941 508 eo
966 448 1057 521 qui
1086 446 1335 521 genitalia
1367 446 1454 504 vel
1480 446 1708 507 lacertos
1732 488 1747 516 ,
1779 446 1883 503 alia
1912 448 1964 503 in
1991 455 2047 518 Α
2070 462 2200 519 ergo
2242 445 2481 518 subjecta
2531 454 2615 506 est
2657 447 2976 511 Christianis
3019 448 3270 508 divinitas
3315 457 3531 519 vestra;
3577 466 3679 511 nec

359 560 435 603 eo
460 546 552 619 qui
581 544 680 602 sibi
708 543 888 617 gulam
913 550 1179 614 prosecat.
1210 540 1440 611 Compar
1463 539 1639 596 exitus
1663 538 1965 619 furoris,‘et

362 654 475 696 una
508 638 644 696 ratio
690 646 772 693 est
800 636 1178 708 instigationis.
1205 634 1312 692 Sed
1343 629 1602 690 hactenus
1626 632 1791 691 verba
1812 676 1825 701 ,
1850 634 1962 707 jam

359 730 497 789 hinc
533 730 917 789 demonstratio
954 729 1031 785 rei
1062 728 1229 805 ipsius
1252 771 1267 796 ,
1300 743 1402 799 qua
1429 727 1774 784 ostendemus
1804 743 1962 783 unam

359 839 488 882 esse
515 824 793 896 utriusque
816 822 1049 879 nominis
1072 822 1405 894 qualitatem.
1436 821 1635 877 Edatur
1661 819 1747 876 hic
1769 820 1963 892 aliquis

357 917 466 975 sitb
512 916 866 977 tribunalibus
894 914 1086 971 vestris
1107 958 1122 983 ,
1152 930 1312 986 quem
1343 914 1589 971 diemone
1617 913 1703 986 agi
1731 923 1960 971 constet.

355 1009 553 1068 lassus
594 1025 626 1065 a
666 1008 905 1082 quolibet
946 1008 1239 1064 christiano
1285 1009 1428 1080 loqui
1456 1009 1675 1079 spiritus
1699 1008 1828 1078 ille,
1858 1018 1962 1065 tam

358 1117 424 1159 se
451 1102 754 1158 daemonem
782 1101 1132 1158 confitebitur
1159 1100 1225 1158 de
1254 1117 1405 1168 vero,
1434 1117 1596 1173 quam
1643 1102 1769 1158 alibi
1804 1103 1962 1159 deum

357 1194 431 1251 de
462 1195 617 1249 falso.
653 1193 829 1267 IEque
850 1194 1182 1265 producatur
1203 1195 1395 1266 aliquis
1420 1210 1484 1251 ex
1516 1195 1603 1261 iis,
1636 1196 1727 1266 qui
1755 1195 1821 1251 de
1854 1197 1964 1252 Deo

356 1287 470 1358 pati
492 1287 885 1354 existimantur,
906 1288 993 1356 qui
1016 1288 1124 1341 aris
1142 1284 1439 1344 inhalantes
1462 1302 1660 1345 numen
1687 1286 1754 1343 de
1776 1286 1964 1345 nidore

355 1380 696 1450 concipiunt,
726 1381 815 1452 qui
847 1381 1105 1437 ructando
1131 1390 1389 1437 curantur
1416 1380 1495 1455 (1)
1523 1423 1538 1450 ,
1576 1383 1668 1455 qui
1697 1381 1956 1438 anhelan-

353 1470 429 1528 do
456 1470 531 1546 (a)
564 1472 863 1544 profantur.
891 1473 995 1529 lsta
1026 1472 1141 1545 ipsa
1170 1472 1336 1545 Virgo
1364 1471 1612 1530 leestis
1641 1471 1718 1547 (b)
1749 1474 1956 1546 pluvia-

352 1579 475 1619 rum
508 1563 847 1634 poilicitatrix
870 1607 886 1632 ,
919 1565 1021 1622 iste
1051 1565 1168 1638 ipse
1202 1565 1543 1639 JEsculapins
1570 1566 1956 1623 medicinarum

318 1708 323 1715 .
352 1654 758 1715 demonstrator
802 1656 904 1713 alia
933 1657 1020 1714 die
1046 1658 1322 1714 morituris
1348 1658 1418 1731 (c)
1467 1658 1725 1715 Socordio
1748 1668 1800 1716 et
1820 1659 1958 1715 Tha-

349 1749 503 1806 natio
539 1758 593 1806 et
640 1748 1016 1822 Asclepiodoto
1060 1751 1183 1809 vitae
1224 1750 1678 1811 sumministrator
1710 1770 1723 1807 :
1754 1750 1856 1827 nisi
1901 1768 1960 1809 se

2071 532 2254 612 utique
2282 541 2534 598 divinitas
2564 541 2866 612 deputanda
2895 551 2979 600 est
3002 586 3018 611 ,
3050 561 3171 616 qua:
3211 545 3423 603 subdita
3465 556 3547 603 est
3574 536 3680 604 ho?

2069 633 2199 688 mini
2226 645 2324 701 ,,et
2366 635 2410 689 si
2451 634 2579 707 quid
2608 634 2675 690 ad
2716 634 2952 693 dedecus
2997 634 3162 704 facit,
3194 638 3402 694 aemulis
3455 640 3588 696 suis.
3620 640 3676 697 Si

2067 728 2236 784 altera
2280 735 2430 798 parte
2474 726 2746 783 daemones
2792 739 2913 784 sunt
2964 730 3051 785 vel
3096 731 3302 802 angeli,
3331 747 3426 787 cur
3451 748 3511 789 se
3548 733 3674 790 alibi

2067 838 2167 896 pro
2214 821 2316 878 diis
2361 837 2520 892 agere
2567 820 2940 893 respondent?
2970 823 3104 879 Nam
3152 824 3291 880 sicut
3332 826 3443 891 illi,
3477 827 3566 896 qui
3598 827 3675 883 dii

2067 914 2330 971 habentur
2382 912 2505 986 (4),
2558 911 2834 972 daemones
2877 931 2937 973 se
3005 915 3187 973 dicere
3234 919 3572 989 noluissent,
3625 921 3672 977 si

2069 1025 2197 1065 vere
2229 1009 2302 1064 dii
2332 1015 2532 1073 essent,
2554 1006 2778 1076 scilicet,
2807 1026 2875 1066 ne
2918 1009 2985 1066 de
3023 1010 3301 1081 majestate
3340 1027 3399 1067 se
3431 1013 3673 1083 deponc-

2067 1109 2187 1156 rent
2214 1118 2227 1155 :
2257 1101 2327 1156 ita
2358 1110 2414 1157 et
2452 1102 2537 1159 isti
2563 1145 2578 1170 ,
2608 1117 2745 1175 quos
2774 1101 2984 1158 directo
3009 1088 3282 1159 daemones
3322 1106 3494 1161 nostis
3519 1148 3535 1172 ,
3563 1121 3671 1161 non

2065 1192 2326 1249 auderent
2368 1194 2491 1250 alibi
2536 1210 2633 1266 pro
2677 1193 2780 1250 diis
2824 1208 2984 1264 agere
3010 1236 3023 1260 ,
3053 1195 3098 1250 si
3138 1195 3298 1267 aliqui
3330 1198 3549 1252 omnino
3596 1190 3672 1254 dii

2066 1294 2267 1350 essent,
2293 1301 2518 1358 quorum
2551 1285 2858 1342 nominibus
2889 1294 3151 1354 utuntur;
3186 1298 3502 1344 vererentur
3527 1290 3669 1344 enim

2062 1376 2207 1432 abuti
2255 1377 2536 1448 majestate
2566 1378 2900 1448 superiorum
2944 1378 3021 1449 (5)
3053 1380 3169 1433 sine
3197 1379 3360 1435 dubio
3385 1392 3437 1436 et
3479 1382 3671 1436 timen-

2062 1464 2275 1527 dorum.
2306 1473 2456 1529 Adeo
2498 1474 2643 1528 nulla
2684 1484 2766 1528 est
2793 1456 3045 1528 divinitas
3086 1472 3183 1527 ista
3230 1489 3388 1544 quam
3434 1476 3626 1530 tenetis
3653 1517 3668 1542 ,

2062 1565 2184 1638 quia
2211 1566 2255 1620 si
2282 1575 2457 1632 esset,
2493 1581 2665 1637 neque
2690 1582 2721 1621 a
2750 1565 3031 1621 daemoniis
3056 1565 3399 1624 all‘eetaretur
3424 1568 3502 1641 (6)
3527 1611 3543 1635 ,
3574 1585 3670 1625 ne-

2063 1674 2167 1731 que
2192 1673 2225 1713 a
2250 1658 2351 1714 diis
2381 1658 2683 1731 negaretan
2713 1658 2848 1714 Cum
2881 1674 3013 1730 ergo
3040 1670 3269 1730 utraque
3294 1675 3419 1731 pars
3448 1677 3673 1718 concur-

2063 1750 2137 1807 rit
2179 1751 2233 1807 in
2283 1752 2678 1808 confessionem
2708 1795 2722 1821 ,
2764 1751 2897 1808 deos
2947 1766 3067 1807 esse
3118 1766 3356 1823 negans,
3399 1754 3671 1825 agnoscite

348 1841 628 1901 daemones
677 1845 911 1903 confessi
965 1844 1201 1914 fuerint,
1250 1846 1547 1903 christiano
1586 1847 1802 1904 mentiri
1850 1865 1956 1904 non
1988 1838 2036 1898 B
2066 1845 2229 1898 unum
2268 1858 2437 1916 genus
2480 1858 2641 1912 esse,
2673 1842 2724 1898 id
2757 1852 2838 1899 est
2885 1842 3176 1899 dwmonas.
3226 1843 3419 1899 Verum
3464 1846 3670 1901 utrobi-

346 1939 648 2007 audentes,
677 1939 874 1996 ibidem
913 1940 1052 1995 illius
1107 1941 1382 1996 christiani
1425 1941 1790 2012 procacissimi
1831 1955 1959 2001 san-

344 2032 564 2104 guinem
612 2030 837 2089 fundite.
878 2032 1017 2100 Quid
1061 2033 1165 2088 isto
1211 2020 1376 2104 opere
1428 2031 1801 2089 manifestius?
1831 2034 1958 2104 quid
2004 2052 2015 2057 ·

346 2122 452 2179 bac
478 2122 791 2196 probatione
818 2124 1066 2180 ﬁdelius?
1091 2124 1403 2196 simplicitas
1431 2125 1671 2180 veritatis
1700 2125 1751 2180 in
1774 2125 1955 2182 medio

346 2225 470 2283 est;
504 2218 671 2273 virtus
722 2217 797 2274 illi
845 2232 939 2275 sua
983 2217 1225 2283 assistit;
1272 2218 1404 2273 nihil
1445 2218 1706 2287 suSpieari
1755 2218 1951 2276 licebit.

343 2306 519 2380 Magia
546 2317 639 2367 aut
664 2309 843 2385 aliqua
870 2309 1132 2382 ejusmodi
1164 2308 1371 2367 fallacia
1394 2310 1515 2387 fieri
1543 2310 1734 2367 dicetis
1758 2311 1838 2383 (Ξ)
1862 2353 1875 2378 ,
1904 2313 1949 2369 si

344 2400 488 2457 oeuli
530 2400 693 2456 vestri
733 2410 786 2457 et
819 2416 978 2457 aures
1018 2402 1362 2474 permiserint
1393 2403 1565 2460 vobis.
1594 2403 1733 2472 Quid
1773 2414 1950 2460 autem

345 2493 502 2550 inniti
532 2504 709 2567 potest
731 2486 992 2552 adversus
1021 2496 1094 2565 id,
1126 2496 1268 2569 quod
1295 2498 1593 2563 ostenditur
1613 2483 1755 2554 nuda
1778 2498 1953 2556 since-

344 2589 549 2646 ritate?
591 2589 649 2647 Si
690 2590 859 2647 altera
906 2599 1056 2665 parte
1104 2592 1183 2665 (5)
1234 2608 1358 2649 vere
1386 2592 1473 2649 dei
1502 2603 1665 2659 sunt,
1695 2608 1792 2649 cur
1832 2608 1953 2650 sese

346 2681 614 2742 daemonia
638 2685 1015 2755 mentiuntur?
1041 2702 1111 2743 an
1140 2696 1198 2743 ut
1222 2688 1378 2747 nobis
1406 2689 1811 2762 obsequantur?
1831 2689 1952 2747 Jam

2064 1952 2169 2013 que
2197 1934 2275 2011 (7)
2300 1937 2410 2007 jam
2439 1936 2570 1993 deos
2594 1937 2851 2015 quaerite;
2881 1951 3017 2009 quos
3061 1935 3204 1992 enim
3248 1948 3670 2009 praesumpsera-

2066 2032 2151 2097 tis,
2208 2030 2484 2086 dasmonas
2525 2047 2646 2105 esse
2691 2029 3035 2102 cognoscitis.
3084 2028 3284 2086 Eadem
3327 2046 3454 2085 vero
3505 2045 3667 2103 opera

2062 2133 2243 2178 nostra
2272 2122 2340 2179 ab
2381 2123 2585 2178 eisdem
2611 2123 2725 2178 diis
2757 2124 2950 2177 vestris
2988 2137 3096 2177 non
3127 2130 3330 2178 tantum
3374 2122 3476 2180 hoc
3519 2123 3667 2179 dcte-

2059 2214 2340 2288 gentibus',
2394 2215 2536 2289 quod
2585 2232 2761 2287 neque
2819 2217 2918 2288 ipsi
2969 2215 3043 2271 dii
3092 2216 3174 2288 (8)
3218 2216 3327 2271 sint
3369 2232 3545 2289 neque
3575 2217 3667 2275 ulli

2052 2309 2169 2377 alii,
2221 2309 2300 2383 (9)
2328 2313 2490 2367 etiam
2515 2311 2641 2367 illud
2672 2312 2724 2366 in
2752 2311 3050 2367 continenti
3079 2311 3406 2381 cognoscitis
3429 2351 3446 2378 ,
3473 2310 3563 2382 qui
3596 2311 3668 2367 sit

2055 2418 2182 2459 vere
2207 2404 2342 2460 deus
2367 2446 2381 2470 ,
2406 2414 2460 2460 et
2484 2420 2549 2459 an
2584 2404 2672 2460 ille
2696 2447 2711 2472 ,
2738 2414 2794 2459 et
2820 2420 2886 2459 au
2920 2404 3108 2459 unicus
3134 2444 3149 2470 ,
3180 2419 3341 2475 quem
3384 2403 3665 2461 christiani

2057 2498 2415 2569 profitemur,
2458 2506 2514 2553 et
2564 2513 2629 2552 an
2681 2496 2750 2552 ita
2803 2496 3105 2553 credendus
3137 2481 3554 2569 colendusque,
3603 2508 3666 2554 ut

2056 2588 2188 2648 fides
2212 2634 2225 2659 ,
2255 2599 2312 2646 ut
2342 2591 2623 2662 disciplina
2653 2590 2912 2663 disposita
2957 2602 3049 2647 est
3077 2591 3528 2648 Christianorum.
3576 2592 3665 2646 Di-

2056 2692 2179 2740 cent
2223 2683 2419 2740 ibidem
2452 2703 2464 2740 :
2496 2688 2680 2755 ecquis
2734 2684 2821 2739 ille
2867 2683 3110 2741 Christus
3148 2699 3270 2741 cum
3309 2699 3402 2740 sua
3445 2684 3666 2742 fabula?

1588 2824 1972 2883 LECTIONES
1999 2820 2412 2914 VARlANTES.

411 2959 477 3028 (l)
504 2961 772 3029 Ita_codd.
808 2976 971 3029 omnes
977 2977 1006 3029 5
1042 2962 1150 3029 Rig.
1192 2966 1381 3029 emend.
1409 2970 1664 3025 conantur,
1693 2966 1819 3016 Hav.
1844 2978 1956 3015 cur-
1981 2966 2027 3029 C

342 3022 537 3089 ventur,
562 3022 743 3078 Nescio
773 3039 837 3077 an
869 3022 1178 3079 scribendum
1209 3027 1270 3079 sit
1296 3042 1307 3077 :
1333 3036 1631 3093 occupantur
1653 3022 1733 3095 vel
1770 3041 1943 3079 occur-

510 3149 663 3223 Πήρη.
706 3118 887 3223 aliique
919 3153 1186 3223 rlicebit,
1220 3116 1627 3223 magica—ﬁeri.
1652 3154 1810 3204 Dictis
1847 3165 1944 3223 non

340 3213 516 3277 stetis,
541 3217 738 3277 si,_etc.
765 3213 873 3277 Rig.
911 3223 958 3277 et
998 3216 1123 3266 Hav.
1162 3213 1447 3277 recepcrunt
1500 3213 1797 3273 scripturam
1832 3215 1943 3267 cod.

340 3271 522 3343 Ijuldf;
545 3274 652 3328 cod.
679 3271 941 3343 Douganii
968 3281 1162 3343 {magia
1179 3306 1240 3316 --
1271 3271 1377 3343 lieri
1413 3281 1574 3343 dictis,
1605 3271 1715 3331 Non
1741 3280 1944 3343 dicetis,

339 3337 439 3414 si.”
464 3348 590 3414 ειυς,
637 3337 911 3414 ςοάάῖιιια.
933 3378 947 3405 ,
973 3337 1126 3406 Lugd.
1170 3349 1216 3393 et
1235 3339 1390 3407 Agob.
1414 3342 1523 3393 ﬁeri
1544 3342 1717 3395 dicitis.
1743 3341 1849 3392 Non
1870 3337 1947 3391 di;

341 3408 494 3527 ceii’fl’
514 3410 805 3532 :l’siliagd.
830 3468 940 3517 But.
967 3473 1173 3531 natura),
1186 3467 1314 3520 unde
1324 3469 1536 3519 Haverc.
1555 3466 1834 3532 suspicatur
1857 3477 1946 3517 na-

340 3534 454 3582 tura
480 3526 573 3589 vel,
600 3526 929 3580 verei'natura.

2232 2958 2540 3086 323233315
2563 3024 2873 3087 superiorem
2896 3025 3076 3088 Fran.;
3108 3028 3367 3090 majestate
3404 3028 3663 3089 superiore

2045 3096 2204 3217 “ibi
2220 3145 2643 3217 Rhenan._atiique
2671 3162 2688 3200 :
2716 3148 3033 3217 atl‘ectaretur
3072 3151 3143 3217 in_
3161 3148 3467 3217 confessione
3488 3190 3503 3213 ,
3540 3159 3659 3211 etc.,

2048 3208 2177 3285 quia
2196 3213 2297 3285 duo
2328 3225 2401 3262 vv.
2441 3208 2853 3275 interpretationis
2889 3225 3040 3264 causa
3078 3212 3332 3278 adscripta
3374 3208 3653 3269 deleverunt

2049 3278 2541 3407 ωῗὴριιξῗιῗίιιηὶιιδε
2562 3339 2709 3407 _Hav.,
2736 3335 2904 3407 Serui;
2916 3342 2962 3389 et
2984 3337 3099 3389 Ritt.
3125 3336 3455 3407 distinguunt:
3483 3339 3660 3390 daemo-

2052 3400 2375 3465 nas.fverum,
2414 3402 2702 3465 utrobique.
2731 3401 2755 3451 J
2764 3414 2841 3450 am
2866 3400 3023 3464 Deos,
3051 3408 3147 3455 etc.

2139 3463 2186 3514 8i
2225 3464 2350 3514 Sunt
2377 3460 2585 3514 Parisin.

2139 3466 2170 3513 8
2225 3464 2350 3514 Sunt
2377 3463 2613 3514 Parisinf

2121 3463 2186 3591 itii
2226 3525 2327 3577 Sed
2350 3524 2470 3576 add.
2497 3534 2613 3576 Par.

1710 3678 2270 3741 COMMENTARIUS.

336 3821 600 3898 [acuendis
641 3840 806 3898 prope
861 3825 1142 3882 delubrum
1195 3823 1492 3896 Apollinis,
1533 3839 1640 3898 quo
1661 3823 1729 3879 ab
1752 3837 1938 3898 arnore

336 3893 552 3968 liberari
619 3893 809 3957 crediti
888 3908 1015 3953 sunt
1086 3893 1393 3964 amatores,
1443 3893 1595 3968 (ωειὲί
1643 3912 1757 3968 non
1799 3896 1937 3951 idem

340 3967 560 4040 quodvis
582 3985 769 4024 saxum
800 3980 1078 4040 praestaret
1099 3980 1325 4027 mortem
1354 3966 1591 4040 pro'vita
1612 3966 1934 4023 retribuens.

387 4037 559 4095 vidius
589 4041 642 4096 in
672 4037 920 4113 Sapphus
959 4040 1116 4112 epist.

456 4131 600 4198 Hanc
618 4132 790 4196 legem
814 4133 949 4184 locus
972 4132 1222 4198 ille‘tenet
1244 4148 1257 4183 :
1283 4140 1402 4198 pete
1424 4135 1647 4198 protinus
1671 4131 1815 4184 altam

519 4194 766 4258 Leucada,
790 4210 886 4247 nec
908 4210 1028 4247 saxo
1050 4194 1312 4247 desiluisse
1328 4194 1465 4247 timé.

333 4277 446 4350 Nec
470 4280 697 4334 multum
729 4280 907 4336 differt
932 4281 1155 4336 stultitia
1184 4280 1537 4349 Heliogabali,
1565 4280 1632 4335 de
1655 4294 1761 4350 quo
1787 4278 1942 4335 Lam-

332 4349 539 4435 pridius
569 4370 581 4403 :
612 4351 895 4435 Paravernt
926 4353 1079 4424 igitur
1107 4358 1265 4435 [aues
1285 4351 1444 4406 blatta
1469 4364 1515 4435 et
1540 4349 1766 4435 sericam
1787 4368 1940 4435 cac‘co

230 4428 241 4439 ‘
330 4422 575 4489 intortos,
605 4422 785 4493 quibus
805 4424 849 4478 si
870 4422 1071 4478 necesse
1095 4422 1221 4494 esset
1247 4423 1424 4494 laqueo
1448 4424 1598 4479 vitam
1624 4424 1814 4493 ﬁniret.
1847 4423 1943 4477 Pu-

330 4503 531 4569 raverat
561 4503 607 4548 et
633 4494 834 4569 gladios
856 4511 1035 4551 uitreas
1055 4537 1069 4563 ,
1099 4493 1279 4567 quibus
1305 4493 1357 4551 se
1389 4495 1634 4569 occideret
1654 4538 1668 4562 ,
1702 4496 1746 4569 si
1772 4496 1943 4569 aliqua

330 4564 407 4639 vis
434 4550 673 4639 urgeret:
701 4550 984 4625 Paraverat
1027 4550 1085 4639 el;
1103 4550 1155 4621 lu
1185 4550 1446 4621 ccrnuncis
1487 4577 1532 4639 et
1564 4550 1868 4638 hyacintltis'
1895 4578 1942 4622 ct
1967 4550 2021 4614 Ῑ)

330 4634 386 4709 in
413 4634 700 4709 smaragdis
727 4655 914 4709 venena
938 4680 951 4703 ,
982 4637 1162 4708 quibus
1189 4655 1240 4692 se
1266 4634 1572 4692 irttet'iiiteret
1600 4634 1643 4692 si
1666 4639 1787 4708 quid
1815 4656 1937 4709 gru-

329 4706 443 4760 vius
470 4706 774 4763 immineret.
823 4706 1037 4763 Fecerat
1075 4719 1120 4764 et
1146 4708 1446 4763 altissimam
1471 4711 1649 4767 turrim
1668 4706 1686 4776 ζ
1706 4706 1936 4764 substra-

329 4778 395 4835 tis
421 4780 588 4855 aureis
617 4778 977 4855 gemmatisque
1005 4792 1122 4835 ante
1149 4780 1338 4835 tubulis
1358 4822 1372 4845 ,
1406 4798 1468 4855 ea;
1495 4797 1595 4852 qua
1622 4799 1673 4837 se
1690 4784 1940 4855 praecipi-

330 4856 482 4923 taret,
516 4850 709 4915 dicens,
742 4850 1127 4907 etiammortem
1153 4868 1300 4906 suant
1330 4850 1605 4923 pretiosam
1632 4850 1737 4908 esse
1761 4850 1939 4910 debere

329 4930 378 4974 et
411 4921 481 4975 ad
525 4923 742 4994 speciem
781 4923 1031 4993 luxurite,
1064 4934 1117 4979 ut
1148 4921 1399 4998 diceretur
1426 4941 1570 4980 nemo
1593 4925 1668 4979 sic
1706 4925 1933 4998 periisse.

1796 4997 1931 5052 llsv.

402 5061 480 5138 (a)
514 5064 814 5121 Anltelando
841 5071 1125 5138 profantur.
1158 5067 1210 5123 Id
1244 5082 1349 5123 non
1383 5066 1541 5121 fiebat
1580 5068 1696 5123 sine
1742 5068 1933 5122 confu-

327 5134 477 5192 vocis
508 5147 561 5192 et
592 5134 969 5193 valentissimi}:
1009 5140 1145 5196 siino
1169 5139 1433 5195 anhelitu.
1467 5138 1693 5202 Lucam,
1728 5139 1931 5196 v.148.

768 5230 872 5295 _Sub
894 5238 1101 5295 pectore
1128 5232 1239 5295 licta
1260 5232 1433 5295 quieto

514 5290 681 5343 Verba
704 5292 880 5352 refert,
894 5290 1036 5345 'uullo
1061 5290 1292 5346 confusa!
1308 5304 1561 5344 murmure
1587 5297 1719 5348 vocis

514 5353 799 5408 Instinctam
821 5367 962 5413 sacro
984 5366 1202 5409 mentem
1234 5364 1411 5409 testata
1436 5356 1620 5408 furore.

324 5430 396 5493 Et
425 5452 552 5495 mox
581 5456 595 5495 :

765 5533 873 5583 Non
896 5541 1041 5598 rupta
1057 5536 1295 5586 trementi

512 5594 678 5664 Yerba
701 5608 839 5653 sono.
867 5594 1078 5664 noiivox
1105 5597 1234 5648 antri
1256 5597 1508 5662 complere
1532 5598 1726 5664 capacis

510 5656 771 5708 Sutiiciens
790 5659 1018 5722 spatium,
1046 5664 1140 5710 etc.

320 5736 476 5815 Adde
502 5755 714 5815 versum
748 5741 849 5797 l70
873 5752 926 5798 et
952 5755 1259 5813 sequentes.
1293 5745 1397 5800 Sed
1427 5761 1531 5801 non
1556 5755 1780 5815 possunt
1808 5746 1924 5803 lucc

318 5811 519 5885 melius
543 5812 677 5885 disci
708 5829 867 5885 quam
895 5830 961 5871 ex
997 5811 1185 5870 Donati
1218 5825 1345 5872 nota
1375 5817 1442 5873 ad
1469 5811 1709 5875 Terentii
1746 5818 1920 5876 Phor-

317 5881 555 5941 mionem
579 5883 684 5956 IV,
716 5881 877 5945 ecena
910 5886 1000 5958 lV,
1028 5886 1095 5945 ad
1125 5887 1250 5949 illa:
1289 5886 1561 5947 lutei-dixit
1602 5890 1813 5948 ariolus.
1847 5890 1920 5950 lbi

2042 3817 2437 3876 vetustissimus
2467 3816 2555 3872 ille
2588 3824 2642 3871 et
2667 3816 2899 3885 optTmns
2923 3816 3193 3885 interpres
3222 3831 3232 3868 :
3269 3814 3517 3870 Huriolus
3552 3826 3645 3884 est,

2043 3890 2336 3963 quidivina
2358 3900 2522 3963 mente
2549 3889 2877 3963 vaticinatur.
2909 3887 3089 3963 Dictus
3116 3888 3378 3963 hariolus,
3403 3888 3549 3963 quasi
3578 3891 3660 3959 fa-

2043 3956 2224 4027 riolus,
2253 3979 2286 4015 tt
2310 3960 2432 4030 fatis
2460 3969 2505 4016 vt
2531 3978 2565 4014 α
2592 3960 2773 4030 fando,
2802 3975 2957 4031 quum
2988 3957 3032 4012 F
3055 3977 3146 4029 pro
3170 3956 3245 4025 Η,
3270 3967 3316 4013 et
3344 3956 3531 4031 item"
3561 3956 3655 4029 pro

2046 4037 2095 4090 Ε
2121 4036 2174 4088 in
2214 4034 2386 4087 multis
2434 4029 2774 4086 locationibus
2815 4029 3058 4100 ponatur.
3106 4031 3185 4084 An
3227 4029 3363 4102 quod
3391 4030 3658 4085 imitantur

2045 4105 2404 4176 aspirationem
2434 4104 2488 4158 in
2515 4103 2853 4158 exhalantia?
2878 4119 2997 4157 nam
3019 4102 3181 4157 halitu
3202 4103 3364 4176 solent
3383 4101 3656 4176 excludere

2045 4174 2181 4234 velut
2208 4177 2473 4230 mortalem
2512 4176 2769 4241 animam,
2796 4184 2848 4228 ut
2885 4175 3110 4229 divinant
3132 4174 3376 4241 recipiant
3398 4215 3413 4232 .
3444 4174 3577 4227 unde
3610 4182 3657 4228 et

2045 4266 2215 4306 vocem
2246 4246 2498 4319 ejusmodi
2523 4247 2711 4301 dabant
2734 4262 2901 4319 ,qqute
2929 4255 2999 4300 est
3038 4246 3085 4300 0
3112 4244 3161 4298 E
3178 4286 3193 4310 ,
3226 4244 3363 4315 quod
3390 4242 3471 4299 (Ε
3499 4261 3656 4300 sonus

2046 4317 2323 4377 exlutlundi
2343 4321 2441 4374 vim
2470 4328 2698 4386 prtestat.
2729 4317 2866 4374 Hav.

2122 4390 2201 4464 (b)
2262 4392 2413 4464 Virgo
2443 4390 2689 4464 Ctelestis.
2770 4389 3025 4464 Intelligit
3065 4387 3652 4464 Junonem,Carthagif

2049 4461 2297 4522 nens'inm
2348 4461 2555 4517 Numen
2611 4462 2923 4530 primariutn
2953 4502 2967 4524 .
2995 4461 3064 4517 de
3105 4477 3212 4530 quo
3256 4477 3354 4517 nos
3391 4476 3557 4532 supra
3586 4461 3654 4516 ad

2050 4553 2172 4605 cap.
2201 4534 2319 4602 Xll,
2343 4544 2395 4589 et
2420 4533 2674 4603 praeclare
2716 4536 2876 4589 etiam
2892 4532 3139 4605 disputat
3166 4536 3210 4589 la
3238 4532 3407 4588 Corda
3433 4533 3499 4587 ad
3530 4547 3650 4605 cap.

2048 4603 2301 4677 sequens,
2358 4606 2559 4660 docens
2582 4607 2840 4675 virginem
2870 4603 3012 4660 illam
3042 4605 3320 4677 appellari,
3351 4613 3404 4659 et
3424 4617 3530 4657 non
3553 4603 3651 4657 ab-

2046 4675 2209 4735 surde
2240 4678 2549 4749 pluviarum
2596 4676 2683 4749 hic
2731 4676 3057 4749 mentionem
3087 4675 3388 4749 conjungi,
3429 4688 3547 4742 qua:
3585 4687 3653 4749 ei;

2045 4767 2170 4806 aere
2218 4742 2575 4805 descendunt.
2624 4748 2759 4804 Hinc
2799 4758 2945 4804 certe
2972 4742 3217 4818 Orpheus
3260 4742 3322 4801 iii
3358 4747 3557 4818 hymno
3583 4742 3652 4799 ad

2043 4821 2188 4878 illam
2224 4837 2239 4875 :

2167 4893 2323 4957 ρμβρνν
2346 4903 2412 4954 μὶν
2434 4898 2577 4956 διφῶν,
2598 4904 2736 4955 ἀνίμων
2754 4904 2879 4957 τρυγὶ,
2900 4902 3164 4954 macrinus.

2167 4919 2200 4943 U
2346 4919 2412 4954 μιν
2434 4919 2577 4956 om,
2598 4919 2736 4955 ινιμων
2754 4919 2879 4957 τροφι,
2900 4919 3164 4954 παντῠτινιυιι.

2166 4919 2454 5005 Plimborum
2480 4963 2652 5015 mater,
2678 4963 3040 5018 ventorumque
3065 4950 3440 5015 emnigenitrix.

2039 5037 2107 5093 At
2138 5037 2402 5093 lunonem
2438 5037 2712 5107 Virginem
2744 5037 2984 5094 fabulosa
3015 5033 3646 5107 antiquitashaud_con-

2043 5109 2222 5175 licuit,
2250 5110 2400 5186 testis
2421 5105 2560 5163 mihi
2588 5109 2881 5165 Pausanias
2910 5110 2963 5162 in
3006 5105 3380 5186 Corinthiacis”
3405 5106 3457 5160 in
3488 5105 3597 5185 fine
3630 5123 3644 5159 :

2038 5188 2143 5235 Kal
2182 5179 2332 5249 omn.
2358 5187 2577 5244 Κάναθος
2616 5190 2900 5251 uocitata/Abf
2958 5186 3159 5236 ἐνταῦθα
3205 5190 3292 5236 τίν
3345 5179 3649 5252 ligat-{paula

2038 5258 2226 5325 Δργιῖοι
2254 5260 2379 5308 κατά
2409 5258 2509 5316 ira:
2551 5262 2775 5320 λουμένην
2810 5260 3031 5324 παρθένων
3062 5259 3284 5319 γίνεσθαι·
3328 5255 3464 5325 οὗτος
3484 5259 3566 5317 μὲν
3588 5253 3645 5312 δή

2038 5348 2191 5396 σφισιν
2214 5332 2265 5381 ἑκ
2289 5332 2479 5396 τελετῆς
2511 5334 2565 5387 ἦν
2590 5327 2757 5391 ἄγουσι
2778 5341 2836 5396 τῇ
2883 5334 3017 5396 ξιίρᾳ,
3055 5326 3188 5396 λόγος
3230 5334 3319 5377 τῶν
3357 5324 3644 5396 ἀσορῥήτςων

2036 5392 2160 5460 cete,
2185 5397 2219 5449 i.
2250 5412 2297 5450 e.
2326 5394 2393 5448 Et
2417 5397 2532 5464 fons
2549 5397 2631 5449 cui
2653 5392 2833 5466 nomen
2853 5392 3134 5450 (lauat/ms.
3162 5393 3228 5449 In
3250 5411 3306 5448 co
3331 5399 3470 5466 {ante
3491 5392 3644 5465 vulgo

2035 5468 2175 5533 apud
2195 5467 2407 5538 Argivos
2430 5467 2711 5538 proditum,
2730 5465 3009 5531 lunonem,
3035 5466 3121 5520 ubi
3140 5464 3412 5535 quotannis
3440 5464 3637 5538 laverit,

2031 5538 2199 5610 denuo
2226 5535 2472 5610 virginem
2494 5538 2624 5606 ﬁeri.
2659 5537 2887 5592 Manavit
2916 5538 2996 5591 hic
3021 5554 3189 5592 sermo
3217 5537 3281 5610 ab
3302 5535 3508 5610 arcanis
3537 5535 3637 5588 iui-

2031 5608 2245 5677 tiorum,
2273 5606 2385 5677 qua:
2425 5608 2620 5662 Junoni
2662 5611 2859 5663 soleuni
2887 5610 2986 5662 ritu
3013 5612 3162 5677 ﬁunt.
3202 5608 3334 5664 Cod.
3387 5606 3507 5662 Ald.
3539 5622 3639 5660 vox

2028 5681 2240 5735 caelatis
2271 5681 2520 5748 pessime,
2556 5689 2686 5736 utet
2710 5680 2885 5736 Rtien.
2914 5681 2987 5735 vis
3018 5680 3250 5735 caelestis.
3282 5678 3419 5734 llsv.

2102 5753 2177 5823 (c)
2205 5752 2322 5806 Alia
2351 5751 2433 5806 die
2460 5752 2738 5823 morituris.
2770 5750 2844 5807 Ita
2877 5751 3131 5819 praeclare
3162 5751 3394 5807 restituit
3420 5748 3634 5823 BigLex

2027 5818 2139 5895 MS.
2161 5818 2337 5895 lFuld.
2372 5822 2661 5895 quiqhabet
2688 5823 2795 5878 alia
2822 5818 2905 5878 die
2939 5823 3248 5895 moriturus,
3289 5830 3345 5895 ut
3385 5832 3438 5878 et
3473 5818 3636 5895 MSS.

2027 5891 2245 5953 Herald.
2280 5891 2589 5972 inquibus
2630 5896 2908 5954 morituris.
2957 5894 3117 5954 Ridet
3144 5896 3287 5953 enim
3318 5893 3480 5952 istam
3510 5891 3633 5951 vita:
