4126 6340
484 369 589 435 415

1901 362 2362 422 TERTULLIANI

3678 357 3794 426 M6

484 491 532 549 si
580 490 743 548 homo
788 488 1090 560 communis
1133 486 1456 545 conditionis
1481 529 1494 555 ,
1527 486 1575 544 si
1617 500 1807 557 magus
1830 527 1846 553 ,
1878 483 1923 540 si
1967 494 2089 556 post
2112 483 2166 543 Α
2193 492 2318 539 runt
2342 523 2357 551 ,
2391 481 2514 555 quia
2559 482 2848 554 plurimum
2896 481 3300 542 illis'credendo
3324 483 3540 543 Christo
3567 484 3791 543 domino

485 595 713 644 mortem
758 585 838 657 (1)
881 583 950 640 de
989 583 1237 656 sepulcro
1279 599 1310 640 a
1353 583 1630 655 discipulis
1673 582 1960 653 subreptus
1986 624 2000 645 ,
2037 584 2084 639 si

485 695 626 736 nunc
645 679 874 750 denique
893 693 1056 749 penes
1083 677 1302 746 inferos,
1326 678 1371 734 si
1395 693 1501 732 non
1525 678 1576 732 in
1596 676 1749 733 caelis
1773 676 1947 748 potius
1977 675 2078 749 (2),

483 785 536 828 et
574 772 698 829 inde
727 783 984 829 venturus
1011 789 1132 829 cum
1177 775 1337 827 totius
1367 771 1550 828 mundi
1583 780 1730 826 motu
1756 813 1772 838 ,
1799 786 1920 826 cum
1951 769 2079 825 hor-

482 865 783 932 rore.orhis
808 907 822 932 ,
855 882 978 922 cum
1010 866 1224 937 planctu
1253 865 1491 921 omnium
1519 907 1535 931 ,
1564 863 1659 920 sed
1689 879 1793 919 non
1822 863 2082 918 Christia-

482 975 674 1016 norum
705 961 805 1030 (5),
832 969 892 1014 ιιι
920 959 1014 1015 Dei
1046 959 1224 1015 Virtus
1253 969 1308 1014 et
1337 959 1427 1014 Dei
1453 959 1686 1029 Spiritus
1725 965 1780 1012 et
1808 958 2000 1014 Sermo
2027 965 2083 1012 ct

480 1052 751 1124 Sapientia
781 1064 833 1109 et
855 1053 1091 1109 Ratio'et
1119 1053 1211 1108 Dei
1240 1053 1424 1108 Filius.
1459 1052 1842 1122 Quodcumque
1871 1049 2077 1118 ridetis,

482 1145 693 1202 rideant
720 1155 772 1200 et
809 1145 880 1200 illi
914 1145 1222 1212 vobiscum;
1253 1156 1448 1216 negent
1469 1144 1740 1200 Christum
1771 1160 1986 1200 omnem
2012 1143 2082 1199 ab

483 1255 600 1293 ωιό
629 1240 864 1294 animant
911 1233 1164 1295 restituto
1210 1253 1437 1310 corpore
1470 1238 1860 1308 judicaturum.
1893 1238 2083 1293 Dicant

485 1330 587 1386 hoc
634 1346 729 1400 pro
778 1331 1062 1398 tribunali,
1115 1331 1161 1386 si
1201 1330 1372 1398 forte,
1419 1330 1629 1386 lllinoen
1657 1329 2078 1388 ctRhadaman-

484 1422 633 1478 thum
658 1423 734 1496 (ιι)
762 1423 1058 1480 secundum
1106 1439 1429 1480 consensum
1463 1425 1541 1494 (4)
1579 1425 1814 1480 Platonis
1861 1435 1914 1482 et
1955 1442 2080 1496 poe-

486 1523 658 1571 tarum
690 1530 810 1571 esse
835 1517 1055 1571 sortitos
1082 1533 1096 1580 ;
1129 1531 1239 1570 sua:
1266 1516 1454 1570 saltem
1483 1516 1787 1586 ignominia:
1829 1527 1884 1572 et
1922 1520 2076 1574 dam-

485 1607 718 1663 nationis
782 1615 960 1661 notam
1031 1606 1320 1662 refutent:

485 1698 704 1768 spiritus
741 1713 862 1754 esse
885 1740 900 1765 ,
929 1697 1070 1768 quod
1104 1698 1185 1753 vel
1226 1714 1292 1753 ex
1337 1698 1543 1767 pabulis
1595 1715 1782 1755 eorum
1825 1703 2081 1773 sanguine

484 1801 540 1846 et
569 1790 714 1846 fumo
754 1802 808 1846 et
840 1791 1034 1862 putidis
1074 1792 1218 1862 rogis
1263 1807 1514 1860 pecorum
1541 1791 1615 1864 (b)
1642 1802 1696 1848 et
1723 1793 2080 1864 impuratissi-

484 1885 586 1939 mis
645 1884 838 1954 linguis
903 1883 1139 1954 ipsorum
1203 1893 1379 1938 vatum
1445 1884 1666 1956 intelligi
1719 1884 1940 1952 debuit;
1997 1903 2083 1943 re-

483 1987 653 2032 nuant
683 1977 759 2047 (5)
793 1977 862 2033 ob
913 1979 1169 2033 malitiam
1214 1977 1608 2046 prtedatnnatos
1651 1995 1710 2035 se
1751 1980 1802 2034 in
1833 1981 2082 2037 eumdem

478 2069 663 2140 judicii
707 2069 852 2124 diem
897 2086 1015 2125 cum
1064 2071 1314 2125 omnibus
1343 2071 1640 2126 cultoribus
1686 2080 1743 2127 et
1787 2075 2078 2144 operatori-

484 2159 584 2215 bus
612 2159 692 2232 (6)
718 2163 848 2216 suis.
875 2161 1034 2232 Atqui
1055 2163 1228 2216 omnis
1258 2165 1370 2216 huic
1402 2172 1581 2218 nostra
1611 2165 1660 2218 itt
1685 2164 1806 2219 illos
1832 2164 2083 2222 domina-

487 2255 562 2309 tio
586 2264 642 2310 et
685 2262 919 2325 potestas
960 2254 1029 2310 de
1076 2256 1442 2311 nominatione
1487 2253 1684 2311 Christi
1714 2257 1850 2313 valet
1881 2257 1951 2330 (ι’)
1978 2300 1992 2326 ,
2029 2268 2086 2314 et

484 2348 553 2404 de
603 2351 1118 2405 commemoratione
1169 2365 1535 2420 eorum,qua:
1590 2350 1692 2404 sibi
1747 2366 1777 2405 a
1836 2352 1943 2405 Deo
1988 2366 2084 2422 per

485 2442 744 2498 arbitrum
777 2443 1046 2498 Christum
1079 2445 1413 2499 imminentia
1443 2453 1776 2515 exspectant.
1809 2444 2082 2500 Christum

489 2535 740 2592 timentes
786 2536 838 2591 in
870 2537 998 2599 Deo,
1029 2546 1083 2590 ct
1128 2539 1292 2592 Deutn
1343 2539 1394 2592 in
1438 2537 1694 2602 ChriSIo,
1726 2538 2084 2608 subjiciuntur

485 2629 658 2684 servis
688 2629 778 2685 Dei
821 2640 874 2685 et
902 2629 1120 2685 Christi.
1161 2630 1235 2684 Ita
1281 2631 1348 2686 de
1391 2641 1637 2687 contactu
1680 2632 1853 2704 deque
1896 2633 2080 2690 afﬂatu

487 2731 670 2776 nostro
697 2725 1145 2794 contemplatione
1174 2732 1228 2779 et
1259 2726 1736 2792 reprazsentatione
1771 2727 1908 2796 ignis
1938 2726 2082 2782 illius

484 2817 716 2885 correpti
744 2857 756 2879 ,
785 2817 946 2872 etiam
978 2817 1044 2871 de
1081 2817 1397 2897 corporibus
1430 2830 1616 2872 nostro
1656 2819 1886 2887 imperio
1927 2834 2083 2876 cxce-

483 2907 615 2962 dunt
645 2907 793 2962 inviti
824 2917 872 2963 et
906 2907 1152 2964 dolentes
1172 2951 1188 2975 ,
1222 2918 1276 2964 et
1302 2911 1453 2964 vobis
1492 2911 1844 2980 prmsentibus
1873 2913 2083 2968 'erube-

481 3007 713 3054 scentes.
739 2999 950 3055 Credite
981 3001 1103 3066 illis,
1130 3017 1249 3056 cum
1280 3017 1461 3056 verum
1487 3003 1567 3074 (7)
1595 3002 1662 3058 de
1684 3019 1742 3058 se
1771 3005 2079 3076 loquuntur,

483 3091 570 3161 qui
622 3092 1003 3148 mentientibus
1035 3094 1277 3150 creditis.
1333 3094 1500 3150 Nemo
1538 3096 1605 3151 ad
1646 3114 1802 3153 suum
1848 3099 2081 3155 dedecus

482 3186 740 3241 mentitur
763 3229 778 3254 ,
809 3188 935 3258 quin
985 3189 1160 3258 potius
1189 3190 1255 3246 ad
1300 3191 1580 3246 honorem.
1625 3192 1792 3263 lllagis
1837 3193 1966 3249 lides
1996 3194 2080 3264 (8)

393 3323 404 3346 ,
480 3294 647 3350 prona
697 3289 780 3334 est
825 3279 1089 3336 adversus
1136 3283 1458 3352 semetipsos
1511 3287 1867 3351 confitentes,
1917 3302 2078 3356 quam

484 3387 580 3441 pro
628 3373 933 3443 semetipsis
983 3388 1258 3446 negantes.
1316 3375 1442 3431 Ila-c
1494 3377 1725 3449 denique
1773 3378 2076 3434 testimonia

481 3464 705 3522 deorum
770 3474 1071 3522 vestrorum
1143 3466 1468 3524 christianos
1533 3467 1712 3525 facere
1779 3485 2074 3526 consueve-

2187 579 2462 636 credimus
2533 577 2635 650 l9).
2698 580 3178 653 lpsi_i_litterarum
3244 588 3545 636 nostrarum
3624 579 3789 636 (idem

2187 674 2508 742 accendunt,
2551 678 2650 748 ipsi
2692 675 2806 744 spei
2848 685 3047 730 nostra:
3087 672 3360 729 ﬁdentiam
3398 672 3685 728 aediﬁcant.
3715 676 3790 730 At

2185 767 2361 822 colitis
2388 767 2532 830 illos,
2555 768 2696 838 quod
2723 769 2885 824 sciam
2907 809 2921 832 ,
2949 768 3108 823 etiam
3135 767 3203 822 de
3237 765 3497 838 sanguine
3527 766 3781 823 christia-

2185 877 2397 916 norutn.
2431 862 2645 918 Nollent
2673 864 2849 934 itaque
2878 878 2972 917 vos
3013 872 3118 916 tam
3148 860 3456 917 fructuosos
3479 902 3494 927 ,
3526 869 3632 916 tam
3660 861 3788 916 olli-

2185 955 2364 1010 ciosos
2393 955 2496 1009 sibi
2526 957 2795 1020 amittere,
2825 956 2907 1010 vel
2941 970 3006 1011 ne
3036 970 3066 1010 a
3095 955 3244 1010 vobis
3289 953 3609 1024 quandoque
3634 954 3786 1011 chri—

2182 1046 2369 1101 stiauis
2385 1046 2508 1119 '(IO)
2526 1048 2792 1119 fugentur,
2817 1049 2896 1120 (ά)
2913 1050 2956 1103 si
2983 1048 3085 1102 illis
3110 1048 3208 1102 sub
3232 1048 3547 1116 christiano,
3571 1048 3790 1106 volente

2186 1140 2337 1196 vobis
2363 1141 2643 1198 veritatem
2674 1143 2921 1213 probare,
2950 1142 3159 1196 mentiri
3189 1141 3393 1198 liceret.

2757 1234 2988 1291 CAPUT
3031 1235 3223 1292 XXIV.

2183 1329 2221 1383 A
2233 1342 2575 1384 ncuuearuu.
2605 1356 2674 1369 ——
2691 1326 2904 1381 Falsum
2926 1328 3093 1398 itaque
3110 1343 3218 1382 esse
3232 1328 3419 1383 crimen
3438 1329 3792 1402 irreligiosita-

2255 1421 2338 1487 tis,
2371 1431 2417 1473 et
2446 1420 2514 1473 ad
2538 1417 2793 1472 Romanos
2816 1421 2980 1488 potius
3005 1436 3154 1489 quam
3182 1420 3492 1476 Christianos
3512 1422 3786 1493 pertinere,

2252 1531 2377 1587 quos
2421 1515 2498 1568 vel
2538 1530 2600 1569 ea:
2628 1515 2722 1567 liae
2751 1514 3054 1582 subjectione
3097 1514 3385 1568 dtetttomtm
3436 1526 3636 1585 pateat,
3676 1534 3790 1571 ma-

1364 1617 1593 1661 renuant
1649 1621 1708 1662 se
1774 1609 2079 1666 immundos
2109 1628 2158 1688 Β
2247 1608 2416 1679 jorem
2445 1606 2545 1659 illis
2590 1615 2636 1658 et
2661 1606 3000 1660 sublimiorem
3031 1603 3196 1660 Deum
3228 1606 3670 1679 colere;adeoque
3707 1609 3791 1664 vel

2257 1697 2536 1753 libertatem
2572 1697 2751 1752 saltem
2783 1697 3043 1769 religionis
3092 1699 3196 1752 illis
3225 1715 3330 1753 esse
3361 1698 3745 1778 relinquendam
3766 1741 3784 1767 ,

2256 1806 2370 1861 qua:
2395 1805 2511 1844 cum
2536 1790 2652 1844 aliis
2681 1789 2844 1855 detur,
2878 1799 2982 1843 tum
3008 1806 3098 1844 nec
3125 1790 3248 1860 ipsis
3265 1788 3530 1863 Eyyptiis
3550 1803 3784 1864 negetur.

2259 1881 2366 1937 Sed
2389 1882 2530 1946 apud
2559 1880 2674 1935 illos
2687 1881 2886 1949 quidvis
2906 1881 3002 1936 coli
3021 1882 3170 1936 licere
3196 1893 3378 1954 prwter
3399 1883 3562 1939 Deum
3585 1901 3780 1942 verum.

2257 1975 2446 2031 Omnis
2501 1974 2600 2029 ista
2665 1975 2932 2030 confessio
2989 1976 3233 2043 illorum,
3283 1994 3386 2048 qua
3441 1994 3502 2035 se
3530 1979 3661 2036 deos
3691 1997 3789 2038 ne-

2188 2081 2314 2142 gant
2338 2085 2479 2136 esse,
2508 2085 2718 2140 quaque
2747 2086 2852 2124 non
2893 2069 3054 2125 alium
3096 2071 3255 2126 deum
3287 2073 3616 2142 respondent
3648 2091 3792 2147 prte-

2193 2173 2272 2218 ter
2303 2176 2464 2216 unum
2484 2201 2500 2226 ,
2545 2161 2632 2215 cui
2667 2176 2767 2215 nos
2794 2161 3159 2231 mancipamur
3180 2203 3194 2227 ,
3229 2163 3361 2218 satis
3392 2163 3582 2222 idonea
3612 2169 3788 2224 estad

2188 2253 2561 2323 depellendtnn
2585 2254 2785 2308 crimen
2803 2253 2942 2308 laesae
2955 2254 3180 2323 publica:
3205 2264 3259 2310 et
3288 2257 3523 2314 maxime
3549 2274 3787 2316 romana:

2188 2348 2460 2417 religionis
2482 2345 2703 2418 (e)(Il).
2725 2345 2780 2402 Si
2811 2347 2953 2401 enim
2983 2363 3088 2402 non
3113 2356 3237 2402 sunt
3259 2347 3343 2404 dei
3372 2365 3468 2420 pro
3495 2361 3662 2418 certo,
3688 2369 3791 2410 nec

2186 2439 2374 2510 religio
2401 2454 2498 2508 pro
2525 2449 2676 2495 certo
2704 2448 2822 2503 est;
2860 2439 2904 2493 si
2934 2439 3120 2509 religio
3143 2455 3248 2495 non
3273 2450 3378 2507 est,
3412 2441 3533 2512 quia
3564 2459 3661 2499 nec
3692 2443 3789 2500 Dei

2187 2549 2283 2603 pro
2313 2544 2496 2598 certo,
2539 2548 2638 2588 nec
2683 2547 2780 2587 nos
2828 2547 2924 2604 pro
2954 2543 3102 2588 certo
3146 2536 3223 2588 rei
3259 2548 3446 2589 sumus
3477 2535 3620 2590 hosce
3664 2537 3792 2591 reli-

2183 2626 2376 2696 gionis.
2409 2625 2798 2680 Ateeontrario
2827 2626 2876 2678 in
2901 2640 2996 2680 vos
3016 2625 3330 2695 exprobatio
3354 2627 3626 2682 resultabit
3647 2627 3786 2701 (l2),

2186 2719 2279 2790 qui
2311 2719 2649 2774 mendacium
2690 2718 2928 2772 colentes
2953 2760 2968 2784 ,
2995 2733 3175 2772 veram
3217 2718 3526 2788 religionem
3561 2721 3670 2776 veri
3701 2721 3790 2777 dei

2187 2831 2291 2870 non
2322 2814 2479 2870 modo
2506 2813 2844 2884 negligenda,
2867 2813 2995 2883 quin
3028 2813 3246 2882 insuper
3266 2813 3621 2884 expugnando
3639 2815 3778 2885 (15),

2185 2911 2237 2964 itt
2255 2925 2438 2964 verum
2453 2907 2567 2980 (14)
2582 2907 2914 2964 committitis
2944 2905 3146 2961 crimen
3183 2922 3326 2961 verte
3351 2907 3782 2976 irreligiositatis.

2187 3005 2366 3068 Nunc,
2397 3012 2453 3058 ut
2481 3011 2751 3058 constaret
2781 3001 2900 3056 illos
2927 3000 3056 3056 deos
3095 3016 3216 3056 esse
3241 3043 3253 3066 ,
3286 3016 3465 3055 nonne
3496 3000 3786 3058 conceditis

2184 3101 2251 3154 de
2277 3097 2633 3154 aestimatione
2676 3093 2946 3150 connnuni
2985 3093 3216 3163 aliquem
3260 3107 3380 3148 esse
3414 3093 3787 3150 sublimiorem

2184 3200 2237 3246 et
2265 3191 2618 3262 potentiorem
2652 3187 2798 3242 velut
2825 3187 3120 3256 principem
3149 3185 3330 3239 mundi
3355 3227 3369 3249 ,
3407 3185 3658 3255 perlecta:
3688 3202 3786 3257 po-

2185 3285 2365 3341 tentia:
2395 3281 2513 3355 (15)
2546 3291 2600 3337 et
2627 3280 2961 3350 tnajestatis?
2985 3279 3115 3334 Nam
3147 3289 3201 3333 et
3229 3280 3306 3335 sic
3335 3279 3574 3350 plerique
3601 3280 3787 3350 dispoé

2185 3387 2315 3432 nunt
2346 3375 2713 3439 divinitatem,
2741 3381 2798 3426 tit
2825 3371 3115 3442 imperium
3140 3387 3364 3426 summa:
3403 3371 3787 3430 dominationis

2191 3486 2310 3530 esse
2350 3483 2514 3538 penes
2539 3482 2725 3533 unum,
2755 3464 2931 3520 olftcia
2955 3463 3071 3535 ejus
3098 3479 3266 3536 penes
3297 3449 3493 3520 multos
3511 3464 3707 3530 velint;
3732 3476 3791 3523 ut

1715 3565 2097 3627 LECTIONES
2135 3561 2550 3623 VARIANTES.

568 3654 610 3774 ll

568 3749 592 3765 α
723 3735 772 3770 lu
787 3735 794 3741 ’
955 3757 967 3769 ο

563 3718 609 3770 21
649 3718 797 3770 Ocius
820 3718 967 3770 Seml.

564 3782 610 3840 3)
651 3781 702 3830 Si
726 3798 819 3833 non
838 3783 991 3832 Fratt.

566 3843 612 3896 ll
653 3844 861 3896 Sensum
890 3843 1046 3895 Paris.

566 3906 610 3973 in
652 3906 960 3973 Borgutjgiettl
985 3909 1137 3973 Fran.
1163 3907 1273 3973 Rig.

565 3968 612 4031 6)
653 3968 798 4018 Codd.
829 3970 940 4020 Put.
979 3980 1030 4020 et
1067 3968 1261 4033 Lugdf,
1297 3970 1455 4020 Rhen.
1479 4009 1492 4033 ,
1535 3969 1643 4020 Ald.
1672 3979 1724 4022 et
1749 3971 1832 4022 Fr.
1865 3971 2077 4023 Junius:

480 4033 864 4094 Operationibus.

548 4093 613 4154 (7)
655 4093 836 4143 Verum
859 4095 1008 4146 αὐθιςῑὶ
1037 4095 1224 4147 Pat‘sin.

544 4155 612 4284 Γ)
651 4157 802 4206 Plena
825 4157 872 4230 la
899 4158 1075 4218 Cerdo,
1105 4160 1318 4220 proxima
1349 4161 1556 4209 llaverc.

565 4220 596 4268 9
654 4219 707 4270 ln
730 4219 922 4272 Christo
943 4222 1190 4273 dominum
1208 4220 1387 4272 mavult
1419 4224 1556 4272 WOttt

598 3843 612 4031 ξ

654 4219 707 4270 ln
730 4219 922 4272 Christo
943 4219 1190 4273 dominum
1208 4220 1387 4272 mavult
1419 4224 1658 4272 Wouwer.

2255 3654 2694 3766 (lollLeOugugg‘que
2718 3653 2992 3703 Christianis
3011 3651 3242 3715 fugentur
3265 3649 3786 3715 Franeq._fugarentur

2261 3737 2319 3766 ()ll
2357 3735 2366 3752 ‘
2413 3733 2440 3766 ⁵.
2625 3753 2638 3766 ο
3141 3763 3145 3766 .

2196 3719 2440 3784 Watttber.
2467 3719 2638 3784 enCod.
2903 3782 2908 3784 Α
2973 3773 2984 3784 ο
3141 3763 3146 3769 .
3182 3775 3193 3784 ι
3258 3783 3261 3784 ν
3304 3773 3314 3784 _
3340 3775 3350 3784 ,
3516 3779 3524 3784 Α
3587 3772 3599 3782 ο

2245 3782 2341 3858 (lt)
2493 3782 2699 3890 "arere.
2715 3792 2778 3830 ea:
2799 3773 3079 3828 auctoritate
3101 3775 3210 3825 cod.
3226 3773 3394 3835 Fuld.;
3435 3773 3629 3826 creteri:
3654 3774 3789 3854 laesae

2245 3860 2402 3890 :nnme
2478 3881 2486 3890 .
2515 3857 2568 3890 ΙῬ
2597 3880 2608 3890 .

2187 3845 2402 3898 maxime
2430 3845 2486 3891 Il.
2515 3845 2608 3891 rel.
3693 3897 3696 3898 ν
3775 3849 3780 3854 ·

2280 3909 2348 3972 1:2)
2389 3905 2693 3972 Besultavit,
2723 3904 2874 3972 fratr.
2899 3903 3053 3951 reista
3085 3901 3343 3952 resultabit
3373 3899 3579 3972 γησοτι.
3603 3897 3754 3951 Fttld.

2281 3967 2351 4032 15)
2382 3967 2826 4032 Oppugandojtut.

2275 4025 2348 4106 ll)
2374 4035 2401 4082 Ι
2406 4025 2584 4081 ιὰέοῐί.
2613 4028 2780 4106 ιιι-ζόη
2809 4026 2918 4094 Rig.
2943 4033 2986 4079 et
3009 4028 3137 4079 Hae.
3154 4039 3172 4090 ;
3197 4027 3305 4079 cod.
3334 4025 3485 4092 Lugd.
3519 4042 3532 4074 :
3563 4027 3613 4076 in
3637 4038 3786 4089 vero;

2183 4092 2349 4147 caeteri
2375 4106 2577 4143 omnes:
2613 4094 2659 4139 in
2677 4092 2853 4141 Deum.

2259 4158 2354 4223 (l5)
2392 4156 2589 4207 Perilla:
2608 4155 2758 4204 Frau.

1857 4303 2420 4364 COMMENTARIUS.

483 4398 817 4469 largitionem
843 4441 857 4462 ,
885 4415 1006 4467 quze
1043 4410 1219 4455 tamen
1252 4401 1411 4469 paulo
1453 4409 1705 4469 postcum
1736 4409 1910 4455 morte
1945 4400 2083 4456 foret

482 4469 880 4524 conunutanda.
904 4471 1056 4542 Vulg.
1081 4473 1210 4526 alios
1225 4473 1568 4526 deutorituris.
1591 4472 1756 4526 Aldus
1779 4481 1954 4527 tamen
1976 4473 2082 4527 alia

483 4542 826 4605 demorituris,
879 4553 1014 4596 utet
1060 4543 1121 4597 L.
1168 4543 1227 4597 Β.
1276 4553 1329 4598 et
1384 4543 1551 4611 Agob.
1595 4553 1650 4596 ιιι
1697 4553 1875 4612 pateat
1911 4555 1964 4598 τὸ
2001 4543 2084 4598 die

484 4613 770 4667 excidisse.
811 4614 1093 4667 Sallustius
1131 4615 1336 4669 Sullam
1379 4615 1430 4667 in
1465 4615 1714 4683 periculis
1745 4615 2080 4683 imperterri-

485 4693 595 4739 tum
627 4685 726 4739 hoc
748 4685 905 4738 modo
932 4687 1293 4750 argumentari
1323 4685 1388 4740 ad
1410 4685 1664 4740 Volocetn
1691 4685 1835 4750 lacit,
1863 4687 1911 4740 in
1937 4687 2084 4741 Bello

491 4754 603 4824 )ug.
634 4771 753 4824 cap.
781 4755 912 4810 CVI.
947 4756 1158 4809 Etiamsi
1189 4766 1320 4809 certa
1350 4758 1500 4824 pestis
1525 4758 1719 4810 adesset
1745 4798 1758 4820 ,
1786 4773 2084 4813 mansurum

481 4816 672 4896 politis,
701 4816 854 4897 quam
881 4829 1094 4896 proditis
1120 4844 1245 4890 quos
1273 4816 1506 4891 ducebat,
1537 4829 1675 4893 turpi
1710 4816 1834 4898 fuga
1867 4831 2080 4894 incerta,
2108 4816 2160 4875 Ῑ)

483 4914 544 4952 ac
593 4901 808 4970 forsitan
846 4900 1000 4969 paulo
1029 4909 1140 4970 post
1171 4901 1342 4953 morbo
1370 4899 1649 4954 interitura:
1676 4903 1790 4954 vita:
1837 4911 2082 4970 parceret.

1946 4972 2081 5028 l'lav.

565 5040 642 5111 (ει)
674 5041 881 5097 Μίιιοειι
901 5052 947 5097 et
977 5041 1411 5095 Rodammttlmm.
1443 5040 1620 5096 Poetis
1641 5043 1692 5095 in
1723 5041 1824 5098 hoc
1850 5057 2077 5098 consen-

492 5113 594 5197 t-ire
615 5111 896 5197 Plaut-item
926 5115 1568 5197 inoltzncvcrbarecenset
1601 5114 1663 5168 D.
1691 5111 1829 5197 Inst.
1855 5114 2073 5197 Martyr.

493 5184 648 5254 Apol.
671 5184 726 5238 2.
757 5185 906 5240 Plato
927 5227 942 5250 ,
974 5186 1139 5254 inquit
1163 5227 1178 5247 ,
1211 5183 1638 5238 lladamanthum
1667 5193 1722 5240 et
1751 5184 1962 5240 Minoen
1988 5183 2078 5241 iti-

491 5256 613 5310 dem
646 5255 874 5324 injustos
903 5256 969 5310 ad
997 5272 1056 5313 se
1085 5257 1363 5312 venientes
1399 5254 1675 5326 plexurum
1709 5269 1829 5310 esse
1853 5256 2072 5326 docuit,

487 5343 587 5382 nos
614 5337 790 5381 autem
819 5328 1048 5396 idipsum
1069 5326 1262 5382 factum
1295 5327 1358 5382 iri
1381 5324 1610 5381 dicimus
1631 5367 1645 5390 ,
1669 5327 1762 5382 sed
1790 5342 1818 5396 a
1839 5324 2073 5384 Christo.

484 5398 670 5470 Addit.
697 5408 832 5452 orat.
864 5395 962 5468 pro
983 5399 1304 5470 Christianis
1343 5395 1862 5470 AthenagoraszNos
1893 5409 2072 5454 autem

487 5470 600 5525 sive
623 5469 794 5524 Minos
819 5470 932 5525 sive
979 5469 1379 5526 Radauianthus
1410 5471 1480 5524 sit
1523 5468 1636 5524 sive
1663 5468 1854 5539 aliquis
1887 5483 2072 5524 eorum

485 5551 640 5612 pater
661 5582 676 5605 ,
719 5557 934 5613 neeum
968 5541 1184 5610 quidem
1232 5543 1406 5613 ipsum
1438 5541 1774 5612 elfugiturutn
1795 5554 1916 5595 6:58
1938 5540 2079 5610 judi-

486 5611 627 5668 Cium
656 5613 744 5665 Dei
775 5611 1024 5666 dicimus.
1075 5613 1209 5668 l’Au.

559 5683 636 5753 (b)
684 5683 886 5738 Putidis
934 5684 1068 5754 rogis
1124 5701 1382 5754 pecorum.
1432 5684 1684 5740 Veterum
1733 5683 2075 5740 contumeliis

488 5768 738 5810 oneratos
762 5756 1035 5809 da-monas
1056 5766 1236 5810 notum
1258 5767 1358 5810 cst.
1390 5756 1729 5824 Snlpitiusdo
1749 5758 1804 5809 S.
1829 5754 2072 5809 Martiuo.

493 5827 628 5891 Quid
667 5827 768 5888 ltic,
802 5828 991 5892 inqttit,
1011 5829 1204 5892 atlstas,
1229 5837 1437 5881 cruenta
1463 5827 1656 5884 bestia?
1703 5825 1853 5882 Nihil
1880 5827 1929 5882 in
1961 5843 2072 5898 me,

491 5900 686 5966 funeste
705 5938 720 5964 ,
751 5899 984 5969 reperies.
1015 5898 1142 5954 Lac.

2259 4403 2334 4476 (ο)
2377 4401 2554 4476 (lautis
2577 4401 2882 4476 lttecnuostra
2919 4399 2972 4476 iit
3001 4394 3466 4476 illosndomittatio',
3495 4406 3540 4451 et
3564 4405 3786 4476 potestas

2187 4467 2630 4530 de‘n'ominatioue
2674 4469 2858 4525 Christi
2889 4469 3036 4524 valet.
3107 4467 3368 4523 Notabilis
3439 4475 3524 4522 est
3570 4467 3622 4522 in
3651 4467 3788 4524 hanc

2187 4546 2505 4601 sententiam
2554 4543 2743 4598 Irenzei
2796 4541 2980 4604 locus,
3033 4540 3126 4594 lib.
3175 4555 3232 4594 tt.
3291 4554 3416 4609 cap.
3467 4539 3521 4595 5.
3576 4539 3787 4596 Domini

2189 4617 2356 4673 nostri
2387 4616 2588 4671 nontini
2609 4658 2624 4680 ,
2651 4613 2823 4684 inquit
2843 4655 2856 4672 .
2892 4612 3278 4684 subjectaisunt
3306 4609 3603 4684 omnia._Et
3627 4627 3784 4684 prop-

2191 4698 2274 4746 ter
2302 4689 2403 4744 hoc
2431 4685 2602 4742 Judaei
2635 4681 2799 4754 usque
2827 4699 2968 4739 nunc
2998 4685 3098 4739 hac
3139 4683 3254 4753 ipsa
3294 4681 3646 4739 advocatione
3674 4681 3785 4738 dte-

2193 4775 2382 4816 tnonas
2409 4759 2664 4823 eliugant.
2696 4758 2832 4811 I’Ml.

2373 4830 2584 4914 Sinillis.
2637 4829 2841 4914 Sensus
2869 4827 3189 4914 obscuriorl,
3211 4825 3318 4914 sed
3347 4825 3638 4914 tametthic
3657 4835 3779 4914 est;

2188 4897 2390 4959 credite
2429 4902 2565 4965 illis,
2593 4916 2714 4956 cum
2754 4899 2979 4968 adjurati
3007 4915 3035 4952 a
3069 4898 3222 4968 nobis
3261 4913 3448 4968 verum
3495 4897 3708 4968 dicunt;
3738 4897 3781 4952 si

2189 4977 2333 5031 enim
2365 4976 2551 5030 liceret
2592 4972 2694 5026 illis
2735 4967 2980 5034 mentiri,
3012 4967 3226 5038 quando
3264 4967 3426 5023 homo
3454 4967 3782 5024 Christianus

2192 5049 2470 5102 veritatem
2497 5044 2648 5099 vobis
2680 5042 2908 5112 probare
2933 5041 3080 5104 vult,
3109 5040 3346 5095 facerent
3373 5049 3553 5103 certe;
3597 5055 3661 5095 nc
3689 5056 3782 5112 vos

2189 5127 2296 5172 tant
2324 5117 2625 5172 fructuosos
2651 5111 2749 5168 sibi
2785 5113 3091 5166 atnitterent
3111 5153 3125 5177 ,
3156 5112 3264 5166 imo
3299 5127 3366 5166 ne
3393 5126 3422 5164 a
3457 5113 3605 5164 vobis
3634 5111 3780 5181 ipsis,

2185 5191 2310 5243 olim
2338 5190 2472 5243 forte
2498 5185 2819 5242 Christianis
2840 5227 2855 5252 ,
2887 5182 2954 5237 ab
2983 5182 3156 5253 aliqua
3193 5183 3535 5252 possessione
3565 5199 3660 5238 sua
3687 5181 3780 5238 dc-

2187 5257 2706 5314 tttrharentur._llav.

2249 5331 2404 5386 CAP.
2435 5328 2627 5384 XXIV.
2645 5358 2715 5369 —-
2733 5328 2805 5398 (ο)
2842 5327 3002 5381 Ltesa:
3029 5325 3243 5395 publica
3259 5325 3554 5398 etintaxiuue
3568 5326 3778 5398 liom.r.

2179 5401 2370 5456 Mirum
2389 5417 2492 5456 non
2508 5396 2948 5470 advertissehanc
2963 5396 3543 5470 lectioue_m_liigztltiunt
3557 5397 3777 5470 aliosve,

2180 5473 2275 5528 sed
2298 5473 2528 5528 edidisse
2549 5472 2683 5526 ltesa:
2710 5467 2925 5524 "intime
2952 5471 3151 5524 Rom.r.
3172 5467 3294 5523 Tria
3313 5469 3453 5521 enim
3472 5468 3626 5522 diluit
3646 5487 3658 5522 :
3675 5467 3778 5522 cri-

2190 5560 2310 5599 men
2339 5544 2509 5613 primo
2535 5543 2678 5597 la'sa:
2707 5541 2978 5613 religionis
2997 5582 3011 5602 ,
3040 5555 3198 5610 quam
3227 5537 3427 5594 Gentes
3460 5541 3654 5613 passim
3682 5538 3782 5613 ob.
3812 5575 3828 5586 .

2181 5610 2416 5678 servant,
2446 5626 2553 5668 tmn
2588 5613 2848 5681 imprimis
2872 5612 3172 5682 Romanae!
3205 5626 3325 5682 qua:
3361 5622 3506 5666 certe
3545 5610 3782 5666 distabat

2181 5702 2210 5739 a
2237 5681 3782 5758 cynocephalisetinquinamentisASgylitiorum,licctnon-

2181 5753 2454 5827 nunquam
2482 5757 2640 5812 etiam
2675 5757 2856 5810 Roma:
2886 5755 3134 5824 receptis.
3165 5753 3350 5812 'l‘ertio
3383 5755 3593 5810 tituluttt
3637 5755 3780 5827 [115:9

2180 5825 2498 5900 augustioris
2525 5829 2818 5900 maiestatis
2847 5828 3075 5883 Caesaris
3105 5845 3182 5884 sc.
3215 5828 3429 5900 dequo
3458 5825 3777 5900 c.7VXXV'llI,

2181 5901 2263 5956 cui
2289 5911 2341 5958 et
2366 5899 2617 5958 Gentium
2645 5911 2700 5959 et.
2723 5899 3085 5956 Romanorum
3108 5901 3191 5961 Dii
3229 5899 3476 5970 subjecti.
3509 5899 3780 5957 Debemus
