4126 6340
451 282 556 345 ιδι

1876 287 2336 346 'l'EiiTULLiANI

3648 281 3761 340 159.

478 402 692 476 perium
718 399 872 458 bellis
897 398 1156 470 quaeritur
1185 405 1238 454 et
1260 397 1499 456 victoriis
1519 411 1861 474 propagatur.
1894 403 2064 460 Porro
2090 409 2144 470 Α
2173 405 2264 462 ille
2294 405 2442 461 vices
2470 404 2896 460 dominationum
2941 403 3071 474 ipsis
3109 401 3440 475 temporibus
3484 401 3539 457 in
3567 403 3766 458 saeculo

471 494 610 552 bella
637 501 692 549 et
713 492 951 549 victorim
1001 491 1171 561 captis
1210 499 1266 547 et
1293 493 1496 548 eversis
1527 494 1814 565 plurimum
1846 496 2065 556 urbibus

467 595 736 643 constant.
761 582 816 641 id
841 585 1112 656 negotium
1130 584 1246 640 sine
1259 584 1483 642 deorum
1501 587 1698 658 injuria
1725 588 1804 662 (α)
1829 603 1932 644 non
1955 591 2061 644 est.

361 729 368 736 .
463 678 683 737 Ezedem
715 686 920 747 strages
949 677 1206 734 moenium
1239 687 1292 734 et
1319 678 1643 749 templorum
1666 723 1681 750 ,
1703 695 1862 754 pares
1887 681 2064 738 caedes

464 770 661 828 civium
695 778 748 824 et
776 771 1141 836 sacerdotum,
1173 784 1273 834 nec
1300 768 1590 826 dissimiles
1632 773 1834 843 rapime
1877 788 2063 830 sacra-

467 878 590 920 rum
617 863 920 919 divitiarum
951 872 1006 919 et
1043 863 1406 936 profanarum.
1448 865 1550 922 Tot
1587 867 1746 939 igitur
1785 870 2064 942 sacrilegia

459 957 850 1025 Romanorum,
881 965 1010 1029 quot
1036 958 1308 1030 tropbaca;
1336 969 1414 1016 tot
1440 960 1507 1017 de
1536 961 1658 1027 diis,
1689 973 1818 1034 quot
1842 965 1908 1021 de
1935 982 2066 1038 gen-

458 1049 602 1107 tibus
633 1050 886 1121 triumphi
913 1067 928 1116 ;
963 1061 1042 1106 tot
1071 1052 1355 1121 manubiae,
1391 1063 1521 1125 quot
1545 1065 1764 1110 manent
1784 1055 1960 1113 adhuc
1985 1058 2064 1114 si-

463 1146 704 1203 mulacra
740 1146 1073 1218 captivorum
1127 1146 1373 1204 deorum.
1402 1148 1491 1205 'Et
1539 1149 1609 1205 ab
1649 1148 1893 1206 hostibus
1935 1167 2065 1225 ergo

433 1239 575 1294 .suis
603 1237 868 1294 sustinent
894 1236 1128 1306 adorari,
1160 1247 1214 1295 et
1242 1239 1348 1297 iiiis
1379 1239 1659 1310 imperium
1681 1243 1799 1298 sine
1829 1241 1935 1299 line
1964 1244 2064 1300 de—

471 1341 721 1400 cernunt,
740 1345 969 1402 quorum
987 1333 1157 1405 magis
1183 1332 1407 1402 injurias
1437 1347 1596 1406 quam
1621 1334 1956 1392 adulationes
1986 1335 2064 1408 (i)

469 1437 849 1480 remunerasse
873 1422 1190 1480 debuerant.
1225 1425 1333 1484 Sed
1362 1426 1451 1498 qui
1491 1425 1626 1483 nihil
1659 1427 1920 1495 sentiunt,
1953 1437 2062 1483 tam

461 1517 684 1588 impune
708 1516 996 1584 laeduntur,
1028 1534 1188 1588 quam
1227 1518 1423 1593 frustra
1456 1519 1724 1578 coluntur.
1759 1520 1926 1576 Certe
1951 1533 2062 1578 non

459 1617 642 1680 potest
666 1608 790 1667 iidei
818 1610 1130 1678 convenire,
1154 1619 1211 1665 ut
1231 1610 1506 1682 religionis
1523 1613 1733 1670 meritis
1755 1613 2064 1672 excrevisse

459 1701 765 1769 videantur,
793 1701 909 1772 qui,
955 1710 1015 1757 ut
1055 1702 1441 1774 suggessimus,
1471 1703 1792 1776 religionem
1829 1716 1923 1761 aut
1964 1706 2062 1763 ia:-

2168 498 2446 564 ordinarit,
2478 498 2568 568 qui
2599 503 2725 552 ante
2759 511 2919 552 omne
2950 507 3160 568 tempus
3187 495 3286 556 fuit
3306 495 3386 570 (2)
3433 503 3489 551 et
3507 493 3766 552 saeculum

2169 591 2247 668 (5)
2276 593 2346 667 (c)
2375 607 2572 664 corpus
2601 602 2902 662 temporum
2931 591 3088 658 iecit;
3120 607 3187 647 ne
3213 590 3304 647 ille
3329 590 3571 646 civitates
3594 587 3766 646 extul-

2167 687 2244 743 iat
2271 693 2365 742 aut
2389 686 2678 757 deprimat.
2715 683 2826 742 Sub
2857 699 2964 754 quo
2993 682 3092 738 iuit
3117 681 3408 754 aliquando
3431 683 3549 739 sine
3577 681 3770 740 civita-

2167 781 2308 836 tibus
2357 794 2527 850 genus
2577 778 2854 834 hominum
2902 777 3026 850 (4)?
3069 777 3206 846 Quid
3237 776 3475 832 erratis?
3511 777 3661 848 prior
3687 783 3774 833 est

2167 873 2485 944 quibusdam
2512 871 2615 928 diis
2644 872 2756 929 suis
2781 870 2861 945 (5)
2889 871 3151 927 silvestris
3177 869 3346 926 Roma
3375 888 3392 937 ;
3421 879 3548 925 ante
3575 885 3773 941 regna-

2167 968 2244 1023 vit
2290 982 2451 1038 quam
2501 975 2706 1022 tantum
2750 966 3010 1021 ambitum
3043 963 3290 1035 Capitolii
3328 972 3627 1021 exstrueret
3664 961 3771 1036 (6).

2167 1062 2550 1133 Regnaverant
2611 1069 2666 1114 et
2708 1057 2988 1132 Babylonii
3031 1069 3156 1114 ante
3210 1051 3495 1128 pontiﬁces
3547 1057 3648 1130 (ά),
3710 1065 3770 1112 et

2167 1151 2304 1211 Medi
2334 1163 2457 1208 ante
2479 1151 2952 1224 quindecirnviros,
2971 1161 3024 1208 et
3053 1149 3287 1223 .Egyptii
3314 1160 3439 1206 ante
3467 1150 3678 1216 Salios,
3709 1159 3768 1206 et

2169 1246 2378 1318 Assyrii
2415 1255 2540 1302 ante
2569 1243 2843 1316 Lupercos
2866 1286 2882 1312 ,
2921 1253 2977 1300 et
3023 1245 3326 1299 Amazones
3375 1253 3499 1298 ante
3533 1241 3772 1314 virgines

2169 1337 2434 1396 Vestales.
2469 1339 2770 1404 Postremo,
2789 1338 2833 1392 si
2857 1337 3113 1392 Romanae
3134 1335 3424 1408 religiones
3446 1350 3610 1407 regna
3628 1351 3770 1408 pra:-

2169 1440 2630 1502 stant,numquam
2654 1426 2999 1485 retroludma
3019 1435 3296 1498 regnasset
3311 1425 3613 1498 despectrix
3631 1443 3774 1483 com-

2169 1525 2412 1579 munium
2441 1522 2523 1596 (7)
2558 1523 2782 1579 istarum
2824 1520 3162 1576 divinitatum
3185 1560 3203 1588 ,
3235 1520 3387 1590 cujus
3414 1529 3468 1576 et
3500 1520 3660 1576 deum
3693 1522 3774 1576 vi-

2169 1618 2366 1684 ctimis,
2397 1627 2451 1672 et
2493 1617 2748 1687 templum
2774 1614 2965 1683 donis,
3012 1625 3066 1670 et
3089 1622 3306 1686 gentem
3345 1613 3636 1670 [ruderibus
3667 1613 3773 1669 aii-

2171 1709 2426 1782 quamdiu
2465 1709 2696 1765 itomani
2733 1706 2815 1780 (8)
2845 1705 3174 1774 honorastis,
3207 1720 3498 1776 numquam
3528 1704 3775 1760 domina-

458 1793 639 1851 dendo
669 1803 976 1864 creverunt,
1004 1804 1097 1851 aut
1118 1796 1412 1853 crescendo
1440 1797 1714 1853 lzeserunt.
1750 1799 1924 1856 Etiam
1948 1800 2058 1870 illi,
2089 1809 2140 1872 Β
2180 1803 2283 1861 turi
2307 1801 2445 1876 ejus,
2477 1802 2523 1858 si
2569 1816 2679 1858 non
2708 1799 2896 1858 ultimo
2938 1797 3252 1870 deliquisset
3285 1798 3338 1855 in
3369 1794 3642 1854 Christum
3670 1795 3775 1870 (9).

457 1904 686 1960 quorum
716 1903 878 1961 regna
907 1888 1138 1946 conﬂata
1164 1898 1288 1945 sunt
1328 1889 1382 1945 in
1409 1889 1624 1963 imperii
1657 1891 1888 1948 Romani
1914 1907 2064 1950 sum-

456 1996 626 2050 mam,
663 1995 786 2037 eum
813 1995 876 2038 ea
908 1982 1241 2054 amitterent,
1269 1983 1393 2040 sine
1429 1983 1780 2057 religionibus
1808 2001 1915 2042 non
1947 1986 2065 2044 fue-

459 2083 607 2131 runt.

1031 2146 1261 2206 CAPUT
1300 2148 1494 2206 XXVI.

453 2242 860 2302 Anconam“.
887 2273 960 2288 —-
989 2243 1153 2300 Deum
1187 2246 1356 2316 potius
1398 2247 1560 2301 solum
1596 2263 1811 2319 regnare
1829 2292 1842 2316 ,
1870 2249 1933 2304 de
1961 2250 2061 2304 im-

455 2394 484 2407 ι,
532 2338 720 2407 periis,
753 2336 962 2392 urbibus
987 2378 1002 2405 ,
1033 2337 1358 2407 hominibus,
1393 2340 1699 2410 temmribus
1734 2342 1894 2412 ipsis,
1921 2352 1976 2396 ut
2004 2343 2067 2398 de

460 2493 470 2510 λ
535 2448 650 2494 suo,
695 2432 998 2503 disponere,-
1023 2431 1110 2501 qui
1148 2431 1324 2499 etiam,
1368 2443 1487 2487 ante
1520 2435 1775 2506 cognitam
1819 2435 2062 2504 Romam,

457 2533 460 2558 ³
531 2524 835 2594 Babyloniis
861 2565 876 2591 ,
905 2521 1206 2595 zEgyptiis,
1233 2524 1457 2597 Assyriis
1483 2525 1880 2583 dominationem
1905 2531 2064 2586 dede-

463 2597 490 2615 ”
529 2616 600 2670 rit
633 2631 652 2670 :
677 2615 877 2671 Iudaeis
900 2617 1025 2686 ipsis
1050 2616 1200 2672 etiam
1226 2602 1480 2674 incolume
1504 2619 1593 2674 diu
1621 2635 1830 2693 regnum
1859 2625 2065 2694 prazsti-

455 2773 459 2777 η
526 2711 664 2774 terit,
684 2710 1057 2784 destruentibus
1087 2713 1238 2768 etiam
1270 2729 1445 2769 ornnes
1475 2713 1592 2771 illos
1625 2715 1769 2783 deos,
1807 2735 1933 2786 quos
1960 2719 2068 2774 Ro-

458 2865 463 2871 _
543 2805 681 2858 mani
711 2803 994 2875 ﬂentesque
1012 2815 1065 2862 ut
1091 2806 1298 2861 datores
1317 2822 1592 2878 regnorum
1632 2809 1938 2880 suspiciunt.

460 2920 466 2928 ’
536 2915 727 2974 Videte
761 2917 923 2990 igitur
954 2933 1020 2974 ne
1049 2916 1143 2975 ille
1169 2932 1338 2990 regna
1369 2917 1645 2991 diSpenset
1671 2918 1771 2994 (b),
1797 2922 1953 2992 cujus
1983 2933 2069 2980 est

458 3019 519 3068 et
553 3010 702 3070 orbis
729 3010 820 3083 qui
854 3021 1130 3083 regnatur,
1165 3022 1223 3070 et
1261 3013 1429 3070 homo
1466 3015 1584 3087 ipso
1622 3016 1717 3089 qui
1743 3027 1967 3089 regnat;
1998 3034 2067 3075 ne

2727 1934 2958 1996 CAPUT
2992 1933 3214 1998 XXVII.

2170 2057 2564 2114 Anconem-nl.
2598 2081 2669 2094 —
2694 2050 2838 2108 Satis
2868 2051 3041 2122 itaque
3073 2051 3365 2122 eonfutasse
3385 2064 3458 2124 se
3481 2056 3628 2120 putat
3661 2050 3774 2104 cri-

2243 2163 2358 2204 men
2387 2150 2525 2202 lcesae
2556 2145 2876 2209 Divinitatis,
2908 2160 3052 2216 qute,
3083 2143 3205 2214 quia
3231 2158 3332 2198 non
3373 2151 3446 2196 est
3465 2181 3480 2207 ,
3512 2142 3642 2198 nihil
3668 2145 3779 2213 pati

2241 2253 2427 2316 potest.
2446 2240 2605 2297 Illam
2630 2241 2725 2296 sibi
2747 2240 2994 2295 demereri
3023 2238 3159 2293 nolle
3179 2236 3495 2293 Christianos
3512 2238 3603 2300 ait,
3629 2239 3780 2292 tlture

2239 2337 2395 2394 vitam
2421 2335 2742 2401 redimentes,
2773 2332 2910 2404 quod
2939 2331 3100 2388 sciant
3128 2329 3322 2385 diaboli
3349 2330 3444 2384 hoc
3467 2345 3579 2384 esse
3601 2331 3775 2385 consi-

2243 2433 2390 2497 lium,
2421 2428 2592 2485 temuli
2615 2428 2697 2483 sui
2725 2437 2773 2481 et
2810 2426 2989 2493 insidi,
3009 2425 3116 2495 qui,
3150 2424 3266 2478 licet
3293 2423 3356 2477 de
3380 2421 3568 2478 Christi
3599 2433 3779 2494 poten-

2241 2527 2315 2584 tia
2348 2526 2452 2581 illis
2475 2524 2730 2595 subjectus
2753 2523 2839 2590 sit,
2863 2537 2956 2593 pro
2985 2519 3102 2574 odio
3132 2528 3301 2572 tamen
3328 2528 3374 2572 et
3395 2517 3631 2588 perﬁdia,
3662 2534 3774 2589 pae-

2241 2620 2373 2677 nalis
2399 2617 2650 2674 servitsdis
2680 2631 2818 2670 more
2843 2613 3098 2677 renititur,
3127 2620 3172 2666 et
3201 2627 3479 2681 numquam
3509 2610 3671 2682 magis
3709 2610 3773 2664 ab

2239 2714 2366 2781 illis,
2387 2729 2544 2784 quam
2573 2719 2784 2765 cruenta
2839 2725 2931 2779 pro
2970 2707 3072 2777 ﬁde
3100 2715 3260 2762 morte
3295 2706 3731 2775 detriuntplsatur.

2244 2833 2386 2890 Satis
2437 2830 2555 2885 haec
2593 2826 2852 2882 adversus
2902 2823 3254 2880 intentionem
3302 2821 3446 2878 larisa:
3486 2818 3603 2894 (l0)
3641 2821 3770 2876 reii-

2173 2926 2349 3000 gionis
2379 2938 2443 2980 ac
2469 2918 2789 2986 divinitatis,
2826 2930 2934 2988 quo
2963 2930 3071 2971 non
3100 2913 3379 2999 videamur
3405 2912 3600 2969 irridere
3626 2927 3768 2981 eam,

2170 2994 2329 3095 quam
2349 3015 2685 3074 ostendimus
2703 3022 2812 3070 non
2838 3023 2981 3068 esse.
3011 3008 3196 3082 igitur,
3227 2994 3504 3080 provocati
3523 3005 3590 3064 ad
3604 3007 3770 3063 sacri.

1691 3160 2075 3225 LECTIONES
2115 3158 2526 3224 VARIANTES.

519 3293 566 3354 (ι
632 3276 954 3345 Adulationes
977 3294 1137 3346 Paris.

521 3295 595 3422 (2;
631 3358 761 3422 Ante
785 3359 944 3422 omina
969 3372 1066 3409 nec
1090 3364 1137 3422 te

545 3357 595 3430 ἓ)
631 3358 761 3430 Ante
785 3359 944 3430 omnia
969 3372 1066 3409 nec
1088 3364 1286 3430 tempus
1307 3357 1418 3416 cod.
1448 3361 1591 3415 ιλ).
1612 3362 1766 3430 Agob.

545 3357 595 3422 2)
631 3358 761 3430 Ante
785 3359 944 3408 omnia
969 3372 1066 3409 nec
1090 3364 1286 3422 tempus
1307 3357 1418 3416 cod.
1448 3361 1591 3415 ιλ).
1612 3362 1766 3430 Agob.

1326 3486 1490 3540 Paris.
1519 3487 1652 3541 Gens
1673 3489 1924 3543 hominum
1949 3491 2061 3544 cod.

635 3609 902 3674 Discipuiis
925 3611 1028 3660 suis
1059 3608 1207 3662 alien.

523 3671 604 3742 (6)
636 3671 793 3727 Codd.
816 3683 1378 3742 outrwsexstrueretnr;
1403 3673 1556 3732 Rhesi.
1579 3685 1625 3728 et
1646 3677 1756 3742 Rig.
1783 3689 2066 3733 extrueret.

460 3735 632 3791 Nescio
667 3750 732 3790 an
773 3735 1086 3790 scribendum
1119 3735 1183 3790 sit
1208 3751 1227 3790 :
1248 3735 1385 3793 tanta
1423 3742 1611 3793 ambitu
1642 3735 1936 3810 Capitolium
1975 3758 2067 3796 ex-

2080 3310 2128 3376 c
2162 3306 2448 3376 strueretur
2472 3302 2618 3376 Leos):

2253 3369 2305 3418 7i
2340 3365 2576 3416 Omnium
2595 3365 2717 3414 Jun.

2253 3369 2280 3418 7
2340 3368 2570 3416 Omnium
2595 3368 2717 3414 Jtm.

2229 3368 2639 3543 ζιξέιζὶιῇοιὲἒιξί
2684 3422 2858 3478 deleuit
2897 3423 3008 3494 Rig.
3062 3424 3291 3474 Wouwer
3316 3434 3343 3473 e
3379 3436 3469 3474 ms.
3494 3421 3772 3486 aliquando,

2169 3507 2201 3546 ο
2239 3492 2444 3544 Romani
2463 3531 2476 3549 ,
2502 3492 2618 3541 hon.
2968 3492 2974 3494 '

2235 3557 2320 3622 (9)
2346 3555 2428 3622 Sic
2451 3555 2548 3622 leg.
2573 3554 2623 3604 in
2647 3551 2794 3622 codd.
2999 3547 3216 3622 ctAgob.
3236 3562 3255 3611 ,'
3280 3545 3328 3598 in
3345 3547 3536 3602 ueteris
3563 3550 3638 3599 :si
3665 3547 3775 3599 Deo

2170 3613 2269 3671 non
2293 3613 2606 3681 deliquisset,
2633 3617 2805 3681 ultimo
2829 3613 3166 3681 in_Clrrislurii.

2239 3682 2344 3747 (lli)
2384 3671 2426 3733 ιδ
2432 3694 2476 3733 υ.
2503 3671 2760 3744 religionis
2783 3689 2838 3727 ac
2863 3679 3076 3727 Hatterc.
3100 3673 3293 3726 addidit
3316 3685 3343 3724 e
3365 3673 3476 3724 cod.
3500 3671 3658 3733 Fuld.

1848 3847 2419 3906 COMMENTARIUS.

459 3965 598 4022 raid.
631 3963 706 4036 La
723 3962 894 4020 Cerda
923 3963 994 4019 ita
1013 3963 1237 4036 omnino
1258 3962 1626 4036 scribendum.
1656 3964 1758 4019 Alii
1781 3965 1844 4019 de
1865 3965 2066 4036 religio-

461 4039 631 4090 sitate.
657 4035 790 4090 Cod.
826 4036 963 4090 Pith.
995 4035 1158 4090 etiam
1193 4035 1384 4088 desero
1409 4035 1804 4107 irreligiositttle,
1834 4051 1932 4106 pro
1960 4035 2069 4104 quo

384 4160 388 4162 _
460 4109 603 4163 forte
655 4107 844 4161 melius
884 4107 1175 4161 substituas
1220 4121 1392 4160 revera
1437 4107 1499 4160 de
1530 4106 1623 4159 irr.
1647 4106 1986 4162 Mithridates
2012 4107 2068 4162 in

462 4179 687 4249 epistola
716 4179 780 4231 ad
807 4179 1066 4242 Arsacen,
1101 4178 1192 4232 lib.
1225 4191 1302 4230 Iv.
1333 4177 1471 4232 Ilist.
1508 4177 1766 4240 Sallustii,
1799 4179 2071 4234 Romanus

461 4260 621 4320 negat
675 4251 944 4322 quicquam
985 4265 1016 4300 a
1047 4249 1318 4320 principio,
1348 4251 1445 4303 nisi
1489 4259 1694 4318 ruptum
1743 4250 1946 4322 habere,
1976 4250 2072 4302 do-

461 4338 621 4387 mum,
652 4320 909 4392 conjuqes,
940 4335 1110 4390 agros,
1155 4323 1495 4389 imperium..;
1517 4321 1694 4389 quibus
1719 4337 1821 4374 non
1852 4320 2076 4374 humana

468 4395 598 4457 ulla,
640 4409 799 4460 neque
829 4393 998 4446 drrina
1029 4392 1248 4456 obstant,
1279 4393 1398 4458 quin
1424 4394 1588 4445 socios
1610 4431 1624 4457 ,
1657 4393 1867 4454 amicos,
1899 4393 2079 4460 procul

477 4468 731 4534 juxtaque
757 4465 900 4528 sitos,
930 4467 1105 4527 inopes
1132 4473 1454 4533 potentesque
1480 4463 1682 4518 trahant
1709 4463 2078 4534 excidantque;

487 4538 760 4609 omniaque
787 4552 888 4590 non
908 4550 1070 4603 serua,
1103 4544 1149 4589 et
1180 4537 1398 4590 maxime
1425 4551 1598 4608 regna,
1632 4536 1836 4590 hostilia
1867 4537 2075 4593 ducant.

1654 4609 1790 4663 ilsv.

2176 3963 2507 4028 Pertinacis,
2542 3963 2726 4019 Severi
2749 4004 2762 4024 ,
2798 3959 2999 4016 Balbini
3024 3957 3244 4030 Pnpicni
3267 4000 3282 4023 ,
3315 3956 3585 4030 Aureliani
3611 3957 3773 4012 etiam

2177 4045 2231 4090 et
2253 4036 2506 4102 Antonini
2529 4035 2624 4090 i’ii.
2655 4033 2721 4090 Ut
2748 4034 2870 4089 inde
2887 4033 3046 4088 etiam
3071 4029 3122 4085 in
3148 4045 3366 4102 nummo
3389 4029 3592 4089 Severi.
3616 4044 3774 4098 quem

2177 4100 2406 4176 vulgavit
2442 4107 2757 4171 'l‘rislanus,
2792 4106 2997 4175 legatur
3032 4102 3238 4176 Jupiter
3282 4100 3588 4173 Imperator,
3623 4119 3774 4172 quasi

2179 4172 2386 4233 illi'soii
2412 4176 2512 4232 hoc
2538 4193 2732 4232 nomen
2764 4172 3112 4246 competeret.
3143 4172 3275 4246 iIAv.

2251 4251 2326 4320 (ρ)
2365 4249 2478 4316 Qui
2503 4250 2766 4304 sa’culum.
2801 4241 3046 4320 ltgt'malo
3085 4259 3204 4320 cum
3245 4241 3550 4320 ij‘ni_d._Cud
3613 4261 3770 4320 quam

2183 4316 2444 4375 cum'aiiis
2475 4333 2519 4376 et
2537 4321 2798 4376 swcnlum.
2826 4318 3104 4390 Zephyrus
3131 4316 3468 4390 intelligitde
3496 4325 3651 4390 u-tate
3679 4318 3769 4371 illa

2181 4393 2406 4458 incerta,
2437 4393 2486 4447 in
2515 4408 2615 4464 qua
2648 4406 2747 4446 nec
2771 4387 3037 4464 priusuec
3060 4387 3325 4464 posterius
3341 4388 3770 4464 diguoscebatur,

2185 4466 2238 4521 in
2268 4464 2509 4521 ordinem
2535 4458 2798 4532 'vicesque
2845 4458 3080 4518 redacta:
3115 4458 3190 4513 De
3228 4459 3427 4515 tuundo
3455 4468 3627 4513 tamen
3661 4475 3775 4514 ina-

2191 4538 2301 4592 vuit
2344 4537 2627 4605 lieraidus,
2672 4536 2763 4591 ille
2815 4535 2957 4590 enim
3006 4542 3085 4587 ρει
3137 4543 3332 4602 corpus
3371 4540 3690 4605 temporum,
3742 4549 3773 4586 a

2187 4609 2339 4679 cujus
2365 4603 2636 4665 creatione
2665 4623 2834 4663 aevum
2857 4650 2871 4673 ,
2899 4617 3344 4679 auuosmenses,
3375 4603 3491 4679 dies
3522 4615 3774 4658 numera-

559 4679 638 4752 (τι)
682 4679 905 4735 Deorum
937 4678 1158 4752 injuria.
1200 4678 1382 4752 Livius
1409 4680 1478 4735 de
1517 4679 1768 4736 Marcello
1798 4681 2082 4752 Syracusas
2187 4676 2338 4747 mus;
2388 4682 2522 4736 ultra
2576 4696 2734 4752 quem
2782 4679 2927 4735 vices
2974 4687 3272 4752 temporum
3309 4676 3772 4752 distinguerenon

491 4750 825 4808 debellatore
845 4760 898 4805 et
917 4750 1254 4806 destructore
1284 4751 1371 4805 lib.
1404 4767 1540 4818 xxv,
1560 4768 1609 4806 c.
1629 4754 1700 4809 40
1727 4769 1740 4805 :
1772 4750 2082 4810 ornamenta

476 4824 641 4896 urbis,
689 4823 837 4896 signa
894 4822 1210 4896 tabulasque,
1249 4823 1426 4893 quibus
1469 4824 1726 4877 abundant
1781 4825 2076 4895 Syracusae,

489 4895 710 4950 Romam
735 4891 967 4948 'dweait.
1004 4891 1478 4965 Hostium'quidem
1505 4897 1596 4948 illa
1627 4891 1884 4964 spoliafet
1930 4891 2080 4965 parta

487 4968 604 5022 belli
616 4968 736 5037 jure
768 4981 786 5019 :
817 4975 1051 5020 cwterum
1079 4964 1196 5037 inde
1224 4967 1440 5036 primum
1470 4966 1668 5019 initium
1690 4968 1910 5022 mirandi
1932 4964 2079 5023 Crte-

486 5036 663 5092 caruin
690 5039 876 5111 artium
906 5051 1080 5111 opera,
1115 5036 1427 5111 licentiteque
1453 5036 1569 5090 hinc
1597 5054 1742 5091 sacra
1764 5045 2081 5111 profanaque

485 5111 656 5163 omnia
696 5110 847 5180 tulgo
887 5108 1178 5176 spoliandi,
1209 5111 1401 5180 factum
1441 5118 1549 5174 est,
1591 5125 1691 5178 qua
1728 5108 2079 5180 postrerno'in

483 5181 745 5248 Romanos
772 5179 912 5246 deos,
930 5181 1174 5249 templum
1199 5179 1421 5250 idipsum
1450 5180 1688 5251 primum,
1711 5179 1845 5251 quod
1869 5199 1900 5234 a
1933 5183 2078 5237 Alar-

481 5252 610 5307 ccllo
655 5253 839 5307 eximie
881 5261 1116 5305 ornatum
1167 5249 1466 5314 σαμε-στω.
1511 5249 1810 5304 Visebantur
1846 5255 1978 5307 enim
2004 5255 2067 5312 ab

479 5327 699 5380 externis
724 5324 791 5376 ad
818 5332 1013 5393 portam
1041 5321 1300 5394 Capenam
1332 5321 1564 5376 dedicata
1603 5338 1637 5374 ιδ
1669 5323 1916 5378 Marcello
1943 5337 2068 5380 tem-

470 5397 580 5466 pla,
613 5405 818 5468 propter
839 5394 1134 5448 excellentia
1155 5397 1264 5468 ejus
1290 5395 1487 5465 generis
1507 5404 1825 5468 ornamenta,
1854 5412 2067 5465 quarunt

467 5466 743 5539 perexigua
773 5481 894 5539 pars
923 5475 1210 5539 comparet.
1242 5467 1312 5539 ita
1343 5468 1486 5539 enim
1516 5466 1724 5539 videtur
1755 5466 2061 5539 legendum,

457 5535 565 5663 illan
595 5535 790 5663 siiﬁtur
812 5538 964 5605 enim,
986 5546 1090 5593 etc.
1121 5535 1250 5594 Vide
1271 5538 1340 5594 de
1361 5538 1553 5594 eodem
1578 5535 1830 5594 Marcello
1857 5535 2066 5596 l’lutaré-

457 5626 486 5663 Β
507 5626 635 5663 111111.
709 5622 800 5663 AV.

453 5612 635 5666 chum.
665 5612 800 5664 iisv.

525 5681 678 5737 CAP.
713 5677 903 5755 XXVI.
940 5710 1014 5755 _—_—
1046 5678 1124 5754 (b)
1166 5679 1344 5753 Regna
1381 5681 1653 5752 dispenset.
1687 5683 1839 5751 Quod
1868 5694 1921 5741 et
1952 5684 2051 5755 ipsi

451 5751 806 5823 imperatores
827 5751 1155 5823 irritellesisSe
1181 5751 1597 5821 se‘agnoverunt
1624 5756 1678 5811 in
1711 5764 1788 5812 tot
1812 5751 2048 5814 numinis

447 5821 722 5901 inscriptis
746 5822 1210 5894 PROVIDENTIA
1237 5823 1558 5902 DEORUM,
1590 5835 1648 5888 ut
1675 5836 1822 5902 patet
1848 5843 1918 5892 ex
1943 5829 2047 5889 illis

2106 4789 2160 4854 1)
2189 4747 2784 4854 ε’έιεευτξιιιξι
2801 4752 3220 4854 Ξίθτιὶἱῖξῗὶι
3242 4747 3773 4854 ίι3.ξξ..ξὲεέξξξ.ηἳξὲ’ξ.ξὲ

2189 4817 2399 4896 iempus
2425 4817 2484 4880 et
2507 4817 2992 4883 munia-invenitur.
3043 4821 3224 4876 l’otcst
3268 4817 3774 4896 etiarn_sirn_plicite_r

2183 4887 2438 4953 smcuium
2460 4912 2556 4966 pro
2570 4911 2794 4967 corpore
2815 4906 3027 4950 centum
3049 4908 3308 4967 annorum
3331 4890 3680 4959 capt—alin.
3703 4887 3773 4944 Et

2180 4971 2422 5024 steculum
2461 4962 2977 5038 'corpus'temporum
3029 4967 3164 5036 fecit.
3207 4962 3413 5038 Corpus
3468 4971 3769 5031 temporum

2182 5053 2263 5097 est
2289 5041 2534 5096 collectio
2560 5035 2653 5095 seu
2679 5035 3088 5107 ctunprehensio
3107 5035 3463 5105 complurium
3484 5049 3767 5107 annorum,

2183 5123 2274 5167 aut
2330 5112 2675 5168 swculorum.
2719 5104 2817 5167 Sic'
2855 5124 3048 5178 corpus
3081 5104 3531 5178 Ilnmeri,omuia
3563 5105 3769 5178 scripta

2185 5183 2424 5250 Homeri,
2455 5183 2495 5237 l.
2526 5182 2735 5238 Libror.
2765 5182 2826 5236 de
2856 5175 2964 5251 leg.
3000 5180 3086 5234 Ill.
3118 5177 3444 5248 Augustinus
3465 5175 3770 5251 dixitordi-

2183 5271 2308 5310 nem
2330 5248 2648 5311 stt-culorum
2679 5271 2706 5307 a
2742 5254 2851 5308 Deo
2878 5248 3148 5307 conditum
3179 5260 3444 5320 tamquam
3476 5248 3772 5320 pulcherri-

2173 5342 2319 5381 mum
2371 5342 2608 5392 carmen,
2637 5341 2706 5382 cx
2737 5324 3056 5393 quihusdam
3087 5321 3248 5393 etiam
3295 5317 3447 5393 quasi
3472 5317 3770 5393 :antithetis

2170 5397 2530 5454 honestutum.
2553 5391 2684 5468 Cap.
2725 5391 2812 5452 l8.-
2847 5394 3065 5468 lih.’X|.
3087 5391 3435 5468 deCiu._Dei._
3467 5391 3599 5468 hac.

2243 5470 2327 5543 (tl)
2357 5464 2757 5543 Babyloniiante
2787 5467 3072 5543 pontifices.
3107 5465 3263 5543 l_)icti,
3294 5464 3465 5543 inquit
3495 5464 3682 5543 νυνι-ξ),
3705 5464 3770 5518 de

2169 5537 2325 5610 Ling;
2355 5543 2446 5595 lat.
2466 5537 2574 5596 'iih.
2620 5540 2707 5606 iV,
2739 5537 2800 5594 ut
2831 5541 2895 5606 Ω.
2929 5538 3166 5610 Scaevola
3219 5537 3455 5606 pontifex
3500 5538 3768 5610 tnaxituus

2169 5605 2402 5677 dicebat,
2433 5629 2463 5668 a
2491 5629 2636 5683 posse
2671 5605 2725 5668 et
2753 5605 2938 5684 facere.
2969 5605 3256 5684 Pontiﬁces
3272 5623 3372 5679 ego
3393 5624 3422 5660 a
3445 5620 3596 5684 ponte
3612 5605 3762 5663 arbi-

2171 5691 2283 5740 tror
2315 5703 2326 5738 :
2363 5680 2582 5740 nam'ab
2619 5685 2685 5740 iis
2723 5680 2989 5741 Subiicius
3017 5697 3152 5752 pons
3201 5680 3372 5736 lactus
3397 5681 3760 5752 estprimum,

2156 5767 2212 5832 et
2239 5758 2516 5832 restitutus
2533 5772 2700 5832 stupe,
2723 5755 2868 5832 quod
2896 5770 2962 5814 eo
2986 5751 3138 5814 sacra
3157 5762 3211 5812 et
3229 5755 3309 5812 uls
3337 5762 3393 5812 et
3419 5753 3492 5810 cis
3521 5751 3760 5813 Tiberim
3864 5765 3873 5775 ‘

2156 5831 2305 5890 ﬁant.
2335 5830 2473 5896 l’su.
