4126 6340
406 236 521 294 455

1785 237 2326 297 APOLOGETICUS.

3619 245 3726 303 451

408 348 704 419 Ilcandum,
732 349 1064 408 obstruimus
1090 350 1314 423 gradum
1338 365 1436 424 pro
1458 351 1562 409 iide
1585 351 1658 425 (a)
1679 353 2019 411 conscientim
2045 353 2098 415 A
2123 352 2194 409 sit
2225 353 2380 410 nobis
2408 360 2516 411 tota
2536 355 2618 411 vis
2638 353 2944 412 daemonum
2970 356 3308 428 etejusmodi
3337 356 3617 430 spirituum
3640 338 3728 434 (1)

408 451 655 509 nostrae,
685 457 791 514 qua
818 444 949 499 certi
977 456 1166 500 sumus
1184 485 1197 509 ,
1228 444 1294 500 ad
1320 459 1456 517 aluos
1478 446 1578 502 ista
1604 446 1920 518 perveniant
1939 447 2019 503 of.

412 534 555 607 ﬂciaf
567 535 668 591 sub
688 535 973 608 imaginum
1000 537 1374 607 prostitutione
1392 548 1446 594 et
1467 539 1822 595 humanorum
1846 540 2018 596 nomi-

413 645 544 687 num
585 630 1009 687 consecratione.
1060 630 1164 687 Sed
1205 632 1420 703 quidam
1459 632 1790 690 dementiam
1828 617 2015 690 existi-

412 734 571 780 mant
590 765 606 791 ,
638 724 781 794 quod
808 738 931 780 cum
963 725 1231 796 possimus
1258 735 1314 783 et
1338 728 1641 784 sacriﬁcare
1670 728 1721 783 in
1744 730 2014 799 prmsenti,

411 824 473 873 et
496 816 651 873 illaesi
680 816 829 873 abire
860 826 1114 875 manente
1142 818 1284 889 apud
1315 820 1552 877 animum
1579 822 1853 891 proposito
1875 864 1889 889 ,
1914 822 2014 877 ob-

409 910 756 967 stinationem
799 910 957 966 saluti
1001 911 1368 981 prmferamus.
1415 913 1564 969 Datis
1600 913 1811 970 scilicet
1828 914 2012 970 consi-

408 1001 582 1070 lium,
611 1017 718 1074 quo
758 1003 909 1059 vobis
956 1004 1276 1071 abutamur;
1320 1005 1414 1061 sed
1465 1005 1840 1078 agnoscimus,
1874 1005 2017 1062 unde

410 1095 540 1161 talia
560 1105 944 1167 suggerantur,
969 1097 1087 1167 quis
1110 1106 1278 1154 totum
1305 1098 1406 1154 hoc
1434 1100 1600 1170 agitet
1619 1141 1634 1166 ,
1665 1107 1719 1155 et
1744 1099 2016 1170 quomodo

411 1201 558 1242 nunc
587 1187 779 1243 astutia
810 1185 1067 1242 suadendi
1108 1203 1249 1244 nunc
1278 1188 1472 1244 duritia
1502 1190 1758 1246 saeviendi
1789 1189 1855 1245 ad
1883 1204 2016 1246 con-

412 1279 664 1335 stantiam
716 1288 954 1334 nostram
1000 1280 1359 1351 dejiciendam
1383 1290 1659 1352 operetur.
1693 1282 1787 1339 llle
1812 1282 2020 1338 scilicet

411 1373 638 1444 spiritus
664 1372 1017 1429 dmmouiacat
1040 1384 1095 1429 et
1116 1375 1373 1446 angelica:
1404 1384 1685 1445 paraturae,
1708 1376 1796 1447 qui
1837 1388 2020 1432 noster

410 1468 485 1524 ob
527 1466 811 1523 divortium
869 1468 1094 1522 annulus
1139 1479 1194 1524 et
1236 1468 1306 1524 ob
1337 1468 1432 1524 Dei
1482 1462 1707 1539 gratiam
1771 1468 2015 1537 invidus,

410 1560 483 1617 de
511 1559 781 1615 mentibus
819 1560 1010 1615 vestris
1049 1559 1307 1616 adversus
1346 1570 1446 1615 nos
1477 1562 1781 1631 prmliatur,
1809 1561 2019 1618 occulta

412 1650 808 1722 inspiratione,
856 1651 1142 1707 modulatis
1185 1661 1241 1707 et
1286 1652 1596 1708 subornatis
1637 1652 1707 1710 ad
1754 1668 1968 1710 onmem
1998 1694 2015 1721 ,

2125 457 2183 504 ut
2207 464 2439 519 nequam
2476 456 2654 506 tamen
2671 448 2815 505 servi
2838 449 3004 508 metui
3032 461 3723 524 nonnunquam-contuma-
3791 458 3801 465 '

2120 543 2257 598 ciam
2278 541 2360 617 (2)
2382 544 2639 610 miscent,
2664 553 2719 599 et
2738 543 2937 600 laedere
2956 544 3192 616 gestiunt
3214 560 3350 617 quos
3374 546 3505 603 alias
3527 561 3723 604 veren-

2120 646 2244 693 tur:
2268 636 2450 693 odium
2472 637 2615 694 enim
2639 637 2801 693 etiam
2826 639 2986 692 timor
3007 637 3086 710 (5)
3111 639 3334 710 inspirat
3355 637 3433 713 (b)
3453 681 3469 709 ,
3497 648 3723 710 praeter-

2118 745 2277 800 quam
2293 730 2434 801 quod
2454 729 2532 805 (t)
2551 728 2829 802 desperata
2850 730 3088 787 conditio
3105 745 3289 788 eorum
3302 747 3365 788 ex
3385 732 3724 804 praedamna-

2119 820 2265 878 tione
2283 820 2355 894 (c)
2376 822 2623 878 solatium
2650 831 2859 892 reputat
2884 822 3123 879 fruenda:
3142 822 3356 879 interim
3377 824 3722 895 malignitatis

2118 914 2186 972 de
2215 930 2389 987 paena:
2432 931 2602 971 mora.
2637 915 2707 971 Et
2751 925 2926 971 tamen
2969 917 3293 987 apprehensi
3329 917 3646 991 subiguntur
3670 928 3725 976 ct

2118 1006 2416 1063 conditioni
2448 1021 2560 1062 sua:
2590 1007 2876 1063 succidunt
2903 1007 3020 1079 (5),
3052 1017 3107 1063 et
3143 1021 3278 1079 quos
3320 1006 3388 1063 de
3433 1008 3724 1080 longinquo

2119 1107 2429 1170 oppugnant
2447 1140 2461 1164 ,
2480 1098 2548 1153 de
2566 1099 2812 1167 proximo
2829 1097 3132 1154 obsecrant.
3155 1098 3337 1170 itaque
3352 1097 3480 1154 dum
3497 1100 3616 1155 vice
3636 1099 3719 1172 (6)

2121 1191 2493 1249 rebellantium
2516 1191 2908 1262 ergastulorum
2932 1189 3015 1261 (ti)
3038 1189 3151 1246 sive
3166 1204 3441 1246 carcerum
3462 1232 3478 1257 ,
3500 1191 3585 1246 vel
3611 1207 3723 1249 me-

2125 1285 2398 1353 tallorum,
2419 1285 2505 1341 vel
2519 1284 2621 1339 hoc
2633 1299 2803 1354 genus
2816 1283 3044 1354 ptenalis
3055 1283 3326 1339 servitutis
3348 1281 3421 1356 (e)
3435 1296 3725 1355 erumpunt

2122 1377 2380 1432 adversus
2410 1390 2509 1432 nos
2528 1418 2542 1442 ,
2569 1377 2621 1431 in
2651 1390 2881 1447 quarunt
2909 1382 3176 1444 potestate
3197 1383 3320 1429 sunt
3345 1416 3362 1442 ,
3389 1376 3520 1431 certi
3548 1359 3605 1431 et
3630 1374 3726 1430 im-

2125 1484 2281 1540 pares
2309 1484 2368 1525 se
2393 1484 2514 1525 esse
2538 1477 2591 1525 et
2621 1467 2723 1524 hoc
2753 1467 2923 1539 magis
2962 1466 3200 1537 perditos
3231 1468 3313 1540 (7)
3340 1468 3561 1541 ingratis
3592 1468 3725 1525 resi-

2123 1563 2315 1618 stimus
2342 1571 2400 1617 ut
2425 1560 2692 1653 tequales,
2722 1568 2777 1616 et
2820 1574 3181 1631 repugnamus
3222 1570 3629 1630 perseverantes
3669 1559 3725 1617 in

2122 1668 2191 1710 eo
2217 1652 2360 1725 quod
2391 1650 2731 1724 oppugnant,
2759 1658 2812 1707 et
2841 1651 2963 1707 illos
2984 1664 3252 1721 nunquam
3276 1652 3446 1724 magis
3464 1650 3724 1708 detrium-

412 1760 576 1841 quam
620 1744 673 1801 in
717 1745 1013 1816 primordio
1039 1745 1220 1802 exorsi
1248 1760 1472 1814 sumus,
1504 1756 1561 1803 et
1595 1747 1867 1817 iudicandi
1899 1762 2018 1819 per-
2050 1781 2095 1841 Β
2125 1746 2352 1819 pliamus
2391 1745 2462 1818 (e)
2486 1788 2502 1813 ,
2540 1760 2699 1817 quam
2728 1759 2899 1816 quum
2925 1757 3020 1815 pro
3041 1741 3161 1800 fidei
3179 1742 3537 1802 obstinatione
3569 1743 3725 1802 dam-

414 1836 726 1895 versitatem
748 1847 805 1894 et
821 1837 1078 1894 saeviendi
1101 1837 1456 1910 iniquitatem.
1480 1838 1613 1895 Nam
1632 1839 1758 1896 licet
1778 1838 2021 1910 subjecta

2126 1853 2337 1895 namur.

1658 1952 2046 2013 LECTIONES
2080 1951 2493 2010 VARIANTES.

480 2065 557 2133 (ὲ)
586 2065 825 2133 ξρίπίιυε,
848 2067 1013 2119 Paris.
1038 2067 1149 2133 Βία.

482 2079 535 2129 (ιι
587 2079 623 2118 δ
658 2079 825 2128 tritus,
848 2079 1013 2119 raris.
1038 2079 1149 2133 mg.

586 2079 774 2202 ﬁeri};
813 2143 1165 2202 nonnunquam
1181 2131 1527 2202 ceptumaciae,
1548 2128 1655 2202 cod.
1681 2128 1826 2180 Fuid.

483 2190 558 2258 (ἒξ)
590 2192 672 2258 [ια
702 2190 1098 2258 Ηαυεγαιηιρίᾳρ
1122 2190 1271 2242 Futd.
1306 2190 1481 2258 reliqui
1504 2193 1671 2254 spirat.

483 2254 559 2320 (4)
592 2254 931 2320 Praterquam
954 2254 1022 2320 et,
1049 2256 1224 2317 Frau.,
1251 2254 1529 2320 praeterque
1553 2261 1632 2315 et,
1656 2255 1767 2320 Rig.

2208 2126 2260 2193 6)
2292 2129 2695 2193 Repugnantium
2725 2134 2779 2180 et
2808 2126 2928 2193 add.
2961 2128 3171 2193 flauere.
3198 2127 3349 2180 Fuld.

2185 2065 2260 2188 $5;
2290 2066 2576 2127 Succinunt,
2602 2041 2766 2117 Paris.

2208 2132 2239 2181 6
2292 2129 2695 2188 Repugnantium
2725 2134 2766 2180 el

2290 2066 2576 2127 Succinunt,
2596 2065 2766 2140 .Paris.

2208 2137 2239 2181 b
2292 2129 2695 2193 Repugnantium
2725 2134 2779 2180 et
2808 2126 2928 2179 add.
2961 2128 3010 2178 Η

2185 2191 2234 2257 (7
2294 2192 2547 2254 Perditos,
2573 2192 2727 2243 Fran.
2765 2190 2932 2243 Paris.
2958 2191 3010 2241 L.

1728 2357 2289 2422 COMMENTARIUS.

495 2476 847 2534 CAP.XXVll
858 2476 1027 2548 .—-(a)
1052 2476 1155 2532 Pro
1171 2475 1444 2531 Fide.Non
1458 2475 1848 2548 contemnenda
1862 2484 1944 2531 est
1956 2476 2033 2533 le-

425 2551 534 2604 ctio
556 2551 689 2604 Cod.
714 2549 776 2604 L.
802 2550 863 2605 Β.
880 2547 1216 2618 perﬁdia,cui
1231 2549 1521 2604 assent'ttur
1535 2548 1700 2603 editio
1715 2547 1958 2603 Rhenani
1976 2556 2032 2605 et

425 2616 538 2677 MS.
563 2622 730 2692 Agob.
759 2630 817 2677 ut
846 2622 914 2692 ita
945 2616 1507 2692 innuat'l‘crtullianus
1533 2619 1675 2674 nolle
1693 2618 2030 2675 Christianos

362 2700 367 2701 ⁷
426 2690 1098 2763 illudquaerereeﬂ'ugiutn,
1118 2690 1386 2746 nthostias
1405 2699 1607 2744 tantum
1640 2697 2029 2763 mactent,(-ar-

431 2778 532 2819 nos
561 2761 952 2819 sacrificiorum
973 2763 1277 2825 comedunt,
1307 2763 1462 2817 thura
1484 2761 1796 2821 accendant.
1821 2762 2026 2831 absque

429 2835 748 2902 inquirendo
770 2852 872 2904 qua
898 2835 1027 2889 illud
1051 2835 1335 2890 occasione
1364 2833 1474 2895 ﬁat,
1505 2833 1629 2904 quia
1667 2834 1920 2902 perﬁdam
1953 2835 2024 2888 ita

428 2906 717 2962 redderent
741 2903 1119 2961 conscientiam
1147 2909 1322 2973 s’uam,
1354 2905 1439 2961 cui
1471 2903 1729 2974 perfidae,
1750 2904 1875 2969 i.e.,
1904 2919 2027 2974 pcr-

428 2977 663 3033 suasioni
688 2977 844 3033 mala:
873 2978 1193 3037 obviaimire
1213 2985 1269 3032 et
1293 2990 1481 3031 omnes
1509 2975 1760 3037 introitus
1780 2977 1828 3030 in
1861 2974 2024 3030 corda

428 3064 522 3103 sua
544 3049 830 3105 occludere
870 3033 1098 3105 debent.
1121 3049 1271 3103 Tunc
1309 3046 1437 3103 illud
1465 3063 1587 3116 qua.
1612 3033 1760 3116 quod'
1781 3047 2024 3116 sequitur

428 3130 650 3176 ctmunc
674 3119 741 3175 ad
765 3119 923 3175 iidem
947 3120 1191 3186 refertur,
1225 3119 1385 3174 habet
1412 3119 1722 3173 relationem
1752 3118 1818 3172 ad
1850 3119 2018 3184 ipsam
2051 3124 2096 3187 ρ

428 3193 835 3251 conscientiam.
884 3192 1040 3261 quasi
1072 3191 1396 3261 scripsisset,
1427 3205 1522 3260 per
1565 3204 1723 3261 quam
1767 3190 1897 3261 certi
1928 3204 2024 3245 su-

429 3279 569 3317 mus.
602 3261 849 3319 Conferri
888 3260 1132 3334 possunt,
1165 3260 1286 3333 qua:
1325 3262 1563 3334 disputat
1592 3260 1791 3317 Paulus
1820 3260 1887 3315 de
1929 3274 2027 3316 esu

429 3340 754 3391 siawloSt’rrm
782 3351 817 3388 ι.
847 3331 973 3390 Chr.
1004 3350 1115 3390 vui.
1149 3331 1270 3390 1(8.
1306 3333 1393 3389 10.
1426 3331 1561 3389 ΗΑν.

502 3408 583 3477 (b)
620 3406 793 3461 Timor
818 3407 1053 3478 inspirat.
1099 3405 1173 3461 Ita
1214 3405 1439 3478 reposui
1461 3418 1526 3458 ex
1554 3402 1735 3478 Fnld.;
1758 3418 1861 3458 non
1883 3402 2024 3457 cnim

433 3474 618 3547 spirat,
645 3485 703 3532 ut
727 3478 843 3544 alii,
865 3474 910 3532 i.'
931 3492 1007 3533 e.:
1027 3478 1187 3532 audet
1215 3474 1324 3547 prie
1342 3490 1402 3530 se
1418 3475 1557 3547 ferre
1584 3474 1764 3529 odium
1780 3483 2028 3547 apertum

433 3546 662 3604 obnoxia
686 3551 931 3616 servitus,
964 3548 1057 3603 sed
1101 3546 1325 3617 inspirat
1358 3547 1436 3602 illi
1473 3546 1677 3617 odium,
1702 3546 1825 3617 quia
1866 3560 2025 3617 quem

438 3618 651 3684 metuit,
680 3633 782 3673 non
829 3621 1015 3691 diligit.
1046 3615 1250 3675 Ennius
1294 3616 1589 3691 apudutlic.
1629 3632 1665 3691 it
1732 3615 1833 3672 Off.
1877 3615 2023 3691 quem

442 3699 669 3761 metuunt
695 3688 946 3746 oderuntf
968 3708 1117 3761 quem
1142 3692 1350 3761 quisque
1396 3688 1505 3745 odit
1553 3688 1741 3759 perisse
1801 3688 2024 3759 expedit.

432 3760 549 3818 Huc
572 3762 799 3833 pertinet
826 3760 1159 3834 tyrannicum
1178 3761 1348 3817 illud:

685 3857 895 3908 Oderint
913 3856 1028 3906 dum
1051 3862 1288 3906 metuant.

506 3938 663 4006 Quod
685 3940 962 4010 exagitans
982 3939 1187 3996 Seneca
1216 3956 1253 3994 t.
1273 3938 1441 3993 Clem.
1471 3936 1557 3993 12.
1583 3937 1795 3993 scribit:
1828 3935 1967 3990 Nam
1987 3944 2034 3991 et

434 4012 626 4082 invisus
652 4020 744 4079 est,
773 4012 895 4082 quia
916 4013 1140 4079 timetur,
1163 4022 1208 4066 et
1250 4011 1414 4066 timeri
1441 4012 1544 4064 uult
1576 4010 1701 4081 quia
1729 4010 2028 4064 iuvisuscst.

430 4081 664 4139 Scilicet.
787 4081 794 4082 “
1854 4094 1857 4095 ⁷

590 4176 813 4229 Necesse
834 4184 911 4229 est
936 4177 1112 4229 multos
1136 4179 1324 4239 timeat,
1351 4190 1500 4241 quem
1524 4175 1661 4226 multi
1683 4176 1874 4235 timent,

436 4263 826 4334 prmittuciante
855 4262 1042 4317 Publio
1064 4263 1222 4333 Syro,
1255 4277 1375 4334 vers
1403 4261 1526 4317 453.
1558 4259 1693 4334 Har.

508 4335 588 4401 (c)
624 4332 706 4388 Ea:
731 4330 1176 4399 prwdmunzttioue,
1212 4333 1470 4393 solatium.
1531 4332 1666 4386 Adv.
1711 4330 2034 4386 Marcionem

436 4403 530 4459 lib.
562 4421 621 4461 ιι.
650 4421 697 4460 c.
726 4406 814 4461 10.
847 4404 1009 4473 Quem
1028 4415 1192 4459 tamen
1220 4415 1263 4458 et
1292 4402 1691 4474 prwdamuando
1713 4411 1918 4456 testatus
1939 4411 2032 4474 est,

436 4476 507 4549 ab!
524 4476 853 4549 institutionis
899 4472 1317 4549 farinaklibidine
1349 4475 1557 4549 prapria
1607 4485 1862 4549 concepta:
1887 4472 2037 4549 ultro

438 4545 648 4602 malitia:
690 4547 1014 4603 exorbitasse.
1066 4545 1269 4613 Sensus
1306 4554 1414 4605 est.
1446 4545 1771 4600 immundos
1821 4545 2037 4613 Spiritus

437 4618 673 4674 scientes
703 4620 963 4677 reservnri
986 4634 1045 4674 sc
1068 4619 1133 4673 ad
1168 4633 1379 4687 poenam
1408 4616 1460 4672 in
1492 4617 1630 4671 diem
1654 4615 1868 4674 Judicii.
1897 4615 2037 4669 sola.

445 4690 576 4744 tium
595 4702 843 4759 quierunt
871 4706 1148 4758 pinnarum
1168 4686 1218 4744 in
1252 4690 1360 4757 ipsa
1386 4688 1471 4743 illa
1495 4703 1641 4742 mora
1664 4686 1957 4759 temporis,
1982 4695 2040 4740 ut

448 4757 663 4817 interim
691 4778 810 4818 sese
845 4757 1101 4831 expleant
1140 4762 1425 4831 innnigena
1456 4759 1724 4815 bonorum
1752 4757 2040 4814 afﬂictione

436 4838 490 4888 et
513 4832 753 4888 fruantur
782 4830 1110 4911 malignitate
1139 4846 1256 4887 sua.
1285 4830 1419 4886 Nam

594 4921 826 4974 Solamen
847 4924 1046 4974 miseris
1059 4904 1216 4974 socios
1240 4920 1743 4989 babuissemaloqum.

443 5006 662 5063 Etihinc
691 5007 949 5064 invidiosa
982 5009 1068 5063 illa
1105 5004 1279 5062 oratio
1308 5006 1521 5062 Possini
1569 5005 1635 5060 ad
1681 5004 2036 5059 Prolemmum

444 5078 514 5136 de
544 5078 785 5152 Ponpejo
816 5078 1044 5151 profugo
1074 5078 1214 5151 apud
1233 5078 1528 5142 Lucanum,
1554 5092 1666 5132 vin.
1699 5076 1826 5133 504.

1376 5170 1555 5234 quaerit

691 5233 810 5286 Cum
832 5244 931 5299 qua
962 5240 1115 5298 gente
1137 5234 1293 5284 cadat.
1397 5233 1402 5234 “
1788 5248 1793 5253 ε

441 5321 597 5393 Apud
630 5320 926 5402 _I_.lucianunm
957 5322 1008 5375 in
1033 5320 1168 5402 Dial.
1202 5320 1280 5402 De
1308 5319 1460 5402 Syria
1487 5318 1590 5374 Dea
1611 5333 1664 5402 ρ.
1693 5316 2046 5402 ξ97ηᾱίευῃι

442 5395 683 5449 nonnulli
711 5401 769 5455 ὡς
797 5403 826 5455 ἡ
856 5395 953 5465 ἰίρη
984 5401 1204 5465 φιλέουσα
1232 5398 1514 5465 Κομϐάϐον)
1543 5396 1759 5446 πολλοῖς(
1791 5401 1876 5449 ria
1897 5400 2044 5459 rapis

443 5470 521 5521 ἰπὶ
547 5475 644 5521 νὸον
664 5471 874 5531 ἔϐαλλεν,
901 5472 1024 5526 ὅπως
1039 5478 1107 5533 μὴ
1135 5473 1302 5533 μοῦνος
1336 5471 1411 5519 ἰπὶ
1432 5475 1489 5533 τῇ
1520 5465 1764 5534 ἀνανδρείῃ
1791 5470 2040 5534 leniam-0;

443 5538 481 5592 i.
505 5552 555 5594 e.
574 5537 833 5591 lunonem
854 5552 969 5590 cum
991 5546 1181 5589 amaret
1203 5534 1535 5600 Gombabum,
1558 5533 1742 5588 multos
1767 5533 1835 5585 ad
1860 5549 1913 5586 se
1936 5548 2044 5587 cas-

445 5609 684 5679 trandum
711 5607 997 5678 impulisse,
1028 5623 1092 5679 ne
1135 5607 1273 5662 solus
1302 5607 1390 5679 il_le
1409 5608 1619 5679 lugeret,
1657 5605 1792 5679 quod
1819 5604 2041 5679 eviratns

445 5688 589 5734 esset.
608 5674 947 5735 Castraverat
982 5677 1125 5733 enim
1151 5692 1289 5733 sese.
1328 5676 1402 5733 Ita
1431 5674 1593 5731 multa
1619 5674 1850 5740 sane’per
1875 5674 2040 5728 dicer-

446 5769 527 5827 sas
559 5761 718 5807 terras
748 5755 851 5827 agit
893 5749 981 5806 ille
1020 5749 1105 5824 qui
1135 5765 1242 5806 sua:
1280 5749 1577 5824 perditionis
1623 5748 1785 5805 θοι-ξοδ
1833 5748 2030 5820 quierit.

2136 2479 2307 2551 inquit
2325 2478 2561 2551 Prosper
2590 2478 2889 2551 Aquitanus
2909 2476 2978 2532 de
3003 2476 3261 2532 Promiss.
3285 2484 3343 2534 et
3354 2475 3606 2534 Pmdict.
3629 2477 3729 2536 Dei

2132 2548 2321 2606 dimid.
2355 2549 2544 2619 Temp.
2573 2564 2694 2618 cap.
2720 2564 2793 2603 vr.
2825 2548 2962 2604 llsv.
3342 2618 3347 2619 ί
3552 2580 3565 2591 κ

2204 2620 2285 2694 ((1)
2316 2621 2724 2694 Ergastutoram.
2783 2619 2897 2694 Son
2922 2618 3141 2694 dubium
3168 2619 3296 2694 quin
3337 2618 3584 2694 loquatur
3603 2636 3726 2677 cum

2131 2690 2471 2763 respectu—ad
2500 2691 2770 2747 Romanas
2801 2690 3074 2763 historias,
3102 2693 3153 2745 in
3180 2690 3372 2763 quibus
3397 2692 3580 2747 tritum
3604 2702 3687 2747 est
3709 2736 3726 2756 ,

2128 2760 2351 2820 serviles
2377 2764 2621 2819 homines
2632 2777 2775 2831 saepe
2796 2762 3063 2817 revelasse
3088 2779 3102 2816 :
3124 2760 3386 2817 videndus
3403 2763 3727 2819 Plutarchus

2128 2836 2180 2890 in
2212 2834 2329 2891 Vita
2358 2835 2568 2899 Crassi,
2605 2834 2693 2890 ubi
2748 2834 3061 2903 conspirant
3102 2833 3348 2906 homines
3390 2843 3730 2906 ευρνιιχθὲντες

2127 2908 2300 2961 vincti.
2350 2906 2508 2961 Ponit
2535 2915 2714 2960 autem
2745 2906 3010 2974 ergastula
3058 2920 3157 2971 pro
3203 2904 3506 2960 hominibus
3534 2907 3727 2962 vinctis

2128 2977 2180 3032 in
2205 2978 2507 3048 ergastulis,
2526 2976 2863 3048 sicutpostea
2893 2975 3109 3031 metalla
3137 2991 3231 3046 pro
3251 2976 3554 3032 hominibus
3577 2976 3728 3033 dam-

2137 3046 2287 3105 natis
2302 3049 2368 3104 ad
2393 3048 2625 3104 metalla.
2650 3046 2782 3103 Lac.
2910 3084 2911 3087 η

2201 3122 2278 3194 (e)
2312 3119 2541 3194 Penatis
2585 3119 2867 3194 seruitutis.
2909 3117 3113 3194 Quibus
3156 3119 3298 3194 servi
3346 3117 3487 3174 aﬂici
3531 3118 3727 3175 solent.

2131 3189 2287 3250 Unde
2326 3191 2464 3247 inter
2509 3191 2709 3246 nefaria
2741 3191 2855 3245 Caii
2906 3190 3156 3260 Caligulae
3196 3189 3431 3247 facindra
3489 3200 3734 3246 numerat

2132 3265 2353 3321 Sueten.
2386 3278 2435 3318 c.
2483 3278 2647 3318 xxvu.
2681 3260 2875 3316 Multos
2915 3261 3110 3316 honesti
3154 3262 3377 3323 ordinis,
3420 3263 3730 3332 deformatos

2131 3338 2273 3405 prius
2297 3336 2591 3405 stigmatum
2620 3336 2774 3397 uotis,
2804 3333 2873 3386 ad
2899 3333 3126 3397 nietalla,
3151 3335 3322 3386 autad
3347 3332 3544 3405 viarum
3565 3334 3730 3386 muni-

2131 3402 2312 3470 tiones,
2335 3402 2423 3460 aut
2471 3406 2540 3459 ad
2568 3406 2749 3459 bestias
2782 3404 3154 3466 condemnavit;
3181 3413 3336 3458 erant
3367 3402 3508 3457 enim
3540 3418 3726 3458 servo-

2131 3494 2249 3535 rum
2278 3479 2474 3546 passim
2496 3477 2638 3531 talia.
2662 3473 2811 3531 Unde
2834 3473 2927 3529 ille
2950 3475 3088 3546 apud
3114 3474 3286 3546 Plaut.
3306 3474 3458 3530 Pcen.
3489 3488 3565 3546 Iv.
3598 3489 3655 3528 ιι.
3673 3475 3727 3529 5.

2254 3544 2329 3600 Ita
2350 3560 2432 3598 me
2456 3547 2535 3596 Dii
2559 3553 2742 3606 ament,
2770 3546 2849 3596 vel
2877 3546 2929 3594 in
2950 3544 3181 3608 latumiis,
3207 3545 3284 3595 vel
3311 3546 3358 3594 in
3398 3545 3605 3655 piﬁtrilno
3626 3556 3729 3594 ma-

2980 3648 2985 3655 .
3471 3621 3530 3655 ve
3553 3622 3616 3655 im

2257 3675 2428 3737 Agere
2450 3676 2667 3733 aetatem,
2694 3648 2990 3737 praepeditus
3010 3671 3169 3720 latera
3191 3669 3303 3719 forti
3326 3606 3616 3722 ἡ)ηὲ

2134 3759 2200 3815 Ε(
2227 3759 2404 3816 minax
2437 3756 2604 3830 Hegio
2631 3756 2824 3828 Caput.
2856 3772 2933 3812 ru.
2966 3772 3022 3810 v.
3050 3756 3144 3813 64.

2889 3849 3067 3900 Ducite

2352 3913 2446 3977 Ubi
2470 3914 2978 3977 ponderosas-crassas
2999 3912 3159 3977 capiat
3181 3912 3463 3977 compedes.

2351 3974 2483 4041 inde
2496 3977 2594 4026 ibis
2622 3989 2768 4041 porro
2793 3977 2843 4023 in
2866 3975 3095 4041 latomias
3112 3974 3390 4038 lapidarias:

2352 4038 2425 4103 Ibi
2451 4053 2597 4103 quom
2622 4034 2703 4088 alii
2724 4046 2935 4103 octonos
2955 4034 3206 4103 eli‘odien't,

2351 4099 2455 4151 Nisi
2470 4098 2750 4152 cotidianus
2772 4101 3063 4163 sesquiopus
3083 4098 3374 4163 confeceris,

2355 4163 2750 4226 SexcentOplago
2770 4162 2948 4212 nomen
2972 4163 3167 4213 indetur
3191 4162 3294 4212 tibi.

2138 4248 2218 4305 Ex
2240 4264 2346 4320 quo
2372 4248 2494 4305 loco
2524 4248 2745 4320 pulchre
2776 4250 2934 4303 etiam
2967 4264 3188 4315 pensum
3211 4246 3467 4320 diurnum
3483 4248 3736 4318 lapicida-

2139 4318 2451 4391 rum'colligi
2480 4318 2674 4390 potest.
2700 4319 3133 4375 lilulestissimum
3150 4318 3348 4374 ibidem
3372 4320 3612 4376 laborem
3637 4330 3737 4378 ex-

2142 4401 2326 4463 pertus
2355 4400 2585 4463 teStatur
2605 4391 2883 4462 Tyndarus
2916 4408 2969 4446 v.
3005 4408 3073 4446 Iv.
3107 4407 3147 4463 ι.
3280 4454 3285 4457 τ

2234 4462 2466 4527 Yidipego
2491 4460 2642 4512 multa
2653 4460 2794 4523 saepe
2820 4463 2963 4527 picta,
2989 4475 3101 4526 qua:
3124 4462 3393 4527 Acherunti
3416 4460 3599 4527 ﬂerent

2234 4523 2599 4587 Craniainenta;
2626 4538 2799 4574 verum
2820 4523 3077 4576 enimvero
3097 4524 3230 4575 nulla
3254 4525 3457 4590 adaeque
3481 4530 3559 4574 est
3579 4523 3741 4575 Ache-

3452 4599 3569 4638 runs

3374 4587 3387 4590 “
3430 4587 3587 4649 [runs,

2238 4648 2401 4712 Atque
2420 4650 2503 4699 ubi
2530 4662 2626 4715 ego
2647 4649 2714 4701 fui
2739 4651 2788 4699 in
2812 4649 3103 4714 lapicidinis.
3272 4711 3283 4715 _
3334 4710 3379 4715 __

2145 4711 2272 4767 ﬂare
2301 4710 2588 4783 pinnarum
2610 4729 2806 4783 genera
2847 4710 3196 4768 recensentur
3237 4711 3305 4766 ab
3334 4710 3530 4767 Nostro
3554 4712 3742 4783 etiam

2146 4783 2285 4840 infra
2305 4782 2359 4837 ’c.
2392 4800 2532 4839 xuv.
2562 4782 2643 4838 De
2664 4785 2838 4840 vestris
2871 4785 3061 4855 simper
3081 4793 3258 4839 aestuat
3286 4796 3499 4855 carcer:
3525 4782 3588 4855 de
3628 4800 3743 4837 vrs-

2149 4855 2240 4910 tris
2264 4871 2461 4924 semper
2487 4857 2695 4910 metalla
2719 4854 3017 4926 suspirant:
3045 4856 3108 4910 de
3145 4854 3320 4926 vestris
3349 4870 3546 4923 semper
3568 4854 3741 4908 bestia:

2147 4926 2481 4996 saginantur:
2509 4929 2571 4981 de
2596 4929 2772 4982 vestris
2796 4924 2994 4997 seniper
3022 4924 3299 4980 munerarii
3333 4925 3601 4997 noxiorum
3627 4943 3748 4994 greo

2146 5014 2233 5069 ges
2259 5008 2493 5069 pascunt.
2522 5001 2589 5054 At
2612 5013 2758 5063 vero,
2798 4996 2945 5052 etiam
2972 4997 3060 5069 qui
3095 4997 3415 5069 damnantur,
3444 4996 3498 5069 in
3543 4996 3747 5062 ludum,

2148 5067 2300 5139 quale
2324 5079 2501 5137 est,"nt
2580 5071 2643 5123 de
2687 5070 2870 5124 leviore
2922 5067 3102 5123 delicto
3128 5069 3180 5122 in
3234 5067 3515 5139 homicidas
3576 5085 3750 5123 emen-

2070 5182 2075 5187 .
2149 5138 2354 5196 datione
2379 5142 2676 5211 proﬁciant,
2707 5142 2873 5209 inquit
2904 5139 2996 5194 lib.
3020 5139 3089 5195 de
3130 5139 3376 5211 Spectac.
3429 5138 3562 5195 Nota
3620 5155 3751 5195 vero

2149 5209 2555 5341 angullaetiam
2586 5213 2890 5284 significare
2920 5226 3084 5266 venas
3111 5209 3366 5282 lapidum.
3397 5211 3646 5269 Lucanus
3674 5227 3746 5266 tv.

2304 5354 2442 5407 Tunc
2468 5355 2708 5418 exhausta
2729 5366 2887 5418 super
2908 5353 3062 5418 multo
3083 5353 3261 5404 sudore
3284 5353 3516 5417 juventus

2304 5418 2591 5469 Extrahitur
2611 5417 2749 5467 duris
2769 5416 2964 5467 silicum
2991 5416 3164 5468 lassata
3187 5416 3413 5468 metallis.

2145 5512 2201 5560 et
2224 5519 2299 5559 vt.
2333 5504 2422 5560 54.

2298 5594 2535 5658 Ingentes
2555 5600 2724 5644 cautes
2748 5591 3012 5658 avulsaque
3035 5606 3155 5644 saxa
3178 5592 3402 5645 metallis.
3435 5592 3563 5644 ΗΑν.

2214 5679 2294 5756 (1)(
2314 5681 2597 5756 Nunquam
2623 5682 2788 5752 magis
2826 5681 3284 5756 detriumphamus.
3302 5681 3531 5756 Prosper
3558 5679 3746 5751 Epigr.

2184 5820 2187 5823 _
2224 5752 2233 5756 '
2268 5752 2403 5815 Quod
2428 5753 2718 5820 plerumque
2743 5752 2853 5808 mali
2882 5752 2930 5805 in
2954 5761 3149 5805 sanctos
3170 5753 3348 5804 saevire
3366 5752 3615 5808 sinuntur.
3659 5805 3691 5816 ,ο
3736 5804 3755 5816 δ
