4126 6340
428 306 535 365 439

1859 306 2323 366 TERTULLIANI

3630 314 3738 372 440

431 438 534 479 nor
580 423 854 479 Caesarum
920 421 1118 477 milites
1165 420 1407 477 excubiis
1451 422 1563 478 suis
1608 422 1687 497 (l)
1717 422 1860 479 salva
1892 439 2032 495 pr:e-
2059 427 2114 487 Α
2137 432 2355 491 eorum,
2380 423 2474 496 qui
2497 438 2620 481 eam
2651 439 2757 479 non
2789 431 3040 495 putamus
3064 424 3118 480 in
3146 424 3392 483 manibus
3416 440 3537 484 esse
3567 428 3742 498 plum-

430 523 575 570 stant
605 512 705 586 (a).
735 514 870 568 Puto
893 523 1070 568 autem
1100 554 1117 579 ,
1150 511 1232 568 [NB
1271 515 1401 584 ipsa:
1439 515 1677 570 materiae
1707 515 1775 572 de
1799 516 2030 572 metallis

427 606 702 666 Caesarum
749 604 1006 671 veniunt,
1033 614 1088 662 et
1134 614 1245 663 tota
1295 609 1490 679 templa
1538 609 1606 666 de
1642 619 1772 665 nutu
1800 609 2030 666 Caesaris

428 706 679 755 constant
720 697 813 768 (b).
863 696 1016 753 Multi
1064 698 1295 771 denique
1321 700 1395 756 dii
1435 700 1738 757 habuerunt
1763 701 2028 759 Caesarem

428 792 645 848 iratum.
675 790 824 847 Facit
852 791 919 847 ad
944 806 1187 848 caussam
1213 836 1228 861 ,
1257 794 1302 848 si
1328 803 1384 850 et
1416 796 1702 867 pr0pitium
1727 837 1742 864 ,
1771 811 1892 852 cum
1922 797 2031 853 illis

430 885 641 957 aliquid
662 886 743 958 (2)
769 895 859 942 aut
894 886 1230 943 liberalitatis
1252 896 1345 943 aut
1374 888 1663 961 privilegii,
1694 890 1924 948 con‘l‘ert.
1954 892 2029 948 lta

429 980 523 1051 qui
569 986 697 1034 sunt
743 978 797 1035 in
842 978 1072 1035 Caesaris
1116 972 1421 1050 potestate,
1450 981 1626 1053 cujus.
1648 991 1703 1038 et
1742 984 1841 1039 toti
1869 995 2024 1053 sunt,

430 1071 704 1146 quomodo
747 1070 1018 1129 habebunt
1061 1058 1289 1129 salutem
1320 1072 1547 1130 Caesaris
1570 1075 1623 1130 in
1654 1084 1937 1145 potestate,
1971 1089 2032 1132 ut

430 1182 551 1223 eam
599 1175 859 1239 praestare
902 1180 1061 1236 posse
1110 1167 1409 1233 videantur,
1443 1183 1602 1239 quam
1632 1169 1841 1225 facilius
1869 1170 1970 1241 ipsi
2001 1186 2031 1226 a

414 1260 648 1317 .Caesare
661 1258 1202 1331 consequuntur(3)?
1234 1258 1357 1316 Ideo
1382 1274 1510 1331 ergo
1538 1259 1622 1332 (4)
1643 1262 2033 1320 committimus

436 1351 495 1409 in
538 1351 875 1422 majestatem
923 1353 1339 1422 imperatorum,
1367 1351 1490 1423 quia
1534 1352 1653 1409 illos
1680 1369 1785 1421 non
1816 1355 2049 1425 subjici-‘

2130 517 2270 574 batis
2299 518 2399 589 (c).
2428 517 2534 574 Sed
2577 533 2673 572 vos
2717 517 2951 588 religiosi
2976 518 3092 591 (5),
3120 520 3207 589 qui
3236 534 3356 575 eam
3383 520 3624 592 quaeritis
3649 520 3740 577 ubi

2133 626 2239 666 non
2266 621 2383 677 est,
2414 610 2592 681 petitis
2615 624 2645 664 a
2674 611 2865 681 quibus
2909 609 3022 665 dari
3066 626 3172 666 non
3215 619 3432 682 potest,
3462 612 3740 684 praeterito

2132 717 2199 760 eo
2227 703 2281 758 in
2308 703 2461 773 cujus
2490 712 2573 760 est
2600 713 2887 775 potestate.
2934 703 3158 775 Insuper
3186 718 3281 760 eos
3304 703 3587 761 debellatis
3605 747 3621 772 ,
3650 704 3743 776 qui

2134 811 2252 853 eam
2278 797 2456 852 sciunt
2482 804 2667 866 petere
2686 836 2702 862 ,
2734 796 2828 868 qui
2857 786 3022 853 etiam
3050 796 3257 868 possint
3283 796 3362 869 (6)
3403 797 3695 869 impetrare
3721 838 3741 867 ,

2133 889 2261 946 dum
2285 889 2464 946 sciunt
2494 898 2697 961 petere.

2809 980 3037 1039 CAPUT
3080 980 3246 1038 XXX.

2131 1076 2605 1134 Ancuusmuu.—
2629 1072 2782 1130 Solos
2807 1075 2940 1129 enim
2966 1072 3283 1130 Christianos
3310 1090 3405 1145 pro
3428 1072 3753 1146 Imperatore'

2208 1168 2373 1225 Deum
2398 1184 2592 1235 verum,
2608 1167 2769 1223 Deum
2783 1167 2944 1222 viuum
2958 1167 3209 1234 invocare,
3227 1168 3375 1222 illum
3392 1167 3572 1235 Deum,
3596 1184 3745 1239 quem

2207 1262 2528 1328 naturaliter,
2567 1270 2613 1315 et
2637 1277 2691 1315 se
2730 1262 2975 1333 majorem
3026 1263 3163 1316 novit
3189 1262 3298 1332 ipse
3323 1260 3748 1332 lmperator,cui

2208 1366 2391 1410 cuncta
2411 1355 2573 1421 debet,
2590 1370 2732 1424 aquo
2756 1363 3033 1424 exspectat.
3059 1355 3135 1409 Ab
3156 1356 3249 1410 hoc
3276 1354 3413 1421 illos,
3432 1371 3547 1426 qua:
3568 1354 3749 1426 Impe-

2122 1486 2127 1489 »
2210 1448 2523 1518 ratori,orbi,
2543 1448 2638 1503 sibi
2658 1456 2765 1503 tuta
2775 1448 2897 1517 sint,
2915 1449 3015 1520 pie,
3040 1465 3172 1519 vere,
3196 1459 3328 1505 recte
3353 1459 3520 1521 petere
3530 1450 3755 1523 etimpe-

1650 1560 2031 1631 LECTIONES
2068 1562 2488 1623 VARIANTES.

437 1458 561 1504 mus
588 1442 749 1500 rebus
772 1444 926 1511 suis;
956 1444 1080 1516 quia
1124 1459 1231 1499 non
1274 1443 1508 1500 ludimus
1545 1446 1612 1502 de
1639 1445 1820 1502 ofﬁcio
1848 1448 2035 1505 salutis

612 1674 730 1727 Suis
750 1709 766 1735 ,
789 1672 921 1727 abest
952 1673 1116 1725 Paris.

505 1675 581 1805 ξιξ
612 1675 730 1749 Suis
750 1709 766 1735 ,
789 1675 1116 1747 abestParis.
1162 1734 1167 1737 _
1195 1737 1204 1747 _
1279 1737 1288 1746 ι
1598 1735 1607 1746 ⁸
1638 1734 1650 1747 ⁸
1730 1744 1733 1749 η

529 1739 559 1805 g
613 1737 666 1805 S_i
691 1744 745 1789 et
763 1738 1001 1801 propitius
1024 1728 1346 1805 illis_a]_iquid,
1371 1736 1464 1802 leg.
1483 1738 1701 1791 Parasiti.

507 1798 582 1866 (3)
615 1798 1015 1863 Consequantur,
1038 1798 1148 1851 cod.
1175 1798 1333 1865 Lugd.

2319 1678 2461 1729 Enim
2475 1714 2489 1737 ,
2512 1676 2623 1729 cod.
2644 1676 2876 1729 Fuldens.

2319 1741 2612 1804 Irreligiosi,
2636 1741 2791 1792 Fran.

2322 1805 2550 1867 Possint,
2576 1804 2728 1856 Fran.

2075 1789 2123 1849 Β
2213 1679 2289 1872 lii

1809 1908 2373 1989 COMMENTARIUS.

572 2022 690 2087 Ipse
710 2034 827 2073 suas
847 2034 990 2073 arces
1007 2026 1159 2086 atque
1179 2021 1359 2088 inclyta
1382 2023 1565 2087 templa
1585 2024 1778 2090 petivit,

578 2108 643 2159 Et
664 2107 948 2173 Capitolinis
969 2106 1142 2171 injecit
1164 2108 1368 2161 sedibus
1388 2110 1575 2174 ignem.
1611 2113 1627 2145 '~

467 2246 623 2316 Quod
658 2261 781 2303 cum
828 2246 1132 2317 saepissime
1171 2246 1432 2303 accidisse
1462 2254 1706 2302 veterum
1757 2247 2061 2302 testimonia

468 2318 778 2383 declarent,
814 2326 923 2372 tum
969 2318 1204 2388 Apollini
1248 2320 1410 2373 etiam
1451 2319 1731 2382 accidisse,
1768 2327 1824 2373 et
1852 2319 2066 2388 quidem

509 2405 756 2445 (nuarum
814 2388 960 2462 vice,
1021 2388 1238 2458 quando
1284 2389 1502 2462 Babylar.
1548 2390 1801 2462 martyris
1821 2392 2071 2462 “cineres

509 2407 756 2445 (lanarum
814 2407 960 2452 vice,
1021 2407 1238 2458 quando
1284 2407 1502 2462 nanyia‘.
1548 2407 1801 2462 martyris
1859 2407 2069 2446 cineres

471 2407 600 2517 foco
630 2462 833 2515 moveri
867 2461 1045 2523 vellet,
1091 2470 1281 2515 auctor
1311 2472 1391 2514 est
1416 2461 1740 2516 ’l‘heodoret.
1760 2459 1864 2515 Διΐ.
1895 2460 2069 2517 Gra-c.

471 2532 603 2588 Cur.
635 2546 691 2602 p.
716 2532 839 2588 142.
869 2537 970 2586 Καὶ
991 2537 1017 2585 ὁ
1041 2542 1270 2604 Δαφναῖος
1293 2525 1512 2587 Ᾱπὸλὶων
1543 2539 1622 2587 τόν
1666 2541 1888 2604 ἡμιτιρον
1916 2556 2075 2605 παρα-

464 2611 703 2675 σκιυὲσᾳς
726 2610 1041 2675 μετατεθῆναι
1067 2614 1239 2675 νεκρὸν,
1265 2607 1501 2672 οὐρανόθεν
1520 2608 1712 2669 ἐδέξατο
1740 2613 1817 2659 τὸν
1845 2612 2071 2667 σκηπτὸν.

479 2676 619 2742 Quin
657 2674 966 2728 hominibus
1014 2675 1175 2729 etiam
1231 2676 1658 2740 obnoxiiisunt,
1704 2691 1809 2730 non
1871 2686 2074 2731 tantum

482 2744 699 2816 quando
724 2755 879 2815 capta
910 2744 1040 2799 urbe
1066 2745 1135 2798 ab
1162 2745 1404 2800 hosribus
1430 2746 1617 2801 eadem
1657 2756 1862 2816 strages
1894 2760 2075 2802 minus

475 2826 534 2872 et
564 2817 761 2888 templa
782 2858 796 2880 ,
834 2816 1022 2871 eadem
1064 2821 1248 2888 rapina
1280 2832 1432 2872 sacra
1459 2829 1517 2873 et
1561 2818 1780 2887 profana
1804 2818 2073 2887 involvit,

477 2887 576 2960 sed
604 2903 726 2943 cum
756 2888 1031 2960 perfessor
1073 2887 1298 2959 aliquis,
1329 2888 1412 2942 fur
1436 2890 1517 2944 vel
1542 2897 1727 2960 praedo
1749 2904 1859 2960 ipsa
1903 2890 2074 2946 simu-

475 2959 625 3031 lacra
671 2969 727 3013 et
764 2959 989 3013 deorum
1036 2971 1344 3014 ornamenta
1390 2960 1586 3014 aufert.
1625 2959 1782 3015 Natat
1816 2961 2075 3031 Diogenes

474 3028 723 3085 Laertius
755 3030 1079 3085 Demetrium
1122 3032 1403 3097 quemdam
1434 3031 1804 3101 philosophum
1839 3028 2074 3088 Ixionem

483 3102 950 3172 cognominatum,
981 3102 1231 3172 quoniam
1273 3103 1462 3172 injuria
1489 3102 1742 3158 all‘ecerat
1767 3103 2035 3159 lunonem
2058 3146 2073 3169 ,

2156 2044 2206 2084 c.
2238 2029 2295 2103 4.
2316 2028 2641 2084 concludens
2669 2044 2683 2082 :
2717 2027 2783 2082 In
2811 2044 2868 2081 eo
2897 2027 3063 2103 igitur
3094 2029 3213 2103 quia
3242 2028 3467 2103 homines
3494 2032 3764 2103 sacrilegia

2160 2102 2417 2155 uindicare
2450 2117 2549 2155 non
2579 2110 2832 2168 poterant,
2862 2100 3085 2168 aportuit
3112 2101 3245 2154 [deos
3264 2102 3401 2171 ipsos
3430 2103 3509 2156 sui
3536 2100 3767 2160 vindices

2167 2189 2293 2228 esse.
2326 2171 2379 2227 Id
2406 2187 2537 2227 vero
2566 2171 2760 2244 factum
2786 2186 2891 2244 non
2922 2181 3022 2237 est,
3059 2187 3158 2244 nec
3186 2174 3237 2225 in
3268 2174 3520 2244 Dionysio
3543 2175 3633 2227 illo
3660 2190 3765 2231 nec

2171 2245 2224 2298 in
2253 2244 2390 2302 aliis.
2436 2258 2624 2299 secure
2654 2243 2771 2298 ideo
2807 2242 3001 2315 Jovem
3032 2243 3312 2299 aEIatrante
3346 2242 3579 2315 cyniseo
3618 2247 3765 2315 apud

2175 2315 2467 2370 Lucianum
2507 2329 2719 2380 rursus,
2748 2315 2845 2368 sibi
2898 2314 3030 2369 nihil
3055 2315 3121 2369 ab
3158 2316 3273 2385 ipso
3301 2314 3538 2370 metuere
3562 2314 3767 2385 praédi-

2173 2401 2303 2460 cans
2353 2406 2365 2441 :
2408 2393 2509 2460 insi
2551 2386 2840 2460 οὐδὀὠιτοῖις2
2865 2396 2993 2460 etc_.,
3031 2387 3068 2441 i.
3100 2401 3148 2441 e.
3169 2386 3410 2460 quoniam
3452 2403 3611 2460 neque
3646 2388 3768 2445 illos

2174 2459 2313 2529 ipsos
2350 2457 2626 2529 sacrilegos
2671 2457 2841 2526 puniri
2874 2457 3055 2529 uideo:
3087 2460 3175 2511 sed
3207 2458 3412 2528 plurimi
3438 2457 3619 2513 manus
3648 2475 3769 2514 ves-

2176 2527 2281 2583 tras
2306 2527 2573 2600 eﬂ'ngiunt.
2599 2528 2728 2596 Quae
2750 2529 2925 2582 omnia
2956 2528 3177 2600 pulchre
3198 2531 3508 2600 exsequitur
3532 2531 3771 2600 Prosper

2175 2602 2521 2670 Aquitanicus
2552 2599 2628 2654 lle
2668 2600 2921 2653 Promiss.
2954 2611 3006 2653 et
3048 2599 3295 2670 Praedict.
3335 2599 3424 2655 lib.
3456 2616 3532 2655 tu.
3575 2617 3625 2655 c.
3670 2599 3768 2658 38.

2178 2669 2469 2727 ostendens
2494 2671 2691 2726 nullam
2721 2671 2824 2724 vim
2860 2671 3068 2725 cunctis
3091 2669 3339 2726 Gentium
3368 2672 3475 2726 Diis
3506 2675 3682 2727 inesse
3712 2684 3773 2730 ut

2178 2744 2547 2797 auctoritatem
2568 2757 2720 2796 suam
2746 2751 2931 2796 contra
2965 2759 3127 2796 unum
3156 2741 3322 2797 lilium
3354 2742 3587 2798 hominis
3613 2743 3775 2799 Chri-

2177 2824 2317 2888 stum
2349 2814 2959 2888 cruciﬁxunrtueantur.
2995 2811 3162 2869 Verba
3190 2819 3305 2888 ejus
3333 2825 3476 2869 sunt.
3508 2813 3609 2869 Hic
3622 2824 3775 2888 tanta

2179 2886 2387 2957 deorum
2446 2886 2537 2938 illa
2580 2883 2726 2957 turba
2752 2894 3025 2957 certorum
3078 2895 3226 2954 atque
3273 2887 3598 2951 incertorum,
3625 2883 3777 2957 ‘quos

2190 2955 2349 3011 Varro
2373 2956 2561 3028 prodit,
2589 2955 2671 3009 illi
2693 2956 2846 3028 etiam
2871 2972 3101 3027 proceres
3127 2967 3172 3010 et
3198 2957 3341 3010 electi
3385 2957 3491 3023 dii,
3515 2974 3629 3010 cum
3649 2955 3770 3028 ipso

2177 3043 2294 3100 rege
2334 3045 2426 3082 suo
2462 3027 2587 3083 Jove
2623 3026 2841 3096 fulmina
2878 3028 3131 3082 vibrantes
3168 3029 3380 3082 consilio
3426 3026 3775 3100 potentia‘que,

2181 3111 2235 3152 ut
2260 3116 2434 3154 eorum
2466 3100 2683 3153 cultores
2712 3102 2900 3170 ferunt,
2924 3100 3199 3161 metuendi,
3227 3100 3481 3168 armisque
3505 3100 3775 3169 terribiles,

484 3170 605 3243 quin
629 3172 802 3244 qualis
832 3170 1172 3227 luerit‘ilocet
1195 3170 1492 3245 HesYchius
1524 3173 1779 3229 Milesius.
1809 3185 2080 3245 Δημήτριός
2106 3180 2151 3243 C
2187 3171 2266 3245 hic
2289 3172 2370 3224 hic
2398 3171 2614 3240 aliquid,
2643 3170 2686 3223 si
2715 3187 2815 3245 non
2841 3186 2933 3238 pro
2956 3171 3168 3238 mundo,
3198 3171 3374 3245 saltem
3409 3189 3501 3240 pro
3530 3188 3582 3225 se
3604 3188 3777 3245 apor-

483 3268 557 3306 τις
600 3250 754 3322 iuga;
796 3254 925 3322 ῐξζων
975 3249 1242 3322 instigari,
1268 3248 1407 3322 bibet
1450 3251 1645 3305 λοπίδας
1670 3256 1844 3322 χρυσᾶς
1876 3254 2083 3322 ulla?»

482 3327 568 3371 τοῦ
595 3320 643 3369 ἐπὶ
664 3309 983 3388 eiiciatinqu
997 3332 1081 3376 τῆς
1107 3309 1231 3388 liful,-
1254 3319 1529 3388 ἀγᾷρλματος
1554 3309 1765 3388 ἐφωρῖθη
1794 3334 1809 3383 ;
1835 3320 1869 3371 i.
1895 3335 1945 3372 e.
1975 3316 2085 3373 De-

496 3388 704 3460 metrius
742 3386 895 3452 alter,
934 3386 1262 3458 cognomento
1304 3386 1458 3442 Ia‘ion
1506 3386 1695 3457 dictus,
1726 3391 1861 3459 quod
1907 3390 2086 3460 depre-

496 3458 680 3514 hensus
742 3461 923 3530 fuerit
955 3462 1096 3528 furto
1163 3458 1745 3517 subduxissebracteas
1788 3458 1979 3514 aureas
2021 3459 2086 3514 ab

488 3528 857 3603 Alexandriam
895 3528 1117 3603 lunonis
1152 3532 1443 3585 simulacro.
1474 3530 1751 3602 Rogatque
1775 3532 2082 3603 Menippum

487 3599 701 3670 Jupiter
724 3616 797 3659 an
823 3601 1202 3671 comprehensi
1248 3612 1431 3658 essent
1463 3599 2081 3672 qui'Do’douzeum't'em-

490 3672 638 3742 plum
672 3673 957 3744 sacrilegio
982 3675 1324 3742 spoliassent.
1357 3673 1512 3742 Apud
1547 3672 1833 3729 Lucianum
1873 3691 1929 3745 p.
1957 3673 2085 3730 29L.

489 3745 546 3800 in
588 3745 1015 3815 lcaronieuippo.
1048 3747 1262 3801 Seilicet
1296 3754 1354 3799 ut
1381 3760 1508 3799 vere
1530 3745 1827 3815 Baruchus,
1861 3761 1980 3815 cap.
2010 3761 2083 3800 γι.

492 3814 585 3870 56.
615 3813 798 3888 Neque
831 3828 1009 3888 contra
1038 3819 1198 3888 fures,
1230 3832 1390 3886 neque
1416 3813 1692 3888 prazdones
1715 3817 1869 3869 tutari
1900 3813 2090 3888 seipsos

490 3884 911 3956 possunt’liguei,
950 3884 1195 3957 argentei,
1243 3884 1482 3957 au‘reique
1521 3889 1616 3941 dii.
1660 3884 1946 3953 Quomodo
1975 3884 2089 3955 ipsi

487 3956 802 4027 sacerdotes
855 3958 969 4011 dea:
999 3956 1166 4027 Syria:
1198 3958 1249 4012 in
1281 3956 1421 4011 furto
1448 3956 1922 4027 deprehenduntur
1950 3957 2089 4025 apud

488 4025 789 4080 Lucianum
847 4026 900 4082 in
955 4025 1122 4082 Asino
1176 4045 1229 4098 p.
1286 4029 1407 4083 154.
1468 4025 1801 4083 occultantes
1858 4028 2088 4097 phialam

489 4110 738 4175 auream,
766 4113 830 4175 ex
862 4098 1091 4175 delubro
1124 4110 1335 4175 raptum
1376 4099 1680 4175 donarium,
1727 4100 1779 4151 in
1810 4100 1928 4152 sinu
1976 4099 2091 4153 deae

489 4182 623 4241 suae.
644 4168 943 4241 lrridetque
957 4170 1120 4241 Solon
1139 4169 1276 4241 apud
1294 4168 1588 4225 Lucianum
1620 4171 1866 4224 Croesum
1897 4182 2094 4237 aureos

490 4237 689 4294 lateres
715 4238 950 4307 Apollini
977 4237 1337 4295 destinantem
1356 4282 1371 4305 ,
1397 4243 1447 4293 in
1479 4241 1771 4303 Charonte,
1805 4241 1925 4293 aliis
1949 4241 2092 4295 scili-

442 4360 445 4363 .
492 4319 582 4382 cet
625 4312 1203 4382 paratainetopimam
1244 4312 1501 4380 praedam.
1534 4311 1737 4381 Lepide
1755 4309 1998 4382 Cynicus
2023 4310 2093 4382 ad

492 4380 681 4437 Jovem
705 4380 845 4451 apud
870 4380 1114 4447 Lucian.,
1148 4386 1199 4437 in
1228 4383 1363 4437 Dial.
1396 4382 1481 4436 cui
1513 4380 1708 4438 nomen
1740 4380 1865 4451 Jup.
1889 4381 2093 4436 Conlu-

490 4459 638 4524 tatus
661 4469 674 4504 :
697 4442 780 4513 ι’ξὶῖι
801 4459 892 4520 γὰρ
910 4460 1075 4518 λέγειν,
1102 4442 1233 4519 etc.,
1254 4454 1355 4508 i.e.
1376 4452 1567 4508 Omitto
1596 4471 1682 4508 vos
1714 4442 1921 4524 perinde
1947 4463 2099 4523 atque

495 4539 591 4596 nos
618 4522 901 4596 latrociniis
926 4535 969 4575 et
996 4525 1277 4596 sacrilegiis
1305 4526 1575 4595 compilari
1601 4543 1632 4578 a
1653 4522 1935 4596 sacrilegis,
1958 4522 2097 4596 etes

496 4594 760 4649 ditissimis
782 4595 1133 4664 pauperrimus
1154 4606 1407 4649 momento
1430 4598 1667 4666 temporis
1691 4594 2097 4661 evaderemtulti

494 4666 632 4720 enim
675 4678 893 4720 vestrum
918 4680 981 4718 ea:
1012 4682 1139 4719 auro
1168 4678 1437 4736 argentove
1473 4668 1683 4736 conﬂati
1715 4679 1852 4722 sunt.
1888 4668 2098 4736 Exper-

497 4746 585 4790 tus
613 4737 805 4806 Apollo
838 4755 850 4791 :
881 4751 1040 4806 quem
1078 4737 1218 4791 idem
1270 4737 1486 4792 Lucian.
1533 4742 1728 4793 misere
1769 4738 2096 4793 denudatum

500 4809 775 4887 prostituit
810 4807 1038 4887 inluve
1068 4808 1353 4887 'l‘ragmdo,
1389 4809 1475 4861 ubi
1513 4809 1585 4862 ita
1623 4809 1917 4887 Mercurius
1944 4828 1963 4887 _:
2000 4816 2101 4887 Keil

499 4886 591 4949 γὰρ
604 4883 683 4933 καὶ
699 4888 776 4934 τὸν
796 4880 994 4935 Ᾱπόλὶω
1019 4885 1043 4933 ὁ
1065 4883 1205 4941 αὐτὸς
1229 4888 1536 4950 πολύχρυσον,
1553 4891 1683 4947 etc.,
1700 4883 1737 4934 ἱ.
1766 4896 1817 4937 ρ.
1847 4880 1953 4936 Sed
1969 4882 2103 4935 enim

499 4952 588 5004 ille
608 4952 736 5024 ipse,
779 4952 1041 5007 Homerus
1061 4967 1163 5017 sc.,
1187 4952 1300 5005 auri
1331 4953 1476 5024 multi
1500 4962 1544 5005 et
1585 4969 1738 5020 apum
1768 4968 2101 5024 possessorem

506 5023 799 5091 Apollinem
829 5025 959 5077 dixit
984 5041 1004 5077 :
1029 5040 1178 5093 quem
1204 5037 1368 5075 tamen
1398 5023 1451 5074 in
1476 5025 1711 5077 extremis
1750 5023 2004 5078 sedentem
2023 5024 2099 5077 vi-

512 5093 671 5157 debis,
720 5096 916 5164 direpta
951 5096 1048 5162 ipsi
1077 5112 1108 5146 a
1138 5094 1418 5148 latronibus
1439 5110 1646 5159 corona,
1677 5104 1723 5148 et
1752 5095 1998 5164 surreptis
2025 5094 2100 5147 ci-

512 5166 674 5231 tharae
700 5164 978 5220 verticillis.
1010 5167 1141 5233 Qua:
1169 5166 1386 5235 qualem
1413 5165 1627 5220 indubie
1654 5180 1717 5220 ex
1748 5168 1983 5220 Varrone
2003 5165 2104 5219 de-

509 5246 723 5308 sumpta
743 5247 890 5301 sunt,
922 5238 1073 5307 cujus
1104 5237 1460 5308 fragmentum
1491 5252 1558 5291 ex
1584 5236 1788 5308 Satyris
1809 5237 2104 5308 Menippeis

510 5306 618 5362 huc
635 5305 895 5378 Spectaiis
924 5305 1141 5363 exhibet
1183 5307 1337 5362 nobis
1361 5308 1566 5363 Arnob.
1603 5305 1695 5361 libi
1724 5322 1792 5361 vi.
1834 5305 1930 5361 Ubi
1954 5308 2102 5359 deui-

510 5394 606 5448 que
633 5381 817 5450 Apollo
847 5380 1068 5444 divinus,
1100 5396 1215 5432 cum
1240 5396 1270 5432 a
1294 5379 1473 5449 p.rut_is
1505 5379 1872 5449 maritimisque
1906 5379 2105 5450 prcede-

510 5451 656 5503 nibus
678 5449 741 5504 et
777 5450 1026 5519 spoliatus
1062 5452 1134 5503 itu
1185 5463 1279 5513 est,
1323 5462 1368 5503 et
1409 5450 1663 5516 incensus,
1704 5459 1757 5507 ut
1787 5464 1849 5502 ea:
1884 5459 1955 5501 tot
1984 5449 2097 5502 auri

509 5521 837 5593 ponderibus,
860 5536 974 5593 qua:
1002 5521 1204 5588 iit/inita
1228 5532 1578 5593 congesserunt
1614 5520 1824 5587 stecula,
1846 5537 1909 5574 ne
1937 5535 2096 5593 unum

508 5590 711 5662 quidem
743 5591 976 5646 habuerit
1012 5590 1478 5663 scripulum,'quod
1504 5593 1856 5648 hirundinibus
1883 5590 2097 5660 hospitis

507 5690 805 5750 ostenderet.
839 5683 948 5744 Sed
978 5681 1110 5738 illud
1142 5683 1406 5747 superest,
1430 5681 1490 5728 ut
1518 5669 1699 5750 iiiiseri
1728 5666 1905 5750 verbis
1931 5675 2094 5750 etiam

507 5736 1229 5822 EBKiEHéiioQié"rideantur:
1251 5789 1267 5813 ,
1306 5736 1714 5822 Ρνουιηξδίῖξδιίηὲ
1740 5738 1803 5822 δη,
1840 5736 2094 5822 ῡίΨξΥδῘΫ

954 5807 1264 5883 illoeoruni
1291 5807 1522 5873 ostendit
1566 5809 1873 5866 Lactantius
1912 5807 2004 5863 lib.
2032 5819 2091 5859 ll.

2189 3243 2318 3313 lebat
2347 3258 2514 3313 agere,
2561 3258 2625 3296 ne
2660 3241 2848 3296 scilicet
2892 3257 3025 3295 unus
3084 3258 3166 3313 eos
3207 3244 3435 3311 perderet
3476 3243 3779 3311 cruciﬁxus.

2197 3311 2397 3368 Perisse
2420 3330 2535 3367 vero
2560 3322 2604 3367 et
2634 3329 2725 3367 nos
2753 3313 2981 3367 novimus
2999 3354 3016 3380 ,
3038 3324 3083 3367 et
3108 3312 3273 3368 David
3303 3315 3548 3384 preplteta
3578 3315 3778 3383 conﬁr-

2193 3395 2297 3456 mat
2320 3385 2527 3449 ,dicens
2566 3400 2583 3439 :
2618 3385 2764 3454 periit
2794 3388 3054 3456 memoria
3070 3401 3246 3456 eorum
3283 3402 3396 3439 cum
3449 3386 3691 3456 strepitu,
3730 3394 3784 3440 et

2190 3455 2441 3510 Dominus
2461 3457 2513 3509 in
2544 3468 2787 3509 aeternum
2818 3467 3002 3510 manet.
3040 3455 3174 3511 Hav.

2264 3530 2343 3596 (a)
2390 3526 2633 3598 Excubiis
2658 3528 2762 3580 suis
2792 3528 2931 3579 salva
2978 3537 3241 3598 pra'stant.
3291 3528 3488 3583 Vocem
3534 3530 3638 3583 suis
3671 3542 3786 3585 non

2186 3607 2482 3669 agnoscunt
2511 3597 2630 3652 Ald.
2672 3608 2725 3653 et
2763 3597 3076 3653 Rhenanus.
3109 3599 3244 3655 Hinc
3268 3600 3479 3655 interim
3511 3601 3685 3655 discas
3717 3600 3783 3655 lio

2188 3683 2310 3736 cet,
2356 3672 2668 3738 pretiosiora
2695 3672 2978 3725 simulacra
3014 3686 3172 3725 manu
3212 3672 3438 3727 militum
3474 3672 3637 3726 luisse
3660 3687 3789 3725 cus-

2192 3742 2389 3805 tudila,
2423 3741 2562 3810 quod
2611 3751 2665 3795 ct
2710 3742 3065 3809 pulcherrime
3107 3742 3283 3798 discas
3327 3760 3391 3797 ex
3438 3743 3556 3799 loco
3586 3742 3789 3798 Justini

2192 3810 2436 3881 Martyris
2459 3828 2487 3865 a
2518 3812 2591 3865 La
2616 3811 2783 3869 Uerda
2813 3812 2973 3866 allato
3014 3830 3027 3865 :
3074 3814 3166 3868 sed
3196 3823 3277 3868 est
3298 3815 3434 3870 alter
3474 3814 3734 3869 Lactantii
3760 3829 3778 3879 ;

2195 3883 2240 3936 is
2272 3884 2364 3935 lib.
2420 3898 2475 3936 ιι.
2506 3900 2556 3935 c.
2586 3884 2639 3936 4.
2677 3884 2745 3936 de
2775 3882 2923 3938 hisce
2958 3887 3148 3939 statuis
3173 3887 3242 3939 ita
3265 3885 3483 3939 disserit
3512 3902 3525 3938 :
3556 3886 3791 3940 Aderant

2192 3969 2323 4028 ergo
2342 3954 2602 4014 mortalia,
2636 3964 2689 4006 ut
2711 3970 2741 4005 a
2763 3955 3061 4028 mortalibus
3089 3958 3225 4023 facta
3255 3974 3273 4011 :
3308 3959 3479 4028 frangi
3499 3959 3650 4019 enim,
3676 3973 3793 4011 ere-

2192 4025 2324 4077 mori
2359 4033 2569 4093 possunt
2606 4040 2666 4077 ac
2692 4027 2874 4092 perire.
2912 4024 3052 4080 Nunt
3088 4040 3134 4080 et
3177 4024 3318 4082 tectis
3346 4024 3790 4082 uetustatelaben-

2194 4094 2324 4168 tibus
2348 4110 2483 4168 swpe
2511 4097 2783 4168 comminui
2812 4098 2992 4165 solent,
3022 4108 3068 4152 et
3099 4109 3398 4168 consmnpta
3431 4100 3662 4153 incendio
3699 4100 3789 4153 di—

2195 4166 2434 4243 labuntur
2451 4167 2504 4219 in
2532 4167 2749 4243 cinerem
2774 4183 2792 4220 :
2823 4180 2869 4221 et
2898 4170 3192 4243 plerumque
3216 4166 3337 4243 [nisi
3353 4188 3444 4224 sua
3465 4171 3569 4243 illis
3592 4170 3797 4241 magni—

2199 4236 2320 4324 tudo
2345 4237 2646 4324 subuenerit,
2677 4247 2765 4324 aut
2800 4236 3031 4324 custodia
3070 4236 3285 4313 dilige-ns
3323 4242 3557 4324 sepserjt]
3579 4244 3632 4295 in
3659 4236 3795 4324 prin:

2197 4308 2315 4361 dum
2358 4308 2556 4379 furibus
2601 4311 2995 4383 ceduntpquod
3045 4308 3192 4367 certe
3232 4308 3424 4368 accidit
3470 4308 3667 4383 Priapo
3702 4312 3798 4367 isti

2198 4393 2501 4453 marmoreo
2522 4380 2660 4453 apud
2687 4380 2913 4436 Martial.
2942 4397 3014 4437 Vl.
3044 4383 3133 4437 72.
3168 4383 3424 4453 Adeoque
3450 4384 3517 4439 de
3543 4380 3800 4439 omnibus

2199 4450 2314 4504 istis
2346 4451 2501 4517 nugis
2526 4451 2830 4507 exclamare
2861 4453 2990 4508 libet
3033 4455 3170 4508 istml
3210 4450 3424 4509 Firniici
3454 4455 3522 4510 de
3554 4454 3800 4509 Palladio

2200 4522 2252 4593 i_n
2283 4520 2494 4593 libello“
2522 4522 2591 4576 de
2643 4522 2841 4577 Errore
2890 4526 3095 4593 prol‘an.
3127 4526 3377 4582 Gentium
3411 4544 3424 4578 :
3458 4525 3677 4580 Incensa
3723 4534 3801 4578 est

2121 4559 2173 4618 D
2283 4559 2495 4606 nec...“
2522 4559 2619 4604 ue.
2643 4559 2841 4607 uno...
2883 4559 3095 4607 ,μιυιαιμ
3127 4559 3377 4582 υυιιιιιι...
3411 4566 3423 4578 .
3458 4559 3677 4607 “mea...
3723 4559 3795 4606 es.

2206 4591 2363 4668 Z’ro‘ia
2386 4610 2421 4668 ιι
2452 4591 2664 4653 (:m’cts,
2696 4610 2727 4646 a
2755 4593 2918 4649 Gallis
2949 4595 3135 4661 Roma,
3163 4608 3208 4650 et
3230 4614 3292 4653 ea:
3320 4609 3533 4668 utroque
3559 4595 3795 4650 incendio

2202 4662 2844 4737 Palladiumreservatam
2880 4677 2995 4737 est,
3026 4668 3131 4723 Sed
3174 4662 3481 4724 reservatum
3522 4685 3623 4722 non
3672 4684 3802 4737 pro-

2205 4736 2327 4810 priis
2353 4735 2651 4810 virtutibus,
2684 4738 2771 4790 sed
2793 4736 3014 4792 humano
3042 4740 3301 4810 prwsidio,
3332 4741 3395 4794 ab
3421 4751 3637 4809 utroque
3666 4735 3808 4794 enim

2206 4808 2316 4861 loco
2345 4808 2829 4882 lio_niines__liberaut;
2854 4823 2900 4864 et
2923 4808 3225 4865 translatum
3245 4823 3336 4879 est,
3364 4828 3427 4866 ne
3453 4808 3677 4866 humano
3695 4811 3804 4882 fla-

2206 4889 2374 4950 graret
2394 4879 2651 4950 incendio.
2687 4881 2823 4937 HAV.

2280 4949 2360 5020 (h)
2392 4947 2518 5026 Tota
2548 4950 2737 5019 templa
2769 4953 2833 5007 de
2871 4967 2996 5010 nutu
3044 4956 3108 5009 C.
3170 4955 3245 5011 De
3287 4954 3524 5026 Caligula
3573 4953 3804 5026 Sueten.

2209 5035 2260 5094 c.
2294 5035 2428 5075 χιιι.
2456 5020 2691 5090 Dotoque
2713 5029 2911 5094 negotio
2930 5069 2945 5092 ,
2983 5038 3035 5082 ut
3061 5028 3337 5087 simulacra
3365 5020 3655 5091 numinum,
3686 5024 3811 5079 relic

2207 5092 2356 5164 gione
2378 5104 2424 5146 et
2454 5104 2563 5146 arte
2593 5092 2839 5170 praeclara
2863 5140 2878 5163 ,
2910 5101 3042 5154 inter
3069 5114 3184 5168 qua
3213 5098 3469 5170 Olympici
3497 5096 3529 5149 .1
3537 5099 3680 5170 ovis,
3708 5113 3813 5167 ap-

2208 5174 2528 5234 portarentur
2546 5182 2574 5218 e
2603 5164 2819 5241 Graecia,
2844 5171 3023 5239 quibus
3049 5164 3214 5236 capite
3234 5164 3437 5241 dempto
3461 5186 3614 5223 suum
3640 5164 3811 5238 impo—

2210 5244 2401 5312 iterent,
2436 5246 2629 5312 partem
2660 5239 2838 5312 palatii
2861 5242 2929 5294 ad
2965 5245 3130 5312 forum
3159 5258 3317 5311 usque
3342 5239 3591 5311 promouit
3610 5281 3625 5304 ,
3657 5250 3812 5303 atque

2207 5305 2583 5386 miletiastoris
2623 5305 2941 5386 et‘Pollucis
2965 5305 3029 5366 ἰιι
3076 5305 3369 5386 uestibulum
3410 5313 3811 5386 transﬁgurata,

2209 5380 2483 5451 consistens
2512 5393 2646 5451 stepe
2685 5383 2816 5435 inter
2854 5387 3036 5451 fratres
3080 5386 3199 5438 deos
3228 5384 3452 5437 medium
3500 5398 3554 5437 se
3586 5380 3821 5436 adoran-

2209 5449 2331 5500 dum
2358 5449 2656 5505 adeuntibus
2675 5449 2961 5509 exlnbebat.

2281 5520 2355 5589 (c)
2381 5517 2687 5576 Plumbatis.
2714 5521 3002 5581 Plumbutat
3024 5541 3202 5579 manus
3227 5536 3351 5581 sunt
3376 5524 3553 5580 fulcro
3572 5523 3809 5595 quodam

2239 5594 2398 5653 lumbi
2440 5597 2801 5653 ferruminata:
2821 5642 2836 5666 ,
2868 5616 2935 5654 ne
2974 5598 3125 5653 facile
3155 5598 3545 5653 delaberentur
3581 5594 3669 5651 vel
3698 5598 3796 5650 de-

2216 5670 2487 5742 riscerent,
2506 5677 2563 5723 ut
2578 5678 2721 5723 recte
2748 5671 3088 5742 interpretes.
3109 5668 3162 5723 ld
3182 5671 3234 5722 in
3253 5669 3630 5742 incurvatioue
3673 5667 3800 5742 bra-

2198 5739 2440 5867 ειιίοιῦιιιι
2471 5749 2527 5794 et
2550 5755 2800 5797 manuum
2826 5739 3137 5800 extensione
3165 5744 3439 5813 pi‘ncipue
3467 5739 3795 5811 requireba-

2206 5820 2312 5867 tur.
2389 5826 2472 5866 av.

2206 5820 2312 5867 llll‘.
2338 5820 2472 5867 ηειν.
