4126 6340
442 326 562 394 ιιι

454 551 608 598 meus
636 551 773 593 unus
801 542 911 600 est,
942 535 1084 590 Deus
1111 514 1473 605 omnipotens.
1507 542 1563 589 et
1604 542 1839 588 aeternus
1871 573 1886 598 ,
1914 532 2057 589 idern

457 634 549 707 qui
580 634 637 691 et
666 628 855 703 Ipsius.
886 628 987 696 Qui
1037 637 1192 700 pater
1218 628 1405 700 patriae
1434 635 1518 683 est
1537 668 1551 693 ,
1578 626 1857 699 quomodo
1882 628 2061 684 domi-

459 747 563 791 nus
586 738 689 787 est.
711 726 819 786 Sed
842 732 925 782 est
943 724 1149 796 gratius
1178 721 1258 796 (1)
1285 737 1482 779 nomen
1511 722 1752 793 pietatis,
1781 738 1940 794 quam
1968 739 2065 795 po-

460 821 708 888 testatis;
740 821 902 877 etiam
949 815 1172 872 familia:
1224 815 1396 886 magis
1423 823 1637 886 patres,
1667 824 1826 886 quam
1860 815 2063 871 domini

461 923 745 972 vocantur.
769 912 941 968 Tanto
959 908 1042 982 (Ξ)
1064 909 1238 973 abest,
1257 918 1313 963 ut
1330 908 1622 979 imperator
1639 905 1771 963 deus
1781 907 1971 964 debeat
1985 906 2061 980 (a)

462 1006 567 1065 dici
592 1050 608 1077 ,
636 1005 781 1078 quod
822 1019 928 1059 non
970 1010 1146 1074 potest
1185 1000 1333 1057 credi
1372 1016 1480 1057 non
1522 1000 1683 1058 modo
1713 1003 2021 1073 turpissima
2048 1044 2063 1071 ,

464 1100 562 1158 scd
588 1108 646 1157 et
671 1098 757 1172 (ὅ)
788 1097 1091 1170 perniciosa
1116 1093 1422 1150 adulatione
1447 1112 1462 1162 ;
1505 1102 1759 1166 tanquam
1787 1096 1830 1150 si
1864 1094 2067 1152 habens

466 1190 849 1263 imperatorem
869 1231 884 1256 ,
912 1188 1139 1244 alterum
1167 1187 1404 1259 appelles
1424 1230 1439 1257 ,
1475 1203 1653 1244 nonne
1692 1188 1983 1244 maximam
2013 1198 2070 1246 et

468 1284 859 1342 inexorabilem
890 1281 971 1355 (4)
1000 1280 1262 1338 offensam
1288 1280 1576 1338 contrahes
1597 1282 1714 1353 ejus
1739 1324 1752 1349 ,
1785 1297 1944 1353 quem
1975 1282 2069 1338 ha-

469 1375 633 1439 buisti
657 1419 674 1446 ,
702 1376 867 1433 etiam
911 1374 1011 1445 ipsi
1042 1373 1334 1431 timendam
1353 1415 1368 1441 ,
1397 1389 1556 1445 quem
1592 1373 1915 1445 appellasti?
1941 1377 2072 1433 Esto

470 1469 755 1541 religiosus
784 1469 837 1526 iu
876 1466 1069 1535 deum,
1096 1466 1188 1539 qui
1215 1466 1296 1521 vis
1324 1466 1472 1523 illum
1500 1467 1790 1539 propitium
1832 1471 2070 1541 impera-

472 1569 597 1624 tori.
626 1566 822 1623 Desine
846 1564 1007 1620 alium
1038 1563 1206 1619 Deum
1232 1562 1411 1619 colere
1434 1563 1520 1619 vel
1542 1562 1764 1622 credere
1779 1604 1795 1632 ,
1818 1572 1978 1636 atque
1998 1564 2071 1620 ita

472 1658 697 1715 ethunc
724 1658 883 1714 deum
914 1656 1094 1712 dicere
1119 1699 1135 1723 ,
1164 1655 1250 1711 cui
1291 1654 1395 1711 deo
1426 1654 1501 1726 (b)
1553 1672 1689 1726 opus
1730 1665 1831 1714 est.
1875 1657 1933 1715 Si
1964 1672 2074 1714 non

474 1752 543 1811 de
572 1752 855 1810 mendacio
891 1748 1164 1807 erubescit
1205 1748 1443 1805 adulatio
1472 1749 1771 1823 ejusmodi,
1800 1750 2071 1810 hominem

1872 320 2335 382 TERTULLIANI

448 447 567 505 vice
608 442 805 500 dicam.
834 441 1100 499 Craterum
1139 438 1278 496 liber
1305 452 1426 495 sum
1460 437 1544 515 illi
1576 456 1591 506 ;
1624 437 1875 495 dominus
1905 439 2047 495 enim
2074 453 2130 511 Α
2222 441 2430 497 illorum
2447 441 2751 499 conscientia
2779 442 2946 515 potius
2961 458 3114 514 quam
3137 440 3355 499 lascivia
3375 441 3652 511 celebrent,
3685 442 3774 497 ob.

3657 324 3775 383 452

2233 546 2486 592 servantes
2505 538 2595 592 illa
2606 536 2848 605 modeste,
2866 538 3162 603 verecunde,
3179 537 3284 608 pud
3296 537 3504 615 ice,pie;
3526 536 3677 591 aliter
3701 552 3767 592 ac

2234 628 2334 699 ipsi
2353 628 2575 684 Romani
2587 632 2716 686 inter
2725 647 2849 702 quos
2864 648 2964 686 non
2980 630 3117 701 plebs
3136 640 3338 685 tantum
3352 627 3606 685 Ctesarem
3633 644 3774 699 stepe

2237 722 2466 778 convitiis
2481 722 2754 792 discindat,
2777 740 2959 779 novum
2983 734 3133 794 atque
3152 739 3338 779 novum
3362 723 3416 778 in
3437 723 3567 790 dies,
3599 720 3781 777 lucelli

2240 829 2416 879 causa,
2442 814 2592 886 idque
2618 816 2672 871 in
2704 819 2815 887 ipso
2840 817 3104 889 congiario
3130 817 3408 871 dividundo
3425 824 3659 893 exaptat,
3678 812 3777 871 sed

2247 909 2350 982 ipsi
2380 907 2674 973 Senatores,
2703 909 2931 982 Equites,
2961 909 3223 965 Primores
3263 908 3414 966 Urbis
3454 909 3782 966 Castrorum-

2248 1021 2364 1076 que,
2391 1004 2507 1058 vitte
2524 1003 2739 1059 Cesaris
2759 1004 3074 1068 immineant,
3102 1013 3148 1058 et
3178 1020 3292 1058 cum
3320 1000 3531 1069 Cassiis,
3569 999 3774 1075 Nigris,

2244 1097 2538 1168 Albinisque
2577 1096 2884 1167 conspirent,
2904 1097 3089 1169 grandi
3101 1097 3297 1151 interim
3316 1095 3607 1157 ltetitiarum
3620 1112 3782 1168 appa-

2242 1203 2358 1247 ratu
2385 1192 2454 1246 ad
2479 1191 2793 1265 eruptionem
2819 1207 2979 1261 usque
2996 1190 3335 1262 proditionem
3354 1206 3502 1244 suam
3525 1198 3769 1261 tegentes.

2250 1283 2441 1340 Nullos
2462 1286 2513 1339 in
2539 1284 2617 1339 Itis
2642 1283 2859 1338 inveniri
2882 1281 3222 1351 Christianos,
3245 1281 3334 1353 qui
3358 1297 3449 1336 nec
3476 1279 3776 1352 Astrologos

2246 1380 2308 1435 de
2326 1378 2492 1435 salute
2516 1376 2776 1434 Ctesarum
2802 1376 3089 1442 consulant,
3118 1374 3257 1449 quod
3280 1374 3392 1446 ﬁeri
3418 1390 3522 1430 non
3565 1381 3731 1447 potest
3755 1415 3776 1444 ,

2246 1472 2344 1528 nisi
2369 1487 2539 1527 rerum
2568 1485 2814 1526 novarum
2851 1467 3164 1542 cupiditate",
3203 1484 3237 1522 a
3287 1484 3389 1539 qua
3437 1465 3518 1522 illi
3565 1468 3776 1522 omnino

2247 1566 2539 1622 abhorrent.

2246 1659 2539 1731 Propterea
2582 1658 2744 1731 igitur
2790 1657 2991 1731 publici
3038 1656 3222 1713 hostes
3266 1653 3595 1721 Christiani,
3652 1653 3782 1725 quia

2177 1751 2594 1825 imperatoribus
2640 1766 2813 1822 neque
2838 1764 3010 1809 vanos
3033 1764 3208 1820 neque
3229 1746 3557 1806 mentientes
3600 1761 3783 1818 neque

474 1848 634 1904 deum
681 1845 956 1918 appellans
980 1886 994 1912 ,
1028 1844 1214 1900 timeat
1244 1842 1433 1900 saltem
1464 1826 1533 1900 de
1571 1843 1823 1901 infausto.
1856 1847 2076 1905 Maledi-
2103 1838 2152 1901 B
2181 1846 2494 1907 temerarios
2520 1843 2755 1900 honores
2781 1843 2869 1899 die
2882 1851 2975 1898 ant
2994 1885 3008 1908 ,
3061 1842 3184 1914 quia
3213 1857 3355 1898 verte
3382 1840 3661 1913 religionis
3681 1839 3783 1897 bo-

478 1950 624 1996 ctum
650 1947 735 1996 est
759 1947 883 1995 ante
911 1936 1229 2011 apotheosin
1278 1935 1350 2009 (ο)
1383 1936 1544 1994 deum
1575 1938 1844 1996 Caesarem
1869 1957 2075 1999 nuncu-

475 2049 606 2109 pare
632 2034 737 2107 (5).

1051 2122 1279 2181 CAPUT
1316 2122 1536 2180 XXXV.

478 2215 1006 2281 Anconeu'ruu.—-N
1009 2233 1073 2273 on
1089 2217 1258 2289 itaque
1269 2225 1398 2273 recte
1408 2216 1635 2286 publicos
1647 2217 1813 2274 hostes
1841 2218 2085 2275 Christia-

551 2332 643 2372 nos
655 2316 774 2385 dici,
792 2313 929 2387 quod
938 2321 1121 2368 cratera
1140 2311 1192 2366 in
1206 2308 1551 2383 Imperatores
1570 2311 1816 2384 religiosi,
1835 2314 2083 2369 solemnia

2179 1940 2352 1997 mines
2375 1938 2535 1999 etiam
2556 1937 2817 1994 solemnia
2838 1951 3047 2004 eorum,
3074 1935 3403 1992 conscientia
3425 1936 3604 2007 potius
3617 1948 3783 2005 quam

2181 2032 2401 2089 lascivia
2426 2031 2725 2091 celebrant.
2747 2029 2964 2087 Grande
2984 2028 3236 2087 videlicet
3258 2027 3496 2086 ollicium
3514 2070 3530 2097 ,
3554 2026 3709 2085 focos
3728 2035 3788 2087 et

2184 2136 2335 2185 toros
2364 2126 2416 2182 in
2445 2125 2718 2198 publicum
2766 2124 3037 2192 educere,
3071 2123 3289 2179 vicatim
3315 2121 3521 2193 epulari
3542 2162 3558 2189 ,
3596 2120 3793 2176 civita-r

2188 2228 2296 2275 tem
2325 2219 2561 2275 taberna:
2593 2218 2774 2273 habitu
2802 2214 3136 2274 abolefacere
3167 2215 3248 2288 (6)
3274 2257 3289 2282 ,
3320 2213 3446 2270 vino
3480 2212 3656 2269 lutum
3684 2226 3785 2269 co-

2188 2329 2315 2386 gere
2345 2314 2428 2386 (d)
2492 2314 2803 2370 catervatim
2829 2312 3090 2369 cursitare
3115 2310 3183 2368 ad
3210 2309 3437 2382 injurias
3458 2351 3474 2380 ,
3504 2307 3572 2366 ad
3600 2308 3785 2382 impu-

1692 2428 2076 2489 LECTIONES
2118 2430 2537 2488 VARIANTES.

550 2544 618 2614 (l)
653 2546 735 2598 Sic
765 2544 883 2614 _cod.
912 2542 1064 2609 Lugd.
1091 2542 1174 2594 II.
1195 2548 1241 2614 et
1262 2543 1342 2594 ed.
1366 2542 1508 2608 Ald.;
1532 2540 1620 2614 alii
1647 2557 1664 2594 :
1688 2543 1787 2595 Sed
1812 2553 1865 2597 et
1885 2559 1959 2611 gr.
1989 2551 2082 2608 est,

485 2608 611 2667 cui;
630 2624 671 2660 s.
690 2610 781 2660 sed
804 2616 856 2659 et
871 2608 1147 2673 gr._n0t_nen
1169 2612 1263 2668 est,
1283 2613 1401 2671 etc.,
1421 2621 1462 2659 s.
1483 2608 1573 2659 sed
1590 2614 1643 2659 et
1664 2622 1741 2673 gr.
1768 2608 1965 2672 nomen,
1984 2617 2082 2661 etc.

568 2674 617 2723 2i
655 2673 834 2722 Autem
857 2669 999 2722 addit
1022 2671 1174 2720 Fran.

569 2735 616 2787 3i
655 2735 757 2787 Nisi
783 2748 879 2784 non
904 2747 1013 2787 per.
1039 2735 1191 2784 Eran.

569 2794 615 2860 4)
654 2794 1079 2860 Iuexplicabilem,
1106 2794 1217 2860 cod.
1243 2796 1495 2860 Agobard.

569 2857 615 2923 5)
643 2857 813 2926 Codd.
837 2858 973 2926 ές]ρρ
997 2896 1020 2926 ,_
1039 2857 1195 2926 Lugd.
1234 2857 1447 2924 uterque
1466 2897 1479 2919 ,
1504 2864 1551 2911 et
1570 2858 1665 2926 _ed.
1695 2857 1872 2926 Pantel.
1900 2873 2081 2926 unum.

482 2920 613 2993 parl.
632 2925 696 2977 In
715 2924 803 2976 cod
826 2920 975 2974 Fuld.
998 2920 1204 2975 'Iuec’vv.
1226 2920 1490 2988 sequuntur
1514 2936 1531 2972 :
1559 2920 1675 2973 Scio
1697 2927 1748 2973 te
1765 2923 1860 2972 isto
1884 2925 2081 2974 nomine

549 2674 565 2930 l

2189 2545 2317 2597 male
2354 2544 2489 2597 velle
2514 2551 2567 2595 et
2585 2544 2713 2595 male
2738 2544 3004 2594 abominari
3016 2553 3040 2605 ',
3064 2549 3121 2595 ut
3155 2543 3359 2606 vivente
3398 2542 3557 2593 adhuc
3574 2542 3797 2606 impera-

2186 2616 2298 2671 tore
2337 2609 2501 2660 Deum
2540 2608 2789 2670 appelles,
2816 2608 3163 2671 quodnomen
3204 2605 3274 2655 illi
3310 2612 3556 2657 mortuum
3596 2605 3796 2659 accidit.

2187 2669 2206 2735 (
2218 2671 2340 2735 Hav.
2365 2685 2492 2735 corr.
2518 2669 2711 2735 mortuo
2732 2669 2970 2735 accedit.)

2254 2732 2503 2805 (6)_Rhen.
2527 2731 2730 2805 ,hGelen.
2786 2728 3148 2805 letLScaligerj
3171 2728 3317 2805 obole
3334 2730 3510 2805 facere
3526 2743 3655 2805 {pro
3699 2731 3797 2805 ha-

2182 2793 2290 2846 bitu
2304 2793 2440 2848 'Hav.
2466 2796 2677 2849 scribere
2698 2794 2867 2847 maluit
2893 2793 3077 2848 iubila.
3104 2796 3222 2851 Cod.
3248 2793 3399 2851 Fuld.
3424 2807 3443 2846 .'
3467 2793 3723 2849 civitatem
3742 2794 3801 2846 in

2180 2861 2400 2912 taberna:
2425 2862 2641 2911 habitum
2655 2859 2932 2912 demutare.

1832 3028 2395 3118 COMMENTARIUS.

561 3151 639 3224 (a)
668 3147 805 3224 Deus
828 3146 1005 3224 debeat
1030 3144 1147 3201 dici.
1185 3145 1347 3224 Quod
1374 3158 1568 3224 nomen
1598 3143 1775 3224 vivos.
1793 3144 1902 3224 sibi
1930 3159 2086 3224 usur-

528 3214 645 3279 τιέεέ
683 3220 1029 3277 Aurelianum
1075 3228 1124 3273 et
1177 3221 1368 3272 Carum
1405 3216 1563 3272 docet
1612 3214 1972 3286 Spanhcmius
2015 3216 2084 3272 de

540 3311 608 3351 ε..
636 3293 825 3349 Prmst.
853 3291 1010 3350 Num.
1041 3307 1092 3360 ρ.
1122 3287 1251 3350 418.
1280 3286 1428 3360 ιι9κ
1455 3288 1725 3360 productis
1755 3289 2086 3360 etiantgipsis

490 3366 740 3428 nummis,
769 3364 823 3423 in
853 3357 1054 3427 quibus
1077 3360 1272 3432 legitur
1297 3377 1310 3416 :
1342 3357 1481 3432 1)Εο
1511 3357 1886 3432 μΤροιιιῃο
1905 3357 2090 3432 ΝᾹΤῼ

489 3432 885 3497 AVliELlANO
931 3432 1089 3490 AVG.
1134 3428 1236 3489 ἘΤ
1284 3429 1417 3488 DEO
1463 3431 1549 3486 ΕΤ
1607 3428 1862 3487 00311Νο
1906 3430 2091 3487 CARO

494 3509 658 3567 AVG.
686 3507 798 3565 luto
822 3517 1018 3579 praeter
1050 3503 1408 3579 Domitianum
1437 3513 1492 3558 et
1514 3503 1674 3560 Caius
1697 3502 1748 3559 id
1778 3503 2041 3579 allectava
2072 3545 2087 3571 ,

490 3591 552 3657 ut
612 3588 757 3657 patet
806 3573 1169 3657 ex_siu_gulari
1213 3576 1625 3657 ejus“numnio,
1679 3590 1837 3649 quem
1890 3573 2093 3657 prpiert

490 3646 695 3723 Spanh.
724 3667 777 3723 p.
804 3649 931 3711 417.
970 3648 1109 3723 Cum
1156 3646 1268 3718 ipsa
1321 3646 1711 3723 {Egypliuruui
1740 3661 1870 3723 gens
1903 3646 2091 3723 ad_ula-

495 3718 627 3781 tioni
655 3734 707 3780 et
726 3718 981 3779 servituti
1009 3730 1127 3774 nata
1151 3762 1165 3785 ,
1202 3735 1354 3789 rcges
1384 3718 1909 3790 adhucisuperstites
1955 3718 2094 3790 Det»

496 3812 616 3853 rum
639 3797 853 3868 quidem
878 3792 1170 3868 honoribus
1195 3790 1456 3868 coluerit,
1487 3789 1583 3868 _s_ed
1605 3789 1725 3868 sine
1769 3790 1861 3868 Dei
1909 3789 2095 3861 appel-

492 3852 694 3923 latione
717 3909 731 3934 ,
764 3865 904 3936 quod
935 3862 1274 3936 ltonorissnli
1302 3852 1460 3936 ρειτῘό
1487 3860 1688 3917 Xerxis
1712 3852 1850 3935 patri
1878 3852 2099 3918 conces-

497 3954 615 3996 sum
644 3932 825 3995 narrat
852 3936 1116 3991 Diodorus
1142 3933 1235 3987 lib.
1262 3948 1298 3986 ι.
1325 3932 1460 3989 ΙΙΑγ.

575 4010 654 4077 (b)
685 4008 813 4064 Deo.
858 4006 991 4063 Fuld
1020 4005 1159 4059 Deis.
1187 4004 1420 4077 Elegans
1438 4005 1689 4077 locusest
1712 4003 1856 4077 apud
1880 4003 2094 4059 Arrian.

499 4081 553 4138 in
585 4075 721 4150 Eiip.
757 4080 908 4134 Alex.
955 4078 1022 4133 M.
1060 4078 1095 4130 l.
1120 4090 1222 4150 Διν.
1249 4091 1303 4147 p.
1328 4075 1484 4150 _166.
1520 4075 1607 4150 ubi
1650 4075 1788 4150 inter
1813 4075 2098 4150 a_li:_t_argu-

500 4092 553 4138 in
585 4092 721 4150 Exp.
757 4092 908 4134 Alex.
955 4092 1022 4133 Μ.
1060 4092 1095 4130 1.
1147 4092 1222 4130 tv.
1249 4092 1303 4147 p.
1358 4092 1484 4130 100.
1520 4092 1607 4129 unt
1650 4092 1788 4130 Inter
1813 4092 1913 4130 alia
1942 4092 2001 4129 ar
2040 4092 2098 4130 u-

500 4162 680 4208 menta
709 4147 1294 4224 quibusadorationem
1327 4146 1488 4218 Regis
1519 4092 2101 4224 dissuadctACallistFie-

502 4240 600 4280 nes
628 4232 682 4278 ct
708 4218 808 4277 hoc
835 4221 918 4279 vel
952 4220 1180 4275 maxime
1207 4230 1323 4274 est:
1353 4224 1552 4286 υῧκουν,
1570 4218 1760 4288 inquit,
1778 4221 1881 4273 οὖδὶ
1905 4218 2109 4285 Augu-

505 4299 626 4367 apag,
645 4305 747 4350 etc.
762 4294 815 4361 ,i.
844 4309 893 4349 e.
919 4290 970 4346 Ν
976 4308 1097 4367 eque
1121 4291 1253 4346 enim
1270 4302 1528 4367 pateretur
1549 4288 1836 4367 Alexander
1856 4290 2109 4367 privatum

506 4358 724 4439 aliquem
764 4358 1191 4439 regiosultonores
1237 4358 1480 4439 electione
1508 4358 1866 4439 sulfragiisqne
1896 4360 2107 4434 illegiti-

412 4470 415 4473 λ
505 4434 602 4494 mis
629 4434 896 4506 usurpare.
932 4435 1096 4506 Multo
1138 4434 1309 4506 itaque
1324 4434 1520 4504 justius
1558 4435 1676 4506 deos
1705 4434 2104 4506 indignaturos,

508 4511 554 4565 si
581 4511 692 4582 quis
727 4504 1020 4582 mortalium
1046 4504 1242 4582 divinos
1273 4507 1486 4561 honores
1527 4504 1621 4559 sibi
1650 4504 1871 4578 arroget,
1904 4516 1993 4560 aut
2039 4505 2102 4559 ab

507 4576 624 4637 aliis
644 4581 838 4635 delatos
852 4580 1112 4633 sustineat.
1143 4576 1278 4632 Ilav.

580 4655 655 4726 (ε)
685 4650 1145 4726 Maledictumest.
1194 4648 1425 4702 Omnino
1456 4646 1667 4726 egregia
1699 4655 1824 4726 sunt
1849 4663 1966 4726 quae
1998 4647 2100 4726 hoc

509 4718 683 4796 capite
711 4721 860 4778 all'ert
892 4719 1249 4796 Herald._tum
1279 4720 1690 4796 prtcsertimhic
1713 4762 1728 4786 ,
1774 4718 1878 4796 ubi
1902 4736 1972 4796 es
1998 4718 2099 4773 Τει-

510 4789 617 4855 οἰιό
640 4797 794 4851 docet
822 4809 1004 4849 verum
1035 4792 1134 4847 loci
1159 4789 1397 4861 sensum,
1422 4792 1507 4861 ubi
1535 4789 1744 4860 Lipsius
1769 4793 1929 4846 etiam
1960 4789 2101 4845 hunc

511 4867 825 4923 Tertulliani
881 4866 1056 4921 locum
1089 4865 1139 4917 in
1183 4873 1359 4933 partes
1387 4860 1649 4933 advocare
1695 4877 1802 4933 non
1846 4862 2100 4933 neglexit.

513 4938 630 5011 Ego
672 4955 739 4994 ne
781 4938 1020 5011 aliorum
1046 4932 1241 5011 scrinia
1294 4932 1633 5011 compilem,_
1661 4932 1854 5011 addam
1881 4932 2101 5011 quch

514 5003 743 5066 Art'iann
782 5018 837 5064 ct
876 5008 1059 5065 Curtio
1106 5007 1331 5075 aliisque
1357 5005 1657 5060 observavi.
1684 5003 1758 5058 lbi
1785 5045 1801 5070 ,
1832 5004 1972 5074 apud
2000 5007 2100 5075 Ar-

515 5083 653 5138 rian.
684 5082 773 5135 lib.
803 5096 875 5136 iv.
908 5096 960 5151 p.
999 5074 1290 5151 165._edit.
1325 5077 1671 5151 Przrccptoris
1696 5075 1800 5151 mei
1825 5077 1959 5151 Δ(ιιιιο
1988 5074 2104 5151 glo-

515 5154 648 5224 rior)
674 5151 786 5207 Jac.
816 5146 1095 5224 Gronovii,
1125 5148 1474 5224 Anaxarchus
1504 5146 1748 5201 adulatus
1774 5146 2103 5224 Alexandro,

517 5219 720 5281 Graecis
743 5220 1317 5295 persuadereconatur
1345 5228 1401 5274 ut
1431 5219 1713 5295 Persarum
1735 5232 1898 5295 Amore
1943 5221 2107 5295 Deum

521 5290 769 5364 tanquam
793 5295 990 5350 colant.
1028 5294 1161 5348 Dicit
1188 5293 1360 5362 itaque
1395 5310 1408 5345 :
1436 5294 1536 5345 Καὶ
1560 5295 1646 5363 γὰρ
1675 5292 1778 5344 nisi}
1804 5293 1945 5345 inciso
1988 5290 2111 5345 εἶναι

517 5363 787 5438 ἀμφίλογον,
805 5374 883 5421 ὅτι
909 5367 1170 5420 ἀπελθόντα.
1193 5387 1244 5436 γε
1271 5368 1320 5429 ἐξ
1348 5365 1617 5436 ἀνθρώπων,
1650 5367 1709 5422 ὡς
1733 5363 1829 5415 θεόν
1852 5377 2111 5428 τιμήσουσι

518 5444 644 5510 ’πόσῳ
675 5445 733 5498 δὴ
761 5443 1045 5509 amator-spor
1072 5442 1486 5510 {inrumpentem-1
1511 5443 1623 5505 ἥπερ
1653 5442 1999 5510 glaucique“.
2022 5475 2037 5500 ,
2069 5440 2114 5492 ἐς

521 5505 650 5584 cui}
674 5517 828 5584 spcto;
848 5524 917 5579 τῷ
943 5505 1209 5578 τιμωμένῳ.
1236 5505 1274 5562 i.
1300 5505 1350 5584 e.
1385 5505 1435 5559 Ν
1443 5507 1725 5584 eque_enim
1751 5505 1957 5584 dubium
1984 5521 2109 5570 esse,

520 5581 640 5653 quia
670 5576 931 5653 postquam
952 5595 1123 5653 crinis
1151 5576 1463 5653 excessisset,
1483 5592 1535 5653 ut
1552 5577 1703 5653 deum
1725 5576 1910 5630 culturi
1925 5589 2109 5653 essent.

522 5647 692 5708 Multo
717 5647 873 5724 igitur
895 5651 1054 5704 satius
1084 5652 1336 5724 csse,_vivo
1360 5649 1437 5724 illi
1459 5650 1652 5724 divinos
1683 5647 1895 5724 honores
1920 5648 2115 5718 deferre

522 5740 675 5796 quam
702 5718 928 5801 υἱον-ηις,
953 5738 1104 5801 quum
1134 5718 1279 5774 nulla
1310 5721 1383 5800 ad.
1423 5737 1535 5774 cum
1566 5718 1728 5774 cultus
1755 5719 1949 5801 utilitas
1978 5728 2113 5801 esset

523 5789 842 5869 perventura.
875 5789 1243 5869 Quibus_cum
1275 5792 1547 5869 sapienter
1589 5792 1878 5869 respondet
1919 5789 2114 5869 ibidem

524 5858 1036 5935 Callisthenesftum
1076 5861 1292 5919 Curtius
1334 5858 1583 5919 éuauleni
1626 5858 1849 5917 in'hunc
1902 5858 2119 5919 modum

2188 3146 2539 3205 disserentem
2567 3146 2691 3203 facit
2716 3147 2808 3202 lib.
2849 3163 2962 3205 vui.
2994 3162 3045 3203 c.
3078 3147 3133 3203 5.
3171 3144 3391 3201 Nullum
3421 3161 3528 3202 esse
3552 3144 3793 3199 enuidens

2189 3229 2235 3274 et
2267 3219 2566 3273 diuturnum
2609 3230 2653 3274 et
2666 3235 2956 3290 ipra'cocem
2987 3222 3249 3290 fructum;
3276 3215 3594 3290 cmlestesque
3622 3215 3794 3269 Itono-

2191 3237 2235 3274 ει
2267 3237 2566 3273 aruturnum
2609 3237 2653 3274 et
2718 3237 2956 3274 ra'cocem
2987 3237 3207 3290 [metum
3230 3237 3249 3281 ;
3276 3237 3594 3287 cwtestesquc
3622 3237 3794 3269 (torio-

2191 3307 2271 3347 res
2301 3307 2402 3346 non
2431 3291 2554 3345 dare
2588 3300 2635 3346 te
2655 3237 2804 3362 fregi,
2832 3291 2922 3347 sed
2952 3291 3175 3361 auferre.
3199 3286 3483 3362 Intervallo
3508 3287 3643 3343 enim
3665 3302 3800 3362 opus

2194 3373 2267 3417 est
2287 3405 2301 3430 ,
2330 3375 2382 3416 ut
2403 3363 2641 3419 credatur
2667 3358 3147 3433 Déus,isemperque
3170 3362 3301 3416 Itane
3347 3361 3568 3431 gratiam
3596 3358 3804 3433 magnis

2193 3435 2315 3490 viris
2342 3438 2525 3505 posteri
2552 3432 2791 3490 reddunt.
2819 3432 2934 3506 Ego
2964 3431 3131 3489 autem
3159 3449 3327 3490 serum
3356 3431 3807 3506 immortalitatem

2196 3522 2375 3578 precor
2409 3505 2535 3576 Regi
2555 3548 2569 3571 ,
2601 3517 2655 3561 ut
2686 3507 2786 3561 vita
2816 3504 3063 3563 diuturna
3091 3506 3188 3571 sit,
3221 3514 3266 3560 et
3309 3514 3503 3561 (eterna
3535 3504 3802 3578 majestas.

2204 3574 2471 3633 Hominem
2486 3574 2818 3646 consequitur
2846 3578 3125 3645 aliquando
3153 3618 3167 3640 ,
3220 3592 3483 3645 nunquam
3529 3574 3810 3629 comitatur

2198 3650 2456 3705 divinitas.
2494 3648 2766 3707 Herculem
2795 3650 2944 3704 modo
2990 3659 3037 3704 et
3083 3647 3289 3703 Patrem
3331 3646 3578 3704 Liberum
3626 3659 3812 3701 conse-v

2200 3732 2355 3777 erata:
2379 3721 2777 3776 immortalitatis
2803 3722 3033 3790 exempla
3059 3719 3336 3793 referebas.
3389 3718 3637 3793 credisne
3686 3715 3811 3773 illo:

2204 3795 2355 3849 unius
2377 3794 2589 3849 convivii
2628 3794 2830 3848 decreto
2860 3788 2980 3847 deos
3011 3788 3210 3863 factos?
3236 3792 3376 3856 prius
3401 3788 3463 3842 ab
3492 3788 3655 3843 oculis
3676 3802 3814 3841 inor-

2204 3866 2383 3922 talium
2414 3867 2626 3921 amolita
2653 3876 2839 3920 nutura
2867 3874 2939 3920 est
2959 3906 2974 3930 ,
3006 3881 3160 3932 quant
3199 3864 3252 3917 in
3296 3863 3478 3917 caelum
3517 3863 3659 3932 fama
3688 3874 3813 3932 pq"-

2202 3937 2437 4004 velteret,
2488 3937 2759 3993 Caesarum
2802 3929 3132 4006 Apotheosin
3179 3934 3311 4006 satis
3354 3929 3541 4003 aperte
3596 3929 3815 4006 deridet

2205 4002 2429 4064 Plinius
2455 4007 2592 4063 Hist.
2621 4007 2742 4064 Nat.
2779 4002 2874 4063 lib'.
2905 4024 2999 4063 vn.
3028 4021 3146 4077 cap.
3179 4004 3271 4061 55.
3323 4002 3653 4077 ubicontra
3685 4002 3809 4077 Δἱιιι-

2206 4080 2587 4135 mortalitatem
2634 4083 2827 4135 animm
2872 4080 3036 4135 multa
3089 4071 3293 4148 garrit,
3342 4071 3814 4148 scribenszAlias

2210 4167 2413 4206 sensum
2442 4151 2619 4220 inferis
2646 4152 2817 4207 dando
2838 4194 2851 4218 ,
2878 4162 2925 4205 et
2970 4145 3143 4206 ηιαηὲε
3168 4148 3378 4204 colendo
3401 4190 3417 4215 ,
3448 4151 3697 4220 deumque
3720 4145 3816 4212 [as-

2211 4224 2388 4278 ciendo
2428 4224 2514 4295 qui
2548 4224 2655 4287 iam
2678 4225 2829 4278 etiam
2873 4226 3022 4278 homo
3048 4238 3152 4277 esse
3178 4220 3404 4295 desierit.
3432 4222 3607 4295 Quem
3634 4233 3813 4295 appos;

2211 4310 2310 4349 nas
2341 4288 2464 4353 licet
2494 4297 2670 4365 impiae
2694 4296 2987 4352 adulationi
3017 4295 3216 4352 Valerii
3242 4288 3490 4365 Maximi;
3520 4293 3619 4365 qui
3642 4288 3725 4346 ita
3738 4288 3813 4344 ad

2212 4367 2484 4427 Tiberium
2529 4363 2584 4422 in
2622 4369 2835 4439 Prnlog.
2862 4398 2934 4408 —
2962 4366 3097 4421 Deos
3124 4369 3256 4421 enim
3282 4363 3504 4439 reliquos
3531 4363 3549 4433 ,
3580 4363 3814 4439 Caesares

2210 4439 2463 4496 dedimus.
2493 4439 2627 4496 Cod.
2656 4437 2812 4497 Fuldl
2836 4440 2996 4496 habet
3018 4440 3150 4494 male
3173 4438 3420 4493 traditum
3444 4448 3571 4564 «littleI
3587 4437 3804 4491 vitiose.

3575 4525 3664 4564 sv.

3575 4525 3664 4564 Αν.

2123 4605 2179 4666 D
2232 4582 2316 4638 CA
2597 4583 2766 4666 .:—(d)
2779 4583 2911 4640 Vino
2925 4585 3085 4666 lutum
3096 4579 3409 4666 coget-edice
3422 4580 3527 4643 hoc
3541 4580 3817 4636 intellexe-

2206 4667 2330 4711 runt
2357 4656 2577 4711 librarii.
2608 4654 2958 4712 Dei‘uutarunt
2982 4655 3163 4725 itaque
3190 4657 3239 4708 in
3260 4654 3573 4713 vinolentum
3607 4666 3812 4723 cogere,

2205 4738 2264 4782 ut
2301 4738 2383 4782 est
2431 4728 2485 4783 in
2513 4728 2642 4782 Cod.
2690 4727 2751 4783 L.
2787 4728 2847 4784 B.
2878 4727 2961 4782 vel
2988 4728 3040 4781 in
3066 4726 3399 4783 viuulcntiam
3426 4727 3616 4796 facere,
3648 4729 3813 4794 prout

2205 4797 2722 4856 exhibetCodFuld.
2736 4798 2827 4854 Est
2851 4814 2978 4854 vero
2991 4799 3162 4852 vinum
3184 4802 3347 4853 lutum
3368 4795 3565 4869 cogere,
3583 4795 3815 4869 humum

2207 4871 2373 4925 multo
2395 4872 2518 4925 vino
2537 4886 2892 4940 conspargere
2913 4880 2966 4925 et
2989 4871 3272 4932 inebriare,
3302 4866 3588 4938 protervius
3620 4866 3811 4940 luxus.

2206 4958 2312 5012 que
2333 4942 2563 5012 signum.
2594 4935 2889 5012 Tattgiﬁjttc
2914 4941 3168 4998 Horatius
3193 4935 3416 4999 avarum
3458 4952 3655 4997 uetans
3685 4979 3703 5008 ,
3745 4935 3816 4994 de

2208 5029 2315 5085 quo
2342 5014 2560 5068 Publius
2582 5013 2751 5090 Syrus
2779 5018 2853 5068 ait
2881 5029 3039 5069 versu
3063 5013 3152 5069 59.

2431 5106 2634 5165 Avarus,
2653 5106 2748 5160 nisi
2771 5119 2879 5158 cum
2904 5105 3129 5164 moritur.
3155 5103 3223 5159 nﬂ
3246 5109 3389 5159 recte
3414 5101 3548 5156 facit.

2216 5188 2290 5246 lta
2322 5191 2463 5246 enim
2494 5190 2714 5246 Flaccus
2741 5206 2814 5245 ιι.
2845 5190 2989 5247 Odar
3019 5206 3133 5245 xw.

2430 5281 2671 5347 Absumet
2693 5282 2853 5332 haeres
2876 5280 3080 5347 Caecuba
3104 5281 3299 5347 dignior

2432 5345 2634 5394 Servata
2658 5354 2857 5395 centum
2883 5345 3100 5397 clavibus
3124 5358 3136 5391 :
3163 5345 3219 5395 et
3242 5355 3383 5393 inero

2524 5408 2707 5471 'l‘inget
2731 5412 3057 5471 pavimentum
3082 5410 3352 5470 superbum

2523 5471 2810 5523 Pontiﬁcum
2832 5475 3023 5538 potiore

2214 5576 2404 5652 Cicero
2433 5596 2644 5652 quoque
2674 5581 2901 5651 Philipp.
2936 5598 2992 5638 ιι.
3027 5582 3376 5641 Personabant
3402 5584 3574 5639 omnia
3605 5582 3811 5639 vocibus

2217 5649 2760 5729 ebriorum,natabant
2782 5649 3066 5729 pavimenta
3094 5658 3207 5711 vino
3226 5700 3240 5719 ,
3273 5656 3543 5711 madebant
3572 5661 3823 5729 parietes,

2219 5722 2359 5804 Elis
2396 5722 2891 5804 quidemmihi'luci
2925 5727 3089 5804 hujus
3122 5745 3319 5804 sensus
3364 5722 3622 5794 videtur,
3675 5725 3823 5799 quod

2220 5795 2363 5849 enim
2411 5795 2459 5848 la
2488 5795 2659 5851 Cerda
2689 5797 2853 5852 refert
2877 5798 2941 5853 ad
2973 5795 3228 5855 novitiunt
3259 5817 3469 5857 morem
3501 5800 3606 5857 vini
3642 5795 3827 5859 fontes

2223 5861 2491 5937 faciendi,
2544 5880 2731 5928 vereor
2779 5875 2837 5927 ut
2871 5870 3106 5944 antiquis
3151 5872 3318 5934 etiam
3361 5870 3417 5937 in
3463 5885 3568 5933 usu
3613 5867 3845 5944 fuisse,
