4126 6340
427 320 538 381 ιὸὕ

1805 320 2072 379 APOLOG
2083 321 2342 378 ETICUS.

3629 320 3736 379 466

424 447 636 507 (ιυωειυ
677 437 880 495 habere
913 438 1455 509 coepissentvenalem
1477 446 1532 493 et
1553 438 1935 494 mercenariam
1951 437 2029 510 (a)
2057 439 2109 499 Α
2135 437 2414 492 mundum.
2449 435 2627 508 .lEque
2653 436 2975 508 spectaculis
3005 436 3199 494 vestris
3219 436 3302 510 (ά)
3331 437 3397 510 in
3412 445 3619 495 tantum
3647 452 3736 496 re-

423 531 676 589 homiues
711 532 977 589 violentia:
1002 549 1112 588 sua:
1148 548 1365 604 operam
1390 531 1493 603 (l).
1525 534 1592 586 At
1613 532 1757 586 enim
1780 531 1933 587 nobis
1955 532 2022 588 ab

422 627 571 683 omni
601 627 785 698 gloria:
812 637 861 682 et
893 627 1167 698 dignitatis
1197 627 1392 684 ardore
1421 627 1732 697 frigentibus
1775 625 1848 697 (b)
1881 625 2024 682 nulla

421 728 508 776 est
527 721 821 775 necessitas
847 730 1040 787 cattus,
1072 735 1173 776 nec
1200 720 1304 775 ulla
1332 720 1501 790 magis
1532 735 1617 775 res
1643 720 1838 781 aliena.
1861 733 2021 789 quam

422 813 654 885 publica.
680 813 853 871 Unam
874 815 1113 870 omnium
1142 813 1526 886 rempublicam
1551 815 1890 886 agnoscimus
1921 810 2019 885 (c),

2133 533 2457 597 nuntiantus,
2488 532 2539 586 in
2568 543 2825 602 quantum
2857 532 3157 604 originibus
3197 547 3408 599 eorum,
3440 545 3575 604 quas
3617 531 3730 588 sci-

2129 638 2249 680 mus
2273 623 2342 680 de
2371 624 2750 695 superstitione
2790 633 3100 697 conceptas,
3129 640 3253 681 cum
3278 635 3332 682 et
3370 625 3502 696 ipsis
3539 625 3728 692 rebus,

2130 716 2200 773 de
2239 716 2435 789 quibus
2464 717 2849 788 transiguntur,
2874 726 3267 788 praetersumus
3285 717 3368 792 (2)
3392 716 3737 789 (e).Nibilest

2127 809 2280 866 nobis
2342 808 2529 877 dictu,
2586 809 2724 877 visu,
2780 807 2964 865 auditu
3019 808 3091 882 (ί)
3146 825 3271 866 cum
3346 810 3553 868 insania
3621 809 3734 866 cir-

1651 929 2034 988 LECTIONES
2072 925 2485 984 VARIANTES.

477 1034 557 1112 (i)
591 1046 800 1112 Corrigit
832 1048 1042 1099 Haverc.
1081 1048 1229 1100 vilem
1253 1057 1305 1099 et
1343 1047 1698 1098 mercenariam
1723 1058 1899 1097 omnes
1920 1045 2023 1094 vio-

417 1108 588 1161 lentia:
610 1122 713 1161 suae
732 1108 953 1175 operam.

417 1343 566 1404 atque
587 1335 770 1404 insulsi
790 1333 1211 1404 incompositique
1229 1335 1496 1404 clamores.
1527 1331 1723 1404 Itaque
1743 1338 1850 1385 tota
1878 1329 2016 1385 civi-

420 1402 537 1476 tas.
566 1415 626 1461 ut
645 1402 836 1476 vulgus
875 1405 928 1461 in
963 1402 1315 1476 Vspectaculis,
1337 1403 1674 1459 scinderetur
1713 1402 1764 1456 in
1805 1411 2015 1476 partes.

417 1475 655 1531 Ibidem:
693 1473 775 1531 Ea;
797 1473 1076 1531 innumeris
1102 1476 1528 1532 contentionibus.
1557 1490 1622 1529 ea:
1657 1483 1838 1527 temere
1865 1473 2016 1544 factis

417 1549 812 1618 dejeralionibtts
842 1550 972 1602 male
989 1548 1323 1617 loquentium,
1347 1557 1453 1603 etc.
1485 1546 1621 1601 Hsv.

494 1618 570 1688 (a)
619 1617 858 1674 Venalem
885 1630 930 1672 et
956 1621 1318 1673 mercenariam
1345 1619 1597 1673 homines.
1658 1616 1764 1688 Pro
1786 1616 2014 1670 venalem

417 1687 625 1746 Μελ..
652 1691 715 1746 Β.
748 1691 984 1746 ostendit
1027 1689 1238 1754 vellent,
1284 1689 1438 1745 Fuld.
1469 1703 1598 1744 vero
1637 1687 1780 1743 delet
1826 1701 2012 1741 vocem

417 1763 664 1838 homines.
703 1762 808 1838 Sed
849 1762 1133 1838 legendum
1186 1773 1344 1830 puto.
1373 1778 1489 1838 cum
1502 1763 1616 1830 jam
1644 1768 1691 1814 et
1728 1760 2018 1838 in_qt_ta:stu

2188 1038 2262 1102 (2)
2295 1039 2657 1100 Praesumimus,
2689 1037 2840 1092 Latin.
2881 1038 3204 1103 praeferimus,
3225 1039 3392 1091 Paris.

1793 1211 2352 1270 COMMENTARIUS.

2196 1350 2275 1421 (d)
2307 1349 2483 1422 Eque
2510 1351 2832 1421 spectaculis.
2885 1349 3076 1406 Junius
3110 1363 3295 1405 vocem
3329 1363 3470 1422 teque
3513 1349 3727 1422 annecti

2122 1419 2611 1505 voluitprioribt‘ls,
2653 1430 2710 1505 et
2735 1431 2855 1505 post
2876 1422 3021 1478 illam
3053 1430 3306 1505 punctum
3328 1419 3486 1505 _p0ni.
3520 1419 3725 1505 Inique.

2121 1493 2178 1550 Si
2233 1489 2374 1549 enim
2418 1493 2546 1564 quid
2595 1489 2950 1559 mutandum,
2993 1489 3275 1564 praestaret
3328 1489 3506 1564 legere
3562 1489 3727 1561 ZEqui

2121 1562 2652 1635 spectacttlisvestris,
2682 1579 2759 1620 sc.
2785 1579 2971 1620 sumus
2988 1562 3009 1627 ,ἡ
3026 1563 3168 1635 quod
3211 1577 3332 1635 cum
3369 1562 3436 1635 iis
3481 1577 3726 1635 quaese-

2121 1580 2427 1635 spectacutts
2455 1580 2652 1629 vestris,
2682 1580 2759 1620 sc.
2785 1580 3002 1627 sumus,
3065 1580 3168 1618 uou
3211 1580 3332 1619 cum
3369 1580 3436 1617 lIS
3481 1580 3607 1631 quae
3635 1580 3719 1618 se-

2121 1647 2361 1706 quuntur
2390 1636 2664 1692 conciliari
2708 1644 2903 1706 potest.
2954 1580 3061 1691 Sell
3103 1645 3257 1689 vetus
3295 1634 3456 1706 lectio
3493 1633 3719 1706 omnino

2122 1703 2250 1762 sana
2281 1717 2384 1763 εει.
2439 1707 2510 1763 Ut
2537 1707 2678 1762 enim
2708 1703 2822 1763 loro
2851 1715 2906 1762 ει
2935 1707 3096 1762 curiae
3131 1704 3508 1761 renuntiabant
3531 1703 3724 1760 Chris-

2124 1779 2284 1843 tiani,
2333 1779 2453 1850 quia
2498 1779 2669 1834 laudis
2715 1787 2770 1833 et
2804 1779 2989 1848 glorise
3036 1776 3213 1850 cupidi
3257 1791 3363 1850 non
3402 1785 3595 1850 erant,
3649 1775 3722 1831 ita

419 1834 604 1888 habere
628 1835 892 1919 εωρῑδδεηι
919 1833 1074 1919 Rue!"
1101 1843 1147 1885 ⁸⁸
1167 1834 1539 1919 ἰξιενσεζξαπῑίαηέ
1568 1829 2018 1919 οηιηξξέἶῖρέςηέίξε
2046 1848 2094 1908 Β
2121 1829 2284 1904 etiam
2335 1829 2694 1919 spectaculis,
2721 1829 2986 1919 quanti-ani
3029 1829 3223 1919 éi'd'e
3254 1829 3720 1919 idoiolatriajnata

416 1921 528 1960 sure
549 1899 782 1975 operam;
813 1914 870 1958 ut
899 1905 1041 1959 dicat
1063 1905 1240 1960 omnis
1263 1904 1464 1958 ordinis
1491 1911 1545 1957 et
1574 1901 1892 1975 conditionis
1919 1899 2016 1954 ho-

423 1970 598 2030 mines
628 1991 724 2046 per
754 1977 1015 2030 factiones
1044 1975 1301 2040 impulsos
1323 2017 1336 2040 ,
1370 1989 1428 2028 se
1464 1988 1666 2043 suaque
1693 1970 1930 2046 periculo
1964 1979 2018 2026 et

419 2043 771 2103 internecioni
795 2062 1091 2116 exponere.
1125 2047 1172 2100 ls
1195 2047 1337 2101 enim
1363 2046 1697 2100 miserrimus
1728 2043 1884 2110 Reip.
1909 2051 2018 2097 sta-

419 2127 504 2173 tus
533 2127 636 2182 est,
663 2118 880 2189 quando
902 2119 1118 2172 avaritia
1142 2118 1331 2185 ﬁdem,
1365 2116 1681 2189 probitatem,
1712 2123 2019 2189 caterasque

418 2199 554 2244 artes
580 2185 739 2244 bonas
763 2190 1022 2254 subvertit,
1058 2206 1148 2257 pro
1172 2189 1249 2243 his
1275 2185 1564 2258 superbiant
1585 2229 1600 2250 ,
1634 2185 1983 2258 crudelitatem
1999 2225 2017 2250 ,

418 2259 555 2315 Deos
597 2260 854 2332 negligere
874 2304 887 2323 ,
913 2256 1085 2315 omnia
1109 2259 1307 2314 venalia
1340 2256 1521 2332 habere
1545 2256 1768 2332 edocuit;
1797 2265 1852 2309 ut
1874 2264 2021 2332 recte

419 2326 975 2387 observafsallustius
1007 2332 1122 2386 Cat.
1150 2347 1266 2400 cap.
1294 2347 1345 2385 χ.
1372 2329 1598 2397 Quando
1616 2329 1724 2396 jam
1771 2344 1873 2400 non
1891 2326 2021 2380 ami-

417 2405 551 2457 citia:
571 2404 774 2458 inicitite
797 2417 927 2474 qune
941 2403 1009 2457 im
1033 2419 1096 2458 ea:
1112 2419 1188 2471 re,
1213 2399 1302 2457 sed
1315 2418 1379 2457 ea:
1393 2401 1654 2456 commodo
1666 2399 2019 2455 instituantur.

421 2483 478 2528 ut
503 2475 660 2529 docet
691 2475 907 2530 ibidem.
943 2474 1021 2529 lla
1032 2490 1083 2529 ν.
1563 2500 1579 2514 ι

495 2546 572 2616 (b)
612 2547 686 2602 Ab
726 2547 863 2601 omni
889 2545 1068 2616 gloriae
1105 2553 1152 2599 et
1195 2544 1460 2616 dignitatis
1487 2541 1688 2598 ardore.
1737 2541 2024 2616 Eleganter

419 2611 654 2672 ardorem
695 2611 910 2674 vocavit'
945 2618 1130 2687 gloria:
1170 2611 1555 2686 cupiditatem,
1599 2611 2020 2687 qiuaghhomin‘es

420 2690 569 2754 quasi
605 2690 741 2754 urit,
795 2683 1126 2744 undevverba
1157 2683 1483 2757 inflammare
1506 2695 1561 2741 et
1596 2683 2020 2757 similia_Poctis.

422 2758 499 2812 lta
547 2760 782 2822 Iphiclus
808 2761 1132 2829 Argonautis
1172 2755 1386 2814 additus
1413 2757 1553 2828 apud
1605 2755 1720 2811 Val.
1770 2755 2019 2810 Flaccum

420 2830 493 2886 lib
515 2847 552 2887 ι.
591 2833 684 2899 75,
712 2847 821 2887 non
841 2841 898 2885 ut
924 2831 1162 2886 laboret:

977 2923 1187 2973 Monitns
1209 2924 1298 2974 sed
1321 2921 1483 2972 tradat
1507 2927 1560 2970 ut
1575 2933 1736 2980 acres,

573 2987 963 3051 Magnorumque
990 2989 1118 3036 viros
1138 2988 1222 3050 qui
1243 2986 1472 3037 laudibus
1492 2991 1602 3034 urat
1623 2994 1840 3032 avorum.

423 3069 596 3140 Quttm
645 3073 823 3139 itaque
873 3071 1094 3140 proprio
1141 3070 1404 3126 vocabulo
1436 3068 1771 3140 Christianos
1814 3065 2021 3140 abillo

424 3137 619 3198 ardore
665 3137 1074 3213 [1-igere'dicit,
1122 3157 1188 3196 ex
1241 3139 1598 3213 Philosophia}
1655 3137 2019 3208 penetralibus

2123 1931 2277 1976 erant
2322 1916 2380 1975 et
2429 1921 2658 1976 humana
2706 1916 2992 1990 divinaque
3033 1920 3166 1990 jura,
3201 1916 3494 1990 fmdabant.
3549 1916 3721 1972 Ment-

2123 1993 2301 2047 brana:
2340 1992 2492 2047 Fuld.
2527 1993 2735 2063 legunt,
2763 1989 2923 2060 Atque
2947 1989 3094 2045 adeo.
3124 1989 3234 2044 Nec
3255 1989 3526 2063 immerito
3563 2001 3722 2063 spec-

2122 2065 2318 2118 taculis
2376 2057 2752 2119 renuntiabant
2799 2057 3128 2123 Christiani,
3179 2059 3268 2130 qui
3339 2060 3434 2129 ipsi
3520 2057 3723 2130 mundo

2121 2134 2484 2203 spectaculum
2530 2135 2650 2190 facti
2715 2149 2834 2188 cum
2875 2133 3038 2188 Paulo
3078 2134 3130 2186 l.
3155 2128 3278 2203 Cor.
3312 2128 3389 2185 w’.
3432 2129 3487 2185 9.
3511 2128 3724 2203 abunde

2123 2201 2548 2274 spectaculorum
2575 2206 2626 2261 in
2650 2206 2813 2260 verbo
2842 2205 2933 2260 Dei
2969 2203 3186 2258 habent.
3214 2202 3536 2274 Prospernm
3556 2201 3722 2274 Aqui-

2126 2271 2358 2332 tanicum
2399 2276 2680 2332 audiamus
2711 2277 2894 2331 Prom.
2926 2284 2981 2330 et
3023 2274 3271 2330 Praat'lict.
3315 2272 3411 2328 Dei
3440 2271 3510 2327 de
3548 2271 3717 2342 gloria

2129 2347 2309 2403 Sanct.
2345 2350 2398 2402 in
2414 2348 2782 2403 Peroratione.
2810 2347 2871 2402 Si
2887 2343 3406 2417 spectandivoluptas
3413 2353 3508 2417 est,
3531 2342 3724 2417 inquit,

2129 2419 2283 2474 habes
2318 2419 2400 2473 hic
2430 2419 2664 2490 aurigam
2703 2412 2982 2488 spiritalem
3025 2412 3322 2478 Christum.
3357 2412 3616 2490 Heliamp
3637 2413 3725 2484 qui

2126 2506 2281 2561 curru
2323 2491 2470 2561 igneo
2499 2485 2655 2560 usque
2682 2485 2748 2542 ad
2778 2499 2934 2544 metas
2967 2499 3222 2561 pervectus
3238 2496 3315 2561 est
3341 2485 3454 2539 caeli
3472 2525 3486 2549 ,
3517 2501 3725 2561 currus-

2127 2577 2225 2632 que
2255 2554 2545 2615 Pharaonis
2571 2554 2825 2616 demersos
2849 2562 2900 2614 in
2925 2554 3202 2632 profundo.
3228 2555 3295 2611 In
3314 2571 3541 2632 munere
3571 2554 3724 2632 habes

2128 2627 2394 2688 Danielem
2428 2644 2676 2698 sanctunt,
2713 2632 2907 2686 leonem
2925 2627 3044 2685 non
3073 2635 3220 2702 ferro,
3231 2628 3323 2702 sed
3349 2627 3578 2702 oratione
3606 2627 3721 2681 vin-

2125 2705 2610 2775 centemlmrsosque
2627 2712 2984 2775 vexanteseos,
3011 2699 3098 2772 qui
3123 2699 3385 2775 Heliseum
3418 2699 3721 2770 prophetam

2127 2771 2444 2830 contumeliis
2473 2771 2794 2830 lacesserant.
2824 2773 2994 2828 Habes
3021 2771 3219 2844 quoque
3246 2771 3308 2844 in
3325 2780 3500 2824 sancto
3521 2778 3721 2839 specta-

2129 2847 2247 2900 culo
2289 2863 2390 2901 non
2429 2847 2660 2900 mimicas
2712 2841 3082 2913 turpitudines,
3121 2842 3210 2898 sed
3228 2841 3446 2913 _Christo
3492 2849 3719 2913 sacratas

2136 2918 2372 2988 virgines.
2423 2917 2592 2971 Habes
2641 2911 3003 2988 cabalistarum
3051 2917 3163 2969 loco
3217 2911 3452 2966 Rebecca:
3478 2912 3718 2988 geminos

2131 2983 2339 3060 mgitice
2369 2989 2612 3043 ludentes.
2658 2987 2831 3043 Habes
2861 2987 3026 3060 David
3054 3001 3226 3040 coram
3254 3000 3376 3038 arca
3410 2983 3678 3060 saltantem
3699 3021 3716 3046 ,

2127 3055 2448 3114 et'nudatum
2475 3061 2528 3113 in
2561 3060 2796 3127 passione
2839 3058 3131 3123 Christum,
3159 3072 3330 3127 coram
3360 3055 3514 3108 servis
3548 3063 3600 3127 e_t_
3624 3069 3726 3127 an-

2119 3131 2261 3185 cillis
2300 3132 2432 3196 suis,
2474 3122 2569 3184 illa
2607 3131 2720 3200 ipsa
2765 3147 2858 3184 sua
2903 3122 3124 3200 historia
3163 3126 3498 3200 exhibentem.
3551 3122 3723 3177 Habes

422 3197 798 3270 ostcntlit'illbs
831 3227 953 3268 esse
983 3197 1126 3267 viros
1156 3213 1428 3282 sapientes
1449 3197 1744 3282 ,'ducen'tes
1766 3225 1870 3264 non
1898 3222 2020 3282 e_sse
2045 3211 2090 3274 C
2124 3213 2378 3269 postremo
2404 3203 2558 3282 ﬂetus
2586 3197 2921 3282 planctusque
2950 3199 3221 3282 mercurio:
3235 3197 3583 3282 ιᾳεεεςιηιαιοξ.³
3618 3210 3722 3282 non

423 3285 901 3340 administrandam
950 3284 1051 3339 sibi
1078 3279 1346 3353 corruptis
1397 3282 1638 3338 moribus
1697 3280 1887 3353 Remp.
1919 3279 2013 3335 Vi-

421 3355 616 3412 dentur
636 3371 762 3411 vero
788 3356 902 3410 haec
937 3352 1255 3410 adumbrata
1273 3370 1339 3409 ex
1367 3355 1586 3409 Platone
1607 3394 1622 3418 ,
1661 3352 1814 3420 cujus
1839 3352 2015 3406 locum

423 3427 594 3483 multo
622 3427 1041 3498 pulcherrimum
1075 3426 1179 3480 ltuc
1205 3427 1570 3498 pertinentem
1587 3423 1706 3498 vide
1730 3423 1862 3498 infra
1894 3437 2012 3498 cap.

425 3513 570 3553 xu't.
594 3493 658 3551 ad
698 3498 784 3552 illa
811 3516 824 3551 :
857 3507 905 3552 et
933 3493 1220 3552 necessario
1239 3507 1505 3567 appetunt.
1540 3494 1825 3567 Sallustius
1853 3493 2015 3548 etiam

426 3570 495 3623 de
533 3584 593 3624 se
633 3569 749 3638 ipso
787 3571 838 3624 in
867 3567 984 3624 Cat.
1025 3584 1073 3623 c.
1110 3584 1188 3624 Ill.
1237 3565 1308 3621 Ac
1337 3569 1419 3635 pie
1452 3584 1565 3621 cum
1595 3567 1658 3638 ab
1701 3565 2015 3638 reliquorum

429 3640 583 3694 ntalis
604 3636 820 3695 moribus
847 3642 1194 3706 dissentirent,
1221 3639 1382 3694 nihilo
1413 3641 1580 3692 minus
1598 3637 1802 3689 honoris
1827 3636 2014 3704 cupido

423 3711 620 3782 eadem,
645 3728 755 3780 qua:
778 3723 1003 3775 cceteros,
1025 3716 1185 3782 fama,
1215 3722 1361 3781 atque
1389 3711 1579 3765 invidia
1605 3707 1835 3762 vexabat.
1857 3707 2012 3762 Fuld.

421 3781 567 3852 legit.
594 3783 777 3852 gloria,
805 3783 930 3837 Ald.
956 3781 1083 3838 vero
1104 3783 1248 3837 delet
1274 3792 1326 3835 τὸ
1354 3781 1436 3836 ob.
1473 3783 1606 3852 llnv.

496 3856 572 3924 (ε)
596 3850 653 3910 'U
659 3873 776 3908 nam
809 3856 1035 3908 omnium
1067 3853 1453 3922 rempublicam.
1500 3853 1568 3907 Et
1593 3851 1692 3905 hoc
1718 3866 1783 3905 ex
1812 3850 2018 3918 sapien-

423 3933 530 3978 ttnn
556 3923 885 3981 definitione
905 3968 918 3985 .
953 3925 1145 3994 quibus
1176 3935 1316 3980 totus
1363 3924 1592 3980 mundus
1622 3923 1811 3977 domus
1840 3931 1920 3994 est
1964 3929 2019 3977 et

428 3999 596 4065 patria
626 3999 841 4067 ubique.
873 3993 989 4051 Non
1019 3997 1278 4052 abludnut
1321 3997 1442 4051 binc
1484 3997 1569 4050 illa
1598 3994 1820 4050 Joannis
1839 3993 2016 4062 Chry-

421 4070 642 4124 sostomi
666 4070 733 4123 de
756 4079 942 4122 sancto
964 4068 1229 4131 Luciano;
1256 4068 1321 4134 is,
1337 4069 1632 4137 quaestione
1649 4075 2018 4134 pertormenla

417 4137 619 4203 habita,
645 4140 1177 4210 interrogatusmotu;
1203 4144 1244 4193 εὶ
1268 4144 1549 4208 πατρίόους;
1575 4145 1860 4208 Χριστιανσς
1890 4140 2013 4203 εἰμι,

419 4235 552 4282 φησι.
569 4219 634 4265 Τί
649 4220 770 4281 ῑχεις
787 4217 1101 4279 inti-nasum;
1122 4219 1406 4281 Χριστιανὸς
1429 4216 1548 4280 εἰμι.
1565 4218 1710 4282 Τίνας
1733 4217 1929 4282 πρςγόνᾳ
1939 4224 2014 4272 υςζ

418 4281 442 4336 ὃ
465 4288 512 4336 δὲ
531 4294 643 4354 πρὸς
671 4286 863 4338 ἅπαντα
887 4291 1053 4348 ἔλεγεν,
1081 4290 1156 4338 ὅτι
1191 4290 1477 4353 Χριστιανὸς
1505 4287 1622 4350 εἰμι.
1658 4281 1708 4354 iii
1749 4289 1863 4343 est,
1891 4281 2020 4346 Qui?

420 4355 508 4407 tibi
541 4352 710 4422 patria
749 4355 870 4408 est?
897 4354 1214 4408 Christianus
1241 4352 1389 4415 sum,
1441 4355 1620 4424 inquit.
1665 4352 2018 4424 Quamartem

421 4419 720 4494 profiteris?
764 4425 1082 4480 Christianus
1126 4441 1258 4480 sum.
1309 4419 1516 4492 Quibus
1544 4419 1863 4494 majoribus?
1916 4419 2018 4494 Ille

419 4493 534 4568 vero
557 4499 625 4550 ad
653 4497 823 4550 omnia
865 4498 1060 4552 dicebat
1081 4538 1096 4562 ,
1130 4495 1299 4558 audis,
1333 4496 1470 4568 quod
1511 4512 1621 4550 sum
1652 4493 2016 4568 Christianus?

422 4566 496 4642 lla
524 4569 999 4642 gAristippusuei'vut’
1043 4592 1117 4642 ’τεΔ
1136 4566 1353 4642 πᾳτρίδαή
1379 4567 1875 4642 τὸνῌχὸσμον-ειίθὺῖιι
1895 4606 1910 4630 ,
1954 4573 2007 4620 et
2032 4578 2086 4642 Ι)

345 4722 359 4733 ⁸
417 4640 698 4695 sublimior
713 4636 818 4694 illo
843 4639 1028 4694 Crates
1057 4636 1346 4694 Thebanus
1377 4640 1430 4693 in
1457 4636 1711 4709 Tragmd.

636 4746 714 4796 0'31
737 4737 785 4790 ιῖς
797 4745 925 4794 πάτρις
950 4757 1011 4793 pm
1031 4744 1176 4794 πΰρτος,
1197 4743 1238 4781 οὗ
1263 4743 1328 4792 pla
1351 4745 1476 4792 enim,

636 4809 760 4858 Πάσης
783 4803 826 4845 δὶ
847 4810 976 4858 ligasti
989 4807 1052 4844 καὶ
1074 4806 1234 4854 πόλισμα.
1250 4806 1311 4843 καὶ
1333 4801 1445 4855 δόμος

636 4857 803 4920 inqut;
823 4857 908 4920 ipsis
927 4865 1178 4908 ινδιαιτᾶσοαι
1199 4871 1311 4920 πάρα.

421 4938 474 4995 id
500 4948 604 5006 εει,
634 4938 746 4993 Nec
774 4957 866 5008 pro
891 4941 1057 5008 patria
1080 4939 1206 4994 mihi
1233 4940 1388 4994 turris
1417 4955 1521 4992 una
1548 4953 1638 4992 nec
1656 4954 1779 4991 casa
1804 4945 1899 5001 est.
1930 4936 2020 4991 sed

419 5012 669 5066 universa:
695 5028 836 5065 arces
877 5021 1024 5066 terra:
1047 5021 1094 5066 et
1136 5013 1315 5065 domus
1346 5021 1581 5080 paratam
1612 5010 1753 5064 nobis
1798 5008 2020 5080 mansio-

422 5100 544 5209 {illaml
558 5094 603 5137 et
620 5083 936 5138 ctenaculnm
963 5083 1205 5152 prwbent.
1225 5079 1446 5139 Scilicet
1472 5092 1529 5137 ut
1556 5080 1938 5151 Aristophanes
1961 5079 2014 5136 in

490 5171 520 5209 u
548 5171 579 5208 ο
608 5171 660 5209 v.
691 5171 728 5209 ι.

445 5157 579 5209 Ἰιιιο
608 5171 660 5209 v.
691 5171 728 5210 ι.

644 5261 781 5311 Πατθὶς
891 5261 970 5298 ἑστι
999 5261 1090 5298 πῶς’
1113 5259 1162 5297 ἱν⁵
1185 5257 1230 5297 ἄν
1254 5259 1394 5310 πράττῃ
1427 5259 1481 5304 τὶς
1506 5259 1556 5296 lu.

424 5329 476 5384 id
501 5341 586 5386 est
604 5374 619 5396 ,
651 5332 818 5400 patria
843 5331 950 5385 illic
980 5332 1159 5399 cuique
1177 5347 1270 5385 sua
1305 5341 1412 5397 est,
1441 5330 1526 5384 ubi
1553 5330 1674 5383 bene
1699 5338 1789 5384 est.
1819 5327 2022 5400 Scripsi

423 5400 598 5458 locum
626 5418 747 5457 cum
780 5401 1026 5469 liigaltio,
1050 5403 1420 5457 consentiente
1445 5401 1553 5457 MS.
1576 5401 1636 5456 L.
1662 5401 1722 5454 Β.
1751 5416 1873 5455 nam
1899 5401 2019 5455 Ald.

425 5485 478 5527 ct
503 5476 590 5528 alii
621 5491 811 5528 omnes.
841 5473 991 5528 Barr.
1017 5485 1068 5528 et
1087 5472 1262 5528 Rben.
1294 5483 1348 5528 et
1368 5473 1455 5545 alii
1477 5473 1844 5545 cognoscimus.
1874 5471 2010 5545 Cod.

421 5559 554 5600 vero
584 5545 645 5600 L.
675 5546 735 5599 Β.
782 5546 852 5600 ita
893 5554 1057 5598 totum
1089 5545 1261 5600 lacum
1288 5543 1754 5606 exhibetJNobis,
1781 5553 1882 5598 etc.
1914 5544 2010 5613 [ri-

423 5617 655 5688 gentibus
698 5615 1046 5688 nullarmagis
1084 5632 1164 5670 res
1223 5615 1392 5670 aliena
1438 5616 1525 5686 qui
1569 5617 1824 5688 publicant
1857 5631 2013 5669 unam

424 5686 651 5742 omnium
674 5686 1034 5757 rempublicam
1073 5688 1393 5758 agnoscimus
1429 5688 1694 5741 mundum.
1739 5686 1806 5742 Ut
1832 5697 2011 5742 autem

424 5758 510 5812 hic
538 5771 691 5814 vocat
731 5759 984 5814 mnndtnn
1025 5775 1180 5812 unant
1217 5761 1444 5812 onmium
1493 5758 1897 5828 rempublicam,
1935 5759 2012 5817 sic

423 5846 543 5904 cap.
575 5846 689 5905 seq.
720 5843 963 5893 naturain
990 5840 1199 5891 matrem
1225 5846 1377 5888 unum
1411 5831 1668 5892 euntium.
1699 5830 1839 5890 llav.

2123 3265 2232 3344 arte
2283 3265 2505 3342 tragica,
2553 3265 2644 3326 sed
2685 3265 3003 3344 prophetica.
3050 3268 3201 3325 Adde
3234 3267 3486 3322 Nostrum
3527 3266 3621 3320 lib.
3652 3265 3722 3320 de

2117 3343 2300 3413 Spem.
2331 3360 2382 3400 c.
2420 3359 2570 3400 χχιιι.
2598 3344 2733 3399 ΗΑν.

2193 3436 2268 3508 (ε)
2312 3437 2389 3491 De
2421 3437 2599 3508 quibus
2635 3438 2989 3508 transiguntur
3011 3478 3026 3500 ,
3067 3444 3444 3508 praztersumus.
3476 3430 3599 3485 Haec
3637 3440 3722 3485 est

2118 3504 2373 3563 constans
2395 3504 2551 3564 lectio
2577 3504 2816 3564 omnium
2849 3507 2998 3564 MSS.
3031 3504 3190 3575 quam
3215 3504 3478 3575 editiones
3510 3509 3720 3575 veteres

2121 3579 2353 3646 Barraei,
2397 3579 2516 3634 Aldi
2554 3591 2607 3635 et
2648 3580 2890 3634 thenani
2960 3573 3319 3647 depravarunt
3363 3574 3414 3627 itt
3445 3573 3718 3642 exiguntur

2117 3651 2144 3723 (_
2157 3650 2238 3704 vel
2280 3652 2696 3723 transiguntur)
2725 3650 3064 3723 pra’terimus.
3121 3648 3499 3723 llestituerant.
3534 3657 3718 3723 veram

2119 3715 2271 3777 Pam.
2293 3732 2347 3777 et
2371 3715 2482 3776 alii.
2516 3721 2622 3777 Sed
2647 3715 2737 3776 ἰὼί
2771 3722 2843 3776 illi
2873 3729 3158 3777 posuerant
3186 3734 3298 3772 cum
3330 3727 3372 3770 et
3400 3716 3526 3775 ipsis
3546 3715 3716 3776 rebus,

2119 3738 2271 3777 rant.
2293 3738 2347 3777 ει
2371 3738 2482 3776 alll.
2516 3738 2622 3777 δεα
2650 3738 2737 3776 Ill)!
2771 3738 2843 3776 tlll
2910 3738 3158 3776 ()Sllerttllt
3186 3738 3298 3772 cum
3330 3738 3372 3770 et
3400 3738 3526 3775 wars
3546 3738 3716 3776 renus,

2119 3792 2241 3847 Ald.
2283 3809 2398 3847 cum
2435 3794 2598 3868 ipsis_
2622 3794 2768 3847 rebus
2824 3738 3007 3868 edidit.
3044 3791 3246 3859 Rigalt.
3282 3790 3364 3857 qui
3403 3786 3534 3868 ipsis
3573 3783 3720 3868 rebus

2121 3874 2226 3918 etc.
2257 3856 2625 3919 contra'MSS.
2665 3875 2861 3919 tamen.
2897 3856 3541 3933 Eli-gantcrautenrdicit
3581 3856 3719 3933 Ter-

2124 3935 2376 4006 tullianus
2415 3933 2756 3990 Christianos
2799 3926 3135 4006 praeteriisse
3158 3931 3264 4006 illis
3305 3930 3435 4001 ipsis
3464 3929 3623 3983 rebus
3651 3926 3722 3982 de

2123 4005 2316 4076 quibus
2343 4007 2641 4078 spectacula
2692 4002 3060 4078 transiguntur
3080 4046 3093 4069 ,
3125 4002 3175 4056 id
3207 4009 3324 4078 est,
3370 4015 3489 4070 qua:
3533 4013 3721 4078 eorum

2123 4070 2203 4132 est
2233 4070 2485 4143 materia,
2526 4093 2604 4133 sc.
2650 4078 2795 4133 furor
2816 4120 2830 4143 ,
2863 4070 3069 4138 libido,
3109 4073 3399 4129 crudelitas
3420 4113 3433 4135 ,
3466 4070 3718 4143 quoniam

2127 4148 2270 4204 hisce
2297 4141 2670 4204 renuntiarunt
2689 4141 2966 4203 christiani
3020 4145 3167 4208 facti,
3201 4145 3441 4212 adeoque
3461 4141 3578 4196 illis
3604 4155 3723 4194 am-

2125 4221 2263 4289 plius
2293 4235 2400 4276 non
2421 4227 2632 4283 vivunt.
2663 4219 2754 4276 sed
2791 4219 2984 4274 mortui
3015 4226 3161 4283 sunt,
3181 4226 3238 4270 ut
3265 4213 3498 4289 loquitur
3529 4212 3722 4289 Petrus

2123 4285 2292 4360 Epist.
2323 4308 2360 4346 ι.
2391 4307 2441 4346 c.
2487 4294 2576 4346 Η.
2606 4292 2696 4346 24.
2741 4299 2794 4346 ει
2841 4290 3036 4344 Paulus
3073 4289 3232 4342 etiam
3267 4287 3422 4360 Hom.
3466 4299 3538 4360 γι.
3576 4285 3631 4338 Ξ.
3665 4291 3724 4337 ει

2121 4355 2329 4419 Coloss.
2364 4379 2440 4418 ιιι.
2486 4363 2518 4417 7
2545 4382 2557 4426 ;
2585 4364 2693 4417 imo
2723 4363 2850 4417 nulli
2879 4370 3001 4416 sunt
3045 4360 3206 4415 rebus
3227 4355 3513 4412 mundanis
3533 4397 3546 4418 ,
3580 4367 3720 4426 quo-3

2120 4434 2282 4489 modo
2330 4423 2575 4504 apposite
2623 4435 2790 4488 Deum
2842 4448 2999 4502 quem
3058 4431 3156 4485 sibi
3215 4431 3419 4504 lingunt
3467 4423 3721 4497 Epicurei

2121 4499 2380 4559 neminem
2406 4499 2642 4560 humanis
2671 4505 2816 4559 rebus
2845 4499 3002 4560 vocat
3031 4517 3080 4558 c.
3110 4516 3283 4556 XLVII.
3318 4499 3454 4554 "AV.

2186 4594 2252 4665 (l)
2281 4595 2413 4660 Quia
2434 4605 2480 4650 et
2511 4597 2636 4665 ipsis
2656 4595 2804 4650 rebus
2840 4596 2902 4648 de
2952 4594 3131 4665 quibus
3160 4591 3519 4665 transiguntu:
3537 4627 3552 4651 ,
3582 4601 3720 4656 pra:-

2122 4658 2390 4723 ter'sumus.
2448 4658 2771 4722 Prieteresse
2821 4658 2986 4732 dicit',
3031 4674 3088 4719 ut
3138 4658 3441 4731 superesse.
3486 4658 3721 4713 Praeter-

2122 4755 2309 4808 sumus
2339 4739 2495 4808 igitur
2520 4741 2583 4793 iis
2613 4738 2772 4793 rebus
2797 4779 2812 4803 ,
2864 4753 2996 4810 quas
3026 4736 3363 4810 munerarius
3409 4745 3474 4785 ac
3501 4738 3724 4810 pragterf

2123 4799 2386 4864 mittimus
2415 4853 2430 4877 ,
2480 4821 2532 4864 et
2561 4828 2587 4862 ει
2613 4799 2808 4878 quibus
2839 4799 2988 4863 valde
3015 4799 3175 4861 alieni
3207 4819 3390 4858 sumus
3426 4816 3440 4854 :
3469 4799 3724 4878 videlicet

2123 4881 2191 4936 ab
2217 4869 2429 4936 insania,
2452 4883 2580 4936 circi
2604 4869 2968 4949 ,impudicitia
2997 4877 3228 4938 theatri,
3261 4883 3364 4928 ctc.
3397 4882 3448 4928 et
3473 4871 3544 4925 Μ.
3578 4869 3715 4924 Cato

2124 4951 2410 5007 Praeterire
2440 4953 2573 5007 dixit
2605 4994 2616 5015 ,
2670 4951 2813 5023 quod
2837 4951 2995 5023 vulgo
3039 4961 3318 5023 spcrneEe,
3348 4952 3718 5023 c0t_ttet_ntt_ere._

2126 5023 2326 5078 Eorum
2356 5013 2632 5090 rationes,
2677 5013 2962 5095 i'ttquit_,_ivi
2993 5013 3205 5095 praeter.
3238 5015 3326 5071 Sic
3356 5016 3498 5095 enim
3522 5013 3722 5095 babent

2122 5095 2444 5166 exemplaria
2473 5083 2724 5149 Pliniaum
2746 5083 2814 5147 ad
2842 5083 3225 5166 Vespasianum
3259 5086 3607 5166 pgnl'ati‘ouis,
3627 5083 3718 5139 ubi

2121 5158 2296 5222 verba'
2315 5167 2402 5221 illa
2429 5166 2644 5222 Catonis
2668 5167 2921 5230 citantur,
2951 5158 3053 5216 Sub
3081 5161 3261 5215 liuent.
3289 5158 3406 5214 RIG-

2196 5259 2271 5330 (ς)
2313 5260 2460 5314 Nihil
2484 5271 2556 5315 est
2583 5261 2724 5314 nobis
2743 5301 2757 5322 ,
2789 5260 2895 5313 visu
2913 5297 2935 5330 ,ί
2963 5256 3161 5330 auditu.
3204 5253 3338 5330 Cod.
3375 5251 3530 5330 Fuid.
3567 5249 3722 5305 Nihil

2127 5325 2279 5385 enim.
2321 5333 2532 5401 Reliqui
2559 5332 2688 5386 nihil
2707 5340 2801 5385 est.
2844 5329 2940 5384 sed
2981 5328 3184 5401 Rig._rd
3203 5336 3274 5401 est
3299 5325 3535 5401 delevit,
3566 5331 3715 5401 [e_cte

2128 5401 2264 5457 forte
2283 5445 2297 5468 ,
2332 5415 2385 5457 at
2412 5393 2573 5462 in'illo
2601 5402 2741 5474 quod
2768 5402 2930 5474 etiam
2969 5393 3216 5474 exsulare
3233 5397 3384 5465 jubet
3413 5411 3536 5474 cum
3566 5393 3714 5474 Iibe-

2128 5466 2391 5528 nano'illa
2423 5477 2591 5540 dictu,
2619 5466 2729 5527 visu
2751 5514 2764 5532 .
2797 5472 2976 5525 auditu
2997 5512 3011 5536 ,
3043 5471 3194 5538 sequi
3228 5483 3334 5540 non
3358 5467 3527 5530 ausim
3554 5507 3569 5532 ,
3603 5466 3712 5519 imo

2118 5545 2270 5599 nolo.
2301 5548 2502 5600 Otones
2533 5539 2673 5600 enim
2700 5543 2847 5600 MSS.
2878 5550 3208 5612 agnoscunt,
3237 5539 3506 5612 editiones
3522 5550 3715 5592 omnes

2115 5616 2235 5671 aliae
2255 5657 2270 5681 ,
2320 5618 2550 5685 denique
2579 5618 2758 5670 sensui
2787 5609 3180 5685 nongrepugnat
3202 5627 3217 5677 ;
3242 5610 3386 5685 dictu
3424 5609 3578 5685 enim
3595 5621 3716 5663 res-

2118 5679 2527 5758 picit'clamur'es
2556 5686 2854 5758 inconditos
2883 5679 3226 5758 factius—orum
3245 5723 3261 5748 ,
3301 5680 3390 5751 qui
3417 5695 3540 5735 cum
3567 5679 3710 5758 inter

2117 5755 2176 5814 Se
2219 5759 2284 5813 de
2327 5759 2432 5813 illis
2469 5757 2667 5828 aurigis
2705 5758 2796 5826 qui
2839 5757 2940 5828 sibi
2975 5755 3300 5828 placebant;
3336 5757 3610 5828 certarent
3651 5757 3712 5807 et

2119 5830 2566 5892 tumultuarentur
2582 5823 2612 5900 ,⁷
2651 5823 2762 5891 tuin
2810 5823 3284 5891 acclamationibus
3341 5837 3466 5885 suas
3505 5823 3710 5898 quiun
