4126 6340
474 327 574 388 471

1871 277 2331 382 TEBTULLIANI

3671 314 3786 376 ιη

475 425 564 495 lis,
592 427 681 483 vel
718 427 771 484 in
811 424 1069 498 custodiis
1098 423 1197 496 (α),
1225 422 1484 480 duntaxat
1512 434 1584 479 ex
1616 431 1806 478 caussa
1850 417 1944 475 Dei
1965 434 2083 474 sec-
2108 420 2161 481 Α
2189 418 2333 486 tatis,
2360 417 2448 489 qui
2480 416 2549 474 de
2580 424 2688 472 uno
2718 424 2872 473 utero
2899 412 3218 489 ignorantiae
3239 411 3480 486 ejusdem
3507 410 3575 468 ad
3616 426 3781 468 unam

471 524 539 572 ta:
570 519 648 589 (1)
681 518 886 573 alumni
924 515 1278 574 confessionis
1305 528 1417 570 suae
1470 512 1624 569 fiunt.
1667 510 1774 569 Sed
1808 510 2073 583 ejusmodi
2115 560 2119 564 .

469 611 556 666 vel
595 610 826 666 maxime
866 608 1171 665 dilectionis
1199 607 1443 678 operatio
1491 615 1670 662 notam
1720 603 1876 660 nobis
1907 602 2075 659 inurit

474 718 641 773 penes
666 694 948 773 quosdam.
997 700 1151 769 Vide,
1176 698 1445 771 inquiunt,
1496 707 1555 753 ut
1604 696 1834 753 invicem
1865 709 1924 750 se
1947 694 2073 751 dili-

470 804 600 866 gant
614 794 686 869 (ὁ)
715 813 729 854 :
754 795 854 866 ipsi
869 794 1011 852 enim
1026 794 1254 850 invicem
1275 793 1532 859 oderunt;
1559 798 1681 846 etut
1693 805 1792 861 pro
1812 789 2071 845 alterutro

466 892 604 948 mori
634 893 742 946 sint
762 892 959 961 parati:
992 889 1091 961 ipsi
1114 890 1257 946 enim
1281 887 1350 943 ad
1373 884 1726 954 occidendum
1751 884 2065 940 alterutrum

464 982 766 1053 paratiores
794 981 878 1055 (2)
909 990 1088 1038 erunt.
1118 980 1225 1038 Sed
1252 989 1308 1038 et
1336 979 1479 1050 quod
1516 977 1743 1034 fratrum
1773 975 1847 1050 (c)
1881 975 2064 1048 appel-

464 1074 664 1132 latione
708 1090 994 1132 censemur
1024 1072 1102 1145 (5)
1126 1115 1142 1142 ,
1175 1087 1281 1129 non
1323 1072 1478 1138 alias,
1531 1071 1742 1142 opinor,
1782 1069 2062 1137 infamant,

463 1179 624 1238 quam
657 1167 801 1240 quod
827 1167 967 1240 apud
997 1168 1145 1239 ipsos
1168 1181 1330 1225 omne
1369 1165 1644 1238 sanguinis
1669 1180 1862 1220 nomen
1890 1164 1956 1221 de
1984 1163 2064 1220 af-

464 1260 756 1317 fectatione
782 1262 1090 1318 simulatum
1132 1269 1234 1318 est.
1279 1260 1499 1317 Fratres
1525 1269 1705 1316 autem
1734 1261 1895 1315 etiam
1941 1275 2061 1316 ves-

462 1351 531 1407 tri
558 1366 766 1421 sumus,
802 1353 922 1423 jure
963 1362 1166 1409 naturae
1196 1352 1384 1409 matris
1413 1354 1590 1418 unius,
1623 1352 1723 1407 etsi
1752 1368 1846 1407 vos
1875 1368 2064 1424 parum

461 1442 727 1507 homines.
751 1445 874 1516 quia
897 1445 1023 1501 mali
1063 1445 1278 1502 fratres.
1302 1446 1373 1499 At
1396 1452 1597 1515 quanto
1631 1444 1845 1517 dignius
1874 1447 2066 1502 fratres

462 1543 519 1590 et
545 1534 796 1592 dicuntur
824 1547 880 1592 et
924 1537 1187 1593 habentur
1225 1536 1324 1609 (ά),
1348 1537 1438 1608 qui
1465 1553 1630 1593 unum
1658 1548 1862 1609 patrem
1894 1538 2060 1595 Deum

461 1634 816 1700 agnoverunt,
848 1629 939 1702 qui
977 1645 1140 1687 unum
1168 1628 1426 1701 Spiritum
1461 1628 1711 1688 biberunt
1739 1630 1813 1704 (e)
1866 1630 2066 1687 sancti-

2176 511 2350 568 lucem
2397 518 2728 583 expaverunt
2763 510 2833 584 (ι’)
2865 511 3105 566 veritatis
3149 507 3249 582 (4).
3293 508 3400 566 Sed
3441 523 3507 565 eo
3550 506 3781 563 fortasse

2176 606 2354 664 minus
2384 605 2603 678 legitimi
2634 606 3026 670 existimamur,
3055 605 3178 677 quia
3209 603 3353 659 nulla
3372 602 3441 660 de
3462 611 3646 658 nostra
3668 602 3776 656 fra-

2175 698 2425 755 ternitate
2451 697 2707 770 tragtedia
2735 697 2812 771 (9)
2835 697 3120 765 exclamat,
3148 696 3230 751 vel
3246 695 3371 768 quia
3396 711 3463 750 ex
3483 693 3778 751 substantia

2173 790 2421 846 familiari
2454 791 2647 846 fratres
2687 805 2893 855 sumus,
2930 804 3050 860 quae
3101 802 3263 860 penes
3286 802 3383 844 vos
3422 786 3533 845 fere
3574 786 3779 845 dirimit

2173 883 2587 943 fraternitatem.
2612 884 2795 956 Itaque
2824 884 2913 956 qui
2944 884 3124 940 animo
3155 884 3443 956 animaque
3464 882 3772 949 miscemur,

2172 978 2302 1033 nihil
2365 976 2435 1033 de
2495 977 2571 1033 rei
2638 977 3126 1033 communicatione
3206 976 3541 1035 dubitamus.
3579 975 3775 1033 Omnia

2170 1069 2461 1128 indiscreta
2489 1077 2616 1127 sunt
2635 1068 2775 1143 apud
2801 1085 2921 1136 nos,
2949 1079 3142 1141 praeter
3171 1083 3397 1125 uxores:
3431 1068 3486 1124 in
3515 1067 3620 1124 isto
3653 1067 3775 1125 loco

2168 1164 2496 1221 consortium
2511 1164 2788 1231 solvimus,
2815 1163 2869 1219 in
2886 1177 2992 1233 quo
3023 1163 3140 1219 solo
3166 1163 3348 1219 caeteri
3376 1161 3622 1218 homines
3641 1176 3772 1219 con-

2167 1257 2391 1315 sortium
2422 1267 2702 1325 exercent,
2726 1256 2816 1329 qui
2841 1273 2948 1313 non
2973 1255 3268 1312 amicorum
3296 1253 3638 1311 solummodo
3657 1270 3772 1312 ma-

2172 1352 2423 1408 trimonia
2471 1359 2752 1422 usurpant,
2804 1349 2899 1407 sed
2924 1356 2981 1405 et
3029 1364 3125 1405 sua
3165 1346 3353 1405 amicis
3386 1347 3772 1419 patientissime

2169 1446 2595 1509 subministrant.
2629 1461 2695 1503 ex
2723 1445 2836 1509 illa,
2859 1443 3044 1511 credo,
3074 1443 3338 1516 majorum
3364 1452 3419 1500 et
3442 1440 3773 1513 sapientissi-

2164 1554 2376 1595 morum
2413 1536 2724 1609 disciplina,
2762 1535 2936 1593 (ἔτωυί
2966 1535 3202 1592 Socratis
3241 1544 3296 1591 et
3324 1533 3555 1590 Romani
3605 1533 3768 1591 Cato-

2172 1628 2391 1703 nis(h),
2424 1629 2515 1701 qui
2562 1643 2761 1685 uxores
2807 1642 2933 1686 suas
2975 1627 3166 1684 amicis
3211 1626 3765 1693 communicaverunt,

1678 1745 2060 1803 LECTIONES
2097 1742 2513 1801 VARIANTES.

544 1859 593 1915 1)
616 1857 927 1913 Conflictatur
949 1863 1058 1912 add.
1082 1864 1173 1915 eod
1194 1863 1339 1915 Fuld.

544 1859 565 1909 l
616 1858 927 1913 Conﬂictatur
949 1863 1058 1912 add.
1082 1876 1150 1914 ea

512 1858 593 2047 g2;
617 1920 772 1973 Erunt
793 1922 921 1975 delet
939 1922 1150 1977 Sentler.

543 1984 576 2034 3
620 1982 694 2035 Ita
710 1986 817 2037 eod.
842 1987 983 2038 Fuld.
1011 1994 1065 2040 et
1096 1990 1150 2041 ed

543 1982 591 2049 3)
620 1982 694 2035 Ita
710 1986 817 2037 eod.
842 1987 983 2038 Fuld.
1011 1994 1065 2040 et
1096 1989 1208 2041 edd.
1232 1987 1348 2055 Rig.
1375 1996 1524 2053 atque
1544 1987 1671 2041 Hau.
1691 2016 1704 2049 ς
1726 1987 1809 2040 alii
1842 1985 1981 2052 τζεθύ
2003 1989 2058 2036 et

2085 1864 2135 1925 Β
2162 1859 2294 1925 quod
2331 1858 2509 1925 fratres
2551 1871 2641 1909 nos
2684 1869 2943 1922 vocamus,
2979 1869 3077 1908 non
3105 1855 3254 1919 alias,
3290 1858 3480 1921 opinor,
3520 1858 3771 1911 insaniunt

2191 1921 2313 1972 Her.
2333 1920 2566 1971 infamat
2585 1932 2749 1982 quam,
2776 1925 2877 1975 etc.

2226 1985 2299 2048 (t)
2322 1982 2688 2048 Expiraverunt
2705 1982 2873 2036 Paris.
2899 1984 3021 2034 Jun.

1837 2091 2403 2153 COMMENTARIUS.

459 2208 720 2279 phernem
750 2219 998 2281 patruum
1020 2213 1328 2271 Artamenis
1350 2222 1405 2269 et
1427 2211 1625 2269 Xerxis
1647 2211 1716 2268 de
1741 2226 1905 2283 regno
1932 2210 2055 2266 Per-

459 2295 639 2355 sarum
667 2283 1104 2355 contendentium
1152 2294 1307 2341 vocat
1344 2285 1676 2340 domesticum
1717 2284 2057 2355 judicem,_ut

456 2351 736 2478 aggesta
751 2368 800 2409 c.
824 2353 867 2409 l.
887 2356 1176 2412 domesticis
1196 2356 1421 2412 indiciis.
1451 2355 1559 2413 Sed
1579 2370 1681 2428 ego
1707 2351 1815 2411 non
1840 2353 2061 2410 accedo.

507 2439 601 2478 AV.

464 2564 477 2577 .
522 2494 612 2579 ta).
655 2493 744 2551 Vel
782 2497 833 2551 in
863 2499 1125 2579 custodiis.
1157 2499 1413 2579 Libro_ad
1442 2498 1700 2579 Martyras
1716 2512 1766 2553 c.
1790 2495 1856 2552 II.
1881 2494 2064 2566 Ipsam

456 2570 663 2639 interim
707 2571 1136 2625 conversationem
1162 2570 1335 2626 steculi
1358 2581 1406 2625 et
1435 2572 1654 2625 carceris
1683 2584 2058 2639 comparemus,

460 2636 636 2719 sinon
665 2638 779 2709 plus
797 2639 847 2693 in
870 2656 1074 2719 carcere
1095 2643 1305 2713 spiritus
1333 2642 1570 2715 acquirit,
1598 2657 1749 2719 quam
1773 2636 1894 2695 caro
1920 2640 2062 2694 amit-

460 2713 554 2784 tit:
579 2713 683 2784 into
708 2719 756 2764 et
780 2727 896 2781 qua:
914 2713 1061 2784 justa
1090 2724 1229 2780 sunt,
1252 2730 1372 2768 caro
1401 2713 1506 2768 non
1531 2713 1740 2784 amittit,
1768 2729 1860 2782 per
1879 2727 2062 2784 curant

460 2776 1001 2855 Ecclesitgegogapen
1023 2776 1260 2853 fratrum.
1290 2785 1365 2840 Ex
1395 2794 1664 2855 praecepto
1686 2776 1887 2837 Christi
1915 2782 2057 2854 apud

456 2849 647 2932 mattb.
680 2849 856 2908 XXVI
879 2854 973 2932 l5.
1005 2849 1097 2911 is.
1130 2856 1315 2932 Itaque
1348 2849 1753 2932 Nestori-ursus
1799 2856 1904 2910 hoc
1947 2849 2055 2932 iro;

457 2924 606 2998 mine
628 2927 971 2998 commendat
985 2924 1298 2997 opusculum
1313 2943 1468 2984 suum
1483 2926 1564 2983 Ad
1586 2925 1848 2998 Martyras
1867 2939 1987 2994 cap.
2010 2924 2052 2979 I.

458 2989 605 3075 Inter
631 2995 800 3075 carnis
825 2989 1088 3075 alimenta,
1113 3000 1357 3075 benedicti
1383 3008 1637 3075 martyres
1654 2989 1922 3075 designati,
1936 2989 2055 3075 qua:

457 3064 669 3145 nobisa
698 3065 906 3145 domina
942 3080 1104 3145 mater
1127 3070 1361 3145 Ecclesia
1390 3072 1453 3145 de
1479 3064 1708 3145 uberibus
1737 3064 1860 3134 suis,
1887 3064 2053 3145 etsui-

460 3134 568 3218 guli
596 3139 781 3207 fratres
807 3138 870 3218 de
898 3140 1079 3218 opibus
1107 3143 1213 3218 suis
1252 3143 1476 3218 propriis
1501 3144 1555 3197 in
1579 3156 1833 3218 carcerem
1857 3139 2050 3218 submi-

2158 2208 2526 2275 ostendereut,
2550 2208 2694 2263 soliti
2739 2208 2924 2265 osculo
2952 2222 3012 2263 se
3051 2215 3235 2262 mutuo
3262 2205 3533 2277 excipere.
3584 2206 3768 2263 Testis

2159 2291 2357 2352 praeter
2384 2279 2966 2352 aiiosflhrysostomus
2995 2278 3250 2352 inEpist.
3283 2277 3350 2333 Il.
3400 2278 3467 2333 ad
3511 2277 3765 2334 Corinth.
3800 2326 3805 2333 .

2169 2346 2395 2406 Humilia
2424 2349 2594 2405 XXX.
2629 2346 2705 2404 σθ
2736 2346 2790 2404 id
2815 2352 2951 2405 enim
2981 2346 3138 2405 nobis
3166 2351 3344 2403 datum
3387 2360 3462 2404 est
3505 2352 3762 2414 osculum,

2167 2431 2220 2476 ut
2249 2422 2512 2476 cltaritatis
2539 2421 2790 2493 igniculus
2826 2438 2887 2475 ac
2907 2427 3066 2492 fontes
3094 2421 3179 2483 sit,
3219 2433 3274 2474 ut
3295 2417 3533 2488 affectum
3558 2421 3767 2493 inﬂam-

2165 2503 2288 2560 met,
2315 2504 2369 2547 ut
2391 2493 2486 2547 hac
2506 2492 2705 2547 ratione
2733 2509 2824 2548 nos
2846 2494 2984 2564 ipsos
3017 2502 3193 2546 mutuo
3214 2496 3462 2564 amemus,
3486 2492 3619 2564 velut
3651 2496 3765 2564 fra-

2165 2574 2267 2619 tres
2303 2564 2516 2619 invicem
2555 2580 2610 2618 se
2652 2573 2842 2627 amant,
2868 2562 3144 2634 patresque
3182 2562 3401 2617 vicissim
3441 2563 3577 2629 ﬁlios
3609 2581 3629 2619 :
3654 2562 3763 2617 into

2164 2638 2317 2691 etiam
2340 2635 2498 2689 multo
2524 2636 2884 2696 vehementius.
2944 2635 3037 2688 illa
3067 2635 3201 2689 enim
3243 2645 3440 2688 natura:
3462 2646 3617 2699 stmt;
3656 2635 3765 2689 haec

2162 2708 2361 2790 gratia.
2385 2705 2529 2790 Cod:
2548 2706 2703 2790 Fuld.
2734 2706 2891 2790 habet
2905 2705 3112 2790 quando
3122 2703 3681 2790 _nunc.Scribendum,
3713 2706 3763 2761 si

2165 2777 2265 2835 ista
2297 2778 2455 2833 lectio
2480 2778 2876 2848 placet,quanto
2905 2793 3060 2831 nunc.
3096 2777 3228 2832 Hsv.

2234 2848 2310 2920 (ε)
2333 2846 2586 2918 Spiritum
2616 2846 2843 2903 biberunt
2864 2849 3171 2915 sanctitatis,
3196 2846 3441 2920 adiacent
3457 2857 3763 2920 captaverant

2161 2918 2411 2976 veritatis.
2446 2919 2636 2975 Bibere
2666 2920 2912 2990 spiritum
2936 2930 2991 2975 et
3013 2934 3233 2989 pascere
3265 2918 3440 2974 lucem
3470 2918 3618 2983 dicit,
3649 2918 3760 2974 usi-

2166 2992 2433 3047 tatissimo
2471 2990 2790 3047 Christianis
2836 2990 3146 3054 schemate,
3198 2990 3596 3061 quorsolehant
3638 2990 3761 3045 vita:

2156 3062 2407 3118 mortalis
2435 3063 2599 3118 etiam
2633 3062 2906 3117 vocabulis
2931 3062 3026 3127 uti,
3056 3060 3305 3131 tanquam
3337 3060 3520 3131 figuris
3545 3070 3760 3116 :eterme

2155 3133 2323 3190 Vetus
2337 3132 2674 3204 Epigramma
2699 3133 2764 3189 de
2786 3133 3144 3205 Empedocle:
3174 3137 3240 3194 εὶς
3266 3136 3313 3186 δὲ
3349 3143 3495 3205 πυρὸς
3520 3146 3760 3204 apd/ripa:

457 3204 696 3289 nistrant,
729 3210 894 3289 capite
922 3204 1119 3289 aliquid
1135 3204 1430 3289 et__a'not5is,
1456 3214 1592 3284 quod
1612 3212 1774 3285 faciat
1801 3213 1869 3266 ad
1896 3210 2049 3283 spiri-

2159 3212 2375 3289 ἔστί)φῂ
2404 3214 2487 3260 καὶ
2511 3216 2590 3261 πίε
2612 3217 2669 3262 τὸ
2696 3216 2806 3289 ζῇν..
2834 3204 2952 3289 βία.

457 3286 563 3331 tum
588 3295 782 3348 quoque
799 3281 1137 3339 educandum.
1169 3284 1303 3341 Hav.

532 3295 563 3331 η
623 3296 782 3348 itaque
799 3295 1137 3339 educandum.
1169 3295 1303 3341 ﬂav.

532 3295 810 3433 (bz‘i’ide,
868 3355 1122 3433 inquiunt,
1151 3366 1203 3433 ut
1247 3374 1301 3412 se
1326 3356 1537 3411 invicem
1562 3354 1797 3426 diligant.
1844 3355 2059 3433 Dixerat

462 3416 710 3503 Christus
729 3416 806 3503 de
836 3416 1080 3503 caritate,
1108 3416 1275 3498 quam
1289 3499 1302 3503 _
1321 3416 2017 3503 tantopere_commendavit
2038 3447 2054 3497 ;

468 3497 646 3569 ignem
664 3497 784 3569 veni
810 3497 1033 3569 mittere
1062 3497 1421 3565 inmundum,
1450 3497 1505 3554 et
1530 3498 1658 3569 quid
1678 3499 1822 3567 volo,
1867 3500 1969 3556 nisi
1999 3513 2058 3558 ut

463 3564 695 3621 ardeat?
722 3567 973 3642 ardentis
1014 3571 1173 3642 igitur
1197 3564 1644 3628 amoriselfectus
1670 3579 1787 3627 erat
1808 3564 2057 3630 certissi-

463 3650 584 3691 mus
610 3638 751 3708 apud
780 3656 904 3713 vere
931 3638 1275 3710 christianos,
1303 3642 1445 3713 quod
1473 3643 1543 3698 ita
1569 3658 1633 3700 se
1655 3643 1884 3699 invicem
1911 3660 2060 3702 ama-

456 3716 579 3785 rent
590 3717 675 3785 ut_
661 3719 805 3767 esset
816 3711 868 3767 al
878 3722 958 3768 ter
972 3729 1067 3780 pro
1081 3731 1105 3767 a
1116 3717 1248 3771 itero
1262 3711 1394 3770 mori
1412 3715 1884 3785 paratissimus.Le
1897 3716 1992 3772 Pu.

534 3780 610 3853 (ο)
625 3779 837 3839 Fratres
859 3795 906 3838 et
934 3779 1172 3841 dicuntur
1201 3796 1246 3840 et
1274 3779 1540 3857 turbentur,
1572 3789 1657 3857 qui
1679 3803 1832 3840 unum
1849 3785 2058 3844 Patrem

460 3848 630 3929 pensa
651 3865 982 3929 agnoverunt.
1007 3857 1250 3912 Christus
1274 3856 1370 3912 Dei
1393 3848 1747 3929 Filiusj'oluit
1766 3872 1886 3915 esse
1911 3860 2055 3929 quod

462 3920 829 4004 lto_mo‘es't,l_u_t
853 3926 1016 4004 homo
1038 3937 1219 3995 posset
1244 3943 1364 4004 esse
1385 3927 1524 4004 quod
1535 3927 1798 4004 Christus
1807 3920 2052 4004 _est,'7boc

461 3999 566 4056 est,
602 3992 715 4068 Dei
742 3997 902 4068 filius.
950 3992 1300 4054 Contmtmem
1349 3992 1508 4068 igitur
1535 4000 1733 4054 habent
1760 3992 2049 4057 Christiani

461 4071 669 4144 patrem
704 4066 755 4144 in
787 4067 1001 4123 Christo
1016 4070 1286 4144 Deum,et
1309 4066 1621 4144 coltmredes
1638 4086 1838 4144 sumus
1864 4069 2049 4144 Chris-

462 4134 537 4215 ιὶ,;
564 4134 807 4216 Ιιῢᾷξθᾴθδ
833 4151 1011 4216 autem
1046 4142 1157 4216 Dei,
1191 4141 1317 4196 licet
1349 4142 1603 4216 viventis.
1636 4140 1733 4196 Est
1755 4142 1896 4216 enim
1937 4143 2046 4199 illic

458 4207 690 4261 viventis
720 4207 1135 4275 hmredims,uhi
1166 4213 1361 4267 mortui
1386 4213 1587 4275 vivunt,
1617 4222 1672 4266 et
1694 4212 1918 4267 moritur
1953 4229 2048 4268 ne-

458 4289 568 4353 mo.
602 4276 713 4332 Hoc
742 4278 934 4353 divina:
964 4282 1266 4352 adeptionis
1299 4291 1655 4353 sacramento,
1688 4285 1836 4353 regni
1864 4283 2048 4339 caudi-

461 4345 616 4432 datos
643 4350 877 4432 paterni,
904 4345 1096 4408 fratres
1115 4355 1369 4432 appellari
1395 4354 1555 4409 voluit
1572 4345 1836 4432 Christus,
1863 4354 2047 4432 u_t_fra-

457 4423 597 4472 terni
623 4423 879 4476 consortii
911 4423 1165 4495 mysterio
1190 4423 1465 4481 caritatem
1494 4424 1761 4481 sanciret:
1784 4425 2048 4483 Ambitio-

458 4500 580 4566 su_m
612 4503 742 4545 vero
795 4493 977 4566 patris
1016 4510 1232 4559 nomen,
1260 4511 1369 4566 quo
1393 4510 1555 4553 sensu
1582 4496 1839 4552 Pharisazi
1868 4498 2047 4555 vindi-

456 4557 936 4642 cabantnusurpari
953 4567 1139 4631 vetuit,
1158 4557 1228 4622 ne
1242 4557 1633 4624 sanctissimam
1656 4568 2042 4627 fraternitatem

458 4631 795 4713 inaeqoalitas
836 4635 943 4713 ulla
997 4648 1302 4713 premeret,
1356 4656 1492 4713 neve
1534 4642 1708 4713 aliqua
1752 4642 2045 4701 divinitatis

457 4700 1017 4785 mmulatione,_prisco
1032 4712 1244 4785 generis
1262 4700 1477 4767 humani
1496 4700 1642 4785 vitio',
1668 4713 1841 4769 Patris
1857 4700 2045 4785 nitenti

457 4776 712 4857 majestas
732 4776 1056 4857 violaretur.‘
1074 4781 1305 4857 llujusce
1327 4791 1503 4857 tamen
1533 4776 1832 4855 discipliua-
1860 4781 2043 4857 regula

455 4838 990 4927 humanos-affectus
1030 4838 1251 4927 minime
1301 4838 1549 4922 rescidit,
1592 4838 1756 4926 quum
1785 4838 2042 4915 ἰὴέὲιῖτί

458 4910 572 4996 Deo
602 4913 864 4996 instituta,
902 4937 1007 4990 quo
1034 4925 1223 4996 magis,
1254 4940 1357 4980 non
1386 4943 1493 4996 quo
1525 4910 2044 4986 ittinttsearitas‘a‘d:

455 4990 714 5072 mittatur.
752 4990 928 5072 Itaque
954 5002 1009 5049 et
1034 4990 1324 5072 Apostulus
1364 4990 1677 5072 Onesimum
1710 5014 1769 5054 se
1793 5002 2044 5070 genuisse

453 5061 528 5140 ait
556 5061 608 5110 in
639 5061 888 5140 vinculis,
921 5073 972 5140 et
1011 5061 1371 5135 appellatione
1421 5070 1514 5125 filii
1545 5061 1882 5126 commendat
1912 5073 2040 5129 Phi-

441 5126 651 5259 :igggi
695 5145 817 5259 siglo.
843 5133 1007 5207 Cujus
1046 5126 1196 5195 certe
1222 5143 1595 5211 appellationis
1619 5152 1704 5198 est
1730 5143 1797 5199 ad
1834 5126 2043 5215 patrem

529 5218 654 5259 alio.
700 5218 819 5263 HIC.

525 5273 605 5347 (d)
635 5276 906 5355 {tonante
923 5280 1125 5355 dignius
1150 5285 1353 5352 fratres.
1373 5284 1446 5339 De
1461 5286 1752 5355 przescript.
1777 5286 1900 5341 adv.
1933 5286 2046 5343 Hce-

450 5355 557 5429 ret.
585 5362 634 5401 c.
668 5346 788 5403 XX.
806 5346 1231 5429 ‘Conmiunicatia
1242 5356 1400 5429 pacis,
1419 5346 1473 5409 εἰ
1494 5346 1771 5426 appellatio
1797 5361 2043 5429 fraterni-

456 5422 596 5501 tatis,
628 5428 674 5473 et
697 5422 1057 5501 confesseratio
1085 5425 1469 5501 hospitalitatis,
1493 5422 1605 5501 qua:
1631 5429 1760 5498 jura
1794 5422 1896 5485 non
1938 5431 2046 5486 alia

449 5493 590 5567 ra_ti_o_
622 5493 771 5564 regit,
801 5510 956 5567 quam
992 5493 1221 5567 ejusdem
1258 5493 1562 5553 sacramenti
1588 5493 1690 5554 una
1716 5500 1943 5558 traditio.
1974 5501 2043 5558 Et

449 5560 778 5647 adllxofetn
809 5560 904 5647 lib.
936 5567 997 5621 II.
1016 5560 1079 5647 'e.
1105 5570 1159 5625 9.
1188 5569 1549 5647 Qualejngum
1571 5571 1800 5647 fidelium
1823 5573 2040 5647 duorum

449 5638 615 5715 unius
631 5638 758 5715 spei,
783 5638 933 5715 unius
956 5639 1073 5703 voti,
1109 5642 1262 5715 unius
1289 5638 1595 5711 disciplinae,
1626 5643 1856 5715 ejusdem
1877 5645 2036 5699 servi-

450 5704 571 5784 tutis
589 5704 615 5757 ?
634 5707 1031 5787 finibofratres.
1055 5713 1204 5787 omba
1229 5704 1487 5787 conservi,
1512 5704 1665 5787 καὶιᾶ
1686 5717 1897 5787 spiritus
1919 5731 2036 5772 car-

446 5775 584 5858 uisae
611 5775 868 5858 discretio.
898 5780 1036 5858 lline
1058 5783 1170 5852 jam
1210 5784 1335 5839 olim
1365 5775 1676 5858 Christiani.
1709 5775 1766 5844 ut
1803 5788 2030 5858 conjun-

442 5844 676 5904 ctionem
731 5846 879 5908 illam
949 5844 1250 5914 animorum
1308 5864 1363 5914 ct
1418 5844 1714 5917 fraternum
1777 5844 2029 5919 affectum

2070 4595 2123 4656 D

2228 3278 2295 3348 (f)
2327 3276 2677 3346 Expaverunt.
2711 3275 3057 3333 Puleherriua
3091 3274 3587 3348 metaphora,_s_icut
3614 3274 3759 3348 enim
3847 3293 3854 3303 ο

2162 3345 2288 3418 illis,
2319 3349 2408 3420 qui
2435 3348 2489 3403 in
2518 3348 2753 3404 tenebris
2786 3348 2997 3403 fuerunt
3027 3345 3247 3420 diutius,
3277 3348 3320 3401 si
3370 3345 3549 3401 subito
3587 3346 3758 3420 solem

2162 3417 2443 3485 immittas,
2477 3421 2614 3474 oculi
2667 3421 2871 3475 nictare
2897 3428 2953 3474 et
2978 3419 3130 3489 quasi
3163 3432 3531 3488 expavescere
3561 3417 3754 3482 solent,

2162 3492 2242 3548 sic
2272 3492 2349 3547 illi
2377 3508 2591 3563 quoque
2631 3491 2719 3561 qui
2751 3507 2819 3546 ex
2849 3505 3067 3546 carcere
3095 3491 3461 3563 tenebrarum,
3491 3489 3681 3563 mortis
3703 3495 3761 3543 et

2164 3559 2701 3634 peccati.'ad‘luceiu
2744 3563 2985 3634 veritatis
3023 3571 3077 3615 et
3107 3561 3385 3631 Evangelii
3434 3559 3758 3634 pertrahun-

2165 3630 2267 3700 tur,
2318 3634 2630 3703 affliguntur
2676 3633 2840 3690 corde
2886 3641 2943 3689 et
2990 3634 3084 3687 toti
3141 3630 3399 3698 tremunt,
3451 3640 3506 3685 ut
3537 3630 3761 3703 contigit

2165 3706 2354 3777 Sergio
2380 3701 2547 3760 Paulo
2576 3706 2766 3761 illustri
2799 3706 2914 3759 viro
2955 3706 3073 3759 Act.
3104 3702 3241 3758 XIV.
3274 3703 3363 3777 l2.
3392 3710 3446 3777 et
3478 3701 3757 3777 ips_i__A_po-

2161 3771 2302 3832 stole
2329 3777 2513 3839 Paulo,
2545 3777 2632 3831 ubi
2661 3777 2727 3831 ad
2753 3776 2909 3831 fidem
2936 3783 3021 3829 est
3042 3782 3262 3827 vocatus
3295 3774 3346 3826 in
3377 3771 3608 3825 mirabili
3653 3774 3754 3825 ista

2160 3848 2388 3907 visione.
2436 3863 2556 3918 qum
2605 3856 2851 3902 narratur
2897 3848 3078 3918 Aotor.
3111 3843 3306 3918 lX._(_i.
3352 3842 3531 3907 Quare
3561 3840 3757 3918 fr_ustra

2159 3920 2279 3973 Ald.
2312 3908 2829 3987 legit'easpimverint.
2862 3926 2915 3970 et
2947 3916 3112 3987 Barr._
3129 3924 3183 3987 et
3212 3913 3395 3987 Rhea;
3425 3925 3572 3987 cum_
3588 3908 3754 3987 Junio

2154 3981 2545 4058 expiravizrunt;
2590 3988 2778 4044 Melius
2821 4000 3031 4056 quoque
3074 3983 3205 4058 Cod.
3253 3982 3422 4058 L_._B.
3451 3992 3507 4058 et
3536 3981 3657 4058 Rig.
3689 3997 3758 4058 ex

2154 4052 2308 4115 Fuld.
2340 4069 2649 4126 expaverunt
2677 4052 3010 4128 quam-Pam.
3044 4063 3098 4109 et
3146 4053 3363 4109 Hecald.
3407 4062 3460 4128 et
3489 4052 3559 4107 La
3586 4052 3758 4128 Cerda

2153 4123 2467 4200 expaverint.
2511 4128 2648 4185 Cod.
2695 4123 2869 4199 'Agob.
2905 4136 3263 4198 pervenerunt,
3309 4123 3452 4196 quod
3479 4140 3547 4179 ex
3577 4124 3757 4196 glossa

2154 4201 2605 4344 eéifgrﬂugmdia
2640 4271 2910 4344 exclamat.
2936 4268 3175 4344 Respicit
3221 4266 3436 4344 Atridas
3461 4275 3516 4344 e_t
3560 4265 3756 4344 fratres

2152 4338 2461 4409 Thébanos',
2491 4358 2610 4413 qua:
2636 4339 3192 4413 materiaaiquomodo
3226 4338 3401 4413 vulgo
3453 4339 3753 4407 placuerint

2150 4414 2289 4470 disci
2317 4417 2478 4471 etiam
2508 4409 2689 4482 potest
2716 4429 2783 4470 ex
2807 4428 2858 4469 c.
2888 4412 2980 4468 IX.
3012 4411 3165 4469 Unde
3186 4410 3257 4466 ob
3278 4409 3615 4479 frequentem
3646 4416 3754 4464 tra-

2149 4486 2343 4559 goediae
2368 4486 2747 4557 repetitionem
2778 4485 2951 4556 poetis
2978 4484 3176 4540 dicitur

2582 4577 2758 4629 Scenis
2774 4578 2986 4642 agitatus
3001 4574 3223 4626 Orestes.

2147 4661 2330 4735 Longe
2357 4664 2462 4719 alio
2478 4670 2685 4733 spectat
2703 4661 2845 4734 quod
2868 4662 3061 4735 legitur
3083 4656 3536 4735 apudlliiuueium
3570 4670 3621 4724 p.

2152 4726 2475 4806 Necvfratres
2499 4726 2586 4789 vos
2617 4726 2863 4791 nisi'sanc
2891 4726 2960 4788 ad
2996 4726 3331 4803 parricidium
3369 4726 3747 4799 recognoscitis.

2150 4806 2303 4950 livli)
2331 4876 2562 4950 Romani
2574 4875 2801 4950 Catonis.
2819 4874 2932 4950 ‘Qui
2965 4871 3252 4950 Hortensio
3266 4867 3481 4950 tradidit
3493 4864 3746 4950 Marciam

2145 4936 2298 5005 suam
2320 4960 2376 5005 et
2403 4960 2519 5020 post
2540 4947 2648 5012 fata
2679 4936 2920 5016 ejusdem:
2966 4944 3273 5020 resumpsit.
3324 4940 3515 5020 Cujus'
3537 4936 3750 4993 Marcia:

2147 5009 2416 5090 insignem'
2437 5009 2576 5075 hanc
2602 5009 2903 5075 orationem
2931 5017 2997 5073 ad
3029 5009 3200 5071 virum
3251 5009 3469 5070 exhibet
3491 5009 3740 5067 Lucanus

2242 5161 2372 5227 Dum
2394 5162 2596 5227 sanguis
2619 5162 2794 5227 inerat,
2817 5157 2934 5208 dum
2950 5159 3023 5210 vis
3045 5163 3292 5227 materna,
3322 5153 3499 5227 peregi

2241 5220 2554 5286 Jussa,Caio,
2580 5231 2633 5274 et
2653 5220 2880 5285 geminos
2904 5222 3081 5286 excepi
3106 5220 3222 5270 faeta
3245 5220 3461 5279 maritos,

2240 5287 2528 5349 Visceribus
2552 5286 2695 5336 lassis
2720 5290 2963 5349 partuque
2983 5285 3223 5335 exhausta
3240 5287 3493 5339 revertor,

2241 5348 2351 5400 Jatn
2374 5349 2497 5401 nulli
2514 5348 2752 5400 tradenda
2775 5350 2913 5409 viro;

2148 5441 2203 5487 et
2230 5448 2348 5503 quae
2376 5442 2694 5501 sequuntur.
2747 5431 2936 5486 Totam
2991 5428 3270 5503 historiam
3316 5432 3524 5503 narrat“
3542 5422 3595 5479 in
3630 5422 3744 5503 vita

2144 5494 2364 5559 Catonis
2392 5494 2731 5559 Plutarchus.
2756 5503 2910 5558 Prius
2936 5511 3115 5557 autem
3150 5496 3466 5554 Hortensius
3490 5494 3736 5550 Porcium

2143 5572 2360 5630 Catonis
2387 5576 2551 5630 tiliam
2583 5573 2755 5629 Bibuli
2780 5588 3002 5628 uxorem
3033 5571 3128 5626 scd
3146 5571 3256 5639 jam
3285 5569 3510 5622 duorum
3535 5566 3736 5621 libero-

2140 5661 2261 5703 rum
2302 5659 2524 5702 matrem
2572 5661 2601 5702 a
2652 5642 2853 5701 Catone
2899 5643 3322 5713 petieratdnup
3376 5642 3557 5713 cavoa
3580 5644 3741 5713 χώραν

2137 5743 2187 5789 ις.
2238 5742 2286 5774 τ.
2329 5726 2374 5772 λ.
2425 5717 2478 5774 id
2534 5726 2651 5785 est,
2682 5708 2922 5789 tanquam
2947 5712 3239 5789 [secundum
3275 5708 3458 5789 agrum
3487 5708 3735 5789 adsobo-

2138 5787 2237 5844 lem
2261 5780 2647 5860 procreandum.
2682 5787 2757 5843 De
2775 5780 2880 5859 qua
2905 5780 3026 5842 cum
3059 5785 3149 5862 ille
3176 5780 3605 5862 reSptmderetniu
3633 5792 3733 5862 sua

2134 5848 2394 5920 nou'esse
2438 5868 2703 5935 potesmte
2741 5848 2902 5932 quium
2951 5848 3462 5931 qumrebat,'ipsam
3507 5848 3729 5908 Catonis
