4126 6340
383 281 502 344 ιτὸ

1762 285 2304 348 APOLOGETICUS.

3593 294 3702 358 ιη

385 417 525 476 quas
548 399 604 458 in
629 401 1030 460 matrimonium
1073 403 1338 460 duxerant
1371 403 1664 461 liberorum
1701 419 1890 460 caussa
1937 414 1991 462 et
2018 405 2072 469 Α
2098 418 2168 460 no
2198 404 2358 461 oculo
2382 403 2590 463 facilius
2619 405 2899 478 perspicit,
2933 419 3093 474 quam
3127 406 3180 464 in
3210 419 3310 464 suo
3335 407 3564 467 trabem.
3595 417 3701 470 'rot

383 494 518 550 alibi
536 495 892 551 creandorum
925 495 1024 568 (a),
1053 497 1234 552 nescio
1274 497 1487 568 quidem
1515 513 1581 553 an
1611 498 1838 565 invitas;
1868 499 1995 570 quid

383 589 533 645 enim
565 585 647 659 (1)
678 588 746 644 de
776 590 1022 646 castitate
1047 599 1318 658 curarent,
1351 607 1509 662 quam
1550 591 1726 647 mariti
1760 601 1866 646 tam
1917 590 1994 646 l‘a-

385 681 497 737 cile
554 681 925 739 donaveram?
973 681 1019 738 Ο
1060 683 1337 754 sapientia:
1391 685 1601 749 Atticm,
1660 699 1692 738 o
1736 683 1993 741 Romana:

383 775 666 847 gravitatis
692 777 994 847 exemplum
1021 779 1033 831 !
1064 777 1211 833 Leno
1229 785 1312 834 est
1333 777 1412 850 (9.)
1434 778 1781 849 philosophus
1799 789 1852 835 et
1869 794 1993 835 cen-

387 885 487 925 sor
513 870 612 941 (b).
641 870 776 938 Quid
804 886 932 942 ergo
961 872 1178 941 mirum,
1225 873 1267 928 si
1307 880 1456 927 tanta
1498 875 1694 929 caritas
1733 874 1986 930 conviva-

384 969 478 1018 tur
516 961 603 1033 (3)
639 960 754 1032 (c)?
798 961 936 1018 Nam
983 973 1039 1019 et
1065 963 1310 1019 coenulas
1350 974 1584 1030 nostras,
1632 975 1989 1035 przeterquam

382 1055 615 1111 sceleris
643 1054 888 1122 infames,
920 1063 981 1110 ut
1010 1056 1258 1127 prodigas
1297 1072 1512 1128 quoque
1544 1057 1627 1130 (1)
1672 1056 1986 1128 suggillatis.

385 1148 467 1204 De
496 1149 654 1206 nobis
683 1148 886 1205 scilicet
912 1149 1160 1220 Diogenis
1181 1148 1383 1206 dictum
1407 1159 1492 1205 est
1512 1168 1524 1204 :
1548 1149 1884 1219 Megarenses
1907 1150 1988 1220 (d)

382 1241 656 1297 obsonant
681 1241 832 1313 quasi
861 1244 1095 1298 crastina
1144 1241 1231 1298 die
1262 1242 1530 1310 morituri,
1560 1242 1830 1298 aediﬁcant
1857 1257 1990 1299 vero

381 1333 541 1406 quasi
560 1349 830 1406 nunquam
851 1335 1095 1392 morituri
1123 1335 1222 1407 (5).
1245 1334 1353 1392 Sed
1369 1335 1622 1407 stipulam
1649 1335 1769 1405 quis
1790 1335 1841 1389 in
1867 1335 1991 1391 alie-

2102 497 2347 554 trihubus
2374 507 2430 555 et
2453 499 2618 554 curiis
2643 509 2696 556 et
2717 500 2951 556 decuriis
2987 499 3319 556 ructantibus
3364 502 3562 559 acescit
3603 503 3697 560 aér

2101 594 2179 666 (ti)
2203 592 2296 665 (e).
2323 593 2481 649 Saliis
2515 594 2586 666 (Γ)
2631 594 2924 650 coenaturis
2950 594 3187 650 creditor
3207 594 3308 650 erit
3337 596 3694 654 necessarius.
3753 631 3756 634 ι

2099 684 2522 741 Herculanarum
2551 684 2880 741 decimarum
2909 694 2963 741 et
3009 686 3367 757 polluctorum
3397 685 3477 759 (7)
3507 703 3698 761 sump-

2095 785 2179 832 tus
2219 776 2464 832 tabularii
2488 776 2566 849 (8)
2617 777 2997 847 supputabant.
3059 777 3352 846 Apaturiis,
3403 778 3696 852 Dionysiis,

2099 871 2370 944 mysteriis
2416 871 2606 926 Atticis
2657 871 2733 942 (g)
2780 885 3073 942 coquorum
3103 869 3345 929 delectus
3372 871 3692 930 iudicentur.

2090 963 2175 1019 Ad
2203 963 2406 1019 fumum
2431 978 2600 1019 ciente
2627 962 2928 1031 Serapiacae
2969 964 3222 1034 sparteoli
3271 963 3352 1036 (h)
3386 965 3699 1021 excitabun-

2095 1064 2199 1111 tur.
2235 1055 2310 1110 De
2334 1055 2451 1111 solo
2483 1054 2713 1111 triclinio
2734 1053 3158 1111 Christianorum
3191 1064 3531 1122 retractatur,
3583 1056 3700 1114 Coeo

2094 1163 2161 1204 na
2199 1157 2382 1204 nostra
2412 1147 2480 1203 de
2531 1147 2747 1204 nomine
2793 1148 3055 1204 rationem
3109 1148 3195 1202 sui
3237 1147 3316 1219 (9)
3342 1149 3608 1214 ostendit;
3643 1148 3696 1206 id

2092 1252 2332 1310 vocatur,
2380 1241 2522 1313 quod
2575 1241 2792 1297 dilectio
2843 1256 3012 1313 penes
3067 1241 3285 1299 Graecos
3332 1251 3414 1298 est
3455 1242 3568 1316 (l0)
3607 1244 3692 1315 (i).

2092 1336 2549 1408 Quantiscumque
2565 1335 2868 1408 sumptibus
2891 1345 3126 1404 constet,
3154 1337 3361 1394 lucrum
3378 1345 3462 1394 est
3486 1337 3699 1410 pietatis

1630 1432 2010 1491 LECTIONES
2051 1434 2465 1491 VARIANTES.

473 1550 522 1603 11
544 1549 688 1602 Enim
709 1548 855 1602 Abest
872 1548 1041 1602 Paris.

549 1613 780 1676 Lenones
805 1614 1125 1676 Havercamp.
1194 1675 1197 1676 ν
1255 1675 1262 1676 ί
1396 1642 1399 1644 -

467 1672 518 1740 3}
547 1675 857 1740 conviolatur
887 1672 1134 1740 fratrea.
1163 1675 1281 1740 Cod.
1322 1674 1470 1726 Fuld.
1514 1676 1794 1727 convivatur
1821 1688 1836 1738 ;
1875 1672 1986 1725 cod.

375 1736 535 1802 Agob.
561 1737 770 1802 violatur
787 1777 801 1798 ,
827 1736 935 1802 (alii
957 1751 974 1788 :
999 1736 1317 1802 wriviolatur.

442 1801 520 1864 (4)
544 1800 934 1864 QuoquegAbest.
961 1799 1170 1851 Parisin.

441 1860 519 1935 (ὅ)
550 1860 632 1935 ξ’ρ.
658 1860 1144 1935 :gdilicantmorituri
1167 1862 1339 1935 desivit
1362 1862 1413 1935 in
1432 1861 1744 1928 codd.Agob.
1762 1867 1808 1914 et
1825 1860 1980 1926 Lugd.

371 1932 426 1977 et
440 1923 632 1977 in'edd.
659 1925 835 1988 Rhein,
853 1923 987 1988 Aldi,
1014 1923 1136 1988 Gel.,
1160 1927 1331 1987 Barr.,
1354 1925 1539 1989 Gangn.

2156 1529 2228 1589 (6)
2254 1529 2492 1578 Acrescet
2513 1528 2636 1577 Jun.

2155 1591 2228 1651 (7)
2254 1591 2314 1641 Et
2335 1590 2468 1642 abest
2492 1589 2647 1651 Paris.

2159 1648 2514 1718 (‘8)AStabularii
2537 1650 2745 1704 Parisin.
2768 1649 2919 1704 Codd.
2946 1648 3120 1718 Agob.,
3146 1651 3319 1718 Lugd,
3342 1657 3390 1704 et
3412 1651 3473 1704 ed
3482 1651 3697 1706 .,then.:

2023 1741 2073 1801 B
2101 1715 2373 1801 είῆξξδέἱίές

2162 1779 2234 1836 (9)
2261 1779 2409 1828 Suam
2438 1776 2594 1829 Paris.

2150 1841 2254 1904 (10)
2281 1837 2366 1892 Sic
2390 1838 2625 1905 scriptum
2659 1844 2833 1906 exstat_
2851 1837 2901 1890 in
2924 1839 3032 1890 cod.
3069 1839 3264 1906 Lugd.;
3302 1838 3410 1890 cod.
3452 1839 3600 1906 Euld.
3648 1841 3697 1906 td

2087 1900 2309 1968 vocatum
2348 1916 2465 1966 quo,
2489 1900 2644 1968 '_etc.;
2683 1900 2834 1954 ceteri
2886 1911 3086 1954 vocatur
3133 1900 3265 1954 énim
3308 1915 3448 1965 aram,
3474 1902 3520 1953 id
3565 1903 3696 1968 quod

2088 1963 2287 2015 dilectio
2312 1963 2471 2030 penes
2493 1965 2579 2018 Gr.
2608 1963 2702 2016 est:

1755 2046 2320 2107 COMMENTARIUS.

374 2145 633 2202 Marciam
661 2146 905 2217 poposcit
931 2153 986 2202 et
1012 2145 1237 2217 accepit.
1262 2143 1450 2217 Simile
1462 2151 1692 2217 narrant
1720 2141 1984 2217 Diogenes

375 2218 630 2273 Laertius
663 2213 1398 2289 etiHesychiusilllustrins
1445 2214 1521 2289 de
1559 2213 1873 2289 Menedemo
1925 2221 1983 2268 et

379 2289 697 2360 Asclepiade
718 2286 1072 2360 philosophis.
1096 2287 1466 2360 Menedemum
1492 2286 1707 2340 duxisse
1730 2295 1978 2350 matrem,

379 2357 754 2429 Asclepiadem
799 2357 982 2422 filiam,
1033 2368 1087 2414 et
1135 2375 1299 2429 quum
1345 2357 1598 2412 defuncta
1654 2368 1799 2429 esset
1846 2371 1982 2409 uxor

379 2427 733 2499 Asclepiadis,
759 2430 1056 2486 Menedemi
1083 2427 1291 2499 cepisse
1337 2430 1642 2499 conjugem,
1699 2427 1974 2499 illumque,

378 2501 524 2573 quod
551 2498 780 2571 Reipub.
816 2511 1092 2572 prmesset,
1121 2498 1284 2573 aliam,
1304 2498 1522 2555 duxisse
1554 2500 1788 2573 nobilem
1819 2498 1982 2573 etule-

379 2568 696 2643 éupletem';
728 2568 1095 2638 nihilominus,
1125 2572 1709 2643 quoniamrcommunis
1734 2579 1849 2625 erat
1876 2568 1980 2643 illis

377 2639 595 2708 doinus,
627 2646 701 2699 rei
732 2645 1007 2699 familiaris
1037 2639 1562 2698 administrationem
1606 2642 1769 2710 priori
1826 2639 1980 2695 uxori

379 2716 713 2787 permisisse.
744 2717 819 2772 De
858 2714 1079 2772 Socrate
1107 2715 1228 2770 vide
1272 2730 1400 2770 mox
1429 2713 1494 2768 ad
1543 2713 1696 2778 illud,
1749 2711 1982 2767 Lenones

381 2799 492 2843 etc.
525 2789 661 2842 llsv.

454 2860 534 2931 (ο)
557 2857 624 2912 Et
649 2857 771 2912 alibi
794 2858 1326 2931 creandorum.Pr0ul.
1350 2857 1402 2912 in
1425 2855 1814 2931 Amphitryone
1828 2854 1984 2931 Plan-_

383 2927 474 2985 tus
508 2927 582 2984 ait
611 2945 836 2985 uxorem
869 2930 1164 2984 usurariam
1199 2929 1461 2997 praebere,
1510 2927 1649 2982 idem
1687 2941 1808 2981 esse
1851 2942 1912 2979 ac
1937 2927 1981 2981 si

383 3001 810 3074 agrumsterilem
833 3001 1127 3074 [adiendum
1156 3000 1307 3055 loces.
1345 3000 1477 3053 llsv.

2086 2141 2266 2210 Quare
2289 2152 2344 2200 et
2368 2146 2510 2201 inter
2535 2144 2843 2200 Aristotelis
2865 2153 2983 2200 cata
3011 2144 3155 2200 dicta
3179 2143 3320 2200 idem
3354 2147 3586 2216 scriptor
3607 2161 3695 2204 re-

2086 2217 2553 2289 censet,-homines
2577 2217 2844 2286 plerosque
2867 2218 2944 2289 ita
2968 2232 3148 2282 parcos
3175 2233 3303 2289 esse,
3332 2235 3393 2272 ac
3425 2219 3470 2272 si
3495 2235 3694 2289 semper

2085 2285 2268 2341 victuri
2293 2298 2456 2343 essent
2477 2305 2496 2354 ;
2521 2285 2650 2342 alios
2671 2285 2772 2341 tam
2798 2286 3066 2357 prodigos,
3106 2303 3166 2341 ac
3195 2288 3240 2342 si
3265 2291 3505 2345 continuo
3535 2285 3694 2344 mori-

2086 2357 2206 2411 turi.
2242 2366 2362 2420 Τοὺς
2391 2369 2494 2426 μὲν,
2524 2363 2646 2414 οὕτω
2671 2363 2902 2430 φείδεσθαι
2940 2367 2999 2419 ὡς
3027 2362 3106 2413 ἀεὶ
3132 2364 3437 2428 ζησομένους,
3481 2370 3589 2423 τοὺς
3621 2365 3690 2428 δὲ,

2084 2432 2230 2498 οὕτῳς
2252 2433 2517 2485 ἀναλίσκων
2542 2438 2602 2493 ὡς
2622 2435 2795 2485 αὐτίκα
2822 2439 3194 2497 τεθνησομὲνους.
3230 2431 3367 2486 “AV.

2162 2499 2236 2572 (e)
2263 2501 2459 2572 Acescit
2487 2519 2594 2556 aer.
2645 2501 2834 2557 Sidon.
2885 2501 3207 2567 Apollinaris
3251 2502 3368 2557 libr.
3405 2503 3690 2568 ut.-'epist.

2085 2571 2179 2625 12.
2209 2571 2420 2626 Alarum
2445 2573 2691 2642 specubus
2721 2573 2936 2626 hircosis
2965 2583 3114 2642 atque
3137 2573 3506 2629 ascescentibus
3526 2574 3694 2629 latera

2086 2644 2286 2712 captiva
2310 2644 2741 2698 circumvallatus.
2769 2643 2961 2698 Cicero
2989 2645 3038 2697 in
3070 2645 3224 2698 Orat.
3251 2645 3301 2699 in
3321 2646 3382 2699 L.
3434 2645 3690 2700 Pisonem

2085 2728 2204 2782 cap.
2237 2731 2349 2770 xm.
2387 2713 2664 2782 Paulisper
2691 2715 2921 2770 stetimus
2957 2715 3012 2768 in
3056 2715 3146 2769 illo
3181 2732 3457 2786 ganearum
3485 2725 3692 2771 tuarunt

2086 2786 2266 2840 nidore
2288 2796 2436 2856 atque
2463 2789 2606 2858 [uitio
2639 2802 2657 2840 :
2689 2786 2823 2840 unde
2843 2794 2897 2838 tu
2927 2801 3019 2840 nos
3050 2802 3162 2839 cum
3186 2787 3560 2856 improbissime
3584 2805 3692 2841 res-

2087 2858 2388 2925 pondendo,
2420 2868 2526 2912 tum
2548 2859 2839 2928 turpissime
2861 2858 3136 2928 eructando
3162 2859 3373 2924 ejecisti.
3400 2858 3551 2927 Quod
3580 2874 3690 2927 pra:

2087 2929 2425 3001 multitudine
2455 2927 2732 2984 hominum
2764 2929 2816 2983 in
2850 2927 3073 3001 theatris
3102 2937 3156 2983 et
3189 2930 3513 3001 spectaculis
3541 2928 3686 2984 acci-

2089 2999 2219 3055 dere
2268 3010 2454 3054 notant
2490 3001 2802 3070 scriptores.
2852 3000 2923 3054 Ita
2967 2998 3240 3070 Eunapius
3290 3000 3588 3056 Sardianus
3636 3002 3688 3056 in

453 3072 532 3142 (b)
560 3065 850 3127 Confundit
870 3071 1131 3134 Calones,
1166 3081 1223 3124 ut
1271 3085 1430 3139 supra
1479 3069 1779 3142 Scipiones.
1821 3067 1984 3142 Αριιά
2012 3065 2057 3128 C
2092 3070 2316 3126 Edesio
2345 3065 2753 3142 Constantinum
2781 3070 3027 3142 Magnum
3057 3065 3206 3124 uolat
3231 3071 3463 3142 undique
3485 3071 3688 3127 incolas

380 3140 602 3218 Lucina.
638 3146 688 3218 in
723 3143 1210 3218 lcpiﬁdissimojllo
1240 3143 1505 3218 Dialogo,__
1533 3141 1622 3218 qui
1672 3140 1980 3218 inscribitur

380 3215 624 3284 Lapithm
647 3211 1020 3270 ZenOthcmidi
1048 3213 1369 3268 Cleodemus
1396 3211 1586 3282 objicit
1621 3231 1644 3284 :7
1667 3211 1781 3284 [ur
1800 3215 1854 3266 οὐ
1877 3235 1978 3278 μα-

378 3282 590 3357 στράτιος
616 3293 704 3353 ἐγὼ
727 3303 810 3348 τῆς
835 3292 1042 3357 ἐμαυτοῦ
1056 3293 1271 3351 γυναικὸς
1300 3284 1521 3357 «innasci
1539 3289 1614 3346 σὺ,
1637 3282 1685 3336 id
1716 3291 1802 3337 est
1831 3294 1981 3350 atque

379 3375 474 3429 ego
498 3359 670 3411 uxoris
701 3356 964 3429 ineteleuo
989 3373 1089 3429 non
1119 3373 1247 3429 sum,
1266 3366 1317 3410 ut
1347 3356 1730 3429 tu.,Socratem
1760 3363 1978 3429 ut_puto

381 3423 792 3499 tangens,cujus
809 3427 1108 3497 Xanthippe
1128 3428 1292 3499 altera
1312 3441 1447 3499 uxor
1463 3425 1806 3499 communior:
1816 3423 1980 3484 fuisse

382 3495 717 3569 perhibetur:
745 3500 854 3554 hno
878 3495 1136 3553 Platonici
1181 3498 1445 3569 dogmatis
1471 3506 1745 3551 auctorem
1777 3495 1976 3569 Socrag

382 3567 495 3626 iem
538 3572 658 3625 facit
686 3572 821 3625 idem
867 3570 1134 3625 anianus
1174 3569 1225 3623 in
1262 3567 1501 3623 Vitarum
1552 3570 1836 3633 Auctione,
1885 3567 1976 3624 ubi

385 3641 516 3696 illud
544 3643 821 3697 mercatori
851 3653 905 3696 ut
940 3642 1262 3711 prmeipuum
1289 3641 1481 3708 dogma
1511 3655 1666 3692 suum
1699 3639 1971 3708 proponit,

381 3713 633 3781 quodque
653 3713 716 3766 ad
744 3728 964 3768 uxorem
995 3721 1200 3778 spectet
1234 3730 1246 3765 :
1288 3722 1424 3766 Δοκεῖ
1442 3717 1676 3778 μηδεμίαν
1703 3714 1855 3764 αὐτῶν
1879 3735 1978 3773 μηο

380 3787 502 3846 duo;
528 3793 648 3838 εἶναι
669 3796 831 3852 μόνον,
860 3796 1002 3839 παντὶ
1024 3789 1071 3837 δὲ
1092 3801 1299 3851 μετεῖναι
1325 3794 1392 3852 τῷ
1416 3791 1686 3853 βουλομένῳ
1705 3793 1789 3835 τοῦ
1804 3798 1969 3853 spapae;

379 3855 433 3908 id
463 3864 566 3919 est,
603 3853 811 3910 Videtur
833 3856 955 3909 milii
979 3857 1174 3909 nullam
1202 3855 1382 3909 debere
1403 3856 1703 3925 cujusquam
1725 3869 1830 3925 esse
1853 3869 1974 3923 pro-

379 3927 564 3996 priam,
597 3939 768 3981 verum
799 3943 1202 3996 unamquamque
1227 3927 1415 3996 passim
1442 3923 1620 3979 debere
1641 3923 1883 3996 accedere
1903 3926 1972 3978 ad

378 4013 492 4050 eum
537 3999 625 4070 qui
667 4015 778 4051 eam
818 4009 1040 4068 appetat.
1074 3995 1576 4070 Quod’platonicus
1604 3997 1762 4050 etiam
1795 3995 1970 4065 philo-

380 4067 582 4138 SOphu's
609 4071 738 4123 satis
770 4070 989 4122 ridicule
1012 4071 1062 4122 in
1082 4069 1325 4137 Lapithis
1354 4067 1625 4138 proponit.

452 4136 525 4213 (c)
541 4138 862 4213 Convivalur.
877 4140 1142 4213 Optimam
1167 4136 1307 4213 hanc
1319 4136 1612 4213 Aléctionem
1628 4153 1691 4194 ex
1703 4136 1966 4213 Γαιάοηεὶ

376 4209 486 4294 MS.
506 4209 748 4294 restituit
758 4211 1048 4294 .lftigaltius,
1075 4222 1128 4293 et
1155 4220 1276 4294 ante
1299 4211 1444 4264 illum
1469 4210 1804 4294 recte-etiam
1833 4209 1964 4294 Sca-

379 4281 511 4352 liger
537 4282 587 4336 in
615 4298 706 4337 ora
734 4280 856 4336 libri
909 4292 963 4337 et
1009 4282 1201 4338 Junius
1240 4282 1535 4337 docuerant
1568 4280 1634 4334 ad
1685 4280 1964 4350 sequentia

377 4354 670 4422 pertinere.
722 4353 979 4408 Illustrari
1030 4365 1206 4423 potest
1241 4369 1306 4408 ex
1348 4352 1692 4423 Suetonioiin
1723 4355 1963 4420 Augusto

375 4439 495 4493 cap.
530 4424 696 4480 LXX.
727 4424 814 4478 ubi
857 4426 924 4480 de
956 4422 1095 4479 iilius
1129 4425 1512 4479 ineontinentia
1548 4441 1559 4476 :
1593 4422 1749 4478 Coena
1775 4439 1970 4494 quoque
1995 4430 2048 4493 ])

373 4496 485 4563 eius
509 4497 749 4551 secretior
775 4497 826 4549 in
855 4497 1040 4567 fabulis
1057 4497 1174 4566 fuit,
1207 4512 1318 4564 qua:
1338 4497 1486 4564 vulgo
1516 4499 1788 4567 δωδεκᾴθεος
1813 4509 1965 4567 voca—

377 4569 524 4620 batur
555 4583 572 4621 :
600 4569 652 4621 in
680 4583 781 4639 qua
811 4565 1030 4639 Deorum
1058 4565 1389 4635 ’tlearumque
1434 4567 1610 4619 habitu
1657 4565 1970 4639 discubuisse

375 4639 630 4701 convivas,
659 4636 704 4692 et
727 4638 895 4708 ipsum
927 4656 1017 4708 pro
1051 4639 1292 4705 Apolline
1331 4647 1588 4700 ornatum,
1631 4653 1733 4690 non
1759 4636 1970 4691 Antonii

375 4709 525 4782 modo
553 4709 779 4782 epistola:
801 4711 1118 4782 singulorum
1140 4710 1347 4764 nomina
1369 4708 1716 4782 amarissime,
1731 4723 1972 4761 annume-

373 4780 537 4851 rantis
562 4778 899 4851 exprobrant,
919 4784 1007 4836 sed
1035 4791 1079 4834 et
1111 4781 1218 4835 sine
1241 4790 1445 4834 auctore
1467 4778 1716 4851 notissimi
1745 4793 1918 4836 versus
1951 4796 1969 4834 :

465 4849 584 4914 Cum
611 4848 815 4914 primum
837 4855 1033 4904 istorum
1056 4852 1280 4901 conducit
1294 4862 1473 4914 mensa
1485 4848 1783 4912 choragum,

529 4912 734 4975 Seirque
757 4915 876 4964 deos
897 4915 1017 4964 vidit
1040 4915 1200 4964 Mallia
1222 4926 1414 4975 sesque
1446 4912 1584 4961 deas.

466 4974 617 5038 Impia
638 4974 752 5025 dum
777 4978 936 5028 Caesar
963 4978 1135 5026 Phoebi
1163 4974 1412 5038 mendacia
1436 4975 1578 5038 ludit,

577 5051 655 5086 um
679 5052 801 5088 nova
824 5040 1046 5090 divorum
1063 5044 1224 5090 comat
1245 5037 1505 5095 adulteria,

470 5099 642 5162 omnia
668 5114 723 5150 se
748 5115 774 5150 a
801 5108 949 5152 terris
972 5109 1087 5152 tunc
1110 5102 1304 5152 numina
1327 5101 1656 5162 declinarunt,

528 5161 678 5225 Fugit
701 5169 754 5212 et
769 5171 964 5214 auratos
986 5168 1172 5227 Jupiter
1200 5167 1304 5228 ipse
1329 5165 1544 5215 thronos.
1641 5159 1650 5162 ⁷
1748 5159 1871 5213 ΗΑν.

447 5245 528 5319 ((1)
562 5247 903 5325 Megarenses.
946 5250 1022 5304 De
1069 5250 1563 5325 Agrigentinishoc
1590 5246 1969 5325 Empedoclem

373 5319 659 5388 usurpasse
690 5321 740 5374 in
774 5321 864 5375 illo
893 5319 1133 5378 testatur
1162 5319 1406 5376 Laertius
1444 5321 1525 5373 his
1566 5319 1740 5374 verbis
1771 5336 1784 5372 :
1815 5319 1972 5387 Ᾰκρα-

371 5405 579 5456 γαντῖνοι
619 5403 822 5464 τρυρῶσι
856 5403 958 5461 μὲν,
1008 5399 1066 5454 ὡς
1111 5400 1272 5463 αὔριον
1303 5395 1687 5456 ἀποθανούμενοι.
1721 5395 1870 5450 οἰκίας
1928 5394 1976 5446 δὲ

372 5463 824 5535 κοιτασκευάζούται,
872 5472 931 5525 ὡς
974 5470 1130 5518 πάντα
1164 5475 1242 5518 τὸν
1283 5473 1444 5535 χρόνον
1482 5472 1783 5535 βιωσόμενοι,
1830 5463 1972 5535 Inter

372 5533 515 5607 dicta
545 5549 676 5607 vero
705 5535 956 5606 Diogenis
996 5536 1181 5607 Cynici
1231 5533 1332 5592 hoc
1361 5545 1628 5601 recenset,
1660 5534 1862 5590 dixisse
1900 5533 1968 5589 il-

373 5602 487 5659 lum
517 5603 584 5660 ad
607 5616 688 5660 τὸν
717 5602 977 5667 «albula;
1003 5602 1283 5675 ὁῷωνοΰντα,

377 5736 388 5746 .
411 5735 427 5751 .
523 5747 531 5751 _
592 5735 634 5751 η
678 5680 875 5751 -ὀκῦμοςδῗί
890 5687 936 5751 δῇ
959 5704 1021 5739 μοι
1041 5693 1144 5751 Τείως
1168 5690 1307 5736 Euocat,
1329 5685 1364 5728 si
1385 5688 1585 5751 dyopdﬁtte.

375 5735 429 5792 id
457 5747 559 5813 est,
581 5735 735 5806 Nate,
753 5735 875 5796 ini/ti
913 5735 1050 5794 lutud
1077 5735 1334 5813 lonngus
1376 5735 1748 5813 erisfinnuere
1775 5739 1963 5813 volens

377 5823 490 5881 pra:
529 5809 670 5868 fante
708 5814 815 5868 cito
843 5809 1182 5882 moriturum,
1212 5828 1332 5870 cum
1363 5814 1542 5871 omnia
1580 5811 1959 5884 obliguriisset.

2083 3143 2601 3211 Constantinopolim
2633 3141 2934 3197 traduxis-Se
2965 3153 3081 3214 πρὸς
3109 3152 3216 3204 τοὺς
3243 3149 3287 3198 ἐν
3333 3141 3438 3204 «ei;
3474 3151 3688 3213 θεάτροις

2081 3219 2273 3288 κρότους
2294 3218 2700 3288 -πσιρειϐλυςόντων
2733 3221 2981 3288 κραιπάλης
3009 3217 3257 3288 ἀνθρώπων
3272 3215 3322 3269 id
3340 3225 3442 3288 est,
3461 3215 3530 3267 ad
3558 3232 3686 3288 cup-

2084 3286 2266 3340 tandos
2286 3286 2340 3339 in
2361 3289 2557 3340 theatro
2585 3304 2616 3338 a
2646 3287 2932 3340 temulentis
2959 3300 3005 3338 et
3031 3287 3296 3354 crapulam
3334 3286 3687 3355 rejectantilius

2081 3359 2311 3429 plausus.
2344 3355 2494 3429 Unde
2535 3367 2591 3429 et
2611 3356 2807 3429 Noster
2824 3357 2893 3411 de
2933 3356 3178 3429 Spectac.
3205 3371 3325 3429 cap.
3361 3354 3532 3429 χω..
3559 3354 3686 3429 Non

2080 3425 2200 3500 ergo
2247 3428 2412 3498 fugies
2453 3427 2636 3482 sedilia
2679 3428 2897 3482 hostium
2946 3427 3175 3500 Christi,
3216 3428 3361 3500 illam
3388 3425 3687 3500 cathedram

2083 3497 2487 3570 pestilentiarum
2507 3540 2522 3564 ,
2548 3501 2818 3570 ipsumque
2847 3515 3056 3570 aerem,
3089 3499 3176 3569 qui
3198 3499 3416 3568 desuper
3444 3497 3680 3564 incubat,

2080 3571 2303 3626 scelestis
2330 3570 2531 3624 vocibus
2560 3569 2992 3640 constupratum?
3017 3569 3150 3626 llsv.

2151 3642 2217 3715 (Γ)
2265 3640 2452 3715 Saliis.
2492 3641 2594 3715 Qui
2642 3639 2995 3715 lautissin'mm
3038 3641 3310 3715 habebant
3335 3639 3550 3715 epulum
3580 3640 3685 3694 Ca-

2076 3711 2251 3768 lendis
2287 3713 2488 3767 Martiis
2543 3713 2595 3766 in
2653 3712 2788 3767 festo
2831 3712 3167 3768 anciliorum.
3219 3712 3348 3765 Vide
3390 3711 3636 3766 Ovidium
3665 3753 3680 3777 ,

2081 3784 2359 3840 Horatium
2390 3795 2442 3838 et
2469 3784 2623 3838 alios.
2673 3783 2975 3853 Magniﬁcas
3033 3783 3525 3854 cjusmodicoenas
3551 3798 3684 3838 enu.
3781 3825 3784 3828 .

2075 3864 2246 3912 merat
2279 3855 2572 3911 Macrobius
2595 3857 2790 3910 Saturn
2824 3871 2880 3910 tt.
2915 3854 2968 3909 9.

2147 3928 2222 3999 (g)
2244 3925 2503 3999 Mysteriis
2535 3928 2731 3982 Atticis.
2762 3926 2923 3999 Sacra
2956 3924 3223 3980 Eleusinia
3248 3924 3683 3999 intelligit,_und0

2075 3997 2223 4068 patet
2252 4009 2306 4052 ct
2336 3998 2406 4052 ibi
2440 4009 2783 4066 sumptuosas
2815 3998 2981 4052 fuisse
3007 4011 3210 4061 cmnas,
3233 3999 3373 4068 quod
3398 3998 3463 4052 ad
3499 3997 3678 4052 Meur-

2073 4071 2244 4134 sium,
2278 4069 2370 4141 qui
2411 4071 2735 4140 singularem
2763 4068 2830 4124 de
2871 4069 2975 4123 illis
3010 4069 3180 4123 sacris
3231 4070 3468 4125 libellum
3517 4082 3673 4123 cons-

2071 4144 2289 4209 eripsit,
2317 4142 2596 4196 observari
2630 4150 2824 4211 potest.
2856 4141 2991 4195 llsv.

2141 4214 2221 4286 (Ιι)
2249 4212 2528 4286 Sparteoli.
2559 4209 2658 4286 Qui
2687 4212 2862 4266 hisint
2887 4254 2901 4278 ,
2932 4211 3136 4286 primus
3161 4209 3682 4286 docuitcasaub.’ad

2068 4283 2366 4354 Augustum
2391 4284 2634 4340 SllelOllii
2662 4299 2735 4354 ca
2768 4299 2894 4338 xxx.
2937 4283 3210 4339 adducens
3259 4285 3460 4340 veteris
3506 4283 3684 4339 Scho-

2066 4353 2233 4411 liasta:
2258 4355 2432 4410 locum
2464 4355 2529 4410 ad
2558 4355 2684 4410 illud
2709 4353 3002 4411 Juvenalis.

2198 4448 2460 4511 Dispositis
2483 4449 2724 4511 praedives
2746 4447 2902 4497 hamis
2924 4447 3132 4510 vigilare
3157 4448 3410 4499 cohortem

2195 4511 2460 4561 Servaeum
2485 4519 2631 4562 noctu
2661 4511 2871 4560 Lucinus
2882 4512 3044 4573 jubet,
3069 4573 3071 4576 ι

2072 4596 2160 4666 qui
2192 4595 2389 4651 ibidem
2418 4605 2564 4649 notat
2609 4595 2811 4666 dictum
2860 4612 2950 4664 per
2978 4595 3359 4650 translationem
3394 4591 3681 4660 disciplina

2076 4665 2312 4739 militaris
2341 4667 2730 4739 Sparteolorum
2763 4665 2940 4721 Roma:
2961 4708 2974 4727 ,
3004 4666 3476 4739 quorumcoliortes
3517 4666 3569 4718 in
3597 4675 3681 4716 tu-

2076 4738 2225 4792 telam
2254 4737 2391 4791 urbis
2408 4754 2522 4791 cum
2543 4738 2707 4791 hamis
2733 4749 2778 4791 et
2803 4753 2920 4791 cum
2942 4755 3074 4802 aqua
3104 4737 3301 4808 vigilias
3330 4751 3516 4808 curare
3548 4751 3676 4789 con-

2075 4821 2340 4864 sueverunt
2360 4810 2556 4868 vicinis.
2588 4809 2674 4862 ubi
2707 4809 2764 4863 P.
2802 4809 3037 4863 Pitlnuus
3066 4807 3194 4878 legit
3220 4824 3376 4861 causa
3412 4807 3546 4878 ignis
3577 4821 3674 4875 pro

2076 4881 2280 4945 vicinis,
2306 4895 2406 4951 ego
2429 4880 2606 4934 malim
2639 4880 2833 4933 viciuiis
2863 4877 3138 4949 :lnqttirit
3167 4879 3362 4934 ibidem
3393 4877 3674 4932 Casaubo-

2078 4968 2180 5007 nus
2204 4951 2271 5006 de
2296 4951 2502 5022 origine
2527 4952 2777 5018 nominis,
2813 4962 3064 5020 putatque
3088 4952 3156 5004 ita
3185 4951 3359 5022 dictos
3399 4951 3522 5016 quia
3553 4965 3676 5022 crc-

2078 5025 2174 5078 bro
2206 5022 2360 5078 limes
2383 5021 2684 5095 gestabant.
2721 5024 2804 5078 vel
2834 5040 2862 5095 a
2888 5023 3084 5095 tunicis
3122 5021 3388 5095 calceisve
3419 5021 3669 5095 sparteis:

2075 5109 2197 5149 cum
2230 5091 2434 5163 possint
2487 5097 2556 5148 ita
2599 5095 2773 5164 potius
2819 5094 2987 5148 videri
3033 5093 3162 5147 dicti
3197 5109 3228 5146 a
3255 5093 3398 5164 vasis
3431 5091 3677 5164 rspartcis

2077 5166 2194 5235 pice
2245 5167 2391 5221 illitis
2431 5166 2497 5220 ad
2540 5163 2916 5220 continendam
2989 5180 3182 5234 aquam
3214 5205 3229 5226 ,
3275 5163 3674 5227 brandemmers,

2074 5239 2269 5307 quibus
2296 5239 2488 5293 l'uerint
2515 5239 2780 5291 instructi.
2811 5235 3154 5291 Vocabantur
3194 5235 3245 5289 hi
3273 5236 3432 5307 etiam
3485 5236 3672 5288 matri-

2084 5306 2229 5362 carii.
2255 5309 2583 5366 Scholiastes
2611 5307 2806 5363 Juliani
2842 5309 3212 5362 Antecessoris
3242 5307 3293 5361 in
3313 5306 3496 5360 Const.
3517 5321 3676 5360 χχιιι-

2080 5394 2126 5434 c.
2159 5381 2252 5436 88.
2283 5380 2384 5436 Ubi
2407 5384 2566 5436 etiam
2594 5379 2869 5433 hamorum
2901 5394 3053 5432 usum
3073 5378 3250 5434 docet.
3278 5377 3564 5431 Matricarii
3593 5379 3672 5431 di-

2079 5466 2265 5506 cuntur
2287 5454 2366 5507 illi
2391 5470 2514 5524 quos
2538 5451 2761 5505 ridemus
2793 5450 2861 5503 ad
2892 5448 3126 5524 incendia
3155 5459 3432 5524 currentes,
3460 5458 3506 5502 et
3548 5466 3669 5518 por-

2073 5535 2234 5579 tantes
2264 5521 2504 5596 spongias
2527 5540 2639 5576 cum
2666 5522 3010 5596 ferramentis,
3044 5533 3089 5575 et
3109 5523 3214 5576 alia
3241 5521 3548 5596 ferramenta
3575 5537 3669 5596 pe-

2068 5613 2184 5667 quaz
2214 5592 2410 5662 possiui
2426 5597 2488 5648 de
2511 5592 2702 5666 pariete
2736 5594 2809 5667 in_
2834 5594 3076 5667 parietem
3116 5597 3333 5667 transire
3357 5633 3370 5658 ,
3413 5603 3461 5667 et
3480 5592 3665 5667 itaita-

2063 5662 2297 5722 ceiidiitiii
2351 5662 2656 5738 extinguere.
2731 5662 2884 5722 Adde
2934 5664 3304 5738 Wouwerium
3364 5663 3431 5718 ad
3475 5662 3664 5720 Sidon.

2073 5741 2438 5810 Apollinarem
2469 5736 2560 5792 lib.
2590 5753 2659 5792 vr.
2692 5738 2846 5810 cpist.
2882 5736 3078 5810 Sillav.

2135 5810 2318 5884 (i)~ld
2352 5821 2559 5866 vocatur
2577 5810 2713 5880 quod
2739 5808 2792 5865 d.
2825 5827 2879 5882 ρ.
2913 5807 2978 5868 (i.
3001 5809 3090 5869 Sic
3117 5807 3282 5866 edidit
3307 5807 3498 5882 Rigalt.
3530 5823 3652 5882 pcr-
