4126 6340
535 350 652 412 ΠΩ

1958 350 2422 413 TERTULLIANI

3731 355 3846 415 £80

535 461 985 520 commodandum
1031 468 1150 531 est,
1197 460 1366 534 quiin
1397 461 1577 519 odium
1624 463 1888 521 bonorum
1913 469 2128 540 conspi-
2153 470 2410 533 Astetit,
2463 469 2538 541 (ε)
2587 471 2632 526 si
2663 477 2807 528 terra
2850 473 3050 539 movit,
3097 472 3184 543 (d)
3225 473 3271 529 si
3309 472 3514 538 fames,
3571 471 3616 528 si
3671 471 3831 543 lues,

538 565 694 622 rant,
724 555 815 625 qui
850 554 1141 610 adversum
1172 553 1485 625 sanguinem
1518 557 1880 614 innocentium
1911 560 2132 615 concla.

537 655 688 703 mant
733 646 849 720 (Ι),
905 656 1258 716 prietexentes
1306 662 1436 704 sane
1476 649 1544 704 ad
1612 650 1720 706 odii
1762 651 2131 710 defensionem

534 738 682 795 illam
744 753 956 810 quoque
1005 740 1290 797 vanitatem
1321 784 1337 808 ,
1397 743 1539 814 quod
1594 745 1903 801 existiment
1955 747 2132 804 omnis

535 835 766 906 publica:
791 835 960 892 cladis
982 877 998 904 ,
1050 837 1226 892 omnis
1285 838 1557 907 popularis
1601 839 1924 897 incommodi
1955 840 2132 897 chris-

535 929 712 984 tianos
739 942 860 985 esse
889 929 942 984 in
968 943 1156 985 caussa
1189 929 1292 1002 (2).
1322 929 1380 986 Si
1405 930 1613 986 Tiberis
1637 932 1880 988 ascendit
1905 934 1957 989 in
1994 949 2130 990 mm-

532 1021 739 1094 nia(5),
759 1020 834 1093 (a)
865 1019 1078 1078 siNilus
1107 1036 1214 1078 non
1241 1021 1576 1096 ascendit(b)
1605 1023 1658 1080 in
1685 1039 1836 1090 arva,
1858 1024 1903 1080 si
1933 1026 2129 1084 cmlum

2234 562 2414 618 statim
2443 562 2525 636 (ι)
2582 563 3036 621 CHRISTIANOS
3068 565 3156 621 AD
3199 564 3504 622 LEONEM.
3535 564 3610 638 (e)
3640 565 3844 622 Tantos

2234 656 2300 710 ad
2330 659 2520 712 unum?
2550 656 2659 713 Oro
2681 673 2795 723 vos,
2823 671 2948 714 ante
2969 659 3281 727 Tiberium,
3310 659 3362 716 id
3393 669 3617 718 estante
3637 660 3842 717 Christi

2233 751 2554 816 adventum,
2609 765 2823 824 quantae
2865 756 3048 812 clades
3090 755 3274 811 urbem
3303 764 3360 812 et
3395 756 3583 812 urbem
3623 755 3842 812 cecide-

2233 844 2397 898 runt?
2438 845 2688 917 Legimus
2729 846 2924 903 Hieran
2951 890 2966 915 ,
3017 846 3083 918 (f)
3113 845 3374 918 Anaphen
3400 848 3479 919 (5)
3506 859 3561 903 et
3591 847 3756 904 Delon
3783 856 3846 905 et

2235 934 2461 991 Rhodon
2508 945 2564 992 et
2592 937 2670 992 Co
2715 936 2793 1010 (g)
2844 938 2924 1010 (6)
2974 939 3176 994 insulas
3216 938 3400 994 multis
3445 952 3568 994 cum
3599 937 3845 996 millibus

2236 1026 2516 1084 hominum
2556 1043 2772 1100 pessum
2824 1030 3043 1088 abiisse.
3073 1029 3343 1088 Memorat
3371 1041 3428 1088 et
3473 1029 3628 1088 Plato
3663 1031 3841 1103 majo-

1769 1137 2155 1198 LECTIONES
2192 1139 2608 1199 VARIANTES.

555 1251 666 1380 ili
2298 1257 2373 1380 lii
2407 1259 3070 1380 sensisse--

596 1252 637 1378 Si
700 1252 916 1305 Clamant
939 1252 1106 1306 Paris.
2407 1259 2714 1335 Acclamatur
2735 1260 2876 1314 addit

619 1252 670 1444 Si
704 1316 905 1392 Causam
932 1315 1136 1391 Seirtler.
1504 1379 1514 1390 .
2322 1321 2371 1447 δὲ
2408 1322 2712 1385 Hierapolim
2735 1325 2888 1376 Fran.

596 1379 647 1444 (3
708 1382 811 1432 Pro
834 1393 885 1431 in
906 1393 1081 1431 moenia
1103 1377 1232 1446 quod
1251 1390 1434 1440 omnes,
1454 1381 1562 1444 Rig.
1577 1378 1716 1431 habet
1731 1379 1790 1430 ad
1813 1383 2011 1433 inmota.
2305 1381 2352 1447 (6
2409 1384 2509 1437 Con
2531 1389 2655 1438 Par.

1905 1486 2461 1549 COMMENTARIUS.

608 1599 684 1672 (a)
729 1600 790 1675 Si
817 1601 1016 1675 Tiberis
1042 1601 1267 1675 ascendit
1296 1602 1347 1655 in
1373 1603 1575 1656 moenia.
1606 1602 2013 1660 Fuitvcteribtis
2038 1618 2126 1675 ge-

533 1688 634 1729 nus
655 1673 916 1744 quoddam
953 1674 1370 1743 superstitionis,
1398 1683 1456 1727 ut
1496 1684 1748 1744 putarent
1769 1690 1956 1731 omnes
1977 1673 2121 1744 ipsos

531 1745 814 1817 adversum
843 1745 966 1817 quid
1009 1745 1306 1817 vaticinari,
1338 1759 1462 1800 cum
1501 1745 1822 1817 inundarent
1862 1762 2121 1817 aquarum

528 1818 694 1871 mole.
724 1815 894 1882 Tacit,
920 1816 1014 1871 lib.
1038 1816 1080 1870 l.
1112 1818 1304 1871 Annal.
1333 1829 1387 1871 et
1418 1817 1509 1870 lib.
1541 1815 1580 1870 l.
1613 1818 1719 1873 Tit.
1761 1815 1935 1874 Valer.
1977 1817 2117 1873 Max.

529 1865 708 1959 ῙίΒζῖ.
733 1865 1906 1959 agis:"mutastis:etiam.1satis”;
1922 1865 2117 1946 ὶίῦῖῗνξ
2148 1865 2196 1927 Β

529 1957 662 2014 an.

601 2051 680 2123 (h)
713 2050 868 2106 Nilus
911 2069 1012 2107 non
1057 2054 1286 2108 ascendit
1332 2055 1382 2125 in
1412 2070 1555 2109 arva.
1600 2055 1758 2111 Fuld.
1805 2073 1948 2110 rura.
1980 2057 2121 2125 Quid

527 2123 720 2178 mirum
771 2132 986 2193 putasse
1041 2140 1069 2178 a
1121 2126 1318 2181 malitia
1348 2124 1774 2184 Christianorum
1841 2123 2125 2196 provenire

527 2209 708 2261 posse,
739 2210 862 2250 cum
890 2195 1048 2250 etiam
1076 2196 1402 2252 crediderint
1422 2199 1470 2252 vi
1496 2201 1700 2262 magica
1731 2195 1977 2257 inhiberi.
2026 2203 2128 2260 Lu-

527 2281 696 2322 canus
725 2265 793 2322 de
823 2281 948 2338 saga
973 2267 1253 2335 Thessala,
1287 2268 1381 2324 lib.
1413 2285 1487 2324 Vl.
1519 2270 1648 2327 474.

929 2403 1092 2455 Nilum
1115 2417 1211 2455 non
1229 2404 1406 2457 extulit
1428 2411 1591 2456 aestas.

1559 2490 1695 2546 llsv.

603 2600 656 2671 (c
687 2599 954 2675 Sicinium
984 2603 1139 2657 stetit.
1189 2602 1373 2674 Stupet
1413 2603 1550 2658 dixit
1599 2603 1692 2658 lib.
1735 2603 1803 2660 de
1845 2605 2074 2674 Jejuniis
2103 2648 2119 2675 ,

525 2673 797 2747 quomodo
835 2673 903 2728 de
935 2673 1142 2747 lingua,
1173 2673 1296 2747 cum
1337 2675 1478 2728 illam
1512 2677 1785 2747 immotam
1833 2673 2121 2747 tenemus,

525 2743 970 2820 diciturstupere
1016 2746 1104 2801 lib.
1140 2745 1219 2820 Ad
1250 2745 1370 2820 Nat.
1423 2747 1459 2820 l_.
1515 2745 1569 2801 8.
1623 2747 1872 2816 Stupente
1919 2743 2118 2820 lingua.

524 2825 713 2890 estque
730 2815 793 2890 id
827 2817 996 2886 ipsum
1016 2817 1164 2890 quod
1195 2818 1397 2890 ierisct
1423 2817 1544 2872 ferri
1573 2819 1930 2890 appellatione
1953 2815 2013 2874 et
2033 2835 2119 2877 as-

525 2886 848 2943 similatione
876 2886 1190 2956 exprimitur
1217 2888 1439 2944 Levitic.
1473 2886 1624 2943 xxvi?
1650 2886 1765 2944 ⁷19.
1794 2901 1848 2945 et
1895 2891 2114 2947 Denter.

524 2973 716 3013 xxvni.
749 2960 838 3015 ‘25.
871 2959 978 3013 Nos
999 2961 1243 3015 similiter
1272 2961 1498 3016 dicimus
1523 2962 1559 3014 ’t
1585 2976 1728 3016 vocer
1753 2971 1885 3017 staat
1909 2979 1972 3016 so
2007 2972 2119 3019 vast

524 3031 602 3083 als
627 3047 910 3103 eenfmuur.
953 3031 1282 3103 indiuturno
1317 3033 1400 3103 vel
1439 3031 1632 3103 ardore
1678 3034 1758 3088 vel
1802 3035 1964 3103 gelu,
1995 3049 2116 3090 cum

525 3116 632 3175 non
658 3102 884 3156 solvitur
929 3103 982 3175 in
1014 3101 1232 3157 imbres.
1266 3103 1339 3158 [ta
1367 3102 1478 3158 fere
1520 3102 1772 3175 Virgilius
1809 3101 1943 3160 dixit
1981 3115 2118 3161 stare

524 3172 740 3234 caelum.
786 3173 1000 3243 quando
1027 3183 1273 3243 aspectus
1312 3175 1440 3228 solis
1485 3183 1542 3228 et
1591 3172 1924 3241 pelluciditas
1967 3176 2115 3233 lluidi

523 3245 805 3316 a_e_rispr:n
852 3245 1089 3316 pulveris
1136 3244 1477 3301 multitudine
1523 3246 1796 3303 adimitur.
1849 3247 1924 3303 lla
1971 3249 2117 3304 enim

523 3313 742 3372 Aineid.
769 3313 869 3372 χιι.
885 3316 1014 3372 407.

923 3407 1034 3458 .lam
1057 3407 1262 3474 pulvere
1289 3409 1470 3460 coelum

648 3470 794 3522 Stare
809 3471 998 3545 vident.
1057 3469 1074 3474 ’
1217 3469 1406 3538 (Hau).

597 3577 676 3655 _(d)
708 3577 1062 3655 Terra‘mouit.
1136 3579 1288 3655 Quod
1315 3595 1437 3655 cum
1466 3580 1608 3636 Asiae
1656 3581 1848 3655 multas
1896 3581 2126 3655 inclytas

524 3651 691 3706 urbes
717 3652 929 3714 evertit,
957 3661 1067 3706 tum
1089 3653 1248 3707 etiam
1273 3651 1476 3710 Italiam
1503 3669 1718 3721 semper
1741 3654 1938 3709 misere
1965 3651 2124 3710 vexa-

522 3722 619 3777 vit.
649 3721 800 3778 Unde
827 3723 878 3777 in
927 3723 1034 3792 ipsa
1063 3724 1223 3778 etiam
1252 3724 1420 3780 Roma
1450 3724 1500 3776 in
1547 3733 1730 3780 monte
1777 3723 2008 3792 Tarpeio
2037 3727 2120 3780 in-

523 3794 668 3850 venti
697 3792 912 3849 fuerunt
938 3795 1078 3864 putei
1112 3810 1278 3864 usque
1308 3797 1372 3852 ad
1401 3795 1618 3864 planum
1649 3795 1794 3849 urbis
1825 3797 2002 3852 solum
2024 3812 2124 3852 ex-

524 3865 717 3928 cavati,
749 3865 812 3918 ad
837 3865 1101 3930 sedandos
1127 3876 1283 3921 terra:
1313 3877 1511 3931 motus,
1531 3878 1585 3921 ut
1617 3877 1763 3936 putat
1792 3869 2124 3936 antiquitatis

524 3936 700 3990 omnis
727 3937 1084 4007 peritissimus
1115 3937 1372 3993 Bernard.
1406 3937 1473 3991 de
1503 3938 1844 3994 blontl‘aucon
1870 3980 1885 4005 ,
1915 3938 2122 3994 descri-

524 4007 660 4062 bens
684 4021 778 4062 eos
800 4008 852 4062 in
878 4007 1054 4062 Diario
1082 4007 1267 4063 Italico
1296 4026 1413 4078 cap.
1446 4025 1560 4064 xui.
1591 4011 1724 4064 lltiv.

597 4098 673 4169 (e)
695 4099 1008 4154 Christianos
1031 4101 1099 4153 ad
1116 4101 1330 4156 leonem.
1355 4100 1623 4157 Solemnis
1651 4101 1902 4167 formula,
1926 4101 1995 4158 de
2014 4118 2124 4170 qua

523 4170 635 4238 egit
673 4172 834 4225 etiam
873 4171 1152 4226 Ferrarius
1202 4174 1253 4227 in
1313 4173 1523 4228 erudito
1567 4172 1700 4226 libro
1742 4173 1811 4226 de
1881 4184 2121 4229 veterum

523 4241 671 4314 Accl.
701 4249 756 4314 et
787 4242 981 4314 Plausu
1009 4242 1099 4297 lib.
1133 4259 1224 4298 vii.
1257 4259 1306 4299 c.
1340 4245 1427 4300 18.
1460 4243 1528 4298 Ει
1557 4243 1772 4314 quidem
1801 4243 1908 4298 duo
1939 4245 1990 4299 in
2023 4245 2123 4302 hac

525 4310 862 4385 immanitate
891 4313 1166 4368 observari
1215 4327 1483 4382 possunt,
1515 4310 1599 4370 vel
1643 4314 1786 4385 quod
1828 4315 1893 4369 ad
1943 4317 2120 4385 palum

523 4383 720 4456 alligati
775 4383 960 4440 bestiis
1013 4386 1064 4438 in
1107 4387 1424 4441 miserrima:
1481 4383 1674 4440 mortis
1717 4383 2122 4456 exSpectatione

522 4453 920 4529 obiicerentur,
951 4465 1107 4529 prout
1132 4459 1395 4526 exemplis
1434 4469 1488 4512 et
1527 4461 1680 4512 leone
1724 4453 1960 4513 ostendit
1997 4458 2123 4529 Lip-

524 4525 638 4600 s_ius
665 4526 733 4600 de
758 4526 928 4600 Crtice
969 4527 1172 4600 libant.
1205 4545 1256 4584 c.
1288 4530 1481 4586 undec.
1535 4530 1732 4600 quibus
1759 4529 1898 4584 addo
1946 4525 2120 4586 locum

2223 1609 2359 1677 ferre
2379 1652 2417 1686 ,Α
2447 1610 2608 1681 indigi
2639 1611 2832 1686 fuimus
2867 1614 3092 1669 omnium
3112 1657 3125 1678 ,
3159 1618 3395 1686 ferroque
3436 1626 3484 1671 et
3532 1617 3666 1686 fame
3711 1632 3842 1674 con-

2222 1682 2653 1760 sumpti__st_tmus.
2683 1683 2939 1760 Adeoque
2963 1682 3292 1760 usurpabant
3312 1682 3321 1686 ⁷
3340 1687 3469 1760 illud
3491 1729 3508 1755 ,
3532 1682 3699 1760 'quod
3729 1691 3842 1745 alio

2223 1755 2386 1813 sensu
2405 1755 2784 1831 dicitAugu‘st.
2817 1757 2868 1810 in
2904 1755 3201 1831 Ps.4xxxiit.
3237 1758 3495 1831 Quamdiu
3539 1755 3638 1815 ista
3675 1761 3842 1831 patie-

2225 1842 2338 1902 mur
2361 1825 2587 1902 quotidie
2639 1827 2824 1902 pejora
2851 1828 3141 1902 et__pejora?
3167 1828 3320 1897 Apud
3352 1842 3587 1902 parentes
3634 1825 3839 1888 nostros

2225 1898 2432 1966 [uerunt
2469 1898 2576 1972 dies
2607 1898 2855 1952 meliores.
2885 1898 2988 1954 Cui
3008 1908 3154 1972 recte
3177 1898 3503 1972 reSpondet.
3537 1901 3582 1956 0
3605 1904 3648 1957 si
3668 1904 3831 1958 inter-

2226 1986 2435 2043 rogares
2467 1971 2605 2037 ipsos
2631 1979 2858 2043 parentes
2886 1980 3017 2043 tuos,
3048 1971 3296 2025 similiter
3322 1972 3410 2026 tibi
3435 1973 3499 2028 de
3541 1974 3836 2042 parentibus

2227 2039 2603 2097 murmurarent
2634 2057 2652 2096 :
2683 2039 2914 2096 Fuerunt
2943 2041 3072 2095 beati
3104 2053 3271 2108 patres
3299 2045 3456 2098 nostri
3492 2061 3506 2098 :
3538 2039 3630 2099 nos
3658 2045 3834 2100 miseri

2228 2131 2422 2180 sumus,
2452 2112 2745 2187 nialo_s_di_es
2776 2112 3036 2187 habemus.
3071 2114 3216 2168 Bene
3239 2113 3597 2187 Hieronymus
3627 2115 3680 2170 in
3704 2131 3826 2184 cap.

2227 2202 2322 2243 vn.
2349 2185 2552 2241 Eccles.
2573 2183 2656 2238 Ne
2671 2183 2841 2258 dicas:
2859 2184 3068 2258 meliora
3095 2196 3322 2258 tempora
3352 2183 3494 2258 fuere
3519 2203 3672 2257 quant
3698 2183 3834 2244 nunc

2229 2266 2382 2323 sunt;
2409 2259 2618 2311 uirtutes
2644 2256 2822 2308 viventi
2867 2256 3062 2325 faciunt
3108 2256 3214 2311 dies
3253 2256 3408 2311 bonos
3429 2299 3444 2322 ,
3473 2256 3596 2312 vitia
3638 2259 3824 2314 malos.

2226 2328 2284 2383 ld
2306 2329 2448 2383 enim
2480 2327 2696 2399 insitum
2730 2325 3035 2399 hominibus
3062 2329 3279 2399 antiqua
3311 2329 3467 2384 novis
3497 2371 3511 2394 ,
3545 2329 3832 2399 praesenti-

2232 2399 2332 2455 bus
2361 2397 2630 2470 praeterita
2657 2397 2903 2453 conferre
2929 2397 3084 2453 docet
3115 2398 3398 2455 Lucretius
3439 2399 3532 2456 lib.
3551 2397 3634 2456 “ιι.
3665 2400 3826 2459 1165.

2319 2493 2529 2556 Jamque
2551 2497 2696 2556 caput
2713 2505 2949 2554 quassans
2970 2492 3166 2555 grandis
3180 2495 3390 2556 suspirat
3413 2499 3576 2544 arator
3597 2532 3612 2556 ,

2325 2555 2560 2607 Crebrius
2582 2555 2822 2604 incassum
2848 2567 3077 2617 magnum
3094 2555 3335 2606 cecidisse
3352 2555 3571 2606 laborem
3596 2555 3609 2607 ὲ

2321 2619 2512 2669 Etcum
2536 2627 2755 2678 tempora
2777 2617 3082 2679 temporibus
3103 2619 3368 2679 praesentia
3391 2618 3584 2670 confert

2322 2681 2612 2739 Praeteritis,
2635 2679 2797 2730 laudat
2819 2678 3036 2728 fortunas
3059 2678 3191 2744 saepe
3215 2681 3455 2744 parentis.

2226 2763 2316 2820 ubi
2339 2773 2627 2835 sequentes
2653 2777 2839 2818 versus
2867 2763 3000 2818 satis
3025 2761 3292 2833 deplorati

2314 2857 2489 2906 Tristis
2507 2857 2625 2905 item
2641 2853 2820 2905 vetulae
2844 2856 2958 2906 vitis
2977 2860 3120 2918 sator
3135 2869 3272 2918 requa
3298 2853 3506 2918 fatigat;

2313 2919 2572 2983 Temporis
2595 2919 2784 2967 incusat
2801 2930 2998 2981 nomen,
3025 2917 3312 2982 secluinque
3334 2917 3524 2982 fatigat,

2220 3006 2291 3062 ita
2323 3013 2448 3062 sunt
2472 3003 2787 3060 restituendi
2823 3022 2837 3058 :

2313 3095 2489 3146 Tristis
2511 3097 2627 3145 item
2644 3095 2826 3145 vetulae
2851 3095 2963 3145 vitis
2974 3101 3105 3159 sator
3129 3102 3277 3159 atque
3299 3093 3488 3159 fatiscat

2311 3159 2568 3222 Temporis
2592 3159 2782 3208 incusat
2805 3170 2982 3207 nomen
3004 3156 3285 3221 fasdumdue
3301 3158 3492 3222 fatigat.

2146 3231 2192 3296 C
2225 3242 2316 3300 Sic
2360 3243 2696 3316 membranae
2748 3242 3024 3316 Vossianze
3053 3285 3078 3316 ,_
3134 3259 3277 3316 nunc
3334 3244 3504 3316 Lugd.
3553 3244 3670 3299 Bat.
3720 3243 3827 3300 nisi

2229 3315 2369 3386 quod
2400 3315 2470 3370 ibi
2506 3314 2733 3384 fatiscit,
2767 3314 2946 3386 fatigat
2976 3314 3186 3385 (tedam.
3218 3315 3268 3368 id
3297 3325 3384 3371 est
3423 3314 3742 3371 criminatur
3767 3323 3827 3372 et

2227 3385 2480 3442 convitiis
2523 3386 2739 3441 incessit
2786 3394 2846 3457 ut
2885 3385 3107 3440 ftedum.
3160 3386 3308 3457 Lege
3334 3387 3405 3442 ibi
3450 3387 3502 3442 in
3553 3396 3827 3457 postremo

2228 3458 2349 3513 libri
2402 3471 2671 3529 vcrsurex
2711 3456 2920 3529 iisdem
2954 3456 3279 3514 membranis
3337 3459 3405 3513 ad
3453 3456 3714 3529 capulum,
3770 3456 3827 3514 id

2228 3541 2311 3602 est
2350 3527 2417 3585 ad
2446 3528 2775 3599 sepulturam
2816 3538 2871 3584 et
2912 3527 3186 3584 interitum
3209 3569 3228 3596 ,
3277 3545 3375 3600 pro
3413 3529 3484 3584 ad
3517 3527 3822 3602 scopulum.

2229 3601 2366 3656 Hsv.

2299 3673 2378 3744 (g)
2412 3671 2629 3735 Hieran,
2657 3671 2926 3744 Anaphen.
2981 3670 3089 3744 iEx
3121 3673 3233 3728 sola
3286 3687 3408 3728 vera
3441 3674 3614 3729 vexati
3663 3671 3828 3743 hujus

2228 3743 2331 3799 loci
2362 3744 2624 3810 scriptura
2659 3743 2890 3807 videtur,
2913 3743 2994 3798 vel
3023 3753 3177 3811 prout
3198 3745 3358 3799 etiam
3387 3745 3730 3799 doctissimus
3745 3745 3828 3800 vir

2227 3814 2458 3870 Jacobus
2487 3814 2852 3870 Gothofredus
2878 3814 3128 3869 emendat
3155 3814 3220 3867 ad
3269 3815 3435 3868 libros
3465 3815 3543 3867 Ad
3566 3815 3826 3871 Nationes

2229 3885 2426 3941 Hieran
2451 3927 2465 3952 ,
2500 3885 2648 3940 Neon
2673 3929 2686 3951 ,
2719 3885 2990 3954 Anaphen,
3019 3884 3159 3954 quod
3181 3885 3680 3954 eiiimisubslitiiunt
3707 3887 3828 3943 edi-

2231 3959 2403 4014 tiones
2435 3959 2652 4012 Painelii
2675 4000 2690 4023 ,
2727 3953 2897 4012 illic-ii.
2925 3967 2979 4010 et
3005 3953 3077 4010 La
3109 3953 3296 4010 CCI‘d‘J!
3323 3953 3666 4026 Hierapolim,
3696 3957 3828 4013 Bar-

2229 4033 2353 4094 rai'i,
2393 4028 2711 4098 Hierapolim
2756 4036 2939 4095 aperte
2994 4028 3184 4082 falsum
3218 4037 3303 4083 est
3327 4070 3342 4095 ,
3394 4041 3516 4082 cuin
3545 4037 3828 4085 recenseat

2229 4100 2451 4155 Tertull.
2477 4101 2578 4171 illa
2602 4117 2721 4171 qua:
2749 4109 2872 4154 ante
2899 4114 3003 4152 non
3026 4113 3144 4171 qua;
3175 4108 3297 4168 post
3341 4108 3524 4154 natum
3549 4109 3603 4154 et
3627 4101 3824 4169 praedi-

2227 4181 2403 4227 catum
2454 4169 2726 4226 Christum
2759 4179 3074 4225 evenerunt.
3115 4169 3202 4223 Sic
3231 4172 3374 4226 enim
3403 4173 3454 4225 in
3484 4171 3574 4226 lib.
3609 4171 3674 4225 ad
3701 4171 3822 4227 Nat.

2227 4244 2346 4298 loco
2372 4243 2604 4298 adducto
2637 4261 2650 4296 :
2687 4241 2882 4298 ditatis
2935 4251 3122 4296 nostra
3150 4243 3375 4296 nonduin
3402 4245 3523 4296 anni
3568 4245 3775 4297 trecenti
3803 4283 3821 4310 ,

2224 4324 2430 4383 quanta:
2456 4315 2626 4369 clades
2645 4324 2760 4368 ante
2785 4316 2839 4368 in
2885 4314 3106 4382 spatium
3137 4330 3294 4382 supra
3325 4316 3614 4368 universum
3655 4315 3825 4369 orbein

2225 4398 2332 4442 etc.
2363 4387 2450 4440 tibi
2469 4386 2692 4440 ridicule
2747 4385 2984 4440 Priorius
3013 4385 3357 4448 supinitatein
3400 4401 3552 4440 suam
3590 4385 3825 4441 osmndit

2224 4457 2612 4529 restringeudo
2665 4455 2847 4512 clades
2895 4456 3012 4511 illas
3039 4456 3105 4510 ad
3137 4466 3347 4529 tempus
3392 4454 3822 4513 Christianorum

2225 4545 2519 4598 eorumque
2559 4528 2932 4601 afﬂictionesk
2949 4529 3038 4598 qui
3077 4528 3716 4601 corrigendosequentia
3765 4529 3821 4583 in

523 4596 847 4654 Theodoreti
873 4599 963 4654 Gr.
1002 4599 1102 4652 All”.
1133 4599 1254 4654 Gut.
1284 4616 1332 4655 c.
1367 4617 1478 4656 viii.
1506 4596 1702 4670 p.112.
1730 4605 1813 4654 καὶ
1834 4611 1920 4670 μέν
1939 4627 2014 4658 τοι
2037 4607 2122 4657 ut
2149 4597 2200 4656 D
2227 4601 2387 4656 Heria
2409 4596 2622 4668 Anaphe
2641 4610 2694 4655 et
2722 4599 2872 4654 Delos
2896 4596 3664 4656 Gotliofredieiiieiidationem
3684 4601 3826 4655 bona

521 4677 872 4744 dgwpnsﬁiuut,
887 4675 1126 4744 uuioipac
1155 4674 1336 4742 ἀνρίους
1357 4677 1466 4727 ἰδεῖν
1489 4681 1786 4740 θοινωμᾶνους
1809 4680 1875 4729 τὰ.
1893 4683 2117 4744 σώμιτσι,

523 4741 574 4795 id
590 4740 670 4797 est
687 4740 831 4816 Palis
856 4742 1017 4816 inﬁxa
1035 4740 1399 4816 caiistiterit,tib
1415 4745 1716 4798 immanibus
1731 4762 1783 4799 se
1794 4747 1916 4816 feris
1931 4740 2121 4801 laniari

521 4815 856 4888 conspexerit.
889 4813 1070 4888 Potest
1102 4826 1276 4868 tamen
1313 4815 1384 4871 ibi
1413 4818 1603 4870 melius
1635 4813 1881 4888 supplicii
1919 4817 2119 4888 duplex

520 4885 968 4958 modusindicai'i,
988 4885 1182 4958 dequo
1200 4901 1358 4958 supra
1384 4904 1436 4949 c.
1467 4903 1560 4941 xu.
1595 4887 1660 4940 ad
1681 4886 1935 4957 stipitibus
1951 4885 2117 4958 impo~

521 4956 642 5010 nilis
682 4957 1001 5012 christianos.
1055 4957 1145 5010 Vcl
1174 4957 1316 5024 quod
1343 4959 1728 5013 damnarentur
1751 4956 1828 5013 ad
1877 4956 2074 5015 bestias
2098 5001 2116 5028 ,

522 5035 580 5100 iit
608 5041 743 5100 cum
762 5029 864 5100 illis
891 5028 1279 5100 depugnarent.
1319 5029 1410 5084 Sic
1447 5028 1664 5085 Glabrio
1702 5031 1785 5084 vir
1818 5032 2118 5090 consularis

522 5095 664 5152 leoni
695 5098 938 5168 ohjcctus
961 5095 990 5153 a
1022 5095 1324 5156 Domitiano
1350 5102 1520 5171 victor
1548 5101 1736 5156 evasit.
1771 5099 2112 5171 Xiphiliuus:

517 5175 597 5224 ὅτι
629 5176 924 5243 imaginare.
947 5182 1093 5227 αυτόν
1119 5195 1185 5233 εις
1220 5185 1302 5230 τὸν
1333 5168 1565 5236 Ᾱλϐινὸν,
1598 5182 1703 5227 etc.
1737 5173 1788 5227 id
1817 5168 1900 5227 εὲι
1929 5191 1942 5226 :
1978 5172 2119 5230 Nam

517 5257 676 5311 quam
702 5242 818 5294 eum
847 5242 1112 5298 Consulens
1135 5246 1185 5298 in
1210 5245 1461 5299 Albanum
1483 5253 1703 5298 vacasset
1731 5243 1800 5297 ad
1813 5245 2081 5311 juvenalia
2101 5288 2116 5311 ,

517 5313 856 5387 coegissetque
880 5314 1150 5387 immanem
1195 5319 1390 5372 leonem
1419 5331 1711 5387 expugnare
1733 5357 1748 5381 ,
1783 5313 1991 5371 Glabrio
2017 5335 2118 5372 non

518 5385 747 5460 saluata
775 5384 920 5440 leone
946 5386 1096 5460 (testis
1126 5405 1227 5443 non
1272 5398 1346 5443 est
1369 5384 1523 5460 ,Ase'd
1558 5384 1718 5460 etiam
1761 5403 1874 5440 eum
1915 5390 2119 5460 egregie

516 5455 748 5525 confecit,
795 5472 953 5526 quem
1002 5457 1350 5515 christianum
1397 5457 1560 5514 fuisse
1600 5458 1796 5512 ibidem
1840 5455 2118 5516 indicat'et

517 5539 618 5603 nos
643 5541 708 5581 ex
737 5528 824 5603 illo
851 5529 1011 5603 etiam
1043 5529 1323 5586 docuimus
1349 5545 1466 5600 cap.
1501 5533 1557 5603 li.
1580 5529 1647 5584 ad
1678 5529 1766 5583 illa
1806 5530 1957 5584 etiam
1997 5530 2110 5603 dig-

514 5598 721 5673 nitatem
748 5599 816 5652 ad
842 5599 1147 5673 fideliam?"
1178 5598 1483 5673 transgredi.
1517 5601 1650 5657 Hav.

587 5669 651 5739 (f)
682 5669 1021 5744 AnteChristi
1047 5669 1340 5744 adventum:
1386 5674 1588 5728 Similis
1616 5675 1794 5741 itaque
1835 5674 1932 5728 fuit
1975 5689 2109 5744 que-

513 5741 621 5794 rela
669 5742 945 5810 gentilium
989 5742 1160 5807 qualis
1207 5745 1335 5798 olim
1364 5745 1668 5799 .luda-orum
1699 5741 2104 5802 idololatrarum

509 5811 651 5880 apud
681 5811 878 5889 .lereni.
913 5830 1058 5889 XLIV.
1087 5816 1196 5889 _1_8._
1225 5817 1300 5871 Ab
1328 5816 1418 5871 illo
1445 5820 1576 5871 enim
1616 5829 1840 5884 tempore
1860 5860 1873 5882 ,
1901 5833 1964 5872 ea:
2002 5835 2103 5889 quo

2228 4673 2331 4728 fide
2360 4687 2510 4744 suam
2546 4672 2690 4726 facit.
2725 4673 2830 4727 MS.
2864 4670 3033 4741 Lugd.
3060 4671 3176 4744 Bait.
3223 4671 3668 4744 ngramcipteam
3694 4688 3830 4743 quo-

2226 4745 2386 4799 modo
2432 4742 2546 4800 fere
2573 4744 2734 4814 etiam
2786 4743 3140 4814 noimullialii
3168 4742 3384 4800 codices
3411 4786 3426 4810 ,
3484 4742 3548 4800 ex
3595 4742 3828 4814 quorum

2225 4815 2454 4871 lectione
2497 4811 2729 4886 coiijecit
2751 4812 3199 4886 Jiiniiisnﬂierem
3248 4817 3463 4884 cepiam,
3487 4811 3744 4871 advocato
3773 4816 3828 4871 in

2223 4897 2400 4958 partes
2430 4884 2609 4942 Plinio
2629 4888 2724 4942 lib.
2743 4886 2824 4958 κν.
2856 4885 2920 4958 Ν.
2948 4884 3009 4958 ll.
3039 4901 3087 4939 c.
3119 4887 3207 4958 ζῆ.
3243 4887 3348 4943 Sed
3374 4902 3650 4956 expresse,
3673 4894 3830 4956 prout

2220 4956 2330 5014 edit
2354 4958 2637 5030 Bigaltius,
2658 4957 2827 5014 codex
2859 4956 3084 5030 Aldiniis
3113 4957 3497 5027 llierennapen,
3531 4958 3826 5030 quomodo,

2221 5031 2364 5100 quod
2395 5029 2514 5100 plus
2539 5041 2639 5096 est,
2671 5030 2778 5085 MS.
2804 5029 2996 5084 unicus
3018 5069 3032 5093 ,
3067 5030 3117 5084 in
3163 5046 3268 5098 quo
3312 5030 3431 5100 libri
3458 5031 3522 5085 ad
3549 5029 3828 5094 Nationes,

2225 5099 2296 5156 ibi
2329 5099 2483 5172 plane
2509 5102 2669 5156 etiam
2717 5101 2990 5169 exprimit.
3043 5100 3154 5172 MS.
3205 5102 3324 5154 Put.
3386 5099 3778 5172 llicrcnnapean
3809 5139 3828 5167 ,

2225 5171 2496 5244 AgObard.
2532 5172 2988 5242 Hierantnapeam.
3046 5171 3278 5242 Bongarf
3303 5215 3318 5240 ,
3371 5171 3829 5244 ltheranuapeam.

2225 5242 2294 5300 Ui
2322 5246 2432 5299 sola
2462 5260 2586 5300 vera
2611 5247 2681 5300 sit
2711 5245 2870 5299 lectio
2893 5244 3001 5307 illa,
3021 5259 3178 5314 quam
3201 5247 3582 5313 expressimus.
3615 5242 3830 5314 Codex.

2224 5315 2376 5370 Fuld.
2417 5315 2787 5370 Hierannanda
2818 5331 2987 5386 penes.
3021 5313 3088 5368 ad
3134 5317 3274 5385 quod
3328 5317 3380 5369 in
3412 5331 3505 5370 ora
3565 5314 3686 5368 libri
3716 5313 3826 5386 inci

2222 5387 2522 5444 Scriverius
2571 5404 2636 5442 ex
2663 5385 2973 5456 ciiiijectura
3021 5387 3381 5456 adscripserat
3409 5405 3427 5441 :
3457 5386 3694 5456 Legimus
3707 5385 3832 5456 ine-

2221 5459 2480 5513 narranda
2497 5475 2644 5530 pene,
2673 5455 2838 5514 Delon
2861 5467 2906 5512 et
2928 5457 3152 5530 liliodon
3173 5455 3285 5530 etc.
3297 5460 3384 5528 qui
3411 5475 3475 5513 ex
3501 5455 3595 5513 lib.
3617 5457 3682 5530 ad
3700 5455 3831 5530 Na}.

2219 5532 2349 5584 satis
2381 5527 2640 5585 refutatur
2681 5530 2750 5583 ah
2780 5531 2896 5600 ipso
2922 5528 3147 5583 Tertull.
3183 5530 3227 5600 is
3277 5527 3330 5583 iii
3378 5531 3472 5585 lib.
3500 5530 3583 5584 Ad
3613 5528 3732 5584 Nat.
3765 5527 3832 5593 Ι,

2213 5622 2262 5658 c.
2306 5602 2358 5658 9.
2397 5601 2494 5656 Ubi
2528 5611 2646 5655 tunc
2675 5599 2959 5656 Christiani
2981 5617 3129 5672 ,cum
3161 5599 3510 5672 Hierennape,
3534 5613 3580 5654 et
3602 5599 3833 5672 Delphos

2211 5683 2320 5730 etc.
2347 5676 2462 5744 lege
2494 5672 2675 5741 Iliera,
2705 5671 2922 5744 Anaphe
2947 5674 3034 5728 vel
3059 5671 3264 5742 Napea,
3288 5684 3346 5728 ut
3372 5670 3496 5728 facit
3520 5673 3682 5728 etiam
3710 5670 3833 5744 Sal-

2212 5760 2327 5800 mas
2351 5743 2413 5800 us
2440 5745 2505 5800 ad
2533 5745 2775 5802 Solinum
2807 5743 2859 5817 p.
2891 5747 3004 5802 illi.
3030 5757 3084 5802 et
3105 5756 3230 5800 ante
3261 5746 3410 5800 illum
3435 5743 3827 5817 Gatliofredus.

2209 5818 2347 5873 "AV.
2375 5847 2444 5858 —
2471 5817 2658 5883 lleria,
2688 5815 3050 5886 Aiiapbesqtie
3093 5819 3214 5874 duae
3241 5818 3489 5874 videntur
3515 5832 3635 5872 esse
3662 5815 3830 5871 maris

509 5886 812 5944 cessavimus
839 5886 1051 5959 lieginat
1073 5887 1200 5949 Gali
1243 5889 1538 5959 sacriﬁcare
1565 5897 1612 5952 cl
1646 5891 1980 5967 thymiamata
2015 5886 2103 5962 bf-
2206 5889 2371 5955 lonici
2400 5889 2756 5953 insulisinter
2799 5891 3070 5962 Sporadas
3099 5892 3402 5961 recensita,
3431 5903 3656 5962 quarum
3681 5887 3836 5961 prior
