4126 6340
305 264 430 336 881

1697 257 2234 322 APOLOGETICUS.

3515 249 3633 316 482

309 407 435 450 rem
464 389 606 448 Asiat
645 394 697 446 et
744 386 937 446 Africte
964 393 1163 443 terram
1192 381 1461 440 Atlantico
1484 379 1621 438 mari
1667 390 1932 451 ‘creptam.
1963 383 2015 440 Α
2043 375 2247 434 modo?
2278 374 2611 432 Posteriores
2633 373 2776 430 enim
2802 371 2922 430 illos
2943 370 3094 430 clade
3123 369 3309 429 diluvii
3332 377 3637 430 contestan-

311 485 429 542 Sed
460 495 516 542 et
545 497 693 540 mare
719 480 1056 537 Corinthium
1107 475 1185 550 (α)
1214 486 1373 532 terrae
1405 473 1484 547 (ὁ)
1513 484 1690 530 motus
1721 471 1921 538 ebibit,

314 590 376 637 ct
400 577 484 635 vis
511 577 773 633 undarum
796 573 1087 631 Lucaniam
1103 570 1270 626 Italia:
1289 569 1581 626 abscissam
1614 567 1687 640 (c)
1711 568 1763 620 in
1791 565 1923 621 Sici-

319 671 415 727 liae
453 683 653 725 nomen
697 666 981 737 relegavit.
1029 665 1154 719 llznc
1183 662 1368 733 utique
1397 676 1504 717 non
1561 660 1678 715 sine
1731 657 1926 729 injuria

315 763 669 821 incolentium
708 759 958 817 accidere
985 767 1293 830 potuerunt.
1334 753 1436 813 Ubi
1464 771 1595 811 vero
1623 765 1784 823 tunc,
1815 768 1922 808 non

318 857 502 914 dicam
549 855 775 911 deorum
823 862 1126 909 vestrorum
1173 857 1573 920 contemptores
1601 845 1922 912 christiani,

317 949 419 1006 sed
450 948 551 1020 ipsi
595 945 672 1003 dii
705 945 903 1012 vestri,
941 960 1064 1000 cum
1112 953 1280 999 totum
1327 942 1515 998 orbem
1565 939 1923 1010 cataclysmus

319 1041 596 1108 abolevit,
650 1039 736 1097 vel
767 1049 826 1094 ut
875 1036 1028 1095 Plato
1076 1035 1320 1108 putavit,
1370 1041 1673 1105 campestre
1721 1030 1924 1087 solum-

2027 478 2115 526 tur
2144 470 2272 539 ipsa:
2299 468 2460 523 urbes
2483 508 2498 534 ,
2535 470 2586 522 in
2621 467 2816 537 quibus
2860 465 2973 521 nali
3023 466 3329 536 mortuique
3357 466 3440 538 (l)
3465 473 3589 520 sunt
3615 506 3632 534 ,

2028 564 2186 618 etiam
2214 575 2349 633 quas
2374 559 2774 626 condiderunt;
2810 575 2981 630 neque
3005 559 3148 614 enim
3176 558 3311 613 alias
3331 557 3385 612 in
3416 557 3634 620 hodier-

2028 673 2158 713 num
2211 655 2288 728 (2)
2330 665 2658 721 manerent,
2714 654 2815 709 nisi
2862 664 2919 710 et
2966 654 3095 724 ipsa:
3147 661 3410 723 postumae
3459 649 3630 706 cladis

2028 750 2191 806 illius.
2217 747 2466 805 Nondum
2519 747 2754 818 judzeum
2797 746 2865 801 ab
2888 745 3118 818 Egypto
3160 760 3386 800 examen
3430 743 3633 800 Palaes-

2024 843 2134 900 tina
2197 850 2506 912 susceperat
2555 881 2570 908 ,
2629 854 2729 896 nec
2789 839 2900 908 jam
2951 839 3056 894 illic
3109 838 3416 895 christianze
3470 845 3672 894 sectas.

2024 935 2175 1006 origo
2202 931 2556 998 consederat,
2594 931 2672 1004 (ά)
2702 946 2866 1002 quum
2892 931 3143 1002 regiones
3177 929 3368 986 afﬁnes
3399 928 3477 1000 (5)
3509 929 3628 1000 ejus

2027 1025 2260 1083 Sodoma
2306 1035 2363 1081 et
2405 1024 2668 1081 Gomorra
2699 1022 2767 1096 (ε)
2793 1024 2981 1094 igneus
3026 1022 3197 1079 imber
3251 1022 3476 1080 exussit.
3508 1018 3632 1079 Olet

1565 1141 1945 1202 LECTIONES
1983 1137 2398 1197 VARIANTES.

392 1273 462 1402 (1)
499 1271 776 1346 Mqrarique
801 1267 920 1322 Cod.
948 1268 1098 1341 Fuld.

413 1338 459 1402 2,
499 1335 631 1388 Alias
655 1334 946 1385 hodiernum
970 1336 1082 1400 Rtg.

413 1331 462 1403 2)
499 1335 631 1388 Alias
655 1331 946 1385 hediernum
970 1331 1082 1400 Rig.
1109 1331 1317 1383 Haverc.

2092 1253 2166 1322 (5)
2200 1255 2271 1306 Ac
2293 1251 2416 1305 ﬁnes
2439 1251 2645 1305 Semler.

520 1454 546 1482 κ
1695 1423 2256 1489 COMMENTARIUS.

323 1578 474 1623 nunc
492 1562 801 1620 nominatur
823 1565 1015 1633 Μακρη
1046 1581 1221 1633 unum
1244 1569 1346 1633 seu
1384 1552 1578 1633 M_agna
1607 1547 1777 1633 insula
1803 1562 1925 1601 con-

326 1622 606 1702 crementa,
635 1632 900 1704 posterior
926 1622 1053 1704 v'ero
1071 1622 1265 1704 dicitur
1292 1622 1928 1704 Nanﬁo,_amba3que__ex

326 1689 489 1780 igneo
510 1689 694 1780 tuo-uie
711 1703 1022 1780 submariuo
1043 1701 1282 1780 crevisse
1321 1711 1385 1780 ac
1411 1689 1678 1780 susdeque
1727 1689 1925 1780 multo-

331 1761 631 1836 versae
665 1775 828 1830 fuisse
870 1774 1182 1829 creduntur.
1212 1769 1293 1826 Ci.
1324 1761 1684 1824 Commentat.
1727 1763 1789 1820 1).
1821 1761 1920 1818 Sa-

2033 1540 2104 1596 do
2131 1549 2289 1596 terra:
2316 1546 2492 1594 motus
2538 1538 2575 1594 i.
2607 1553 2659 1595 e.
2709 1546 2850 1594 terra
2883 1546 3024 1595 mota
3058 1539 3307 1598 'ebibcrit
3338 1542 3502 1601 imare
3526 1544 3636 1602 Co-

2032 1611 2311 1668 rinthium.
2331 1609 2506 1681 Magis
2531 1611 2743 1681 proprie
2772 1612 2915 1681 legas
2943 1611 3153 1667 imbibit.
3187 1613 3290 1669 Sed
3322 1615 3470 1669 ebibit
3500 1618 3635 1673 vali-

2031 1684 2152 1739 dius
2180 1691 2282 1754 est.
2315 1680 2488 1754 Lugd.
2520 1680 2643 1736 Bari
2685 1697 2794 1754 pra;
2820 1680 2878 1738 se
2923 1682 3024 1737 fert
3065 1685 3220 1739 abibit
3247 1727 3261 1750 ,
3318 1686 3639 1754 quasiiforet

2034 1753 2424 1826 legenduim‘sed
2448 1763 2494 1806 et
2523 1754 2576 1807 in
2605 1753 3073 1809 mareCorinthium
3101 1766 3248 1811 terrce
3272 1753 3634 1823 motusabivit.

461 1825 1238 1914 i'nva'ciismacadem:inscript.
1266 1850 1320 1897 et
1363 1841 1529 1896 litter.
1563 1836 1735 1894 Paris.
1788 1843 1921 1888 tom.
1957 1837 2004 1897 Β
2036 1825 2226 1910 Totam
2259 1825 2627 1914 hancrerum.
2665 1827 3012 1914 n’uttationeiln
3072 1827 3470 1914 elegantissimo
3518 1845 3639 1885 ear-

333 1922 427 1978 lll.
457 1923 591 1977 Enn.

409 1991 490 2065 (a)
519 1989 585 2045 Et
633 1989 726 2045 Co.
770 1988 859 2065 Sic
887 1996 1040 2065 recte
1061 1985 1298 2065 reposuit
1329 1984 1524 2056 Rigalt.
1553 1989 1613 2036 ut
1640 1990 1692 2065 et_
1716 1977 1927 2065 Salma-

334 2051 493 2130 sius,
526 2077 683 2132 quem
707 2060 927 2132 omnino
957 2059 1077 2132 vide
1106 2051 1421 2132 loco‘supra'
1439 2062 1733 2132 memorato
1778 2051 1925 2132 Pam.

337 2127 876 2205 aliique',Coon._rAld_.
927 2141 982 2186 et
1010 2128 1349 2205 Rhen..L_'on.
1392 2127 1494 2205 sed.
1531 2133 1726 2205 aperte
1769 2127 1928 2177 etiam

339 2193 512 2277 Lug'd.
546 2204 662 2277 Bat.
688 2203 817 2260 Cha.
853 2203 1182 2277 Poterantet
1207 2200 1390 2277 plures
1414 2193 1576 2277 urbes
1606 2193 1772 2277 addi,
1803 2208 1934 2277 qua-

340 2267 465 2336 rum
495 2275 767 2332 interitum
821 2282 1068 2330 recenset
1096 2267 1379 2327 Lucretius
1422 2270 1473 2324 in
1506 2267 1790 2322 luculentis
1818 2267 1932 2319 istis

341 2348 590 2405 versibus
617 2361 752 2415 quos
779 2345 846 2401 de
873 2346 1078 2415 origine
1123 2353 1178 2399 et
1208 2351 1585 2415 natura‘terrm
1615 2345 1793 2393 motus
1841 2351 1933 2391 ex-

344 2420 495 2477 hibet
516 2411 727 2476 lib.'V|.
751 2417 839 2472 ubi
869 2411 1008 2472 inter
1039 2416 1140 2469 alia
1171 2428 1327 2469 versu
1351 2411 1476 2468 585.

441 2511 495 2562 In
516 2511 659 2574 Tyria
675 2509 857 2560 Sidone
879 2507 1009 2572 quod
1033 2505 1234 2574 accidit,
1252 2513 1304 2556 et
1325 2505 1415 2574 fuit
1437 2503 1594 2574 {Egis

440 2575 497 2637 In
513 2569 836 2637 Peloponeso,
857 2569 979 2635 quas
1000 2571 1166 2619 exitus
1189 2569 1267 2618 hic
1285 2569 1482 2637 animai,

440 2630 698 2686 Disturb'at
720 2630 889 2695 urbes,
917 2639 970 2682 et
986 2638 1134 2695 terra:
1156 2637 1314 2680 motus
1330 2630 1558 2680 obortus!

443 2698 692 2760 Multaque
713 2693 953 2760 praeterea
971 2693 1259 2760 ceciderunt
1280 2695 1456 2742 mosnia
1478 2693 1666 2754 magnis

443 2755 655 2810 Motibus
677 2755 728 2808 tri
747 2765 914 2819 terris,
928 2765 981 2807 et
997 2755 1163 2807 multa:
1182 2769 1270 2819 per
1294 2767 1430 2804 mare
1455 2767 1649 2819 pessum

444 2823 729 2874 Subsedere
752 2822 856 2872 suis
878 2817 1062 2885 pariter
1080 2817 1196 2870 cum
1215 2819 1404 2868 civibus
1426 2817 1593 2868 urbes.

1568 2922 1706 2978 Hav.

423 3002 504 3074 (b)
550 3002 697 3058 Mare
723 2999 1042 3058 Corinthium
1067 3008 1214 3053 ωτι-αξ
1256 3007 1422 3074 motus
1440 2995 1616 3074 ebibit,
1671 2993 1796 3074 Levi
1823 2993 1944 3074 bra-

348 3066 780 3130 chio'trauseunt
805 3074 1122 3142 interpretes
1147 3112 1161 3136 ,
1212 3070 1366 3142 quasi
1401 3067 1531 3142 nihil
1561 3067 1650 3142 hic
1678 3066 1892 3142 obscuri
1924 3109 1938 3134 ,

349 3146 584 3216 ambigui
625 3155 718 3199 aut
743 3137 1000 3212 corrupii.
1029 3141 1188 3216 Solus
1203 3139 1394 3216 {unius
1411 3138 1610 3208 aliquid
1638 3137 1942 3216 suspicatus

350 3201 602 3274 emendat
625 3227 774 3270 terra:
794 3201 953 3269 motu.
987 3215 1128 3270 Salis
1159 3211 1464 3275 infeliciter,
1495 3201 1599 3265 non
1630 3201 1772 3263 enim
1804 3223 1941 3276 aqua
1969 3201 2013 3263 Ο

349 3298 573 3356 terram,
600 3288 694 3343 sed
726 3297 865 3342 terra
893 3301 1083 3356 aquam
1105 3285 1254 3348 bibit,
1272 3297 1391 3356 cum
1415 3292 1676 3356 praetcrea
1705 3296 1810 3334 non
1843 3281 1940 3356 ad.

348 3361 509 3415 datur
533 3351 661 3429 quid
687 3373 834 3414 mare
881 3351 1218 3429 corinthium
1245 3353 1470 3409 ebiberit
1500 3361 1654 3429 terra:
1677 3360 1846 3429 metu.
1875 3351 1944 3429 Et

350 3447 484 3502 sane
503 3423 720 3502 quidem
747 3439 798 3484 et
818 3430 984 3502 prima
1015 3427 1188 3483 fronte
1234 3430 1460 3502 iunucre
1490 3425 1698 3502 videtur
1727 3423 1941 3502 Tertul-

351 3495 536 3558 lianus'
549 3517 654 3557 non
681 3495 877 3556 terra-In
905 3501 1136 3570 aliquam
1181 3495 1715 3570 marisiuundatione
1741 3496 1940 3564 abrup-

353 3584 488 3639 tam,
515 3574 608 3628 sed
630 3587 776 3628 mare
805 3573 978 3642 ipsum
1000 3567 1055 3626 in
1100 3571 1209 3642 imo
1239 3567 1399 3642 fluido
1442 3581 1537 3636 per
1555 3579 1714 3642 terra:
1739 3581 1940 3624 motum

355 3645 507 3698 hiatu
534 3643 672 3698 facto
695 3639 1000 3714 absorptum
1021 3685 1036 3707 ,
1061 3641 1203 3713 quod
1229 3640 1403 3695 adhuc
1430 3639 1597 3708 magis
1616 3640 1827 3714 videtur
1857 3642 1942 3695 in-

355 3729 528 3770 nuero
556 3715 634 3770 Ad
654 3712 901 3770 Nationes
933 3716 1025 3770 lib.
1049 3712 1092 3781 l,
1120 3731 1168 3770 c.
1199 3717 1252 3771 9.
1288 3715 1370 3768 liis
1395 3715 1570 3768 verbis
1597 3757 1611 3777 ,
1637 3712 1762 3766 Cum
1795 3723 1943 3767 terra:

354 3793 496 3840 motu
522 3803 660 3840 mare
687 3787 1003 3841 Corinthium
1021 3798 1252 3853 ereptum
1272 3799 1364 3841 est.
1395 3795 1550 3856 prout
1579 3800 1708 3839 sane
1743 3785 1794 3838 in
1829 3786 1939 3854 ipsa

354 3857 727 3928 Peloponneso
752 3860 893 3929 quod
923 3874 1069 3914 mare
1097 3858 1431 3912 Corinthium
1459 3871 1565 3929 seu,
1582 3857 1728 3911 sinus
1747 3857 1940 3912 Coriu-

355 3929 529 4000 thicus
557 3931 708 3984 alluit
732 3928 993 3986 accidisse
1013 3929 1328 4000 similequid
1361 3930 1519 3983 fluvio
1547 3928 1743 3984 Inacho
1771 3931 1944 3984 innuit

353 3999 620 4070 Lucianus
663 4002 754 4057 ille
782 4011 837 4057 et
865 4001 1134 4057 Charonte
1175 3999 1276 4056 sub
1297 4010 1544 4055 extremo
1570 4002 1670 4054 sub
1715 4017 1940 4070 persona

350 4069 597 4128 Mercurii
629 4091 642 4127 ε
671 4075 1043 4134 ἀποθντξσοιιουσι
1074 4079 1160 4144 γὰρ
1200 4081 1253 4126 uti
1299 4076 1456 4131 πόλεις
1488 4079 1654 4144 ﬂia-mp
1694 4069 1940 4144 ἅνθρωποι,

350 4149 436 4196 καὶ
464 4153 537 4198 ’τὸ
563 4148 957 4225 περιδοξότερον,
988 4150 1071 4198 uti
1099 4151 1452 4224 ararat/1016101:
1487 4133 1654 4214 Ῐνέιχου
1705 4145 1780 4199 οὖν
1839 4151 1942 4200 ουδὲ

349 4223 497 4286 napo;
524 4222 568 4271 ἓν
590 4213 728 4286 Ᾰρνει
759 4223 832 4270 ἔτι
859 4213 1217 4272 audiamur
1255 4218 1287 4268 i.
1321 4232 1368 4271 e.
1405 4213 1564 4270 Urbes
1593 4219 1745 4279 enim,
1778 4235 1944 4287 opor-

353 4288 737 4360 titor,gpgermde
781 4305 840 4340 ac
887 4289 1112 4342 homines
1157 4288 1487 4341 emoriuntur.
1512 4297 1575 4360 _et
1631 4291 1766 4358 quod
1795 4290 1944 4360 longe

353 4357 637 4412 mirabilius
671 4400 686 4424 ,
732 4359 882 4413 solidi
912 4360 1232 4433 etiam/luvii
1257 4402 1270 4426 ,
1299 4362 1390 4433 fita
1419 4367 1469 4412 ut
1500 4357 1683 4413 Inachi
1712 4361 1870 4433 ipsius
1884 4357 1942 4415 in

352 4433 491 4500 Argo
505 4446 568 4484 ne
593 4441 969 4484 monumentum
995 4431 1194 4501 quidem
1215 4432 1464 4500 reliquum
1480 4431 1745 4501 appareat.
1771 4435 1939 4500 Quem

351 4501 569 4571 quidem
601 4502 772 4570 ipsum
795 4518 947 4572 teque
971 4514 1025 4556 ut
1048 4501 1305 4572 Alpheum
1338 4518 1430 4570 per
1461 4503 1755 4559 iunuensos
1785 4517 1942 4560 terra:

353 4568 562 4646 meatus
589 4568 898 4642 absorptum
923 4574 1046 4629 alibi
1070 4568 1345 4646 emergere
1368 4574 1476 4646 jam
1502 4574 1626 4629 olim
1667 4577 1816 4630 inulti
1846 4575 1946 4646 pu-'
1970 4568 2023 4628 D

355 4643 558 4710 labant,
586 4660 720 4712 quos
746 4656 988 4700 recenset.
1009 4656 1062 4698 et
1089 4643 1278 4699 refellit
1307 4643 1501 4700 Strabo
1532 4647 1620 4699 lib.
1649 4647 1732 4702 Vl.
1765 4643 1874 4703 fere
1895 4649 1945 4702 in

353 4714 553 4770 medio.
580 4713 686 4770 Sed
703 4719 1002 4771 accuratius
1021 4716 1193 4770 lucum
1214 4715 1463 4786 pensitali
1477 4717 1685 4772 videtur
1701 4717 1787 4774 hic
1805 4721 1946 4774 idem

354 4786 578 4840 iudicari
607 4827 624 4854 ,
655 4787 795 4854 quod
825 4787 1020 4843 Strabo
1043 4787 1182 4841 idem
1214 4785 1399 4843 narrat
1452 4785 1544 4841 lib.
1584 4788 1718 4844 Vlll.
1747 4791 1848 4844 sub
1889 4794 1948 4845 fi-

353 4870 502 4936 nem.
545 4866 730 4930 εξειρθὲν
780 4866 869 4930 γὰρ
913 4864 1003 4913 ὑπὸ
1037 4867 1234 4935 aug/m7
1259 4869 1316 4915 οτό
1353 4866 1556 4936 πέζα-νος
1584 4872 1839 4918 κωτέκλυσε
1863 4868 1948 4917 καὶ

355 4933 509 5002 εὖτ-ἢν
561 4937 646 4982 uti
699 4937 756 4983 τό
808 4940 923 5002 ἱερὸν
966 4938 1054 4986 τοῦ
1109 4933 1350 4986 Ελυιονίου
1411 4933 1734 4994 Ροπιδῶνος.
1801 4952 1834 4988 t.
1894 4952 1944 4990 c.

357 4998 532 5070 Terrae
586 5011 727 5054 motu
778 4998 910 5056 enim
963 5005 1153 5056 elatum
1207 5020 1347 5057 mare
1393 5016 1441 5059 et
1491 5003 1716 5059 Helicen:
1755 5006 1944 5070 obruit,

355 5081 404 5126 et
429 5069 701 5142 Templum
734 5071 964 5143 Neptuni
997 5073 1268 5129 Heliconii.
1301 5073 1525 5131 Ovidius
1553 5075 1678 5131 Met.
1705 5078 1796 5134 lib.
1838 5069 1950 5134 XE.

449 5162 504 5228 _Si
525 5176 717 5228 quaeras
737 5163 947 5214 Helicen
973 5171 1025 5215 et
1039 5165 1222 5228 Buran,
1249 5166 1490 5217 Achaidas
1513 5169 1667 5220 urbes

447 5224 682 5290 Invenies
705 5229 797 5290 sub
819 5228 974 5290 aquis,
1002 5235 1056 5277 et
1073 5224 1228 5280 adhuc
1250 5230 1518 5280 ostendere
1543 5241 1702 5282 nautae

445 5286 683 5338 Inclinata
701 5286 990 5340 solent'cum
1007 5291 1251 5342 moenibus
1269 5293 1444 5356 oppida
1468 5296 1660 5344 mersis.

355 5368 424 5448 Et
454 5369 534 5448 hae
561 5370 850 5448 Corinthio
865 5374 998 5448 mari
1027 5375 1361 5444 adiacebant,
1391 5376 1575 5432 Helice
1596 5379 1810 5448 quidem
1832 5379 1946 5436 XII.

353 5439 602 5522 Sladiisa
633 5446 766 5498 mari
800 5445 984 5522 dissita
1005 5457 1068 5522 et_
1091 5439 1305 5522 biennio
1329 5439 1453 5522 ante
1479 5439 1814 5505 Leuctricam
1847 5469 1948 5522 pu-

352 5526 514 5584 gnam
541 5515 816 5585 absorpta,
851 5527 906 5571 ut
931 5517 1123 5573 Strabo
1145 5519 1327 5573 refert.
1353 5517 1521 5573 Causa
1545 5524 1714 5576 ruina:
1745 5515 1952 5579 luit-ita-

354 5595 642 5663 queteme
667 5599 845 5643 motus
870 5598 925 5643 et
970 5590 1247 5644 inundatio
1272 5632 1286 5655 ,
1335 5599 1390 5646 et
1440 5593 1508 5646 ita
1564 5595 1778 5663 quidem
1815 5607 1870 5650 ut
1898 5600 1949 5652 in

354 5655 471 5736 loca
504 5666 656 5727 rupta
685 5670 757 5713 εει
787 5671 1050 5736 quassata
1083 5671 1228 5736 motu
1262 5672 1451 5736 teme,
1499 5655 1605 5735 quo
1645 5666 1762 5736 ipso
1789 5668 1948 5723 etiam

355 5726 596 5807 vicinum
623 5744 772 5807 mare
787 5726 1093 5807 agitabatur
1113 5774 1129 5807 _,
1152 5734 1375 5807 _irru_crit
1399 5726 1556 5807 aqua,
1589 5726 1767 5807 ibique
1786 5753 1949 5795 exca-

353 5799 496 5857 vatis
520 5801 688 5858 alveis
708 5799 1084 5874 permanserit.
1111 5804 1235 5862 hinc
1255 5803 1368 5876 jam
1384 5799 1700 5881 intelligitur
1722 5826 1950 5883 quomo-

2034 1898 2178 1952 mine
2192 1897 2457 1970 exprimit
2477 1896 2697 1970 Ovidius
2720 1897 2836 1970 loco
2861 1896 3024 1970 modo
3052 1908 3368 1970 memorato.
3400 1915 3634 1970 quomo-

2035 1970 2102 2024 do
2125 1968 2287 2024 urbes
2318 1978 2582 2037 terraique
2612 1967 2678 2021 ab
2701 1967 2872 2037 aquis,
2905 1967 3048 2023 lluvii
3079 1985 3107 2023 a
3132 1969 3287 2026 tcrris
3308 1967 3638 2028 absorbean-

2034 2049 2143 2107 tur,
2172 2048 2449 2108 totumque
2491 2038 2576 2093 hic
2604 2040 2789 2108 reponi
2820 2050 3076 2095 meretur.

2129 2127 2242 2191 γίόί
2267 2141 2363 2191 ego
2384 2127 2515 2191 quod
2531 2127 2772 2191 quondam
2796 2128 2956 2178 fuerat
2979 2128 3267 2181 solidissima
3291 2131 3440 2184 tellus

2128 2190 2255 2256 Esse
2279 2189 2476 2256 fretum,
2505 2189 2600 2256 vidi
2625 2189 2774 2256 factas
2793 2203 2866 2256 ex,
2883 2203 3081 2254 aequore
3098 2200 3277 2256 terras,

2130 2252 2424 2318 Etprocul‘a
2447 2253 2624 2316 pelago
2643 2253 2838 2318 conchae
2851 2252 3056 2318 iacuere
3081 2252 3298 2318 marinae,

2130 2315 2196 2381 lit
2209 2315 2358 2381 vetus
2378 2315 2669 2381 inventa’est
2692 2315 2738 2363 in
2763 2316 3008 2381 ineuntibus
3027 2317 3235 2366 anchora
3257 2315 3479 2381 summis,

2133 2377 2372 2444 Quodque
2393 2375 2484 2444 fuit
2505 2389 2718 2444 campus,
2737 2376 2912 2444 vallem
2931 2378 3172 2444 decursus
3193 2393 3427 2444 aquarum

2135 2438 2305 2506 Eeeit,
2323 2445 2383 2506 et_
2399 2440 2562 2506 eluvie
2587 2438 2737 2506 mons
2749 2448 2826 2489 est
2846 2438 3092 2506 deductus
3117 2443 3161 2506 in
3187 2438 3373 2506 aequor,

2144 2501 2286 2564 Eque
2309 2502 2536 2565 paludosa
2560 2502 2704 2565 siccis
2725 2501 2858 2550 humi
2880 2510 2991 2551 aret
3006 2504 3187 2565 arenis,
3249 2501 3264 2506 “
3361 2501 3384 2565 ’,

2137 2565 2358 2676 lillumque
2383 2564 2516 2614 sitim
2539 2564 2770 2624 tulerant,
2798 2571 3018 2625 stagnata
3039 2564 3295 2628 paludibus
3317 2564 3548 2634 hument,

2190 2628 2231 2676 ic
2254 2625 2415 2674 fontes
2437 2633 2608 2676 natura
2631 2639 2783 2674 novos
2808 2628 2984 2676 cntisit.
3007 2635 3061 2676 et
3084 2625 3180 2676 illic

2190 2628 2231 2676 ic
2254 2625 2415 2674 lentes
2437 2633 2608 2676 natura
2631 2639 2783 2674 novos
2808 2628 2984 2688 eniisit,
3007 2625 3061 2676 et
3084 2625 3180 2678 illic

2142 2688 2342 2750 Clausit,
2365 2696 2416 2738 et
2433 2689 2648 2750 antiquis
2670 2695 2764 2736 tam
2788 2688 2942 2738 multa
2965 2691 3260 2740 tremoribus
3276 2691 3412 2744 orbis

2141 2749 2363 2813 Flumina
2383 2749 2651 2813 prosiliunt,
2675 2757 2758 2798 aut
2780 2753 3024 2801 exsiccata
3048 2751 3288 2803 residunt.

2144 2812 2225 2876 Sic
2247 2813 2330 2862 ubi
2354 2811 2558 2876 terreno
2583 2811 2744 2876 Lycus
2760 2821 2838 2862 est
2863 2820 3035 2875 epotus
3057 2814 3211 2864 hiatu.

2142 2875 2349 2926 Exsistit
2363 2875 2533 2938 procul
2549 2874 2680 2937 hinc,
2707 2874 2906 2937 alioque
2926 2878 3202 2926 renascitur
3224 2890 3332 2929 ore.

2045 2958 2170 3034 vide
2195 2958 2391 3014 ibidem
2420 2973 2537 3028 qua:
2574 2967 2873 3034 sequuntur
2920 2969 3003 3014 est
3027 2959 3178 3015 locus
3208 2961 3415 3034 longior
3436 2964 3529 3021 sed
3549 2963 3648 3020 ad-

2048 3031 2264 3086 modum
2287 3029 2731 3084 venustus.'Hav.

2119 3100 2192 3184 (ς)
2225 3101 2707 3184 .Itqliatubscifam.
2764 3100 2974 3184 vocem,
2995 3100 3168 3184 {taliae
3203 3118 3324 3160 cum
3355 3105 3643 3184 He.

2046 3171 2268 3228 raldinis
2289 3173 2432 3228 delet
2456 3171 2729 3227 Fuldanus
2751 3175 2982 3228 retinent
3004 3173 3064 3228 L.
3093 3173 3209 3228 Bat.
3241 3184 3295 3231 et
3323 3179 3434 3232 alii.
3451 3177 3632 3237 Rhea.

2047 3253 2103 3299 et
2125 3243 2318 3299 l-lerald
2345 3245 2640 3297 abscissam.
2670 3243 3028 3299 Meminerunt
3050 3245 3264 3308 Strabo,
3294 3247 3424 3303 Mela
3447 3259 3499 3304 et
3525 3267 3645 3306 om-

2050 3331 2146 3371 nes
2165 3313 2995 3388 GeographitetiamSallustius
3021 3319 3072 3370 in
3117 3317 3333 3388 Fragm.
3382 3319 3644 3376 Historia-

2050 3403 2168 3442 rum
2216 3384 2365 3442 num.
2405 3386 2531 3441 297.
2582 3384 2793 3441 Italiam
2835 3387 3158 3456 conjunctam
3214 3384 3398 3444 Sicilia
3448 3401 3644 3448 constat

2051 3459 2248 3529 fuisse:
2273 3458 2362 3513 sed
2385 3457 2607 3511 medium
2624 3458 2844 3526 spatium
2882 3467 2972 3511 aut
3003 3474 3090 3526 per
3120 3461 3456 3516 humilitatem
3482 3465 3641 3517 obru-

2051 3539 2158 3583 tum
2184 3539 2258 3582 est
2287 3529 2454 3598 aquis,
2482 3538 2568 3582 aut
2598 3538 2806 3596 propter
2830 3530 3116 3599 angustiam
3158 3532 3392 3599 scissum.
3430 3532 3564 3588 Hav.

2119 3600 2203 3670 (d)
2247 3594 2406 3670 Origo
2436 3594 2749 3654 consederat.
2810 3599 2875 3655 Et
2898 3594 3011 3655 'hic
3059 3594 3351 3670 persistens
3377 3605 3429 3658 in
3470 3615 3642 3660 mcta-

2047 3671 2217 3741 phora
2243 3673 2476 3727 maxime
2508 3673 2720 3742 proprie
2748 3671 3002 3740 loquitur.
3055 3673 3240 3728 Solent
3271 3676 3413 3729 enim
3445 3677 3640 3733 novelli

2046 3743 2210 3797 foetus
2234 3757 2398 3816 rapum
2430 3758 2590 3816 quum
2623 3759 2686 3798 ex
2716 3742 3334 3816 alvearibuserumpunt
3376 3747 3426 3800 in
3455 3749 3641 3816 proxi-

2046 3829 2136 3889 mo
2167 3815 2412 3889 arborem
2443 3814 2666 3889 ejusque
2697 3829 2902 3889 rauium
2957 3814 3040 3866 vel
3070 3814 3115 3889 si
3146 3816 3284 3889 desit
3313 3814 3467 3872 aliud
3511 3821 3640 3889 qum

2048 3886 2212 3969 altum
2235 3885 2456 3969 eligere,
2477 3887 2573 3968 Ocni
2597 3901 2660 3968 se
2678 3886 2981 3969 applicent,
3013 3887 3205 3969 cuique
3237 3885 3644 3953 insideautfuu-

2048 3957 2115 4011 de
2145 3971 2173 4010 a
2205 3958 2376 4025 perito
2399 3956 2556 4026 hujus
2587 3957 2661 4011 rei
2694 3958 2743 4010 iu
2779 3972 2913 4010 nova
2935 3955 3166 4014 alvearia
3198 3969 3483 4015 verruntur
3507 3976 3644 4016 con-

2048 4027 2418 4097 stipauturque
2437 4069 2452 4093 ,
2512 4029 2693 4097 sicque
2719 4031 2944 4098 augetur
2968 4041 3055 4080 res
3093 4027 3368 4085 familiaris
3395 4033 3644 4087 domino-

2048 4115 2188 4175 rum.
2219 4099 2526 4175 ldiudieare
2567 4099 2732 4175 voluit
2763 4112 3005 4175 summus
3036 4101 3124 4154 ille
3148 4102 3323 4175 omnis
3369 4103 3646 4175 elegantia:

2046 4171 2224 4245 cultor
2249 4170 2522 4245 Virgilius,
2541 4170 2592 4245 si
2623 4170 3151 4245 satis_p_ercepisseut
3182 4170 3502 4245 interpretes
3522 4192 3647 4231 ver-

2049 4256 2142 4297 sus
2171 4241 2286 4312 ejus
2312 4257 2376 4296 ex
2409 4242 2500 4296 lib.
2531 4241 2728 4312 Georg.
2757 4242 2844 4305 ιν,
2876 4242 2972 4298 “20.

2141 4332 2407 4398 Balmaque
2426 4333 2742 4398 vestibulum,
2761 4343 2844 4385 aut
2867 4334 3043 4398 ingens
3057 4335 3270 4388 oleaster
3285 4339 3545 4393 obumbret
3573 4356 3585 4389 :

2147 4395 2209 4462 lit
2230 4395 2338 4444 cum
2365 4396 2515 4462 prima
2543 4399 2652 4446 novi
2679 4397 2865 4462 ducet'tt
2886 4395 3109 4462 eiamiua
3127 4414 3280 4462 reges

2142 4457 2276 4527 fere
2301 4457 2408 4527 suo,
2419 4458 2662 4527 ludetque
2677 4459 2809 4527 favis
2827 4461 3008 4527 entissa
3021 4457 3274 4527 juveut'us,

2142 4520 2310 4583 Yicina
2335 4521 2508 4568 invitet
2530 4520 2784 4571 decedere
2809 4523 2913 4583 ripa
2939 4520 3106 4582 calori,

2143 4581 2400 4645 Obviaque
2425 4582 2651 4645 hospitiis
2673 4581 3205 4636 teueatl‘rondeutibus
3229 4587 3390 4638 arbos.

2052 4666 2203 4722 Adde
2228 4665 2575 4720 Claudianum
2599 4667 2666 4722 de
2694 4666 2870 4738 Raptu
2904 4668 3240 4742 Proserpina:
3269 4673 3359 4728 lib.
3385 4672 3449 4728 ll.
3480 4672 3608 4730 119.

2425 4755 2603 4806 Credat
2628 4759 2854 4808 examina
2877 4758 3009 4809 fundi

2143 4818 2399 4886 Hyblaeum
2421 4826 2621 4883 raptura
2648 4822 2880 4886 thymum,
2898 4836 3009 4872 eum
3034 4835 3183 4872 cerea
3201 4836 3353 4886 reges

2146 4882 2313 4946 Castra
2337 4882 2554 4946 moveut,
2579 4882 2776 4946 tagique
2797 4882 2914 4934 cava
2935 4886 3178 4935 demissus
3201 4882 3394 4937 ab'alvo

2149 4943 2361 4994 Mellit‘er
2387 4945 2559 4994 electis
2575 4943 2824 4996 ert—ercitus
2845 4946 3090 5011 obstrepit
3111 4948 3296 4998 herbis.

2135 5027 2347 5101 Ethinc
2392 5029 2644 5101 illusu'ari
2679 5041 2853 5101 putest
2891 5031 3038 5085 locus
3068 5033 3119 5084 iu
3150 5031 3239 5085 lib.
3271 5032 3356 5087 IV.
3386 5033 3547 5090 Mosis
3593 5049 3644 5092 c.

2061 5097 2229 5166 XXII,
2255 5100 2310 5165 5,
2366 5101 2453 5154 tibi
2486 5101 2552 5155 de
2595 5097 2952 5156 Israelitarum
3001 5103 3260 5158 immensa
3305 5105 3647 5164 multitudine

2101 5173 2209 5243 uasi
2255 5171 2323 5226 de
2370 5174 2615 5227 examine
2642 5189 2800 5242 apum
2848 5174 3081 5243 loquitur
3115 5175 3223 5229 lter
3258 5175 3644 5234 Moabitarum:

2083 5242 2193 5317 dccc
2212 5259 2331 5317 gens
2363 5244 2550 5317 prodiit
2575 5260 2637 5296 ea:
2664 5242 2938 5314 Afgypto,
2989 5261 3102 5300 ecce
3145 5255 3462 5317 prospectum
3501 5259 3648 5304 terra

2058 5315 2262 5390 obtexit
2289 5315 2612 5390 conciliatque
2660 5317 2784 5368 mihi
2814 5331 2842 5368 e
2868 5316 3089 5390 regione.
3142 5315 3379 5390 IEgjptii
3407 5320 3567 5373 etiam
3593 5330 3649 5376 et

2057 5386 2265 5456 Assyrii
2294 5397 2466 5456 gsupra
2493 5387 2741 5458 Judaeam
2765 5387 2970 5458 venturi
3016 5403 3175 5458 apum
3207 5386 3299 5444 vel
3343 5405 3648 5447 muscarum

2055 5455 2284 5512 examini
2317 5455 2692 5528 comparantur
2715 5455 2824 5511 Jes.
2850 5455 2962 5523 νη,
2984 5455 3072 5527 18,
3107 5459 3193 5515 10.
3225 5460 3362 5516 ΗΑν.

2129 5529 2208 5598 fe)
2251 5527 2477 5583 Sodoma
2503 5539 2556 5600 et
2603 5527 2856 5600 Gomorra
2905 5530 3082 5600 ignem
3110 5532 3266 5585 imber
3285 5535 3519 5587 excitarit.
3573 5532 3650 5590 De

2056 5599 2226 5655 Pallio
2255 5615 2303 5654 c.
2338 5602 2426 5672 11.
2453 5616 2519 5656 ex
2550 5599 2777 5656 lectione
2804 5599 3052 5656 Salniasi.
3105 5603 3286 5672 Aspice
3317 5605 3385 5656 ad
3424 5603 3647 5659 Palesti-

2055 5687 2177 5725 nam
2209 5713 2225 5738 ,
2254 5688 2368 5742 quw
2395 5670 2649 5726 Iordanes
2677 5673 2837 5726 antnis
2862 5673 3042 5742 [inium
3067 5670 3254 5729 arbiter
3278 5714 3293 5736 ,
3338 5676 3544 5730 vastitas
3568 5677 3650 5730 in-

2054 5758 2212 5816 gens,
2224 5744 2422 5816 etorba
2447 5744 2607 5814 regio,
2637 5753 2683 5798 et
2709 5746 2902 5816 frustra
2922 5760 3045 5816 ager
3069 5760 3087 5800 :
3133 5755 3197 5816 at,
3213 5744 3362 5801 urbe:
3401 5756 3536 5802 retro
3560 5787 3576 5814 ,
3603 5755 3652 5802 et

2055 5814 2234 5887 βορειίὶ
2272 5814 2556 5886 frequentes
2593 5823 2644 5873 et
2665 5815 2806 5872 solus
2854 5814 3133 5875 audiebat:
3167 5815 3368 5875 Dehinc
3417 5827 3474 5875 ut
3513 5817 3658 5879 Deus
