4126 6340
399 289 510 348 555
1607 290 1693 349 DE
1733 292 1988 350 ,ΕΤΑΤΕ

2102 290 2302 349 ρυιδοε
2313 292 2484 349 ETlCl
3174 321 3176 326 ·
3596 299 3705 358 556

407 406 524 462 haec
553 406 657 478 pati
692 405 831 461 Deus
859 405 1074 476 patitur.
1107 403 1240 460 Nam
1282 413 1336 461 et
1361 407 1630 477 proxime,
1651 407 1718 464 ad
1749 406 1997 465 lenonem
2026 414 2079 477 Α
2103 407 2389 464 Christiani
2431 406 2586 464 factis
2631 406 2894 465 docendo.
2925 407 3016 464 Illa
3047 409 3161 482 ipsa
3189 410 3511 483 obstinatio,
3541 430 3700 486 quam

412 497 488 569 (α)
529 497 834 553 damnando
881 495 1228 552 Christianam
1271 498 1445 568 potius
1474 515 1634 571 quam
1660 499 1728 555 ad
1755 501 1998 567 leonem,

405 589 639 646 confessi
669 589 800 645 estis
839 588 1012 644 labem
1056 588 1323 659 pudicitia:
1351 592 1491 663 apud
1540 609 1662 655 nos
1682 593 2000 649 atrociorem

405 684 550 737 omni
580 697 735 752 paena
762 691 817 737 et
841 681 1203 738 omni-morte
1251 685 1509 754 reputari.
1561 684 1670 741 Nec
1716 686 1999 757 quicquam

405 785 584 829 tamen
615 773 828 844 proﬁcit
851 773 1169 845 exquisitior
1206 790 1434 847 qumque
1455 776 1743 834 crudelitas
1785 788 1997 834 vestra:

402 865 656 922 illecebra
681 875 765 922 est
794 868 961 936 magis
989 878 1169 922 sectam
1205 867 1391 924 Plures
1416 867 1683 925 efﬁcimur
1711 868 1805 940 (b).
1861 885 1997 942 quo-

398 961 507 1018 ties
525 962 790 1017 metimur
811 977 841 1016 a
872 961 1026 1018 vobis
1054 979 1066 1016 :
1096 977 1280 1017 semen
1308 973 1392 1018 est
1418 965 1639 1034 sanguis
1661 963 1998 1019 Christiano-

405 1070 524 1108 rum
581 1053 671 1124 (c).
722 1053 873 1108 Multi
919 1053 1059 1124 apud
1119 1069 1219 1110 vos
1256 1054 1321 1108 ad
1355 1049 1688 1110 tolerantiam
1721 1055 1922 1110 doloris
1949 1065 2005 1112 et.

403 1150 595 1203 inertis
627 1147 932 1214 hortantur,
959 1157 1012 1203 ut
1040 1146 1230 1202 Cicero
1260 1149 1310 1202 in
1340 1148 1674 1214 Tusculanis,
1712 1159 1769 1204 ut
1799 1149 2002 1205 Seneca

404 1244 456 1296 in
483 1242 764 1308 Fortuitis,
790 1253 844 1297 ut
878 1242 1173 1313 Diogenes,
1209 1252 1265 1296 ut
1297 1243 1561 1314 l’yrrlton,
1605 1253 1662 1298 ut
1688 1244 2000 1299 Callinicus.

403 1335 514 1391 Nec
538 1345 715 1411 tamen
745 1343 924 1391 tantos
947 1335 1225 1389 inveniunt
1249 1335 1406 1390 verba
1437 1335 1752 1406 tilsCilmlOS,
1777 1345 2006 1406 quantos

2108 499 2471 570 exprobratis,
2503 500 2752 571 magistra
2791 511 2894 556 est.
2942 499 3072 569 Quis
3118 502 3264 558 enim
3317 519 3424 560 non
3468 515 3705 561 contem-

2107 592 2342 664 platione
2367 593 2484 662 ejus
2509 594 2811 649 Concutitur
2849 595 2916 650 ad
2959 595 3340 668 requirendum
3359 639 3374 664 ,
3403 599 3531 670 quid
3562 600 3705 656 intus

2105 684 2160 740 in
2195 700 2254 739 re
2306 684 2408 739 sit?
2439 684 2571 754 Quis
2623 702 2763 754 non,
2820 687 2908 743 ubi
2961 679 3272 758 requisivit,
3324 691 3556 756 accedit,
3612 692 3702 750 ubi

2106 777 2352 842 accessit,
2382 777 2488 847 pati
2519 788 2758 847 exoptat,
2790 787 2848 832 ut
2877 787 3039 833 totam
3067 778 3158 834 Dei
3188 780 3414 850 gratiam
3443 783 3692 849 redimat.

2105 880 2164 925 ut
2189 886 2404 926 omnem
2433 870 2641 926 veniam
2671 871 2750 943 (ά)
2778 871 2847 925 ab
2866 887 2932 927 eo
2958 874 3397 942 compensatione
3420 876 3698 946 sanguinis

2105 963 2188 1018 sui
2215 962 2498 1034 expediat?
2525 961 2714 1018 Omnia
2754 963 2897 1018 enim
2951 959 3076 1019 huic
3099 964 3248 1034 operi
3275 965 3468 1021 delicta
3499 966 3706 1042 donan-

2107 1066 2208 1112 tur.
2238 1055 2368 1113 Inde
2391 1065 2506 1124 est,
2538 1057 2678 1128 quod
2721 1056 2916 1114 ibidem
2957 1058 3238 1114 sententiis
3279 1060 3475 1115 vestris
3504 1061 3704 1132 gratias

2106 1151 2340 1220 agimus;
2371 1159 2427 1204 ut
2450 1159 2533 1205 est
2558 1149 2830 1204 aemulatio
2855 1149 3054 1205 divina:
3082 1151 3158 1205 rei
3186 1159 3243 1206 et
3263 1149 3548 1219 humana),
3579 1167 3701 1209 cum
3757 1229 3760 1232 Δ

2107 1246 2426 1301 damnamur
2447 1261 2477 1300 a
2511 1245 2683 1311 vobis,
2711 1261 2741 1301 a
2775 1245 2884 1302 Deo
2913 1245 3263 1302 absolvimur.

1789 1427 2352 1485 COMMENTARIUS.

475 1524 554 1596 (ιι)
571 1522 648 1576 Ad
669 1522 900 1596 lenonem
923 1522 1228 1596 damnando
1243 1523 1592 1578 christianum.
1612 1522 1816 1577 Vitiose
1848 1521 2001 1596 Fuld.

402 1596 470 1648 ad
498 1595 690 1648 leonem
729 1594 1076 1648 damnandam
1122 1595 1451 1647 christianum
1502 1595 1670 1659 potius
1693 1637 1707 1658 ,
1754 1611 1904 1663 quam
1936 1594 2004 1647 ad

403 1667 596 1720 leonem
622 1667 856 1732 putastis,
875 1676 920 1718 et
947 1666 1164 1734 confessi
1191 1666 1328 1728 estis,
1357 1676 1460 1720 etc.
1487 1665 1638 1720 Barr.
1670 1666 1738 1718 ad
1770 1667 2000 1720 lenonem

2111 1520 2369 1595 Heroides
2391 1521 2580 1595 visitur
2604 1519 2786 1595 iiydra:
2809 1531 3155 1595 wolyxtpéloa.
3189 1539 3310 1580 cum
3332 1539 3433 1592 qua
3457 1522 3700 1580 decertat

2109 1594 2305 1656 victor,
2337 1607 2459 1647 cunt
2482 1592 2827 1662 inscriptione
2856 1592 3154 1651 llERCULI
3199 1595 3699 1652 IIEBI'JLLATOBI.

2109 1664 2420 1720 Diocletiani
2449 1664 2630 1728 etiam,
2661 1664 2794 1719 socii
2819 1665 2935 1731 ejus
2967 1667 3017 1719 in
3049 1667 3273 1736 imperio
3289 1676 3342 1720 et
3368 1667 3491 1721 odio
3513 1667 3704 1722 adver-

404 1737 696 1791 clamando.
727 1735 855 1790 Erat
877 1752 1004 1790 vero
1035 1732 1088 1790 et
1116 1735 1231 1807 bare
1271 1752 1335 1790 ex
1366 1737 1542 1807 populi
1577 1735 1801 1807 furentis
1827 1737 2001 1792 accla-
2029 1732 2076 1791 B
2105 1751 2196 1792 sus
2210 1736 2562 1807 Christianos,
2585 1751 2832 1807 nummus
2853 1737 3064 1806 [aureus
3087 1732 3370 1801 singularis
3387 1737 3703 1793 exhibentur

402 1808 764 1872 mationibns,
807 1816 864 1860 ut
916 1807 1071 1862 docet
1121 1805 1397 1861 Ferrarius
1445 1808 1519 1863 ‘de
1572 1805 1703 1862 Ver.
1756 1807 1992 1863 Aeolum.

400 1878 496 1932 lib.
529 1893 624 1943 vn,
655 1893 754 1946 cap
785 1875 874 1939 18.
900 1877 1124 1932 Maxima
1152 1894 1282 1932 sane
1314 1877 1622 1948 pudicarum
1647 1880 1992 1943 Contumelia,

403 1964 563 2018 quant
597 1949 743 2004 mille
773 1948 1389 2019 mortibusredemptam
1408 1951 1650 2005 mallent.
1678 1949 1862 2019 Itaque
1888 1966 1994 2005 non

403 2021 676 2075 immerito
708 2020 810 2074 tela
838 2021 1096 2075 orationis
1121 2036 1234 2074 sua:
1277 2021 1484 2087 vibrat,
1531 2036 1652 2076 cum
1685 2021 1860 2076 simile
1885 2020 1998 2076 fere

398 2092 610 2146 facinus
626 2091 975 2146 inlnnnanum
997 2104 1051 2145 et
1078 2091 1362 2146 scelestum
1386 2093 1676 2162 exprobret
1698 2091 1997 2148 furentibus

398 2163 615 2217 Arianis
643 2163 1047 2226 Nazianzenus.
1075 2164 1224 2217 Orat.
1255 2163 1355 2219 Ad.
1385 2164 1570 2218 Arian.
1595 2173 1651 2220 et
1679 2163 1746 2218 de
1767 2178 1827 2218 se
1847 2165 1992 2233 ipso:

399 2243 662 2305 Παρθένων,
692 2235 864 2303 inquit
895 2276 908 2296 ,
955 2239 1098 2295 alter;
1149 2246 1234 2288 uti.
1275 2239 1498 2303 σεμνότης
1527 2241 1652 2305 ὄψεις
1682 2239 1854 2306 ἄνδρων
1874 2240 1999 2303 μηδὲ

398 2309 637 2376 σωφρόνων
654 2313 880 2378 φέρουσα·
907 2316 958 2359 σὲ
980 2311 1026 2359 δὲ
1050 2312 1124 2367 τῖς
1148 2317 1274 2375 ἡμῶν
1295 2330 1466 2377 ῃσχυνι
1483 2312 1567 2360 tusi
1589 2313 1836 2376 κιθΰερισνι
1854 2308 1998 2376 μέχρι

394 2395 489 2432 τῶν
516 2379 747 2440 ἀϐάτων,
778 2386 860 2430 καὶ
901 2384 1217 2444 ἀςεϐιὶνὸψεσι
1267 2385 1498 2448 προῦθηκε
1540 2386 1648 2431 θέαν
1685 2386 1892 2433 etiam
1917 2382 1998 2431 καὶ

399 2456 483 2503 τοῦ
538 2453 848 2517 Σοδομιτικοῧ
912 2461 1056 2519 πυρὸς
1105 2455 1288 2514 ἀξίαν,
1330 2467 1389 2505 εῶ
1418 2455 1521 2520 Λγὲρ
1574 2460 1803 2509 θανὼν-ους
1853 2458 1999 2520 λέγειν

398 2536 487 2580 τῆς
513 2524 740 2590 «ivxta-mc
757 2517 1096 2592 ἀνεκιτοςτξρους
1122 2540 1134 2572 ;
1169 2520 1218 2574 id
1245 2531 1327 2575 est
1356 2538 1369 2574 :
1397 2517 1706 2592 Oivirginum
1729 2519 1893 2589 pudor
1906 2517 1999 2574 ιιι-

399 2608 498 2660 que
526 2593 825 2646 verecundia
851 2634 864 2654 ι
909 2591 1024 2662 qua:
1053 2609 1114 2646 ne
1141 2591 1482 2646 modestorunt
1524 2591 1724 2662 quidem
1771 2593 1995 2645 vivorum

388 2672 724 2732 conspectum
756 2666 889 2735 ferre
916 2661 1055 2735 potes
1085 2705 1098 2726 ,
1131 2664 1242 2734 quis
1286 2673 1515 2717 nostrum
1557 2675 1603 2716 te
1651 2661 1826 2735 aﬂecit
1848 2663 1991 2732 igno-

372 2735 558 2797 ,tninia
579 2776 593 2798 ,
624 2733 774 2788 etiam
801 2734 868 2787 ad
890 2733 1005 2787 illas
1032 2733 1190 2803 usque
1219 2745 1385 2803 partes
1405 2776 1419 2799 ,
1449 2751 1576 2804 quas
1613 2734 1829 2803 spectari
1852 2737 1995 2804 nefas

399 2815 509 2869 est,
540 2815 586 2860 et
615 2807 886 2874 impiorum
914 2807 1072 2858 oculis
1115 2803 1398 2859 miserabile
1426 2803 1772 2873 spectaculum
1804 2803 1994 2872 prapo.

399 2877 540 2944 suit,
603 2879 816 2946 igneque
866 2876 1180 2930 Sodonitico
1227 2876 1634 2930 vindicandum?
1675 2875 1824 2929 Mitto
1863 2876 1998 2946 enim

399 2935 562 3002 caedes
616 2935 741 3001 ἧσθ’
771 2949 1014 3002 dedecore
1054 2947 1433 3002 tolerabiliores.
1479 2947 1894 3002 Sarisberiensis
1942 2945 1995 3000 in

399 3019 735 3090 Polycratico
759 3019 851 3073 lib.
882 3034 961 3083 ιιι,
994 3034 1114 3088 cap.
1143 3035 1257 3084 xm,
1289 3020 1330 3072 Α
1353 3019 1579 3088 patribus
1605 3027 1773 3072 tamett
1799 3018 1996 3090 pridem

2099 1826 2128 1865 a
2157 1806 2574 1879 Spanltemioitlc
2712 1815 2766 1879 et
2945 1807 3010 1862 N.
3054 1824 3104 1876 p.
3151 1808 3280 1871 858.
3335 1810 3385 1860 in
3417 1825 3520 1877 quo
3549 1825 3702 1879 teque

2100 1878 2340 1936 mendaci
2384 1878 2537 1932 titulo
2564 1878 2784 1932 abolitio
2813 1878 3120 1933 christiana:
3162 1880 3432 1947 religionis
3459 1878 3702 1933 celebra-

2102 1954 2206 2004 nir.
2252 1948 2406 2020 Stant
2449 1949 2525 2020 ibi
2558 1949 2667 2020 tria
2724 1948 2888 2015 Fata,
2942 1964 3060 2004 cum
3096 1951 3451 2020 inscriptione
3501 1950 3704 2011 FATlS

2102 2019 3085 2086 VICTRICIBUS.Tlteodoret.,Serm.
3109 2038 3182 2085 Ix.
3214 2019 3282 2077 de
3309 2021 3466 2091 Leg..
3491 2037 3546 2091 υτ
3574 2021 3696 2076 H7:

2099 2099 2184 2164 acati
2202 2102 2595 2164 κορυϐαντιῶντες
2614 2096 2698 2144 uti
2729 2103 3000 2153 λυττῶντες,
3020 2101 3147 2156 εις..
3179 2093 3213 2146 ἱ.
3239 2109 3316 2154 ϐ..
3340 2092 3519 2164 Itaque
3539 2092 3703 2163 Cory-

2102 2159 2328 2220 bantium
2356 2179 2494 2216 more
2519 2164 2686 2232 capita
2715 2179 2820 2230 pra:
2843 2165 3014 2231 furore
3038 2166 3284 2230 iactantes
3309 2205 3323 2226 ,
3349 2159 3489 2217 inciti
3519 2159 3659 2219 rabie
3681 2205 3698 2228 .

2103 2237 2392 2306 tecltnisquc
2416 2250 2475 2286 ac
2499 2238 2842 2306 veteruntentis
2871 2237 2951 2286 usi
2975 2234 3382 2305 quamplurimis,
3391 2236 3702 2305 piscatorum

2103 2309 2236 2377 leges
2283 2304 2382 2359 non
2411 2304 2760 2377 dissolverant
2807 2307 3044 2376 quidem,
3097 2304 3186 2360 sed
3227 2304 3397 2360 multo,
3430 2306 3702 2361 validiores

2104 2375 2448 2448 oppugnando
2484 2392 2568 2429 eas
2593 2375 2969 2448 reddiderunt;
3006 2377 3251 2446 planeque
3275 2377 3378 2431 illis
3418 2377 3698 2444 peisintiles

2104 2447 2292 2503 inuenti
2323 2457 2438 2502 sunt
2466 2489 2480 2512 ,
2514 2447 2601 2516 qui
2628 2449 2889 2517 [laminam
2918 2447 3120 2516 quidem
3145 2450 3455 2518 restinguere
3506 2464 3699 2501 concu-

2106 2522 2304 2590 piscunt
2327 2559 2338 2580 ,
2360 2519 2527 2590 oleant
2553 2533 2668 2590 vero
2692 2521 2820 2590 fatui
2847 2518 3168 2582 iustillantes,
3189 2521 3526 2573 ardentiorein
3555 2519 3700 2573 illam

2103 2588 2339 2662 efﬁciunt.
2359 2588 2565 2662 Etenim
2581 2589 2634 2641 Ιιί
2653 2588 2866 2662 quoque,
2881 2601 3058 2643 contra
3078 2591 3309 2658 pietatem
3329 2590 3458 2645 bello
3475 2607 3584 2644 sum
3590 2602 3696 2658 pta.

2101 2659 2202 2732 pia:
2240 2662 2463 2732 ueritatis
2490 2659 2641 2712 robur
2681 2661 3000 2732 manifestius
3025 2663 3383 2732 declararunt.
3430 2662 3501 2714 Ac
3545 2662 3700 2715 veluti

2063 2748 2067 2752 '
2099 2731 2356 2804 quondam
2382 2731 2535 2784 rubus
2566 2732 2672 2804 ille,
2690 2749 2835 2802 quem
2853 2731 2975 2804 uidit
3008 2731 3198 2798 Moses,
3224 2733 3408 2786 ardore
3423 2733 3573 2804 ignis
3596 2749 3699 2804 non

2099 2802 2172 2860 est
2223 2804 2560 2870 absumptus;
2590 2803 2661 2856 ita
2704 2817 2793 2856 nec
2837 2803 3192 2869 Christianos,
3242 2805 3513 2873 impiorum
3556 2802 3700 2857 bellis

2101 2877 2282 2946 petitos
2302 2917 2316 2938 ,
2350 2877 2446 2946 tela
2469 2874 2670 2946 hostilia
2701 2884 3165 2946 consumpserunt:
3192 2877 3315 2946 quin
3357 2876 3551 2946 potius.
3568 2875 3698 2946 sicut

2103 2944 2438 3017 lignatoribus
2474 2945 2671 3017 sylvam
2695 2944 3000 2999 ardentibus
3023 2945 3181 2999 multo
3206 2944 3397 3016 plures
3440 2944 3699 3017 pullulant

2103 3016 2406 3088 propagines
2430 3016 2492 3069 ab
2519 3017 2801 3074 radicibus.
2833 3033 2993 3088 quam
3017 3017 3116 3068 sint
3159 3018 3290 3070 rami
3327 3017 3413 3081 qui
3457 3016 3700 3070 incidatis

401 3087 669 3157 deﬁnitum
694 3100 764 3143 est
788 3132 802 3153 ,
835 3091 956 3157 quia
984 3087 1228 3158 pudicitia
1273 3091 1465 3159 auferri
1510 3105 1610 3143 non
1659 3098 1849 3160 potest,
1898 3089 1997 3142 nisi
2023 3093 2067 3155 C
2103 3087 2183 3144 tur
2209 3107 2225 3152 ;
2251 3087 2322 3142 ita
2348 3099 2466 3160 tunc
2481 3103 2690 3160 quoque
2709 3088 2805 3156 piis
2827 3087 3170 3160 compluribus
3196 3088 3503 3160 interfectis,
3532 3088 3692 3160 multo

398 3162 582 3215 mentis
608 3163 866 3228 corruptio
892 3161 1175 3215 antecedat.
1207 3161 1356 3225 Quod
1384 3162 1516 3214 enint
1533 3201 1548 3224 ,
1583 3170 1637 3214 ut
1667 3177 1881 3230 magnus
1906 3177 1995 3214 as-

403 3232 524 3286 serit
545 3231 857 3303 Augustinus
875 3274 890 3295 ,
926 3249 1025 3286 non
1055 3234 1371 3301 praecedente
1398 3232 1606 3286 libidine
1631 3232 1874 3285 violenter
1901 3248 1995 3299 pa-

402 3305 526 3356 titur
550 3302 732 3371 corpus
753 3345 766 3362 .
801 3305 997 3358 vexatio
1029 3304 1197 3373 potius
1225 3302 1440 3357 dicenda
1471 3312 1561 3367 est,
1585 3319 1738 3372 quam
1776 3319 1994 3372 corrup-

403 3377 493 3428 tio.
543 3373 624 3429 lbi
650 3391 768 3446 ergo
813 3375 1001 3429 servari
1053 3375 1300 3444 pudicitia
1347 3384 1542 3443 potest,
1589 3374 1673 3427 ubi
1715 3373 1999 3446 nullanisi

401 3447 688 3500 voluntaria
708 3445 822 3500 esse
853 3457 1013 3516 potest
1043 3449 1301 3514 corruptio
1323 3488 1336 3511 ,
1369 3448 1420 3500 in
1448 3446 1626 3500 mentis
1651 3446 1840 3500 scilicet
1857 3445 1996 3516 inte-

400 3518 584 3588 gritate
608 3560 623 3584 ,
649 3519 732 3572 ubi
758 3518 810 3571 in
837 3515 1084 3571 aeternum
1107 3518 1297 3572 servari
1323 3518 1568 3588 pudicitia
1613 3527 1796 3588 potest.
1843 3515 1999 3571 Scili-

400 3587 507 3654 Cet,
540 3599 596 3642 ut
625 3589 818 3644 Noster
843 3589 942 3642 alia
972 3589 1023 3643 in
1055 3603 1134 3649 re.
1162 3589 1213 3642 in
1243 3587 1380 3643 libro
1409 3589 1482 3644 De
1505 3587 1990 3658 Monogamia,c:tp.

400 3675 468 3713 xv
490 3677 503 3713 :
533 3659 717 3729 Utique
731 3661 865 3715 enim
883 3660 1025 3714 illam
1053 3660 1213 3731 magis
1228 3661 1477 3723 excusari,
1494 3660 1653 3728 capit,
1670 3659 1845 3731 quazqin
1859 3673 1997 3726 μνω-

399 3733 470 3785 lio
495 3733 703 3793 cecidit,
728 3748 880 3799 quam
909 3733 1089 3800 quwirt
1114 3729 1345 3785 cubiculo
1368 3747 1386 3796 ;
1408 3747 1524 3802 quae
1567 3732 1618 3802 in
1649 3729 1856 3796 equuleo
1883 3745 2000 3802 suc-

400 3802 608 3869 cubuit,
640 3819 790 3872 quant
828 3817 941 3872 qua:
979 3804 1030 3855 in
1075 3803 1299 3868 lectulo;
1348 3801 1462 3873 qua:
1490 3801 1775 3856 crudelitati
1826 3801 1996 3866 cessit,

399 3890 554 3943 quant
585 3890 698 3945 quin
739 3874 937 3926 libidini
960 3887 980 3936 ;
1005 3890 1119 3943 qua:
1146 3879 1347 3943 gemens
1374 3873 1565 3928 devicta
1591 3882 1680 3936 est,
1705 3888 1858 3942 quant
1883 3886 1999 3940 quae

405 3945 614 3998 subans.
649 3944 788 3999 Hav.
1749 3993 1752 3996 .

475 4015 558 4084 (δ)
592 4013 774 4069 Plures
806 4015 1078 4085 eﬂ'icimur,
1106 4013 1301 4084 quoties
1331 4016 1564 4085 metimur
1588 4031 1618 4066 a
1648 4014 1804 4068 vobis.
1837 4010 1992 4085 Fttld.

401 4084 503 4139 Ms.
527 4087 678 4140 etiam
702 4105 754 4157 p,
788 4083 1002 4154 efQuid
1034 4083 1392 4157 ergo_mirum
1415 4085 1502 4146 .‘si
1533 4084 1805 4140 Julianum
1847 4083 1996 4157 illum

401 4152 738 4225 Apostamm,
774 4152 943 4225 Epist.
977 4152 1129 4222 χχιιι,
1159 4155 1531 4211 Constantium
1573 4167 1765 4209 vocare
1813 4152 1998 4207 audias

309 4266 314 4274 .
399 4235 721 4300 πογλωιὶφᾳιλον
750 4233 931 4300 ὓδρωιὶ
967 4227 1245 4300 multorum
1292 4229 1516 4297 capitum
1563 4225 1828 4298 hydram?
1875 4238 2022 4300 cum.

400 4295 591 4352 etiam:
618 4295 848 4354 Herculii
882 4297 1190 4353 Maximiani
1223 4295 1472 4352 nummus
1501 4313 1566 4352 ex
1602 4295 1714 4351 iure
1764 4295 1999 4350 maximo

400 4379 573 4424 exstet
596 4369 649 4423 in
673 4384 802 4439 gaza
828 4367 1150 4424 Christiana:
1186 4370 1406 4440 Regina:
1430 4410 1446 4436 ,
1489 4369 1546 4422 in
1594 4379 1699 4438 quo
1726 4367 1814 4422 ille
1853 4357 2077 4421 velut.D

2103 3161 2274 3231 plures
2311 3159 2537 3230 quotidie
2578 3159 2646 3211 ad
2675 3159 2956 3216 doctrinam
2981 3160 3321 3227 evangelicum
3347 3158 3698 3231 accedebant;

2102 3229 2351 3303 cruorque
2377 3231 2464 3284 ille
2483 3246 2729 3303 ausorum
2757 3245 3062 3303 corporum)
3091 3231 3322 3303 irrigatio
3342 3230 3613 3303 eratnoois
3641 3229 3696 3303 in

2105 3299 2336 3356 Ecclesia
2354 3301 2719 3371 emergentibus
2748 3301 2956 3372 plantis.
3005 3299 3122 3356 Mox
3154 3299 3294 3356 male
3335 3300 3480 3356 Junii
3528 3299 3698 3356 editio

2101 3375 2389 3445 sanguinis.
2422 3372 2558 3428 HAV.

2179 3467 2252 3538 (ο)
2282 3465 2465 3538 Semen
2507 3475 2578 3519 est
2614 3466 2822 3537 sanguis
2846 3465 3273 3522 Christianorum.
3319 3464 3437 3521 Non
3478 3472 3704 3536 possant

2101 3537 2391 3594 Christiani
2440 3538 2902 3606 persecutionibus
2957 3538 3220 3601 imminui.
3251 3538 3372 3608 quia
3422 3538 3467 3592 si
3515 3551 3700 3604 semen

2102 3621 2185 3665 est
2209 3625 2393 3664 eorum
2422 3611 2661 3677 sanguis.
2700 3609 2957 3678 enjnsque
3004 3609 3121 3676 plus
3148 3608 3374 3663 ell‘usum
3416 3608 3609 3673 fuerit.
3635 3621 3702 3662 eo

2103 3681 2274 3748 major
2316 3681 2644 3750 promittitur
2690 3678 2920 3733 ﬁdelium
2969 3690 3278 3750 proventus.
3322 3680 3462 3734 sient
3511 3679 3702 3734 messis

2103 3753 2340 3817 capiosa,
2365 3751 2640 3819 amplioris
2665 3753 2860 3818 segetis
2891 3762 3210 3819 pra-paratio
3235 3763 3338 3806 est.
3365 3750 3494 3806 Lac.
3665 3750 3678 3759 “

2177 3845 2249 3915 (c)
2289 3843 2596 3914 Ut,ontnem
2636 3843 2852 3897 veniant.
2897 3843 3082 3898 Simile
3119 3854 3206 3896 est
3246 3842 3374 3896 illud
3423 3843 3481 3896 D.
3529 3840 3700 3915 _Cypr,

2105 3911 2264 3984 epist.
2296 3911 2385 3980 5‘2,
2419 3915 2484 3969 ad
2519 3916 2802 3969 Antoniam
2825 3956 2839 3978 .
2867 3915 2952 3968 ubi
2981 3916 3240 3984 martyres
3262 3915 3392 3968 dicit
3418 3911 3596 3968 Statim
3618 3911 3697 3967 ’ad

2103 3986 2327 4056 gloriam
2383 3986 2661 4056 pervenire
2708 3985 2850 4047 ﬁdei.
2893 3986 3071 4039 statim
3115 3994 3168 4039 ct
3208 3986 3420 4039 virtutis
3449 3984 3698 4056 accipere

2105 4053 2428 4121 intercedem,
2458 4057 2635 4111 statim
2666 4071 2694 4110 a
2720 4057 2944 4110 Domino
2965 4056 3232 4110 coronari.
3256 4060 3427 4125 Atque
3456 4054 3590 4110 adeo
3613 4053 3700 4110 Itic

2104 4127 2253 4181 locus
2273 4128 2610 4181 annotandus
2635 4135 2718 4183 est
2746 4136 2932 4182 contra
2959 4142 3144 4180 eorum
3175 4142 3412 4182 errorem
3439 4167 3455 4192 ,
3485 4128 3572 4195 qui
3612 4140 3705 4179 co-

2101 4213 2287 4269 ronant
2307 4198 2527 4267 justitite
2546 4239 2561 4262 ,
2609 4198 2851 4269 adeoque
2878 4208 2933 4254 et
2959 4199 3199 4269 martyrii
3226 4239 3240 4261 ,
3272 4200 3338 4252 ad
3367 4198 3507 4252 diem
3537 4210 3706 4267 usque

2102 4267 2294 4324 Judieii
2321 4269 2670 4325 dill'erendam
2702 4267 2882 4326 dicere
2912 4285 3018 4325 non
3047 4267 3318 4324 verentur.
3364 4270 3499 4324 Pan.

401 4499 3697 4564 ω

839 4629 892 4680 θ
1151 4647 1644 4781 JOANNIS.
1691 4648 1998 4732 LAUB

2102 4644 2338 4730 NTII
2381 4640 2969 4796 ῌΟΞΗΕΙΜ,

401 4922 1025 5050 mare
1087 4784 1998 5104 APOLOGE']

2102 4914 2346 5050 ICI
2400 4911 3697 5062 TERTULLIANI,

1106 5150 1694 5253 INITIOQUE
1737 5143 2572 5225 PERSECUTIONIS
2611 5140 3028 5231 SEVERI,

1418 5314 2690 5506 DISQUISITIO.

1454 5565 2028 5600 δ--η

382 5689 412 5761 5
453 5687 497 5748 ι.
532 5685 748 5740 Summa
787 5683 1194 5766 disquisitionum
1232 5664 1487 5753 ejusmodi
1530 5681 1725 5738 utilitas
1761 5685 1988 5736 docetur.

467 5776 679 5833 Occasio
701 5777 872 5846 huius.

2031 5560 2709 5602 σφ’-μ’(

2100 5675 2128 5747 §
2172 5674 2237 5730 ll.
2265 5674 2594 5748 Diuersarum
2619 5675 2684 5730 de
2712 5674 2808 5732 hoc
2837 5684 3134 5756 argumento
3163 5673 3465 5748 Opinionum
3511 5673 3706 5747 duplex

2166 5767 2342 5823 classis
2370 5768 2708 5823 constituitur.
