4126 6340
344 275 458 340 537
518 228 547 286 ί

1595 279 1903 341 MOSHEIM
1942 246 2369 350 msdmsmo.

3530 286 3656 349 .838

326 396 385 469 ,ς
424 395 513 475 ill.
673 396 1025 475 producuntur
1052 395 1294 475 primum,
1326 396 1416 475 qui
1439 405 1551 470 post
1594 414 1647 455 a.
1681 396 1761 454 CC
1805 398 1943 467 Apo~
1974 397 2029 459 Α
2052 406 2165 455 stre
2187 383 2513 457 exercuisse.
2560 397 2717 458 Unde
2759 407 2939 459 tamen
2969 398 3100 456 illud
3144 399 3267 473 peti.
3285 406 3516 474 poterat,
3544 417 3652 475 quo

385 468 718 542 'rlogeticnm
740 470 987 542 scriptum
1011 484 1119 525 esse
1146 468 1345 542 volunt.
1374 468 1565 526 Contra
1582 486 1731 542 quos.

356 539 385 612 ᾗ
426 539 520 612 iV,
550 540 620 607 V,
654 540 741 595 VI.
792 539 997 612 Multis,
1035 541 1350 612 ostenditur,
1404 539 1616 609 cupisse
1654 541 1948 612 uﬂiictiones

386 677 399 686 θ
427 610 832 686 Christianorum
858 613 949 666 sub
978 610 1273 678 SEVERO,
1305 623 1575 685 antequam
1599 610 1877 683 peculiaria
1904 612 1948 666 is

427 682 628 738 decreta
661 701 773 739 eum
798 684 851 737 in
880 700 987 737 rem
1016 692 1237 751 rogaret.

425 753 536 826 VII.
571 754 820 826 Dodwefli
845 756 1105 825 speciatim
1129 755 1345 826 argutia:
1364 755 1738 810 examinantur.

431 825 566 897 VIII.
605 825 709 894 Qui
737 836 848 897 post
874 835 1085 881 mortem
1114 825 1367 882 SEVERI
1397 826 1801 897 Apologeticum
1830 841 1949 897 pro-

428 895 579 969 gliisse
612 895 808 969 dicunt,
836 896 1159 969 refelluntur.
1186 897 1298 963 Quo
1324 898 1482 967 facta,

357 964 389 1038 ᾗ
431 965 523 1027 IX.
555 969 636 1022 Ad
673 964 903 1023 alterunt
930 984 1103 1038 eorum
1141 964 1351 1024 classem
1390 969 1673 1034 acceditur,
1713 969 1798 1038 qui
1836 968 1951 1023 licet

429 1040 706 1102 concedant
726 1049 844 1093 ante
875 1056 926 1093 a.
951 1037 1033 1095 CC
1076 1054 1189 1095 eunt
1205 1056 1313 1096 esse
1329 1040 1703 1111 consignatum,
1727 1037 1796 1093 de
1814 1053 1951 1093 anno

394 1134 403 1141 ί
430 1119 595 1165 tamen
618 1110 886 1166 dissident.

359 1179 391 1253 ᾗ
433 1180 500 1237 Χ.
531 1180 586 1237 Ν
590 1192 741 1253 ostri:
762 1182 1027 1253 sententia:
1052 1182 1400 1252 proponenda:
1423 1182 1625 1237 initium
1650 1182 1729 1253 ﬁt.
1758 1197 1820 1235 uc
1847 1180 1952 1251 p‘ri—

430 1269 514 1307 nto
539 1253 631 1308 sub
655 1250 933 1308 SEVERO
956 1250 1198 1316 scriptum
1224 1271 1334 1309 esse
1364 1250 1665 1309 ostenditur.
1691 1250 1911 1316 Deinde,

361 1320 393 1395 ᾗ
431 1323 523 1378 XI.
559 1324 682 1407 Ifost
704 1332 871 1379 motus
892 1320 1137 1380 ALBINI.
1168 1325 1281 1393 Quo
1303 1342 1418 1380 vero
1449 1342 1614 1380 anuus
1640 1335 1773 1379 recte
1795 1323 1953 1395 possit

431 1407 691 1450 constitui.

360 1464 555 1537 §XII,7
599 1463 742 1537 Xlll.
797 1464 913 1521 Hos
978 1476 1144 1522 motus
1191 1484 1243 1521 a.
1296 1466 1515 1524 CXCVI
1581 1466 1807 1537 (cepisse.
1885 1466 1949 1519 Λ.

430 1536 685 1622 CXCI
713 1554 1028 1622 compressos
1050 1588 1051 1591 η
1069 1539 1232 1622 fuisse
1242 1541 1402 1622 novis
1414 1538 1693 1622 rationibus
1720 1540 1947 1622 docetur,

433 1611 782 1736 oonsita'qua
807 1611 1029 1664 rationes
1054 1608 1307 1665 evidenter
1327 1610 1614 1665 diluuntur.
1647 1608 1760 1674 Quo
1774 1609 1944 1692 facta,

433 1678 501 1736 XI
559 1719 573 1736 .
605 1679 715 1736 Pro
754 1697 805 1735 a.
840 1679 1155 1737 CXCVIII.
1188 1683 1570 1737 pronuntiatur.
1617 1697 1678 1734 ac
1719 1696 1781 1734 ea:
1824 1680 1949 1734 tilu-

363 1679 393 1752 §
432 1678 573 1736 XIV.
605 1678 715 1736 Pro
754 1697 805 1735 a.
840 1679 1155 1737 CXCVIII.
1186 1683 1570 1752 pronuntiatur,
1617 1697 1678 1734 ac
1719 1696 1781 1734 ea:
1824 1680 1949 1734 illu-

386 1784 394 1791 ~
430 1752 525 1807 stri
557 1751 1036 1824 ,TERTULLIANI
1073 1753 1184 1807 loco
1228 1753 1338 1809 lucc
1382 1753 1631 1809 sententia
1680 1752 1951 1824 diligenter

430 1823 784 1893 conﬁrmatur.

364 1894 399 1967 ᾗ
436 1893 552 1975 le.
584 1893 875 1969 Conclusio.

436 1990 465 2064 ᾗ
495 1990 613 2047 1.-
630 1991 710 2059 Si,
741 2007 846 2063 qua
871 2007 931 2048 se
957 1992 1187 2049 utilitate
1206 1991 1547 2049 commendat
1567 1999 1711 2047 certa
1741 1998 1952 2061 tempo-

364 2099 507 2151 rum,
530 2083 722 2155 quibus
751 2083 922 2139 libros
950 2098 1077 2139 suos
1106 2084 1263 2154 prisci
1307 2070 1554 2151 ductores
1581 2078 1950 2153 litterisman-

308 2170 312 2174 “
360 2176 578 2243 davcre,
624 2176 876 2244 scientia,
924 2192 991 2234 eo
1031 2192 1247 2248 semper
1288 2176 1465 2234 studio
1506 2191 1570 2232 ac
1613 2174 1886 2247 diligentia
1922 2189 1953 2229 a

361 2266 492 2322 viris
517 2266 741 2323 eruditis
778 2268 1002 2339 quaesita
1032 2267 1241 2334 fuisset,
1271 2283 1378 2324 non
1398 2267 1588 2324 dubito
1630 2269 1759 2339 quin
1784 2266 1956 2323 multo

365 2360 708 2432 paucioribus
733 2360 894 2418 hodie
920 2360 1324 2419 difﬁcultatibus
1355 2361 1576 2418 historia
1602 2370 1755 2418 Sacra
1777 2362 1952 2417 abun-

361 2452 537 2522 daret,
568 2453 1010 2525 concinniorique
1039 2455 1301 2511 instructa
1325 2465 1473 2512 esset
1499 2456 1710 2513 ordine.
1754 2456 1825 2511 At
1862 2454 1953 2526 qui

361 2543 632 2600 barbarici
661 2544 854 2602 sordes
903 2546 1062 2618 primi
1088 2547 1474 2616 absterserant,
1503 2546 1736 2618 majores
1761 2547 1951 2613 nostri,

294 2704 297 2705 ν
361 2635 416 2691 id
447 2635 624 2707 potius
652 2636 901 2709 agebant,
935 2646 995 2693 ut
1022 2634 1275 2710 collapsas
1316 2639 1472 2709 plane
1519 2638 1820 2694 litterarum
1866 2653 1956 2694 res

360 2729 646 2801 erigerent,
674 2745 835 2803 quam
864 2741 923 2787 ut
949 2732 1086 2797 istis,
1116 2747 1249 2804 quas
1278 2733 1555 2804 putabant,
1584 2732 1825 2789 minutiis
1851 2732 1953 2789 sibi

360 2820 589 2893 aliisque
630 2837 818 2879 earum
851 2823 1206 2880 conciliarent
1254 2824 1545 2881 fastidium.
1580 2823 1698 2880 Alia
1739 2824 1955 2896 quidem

360 2912 451 2982 iis,
501 2916 592 2986 qtti
637 2915 849 2973 divinos
894 2917 1016 2975 illus
1065 2928 1478 2991 restauratores
1505 2918 1781 2974 consecuti
1811 2926 1956 2985 suttt,

360 3021 516 3063 mens
573 3007 694 3074 fuit,
721 3024 856 3081 quos
899 3010 1201 3082 ~Scaligero,
1249 3010 1504 3078 Baronio,
1550 3009 1964 3079 Petavio,Cal-

362 3101 537 3168 visio,
588 3103 814 3176 aliisque
882 3105 1285 3173 praeeuntibus,
1343 3120 1533 3178 magna
1587 3106 1641 3161 in
1689 3103 1773 3160 his
1819 3101 1963 3160 curis

2051 491 2118 546 ad
2149 492 2428 550 audaciam
2482 492 2684 550 hancce
2727 493 3119 566 infringendam
3169 495 3242 550 nil
3287 496 3506 561 certius,
3555 505 3650 555 aut

2051 587 2237 642 utilius
2257 602 2378 644 esse
2406 595 2600 658 potest,
2634 587 2853 659 Patrum
2887 587 3147 659 quamdiu
3179 587 3343 644 verba
3373 603 3495 644 cum
3524 589 3652 646 alio-

2054 694 2172 734 rum
2199 684 2434 750 pugnant
2463 679 2616 746 locis,
2647 694 2863 751 semper
2887 678 2999 736 fere
3020 679 3274 737 elabendi
3306 679 3530 738 facultas
3549 681 3652 739 da-

2052 771 2217 828 bitur.
2244 770 2457 827 Nullum
2478 773 2523 828 si
2547 771 2691 828 aliud
2721 771 3019 845 perfugium
3047 773 3208 840 adsit,
3236 783 3327 829 aut
3351 783 3476 830 nota
3500 790 3653 846 quina

2053 860 2174 920 datu
2223 865 2446 920 testibus
2494 865 2740 931 inuritur,
2770 875 2862 919 aut
2892 880 3086 921 novum
3117 865 3387 936 quoddam
3435 866 3650 922 critices

2028 971 2226 1045 [genus
2253 956 2569 1026 advocatur,
2614 956 2757 1028 quod
2802 955 3102 1029 desperatis
3147 958 3340 1029 Opibus
3390 959 3650 1017 auxilium

2056 1049 2211 1105 ferat.
2246 1049 2529 1104 intervalla
2557 1065 2689 1105 vero
2718 1058 3022 1123 temporum
3071 1051 3115 1106 si
3146 1063 3329 1107 curate
3376 1062 3648 1121 notentur,

2054 1142 2099 1201 si
2128 1158 2305 1198 rerum
2332 1141 2433 1197 sibi
2463 1127 2870 1199 succedentium
2914 1142 3047 1199 ordo
3088 1143 3369 1215 diligenter
3410 1144 3647 1216 expliee-
3730 1162 3743 1173 ο

2059 1246 2162 1302 tur,
2196 1243 2290 1291 aut
2317 1235 2584 1307 perfrictaa
2610 1233 2801 1291 frontis
2830 1234 3046 1291 infamia
3073 1235 3374 1304 subeunda,
3403 1248 3496 1293 aut
3517 1252 3649 1293 vero

2056 1342 2210 1383 error
2236 1325 2530 1397 ejurandus
2558 1336 2659 1383 est.
2706 1326 2996 1383 Enimvero
3021 1327 3309 1383 defuerunt
3334 1327 3458 1383 huic
3476 1342 3653 1383 causa:

2055 1417 2253 1473 eruditi
2296 1416 2582 1483 homines;
2613 1418 2727 1473 sive
2755 1416 2900 1489 quod
2950 1418 3250 1475 molestiam
3294 1418 3379 1474 his
3426 1418 3653 1490 negotiis

2056 1509 2374 1567 familiarem
2405 1512 2681 1582 fugerent;
2710 1513 2825 1567 sive
2861 1511 3006 1583 quod
3032 1512 3287 1589 eximium
3328 1513 3467 1568 illius
3507 1527 3655 1568 com-

2054 1603 2273 1661 modum
2302 1619 2407 1660 non
2441 1605 2726 1677 perSpieue
2767 1606 2899 1661 satis
2928 1616 3241 1673 cernerent,
3274 1606 3387 1663 sive
3416 1607 3653 1678 denique

2053 1698 2193 1767 quod
2209 1710 2313 1752 non
2333 1706 2439 1752 tam
2460 1697 3005 1766 circumstantiarum,
3019 1681 3434 1771 quamipsarum
3449 1715 3651 1766 rerum,

2054 1793 2315 1851 rationem
2333 1792 2434 1849 sibi
2451 1791 2747 1850 habendam
2762 1808 2882 1849 esse
2897 1792 3651 1866 pittarent.Fueruntquidem,

1981 1871 2030 1932 Β
2058 1884 2247 1952 fateor,
2281 1885 2472 1955 quibus
2499 1895 2703 1957 partem
2729 1885 2887 1958 hujus
2910 1886 3108 1942 laboris
3123 1887 3398 1953 suscipere
3432 1886 3651 1957 placuit.

2054 1976 2247 2032 Nescio
2260 1979 2501 2048 vero,qui
2517 1976 2714 2032 factum
2730 1980 2819 2044 sit,
2838 1986 2893 2032 ut
2905 1988 2995 2033 aut
3010 1977 3168 2033 nimis
3184 1976 3542 2047 indiligenter,
3560 1986 3655 2033 aut

2055 2071 2215 2126 nimis
2239 2070 2524 2128 infeliciter
2547 2086 2670 2128 sese
2698 2070 3090 2143 expediverint.
3135 2071 3314 2128 Fuerit
3351 2070 3642 2137 festinatio,

2054 2162 2215 2221 fuerit
2241 2164 2477 2229 taedium,
2506 2164 2664 2221 fuerit
2692 2154 2853 2222 scola:
2876 2165 3151 2235 ;studium,
3183 2175 3277 2220 aut
3313 2165 3497 2222 nescio
3519 2162 3648 2236 quid

2058 2266 2360 2328 praeterea;
2396 2255 2560 2313 fuisse
2586 2256 2808 2329 aliquid,
2838 2257 3001 2328 quod,
3033 2267 3092 2313 ut
3118 2257 3359 2329 pessime
3384 2256 3652 2314 interdum

2057 2353 2292 2408 rationes
2318 2351 2701 2418 subducerent,
2742 2349 2999 2419 effecerit,
3045 2352 3382 2422 exploratum
3425 2361 3529 2408 est.
3558 2350 3654 2406 llis

2058 2459 2157 2515 ego
2184 2442 2253 2500 de
2281 2443 2508 2511 caussis,
2553 2443 2653 2498 etsi
2701 2442 2806 2497 illis
2846 2443 3002 2513 longe
3047 2442 3356 2498 inferiorem
3410 2458 3497 2498 me
3526 2456 3649 2498 esse

2056 2535 2252 2601 sentio,
2301 2549 2490 2590 saxum
2537 2535 2701 2591 hocce
2746 2534 3023 2589 Volutandi
3058 2534 3341 2590 consilium
3387 2544 3514 2591 ante
3557 2534 3657 2589 ali-

2058 2625 2200 2697 quod
2230 2636 2442 2698 tempus
2482 2626 2621 2698 coepi
2647 2667 2662 2691 ,
2694 2642 2757 2683 ac
2782 2626 2849 2683 de
2880 2644 3010 2682 nova
3044 2627 3271 2698 quadam
3312 2628 3652 2701 afﬂictionnm

2058 2717 2450 2773 christianarum
2494 2718 2735 2783 historia,
2781 2733 2903 2789 qua:
2933 2734 3096 2789 quum
3125 2720 3251 2775 aliis.
3288 2721 3449 2775 rebus
3472 2761 3487 2784 ,
3537 2727 3650 2774 tum

2064 2809 2334 2881 prmcipue
2401 2809 2727 2881 diligentiori
2784 2809 3403 2882 temporum-notatione
3447 2811 3655 2866 emine-

2063 2909 2167 2967 ret,
2212 2900 2458 2972 cogitavi.
2498 2899 2782 2972 Specimen
2812 2901 2954 2956 haud
2998 2902 3068 2957 ita
3112 2902 3317 2973 pridem
3361 2910 3542 2958 nostra
3591 2902 3656 2957 de

2065 2993 2405 3068 Athenagora:
2446 3003 2593 3049 (etate
2635 2992 2940 3050 Dissertatio
2986 2994 3064 3067 (1)
3113 2995 3378 3060 exhibuit,
3427 3011 3531 3066 qua
3569 3012 3658 3051 me

2064 3086 2400 3144 celeberrimi
2469 3085 2731 3143 Dodwelli
2800 3085 3098 3144 rationibus
3159 3080 3445 3158 plurimum
3511 3087 3655 3142 iniu.

361 3196 534 3252 stadia
581 3196 879 3255 confecisse
925 3208 1158 3255 constat.
1208 3199 1338 3265 Sed,
1379 3210 1434 3256 et
1483 3209 1695 3271 patrum
1749 3208 1960 3255 nostro-

2067 3181 2195 3237 lisse
2221 3180 2424 3247 damni,
2477 3181 2639 3236 lectio
2688 3180 2990 3236 testabitur.
3028 3180 3167 3236 Usus
3205 3195 3420 3252 quoque
3464 3197 3525 3237 ea
3573 3192 3657 3237 est

363 3302 520 3356 rum,
552 3302 842 3362 nosmtquc
887 3301 1018 3347 tetas
1065 3307 1307 3348 summos
1347 3284 1400 3347 in
1448 3294 1551 3348 hoc
1589 3306 1789 3365 genere
1819 3292 1960 3348 viros

365 3381 518 3449 tulit,
567 3381 875 3451 Norisium,
931 3386 1184 3459 Pagium,
1225 3386 1537 3460 Lloydium,
1589 3388 1956 3466 Dodwellum,

366 3473 790 3544 'I‘illemontium,
822 3476 1109 3535 Nourrium
1135 3521 1151 3546 ,
1202 3480 1546 3553 multosque,
1601 3480 1693 3551 qui
1741 3479 1960 3536 Patrum

365 3567 584 3626 edidere
631 3571 864 3641 scripta.
921 3572 1272 3630 benedictinze
1322 3572 1538 3630 familia:
1590 3575 1788 3630 socios.
1815 3574 1961 3644 Quo-

368 3676 489 3717 rum
530 3664 769 3718 omnium
809 3663 880 3728 de
924 3664 1171 3721 laudibus
1215 3681 1518 3738 quanquam
1563 3682 1663 3739 ego
1704 3652 1834 3723 nihil
1865 3667 1959 3725 de-

368 3752 545 3824 traho,
573 3772 679 3811 non
725 3767 901 3814 tamen
947 3758 1112 3814 multa
1158 3758 1229 3814 ab
1268 3759 1348 3815 eis
1396 3759 1578 3816 relicta
1635 3775 1758 3816 esse
1795 3760 1959 3816 dissi-

367 3846 534 3913 mulo,
567 3849 731 3903 multa
763 3849 1022 3907 eruditius
1048 3866 1207 3919 quam
1250 3849 1458 3907 felicius
1500 3860 1743 3920 tractata,
1793 3852 1958 3908 multa

367 3938 509 4010 quod
538 3949 701 3997 secta:
727 3940 1014 4012 flagrarent
1042 3957 1245 4008 amore,
1276 3951 1370 3998 aut
1418 3959 1572 3998 nova:
1614 3941 1823 3999 cuidam
1876 3945 1959 3999 ni-

368 4034 536 4087 mium
575 4032 814 4088 faverent
842 4033 1101 4103 Opinioni,
1123 4034 1391 4106 implicata
1420 4034 1616 4105 potius,
1640 4050 1802 4106 quam
1832 4050 1962 4091 evo-

368 4125 501 4181 luta.
545 4124 698 4181 anla
750 4127 851 4181 alia
905 4127 1022 4199 ejus
1064 4128 1141 4184 rei
1193 4129 1498 4185 testimonia
1547 4129 1591 4185 si
1643 4130 1991 4196 existerent,-

368 4217 506 4289 ipsa,
536 4218 731 4291 quibus
754 4229 940 4275 mutuo
968 4235 1029 4276 se
1058 4230 1387 4292 oppugnant,
1418 4220 1639 4292 scripta,
1689 4220 1812 4292 ipsi,
1842 4221 1963 4293 qui-

369 4309 471 4367 bus
495 4326 663 4367 novas
691 4311 922 4367 subinde
953 4312 1185 4368 rationes
1215 4314 1568 4378 constituunt,
1609 4312 1729 4369 libri
1756 4313 1947 4386 loque-

369 4411 576 4461 rentur.
630 4402 691 4458 ln
746 4403 967 4459 historia
1017 4406 1285 4476 pra‘cipue
1329 4406 1716 4469 calamitatum,
1768 4406 1963 4478 quibus

370 4495 720 4553 vetustissimi
748 4495 971 4553 fratrum
1001 4486 1569 4563 ttostrorttm.defuneti
1593 4506 1739 4566 sunt,
1767 4515 1963 4570 magno

371 4590 424 4647 id
469 4590 660 4647 fuisset
705 4591 1090 4657 emolumento,
1124 4592 1168 4647 si
1202 4592 1482 4655 librorum.
1531 4608 1667 4663 quos
1712 4607 1809 4662 pro
1857 4592 1963 4649 illis

368 4684 781 4757 imperatoribus
806 4700 872 4741 ac
899 4684 1218 4756 pnes-idibus
1246 4684 1454 4738 oblatos
1482 4699 1602 4739 esse
1630 4682 1960 4753 accepimus,

373 4787 807 4850 caeterorumque
835 4820 849 4845 ,
901 4794 1021 4850 qua:
1074 4774 1399 4831 [ὼινιηιὶιιυδ
1429 4776 1546 4830 istis
1592 4776 1965 4831 vexationibus

372 4871 682 4943 consignata
710 4881 857 4935 sunt,
887 4857 1208 4942 scriptorum
1237 4879 1368 4924 artas
1383 4882 1568 4924 curate
1591 4868 1809 4925 definita
1834 4870 1965 4924 fuis—

372 4973 475 5020 set.
503 4963 595 5021 Sic
636 4946 834 5021 etenim
879 4963 949 5019 de
998 4979 1175 5018 rerum
1205 4971 1479 5034 gestarum
1506 4962 1669 5029 serie,
1699 4961 1960 5017 malorum

338 5114 347 5123 ,
371 5055 641 5113 illatorum
666 5055 1052 5129 magnitudine,
1077 5054 1446 5111 confessorum
1472 5069 1719 5121 numero,
1744 5053 1964 5119 invicto,

299 5181 306 5187 -
373 5164 482 5221 quo
534 5148 856 5204 sanctissimi
902 5147 1149 5204 homines
1177 5146 1478 5213 valuerunt,
1536 5147 1702 5202 animi
1748 5147 1966 5212 robore,

375 5243 575 5300 certior
623 5242 778 5299 nobis
804 5257 869 5298 ac
902 5241 1109 5313 plenior
1133 5251 1277 5298 esset
1309 5241 1518 5296 notitia.
1553 5225 1721 5309 Quam
1752 5240 1967 5312 quidem

374 5338 642 5411 egregiam
688 5335 1115 5408 quibuscumque
1156 5337 1435 5392 utilitatem
1480 5344 1743 5406 praestare
1788 5348 1995 5405 posse,'

374 5430 531 5499 nulli,
557 5429 750 5501 quibus
771 5428 1031 5505 maturius
1055 5437 1136 5484 est
1157 5428 1441 5498 judicium,
1458 5424 1706 5498 ignorare
1721 5432 1966 5496 possunt.

375 5522 535 5580 Certe
581 5521 768 5589 miror,
801 5535 962 5593 quum
1006 5522 1090 5575 vir
1132 5515 1330 5591 alioqui
1375 5517 1713 5583 immortalis,
1766 5516 1966 5572 llenri-

270 5599 281 5605 ’
377 5630 475 5672 cus
496 5614 834 5681 Dodwellus,
867 5604 1009 5669 bono
1036 5610 1279 5669 fortassis
1317 5611 1562 5677 consilio,
1593 5619 1733 5667 totos
1762 5621 1966 5683 marty-

376 5724 498 5766 rum
525 5708 796 5766 exercitus
819 5706 1035 5764 civitate
1076 5720 1229 5763 sacra
1267 5705 1507 5778 ejiceret,
1555 5705 1824 5760 neminem
1853 5703 1971 5759 illo-

381 5792 524 5872 rum,
571 5802 662 5874 qui
706 5800 962 5858 adversus
991 5816 1112 5858 eum
1156 5799 1423 5871 prodiere,
1454 5799 1507 5856 in
1534 5798 1635 5855 hac
1659 5812 1779 5856 sese
1807 5798 1971 5870 palae—

2063 3273 2314 3329 felicitate
2340 3273 2589 3344 Spinosus
2617 3273 2738 3329 licet
2770 3273 2939 3341 labor,
2973 3282 3028 3328 ιιι
3061 3289 3166 3327 non
3201 3272 3513 3343 displiceret
3557 3273 3667 3338 iis,’

1998 3390 2005 3398 ’
2062 3370 2289 3438 quorum
2319 3367 2603 3438 plurimum
2635 3367 2777 3424 valet
2805 3366 2945 3437 apud
2984 3380 3070 3421 me
3105 3367 3419 3432 auctoritas,
3449 3379 3655 3435 quosve

2063 3460 2417 3532 intelligentes
2467 3457 2655 3515 harum
2710 3474 2888 3515 rerum
2941 3458 3336 3513 existimatores
3399 3455 3656 3528 quidquid

2061 3552 2464 3624 prudentiorum
2492 3561 2575 3609 est
2610 3552 2871 3623 agnoscit.
2914 3551 3259 3622 Quapropter
3301 3565 3443 3605 nunc
3480 3549 3657 3604 denuo

2062 3647 2207 3701 vires
2234 3645 2545 3716 periclitari,
2574 3660 2639 3700 ac
2685 3660 2812 3700 num
2855 3644 3043 3700 eadem
3087 3642 3414 3707 dexteritate
3445 3652 3656 3713 tempus

2049 3724 2413 3797 celeberrimi
2459 3736 2941 3806 APOLOGETICI,
2993 3752 3154 3808 quem
3196 3736 3657 3808 ingeniosissimus

2063 3841 2275 3904 patrum
2320 3828 2851 3887 TERTULLIANUS
2914 3828 3164 3900 reliquit,
3200 3843 3409 3885 eruere
3464 3842 3652 3899 quem,

2063 3932 2270 3980 tentare
2290 3923 2522 3980 decrevi.
2555 3922 2821 3978 Excitavit
2850 3937 2956 3988 me,
2981 3929 3038 3976 ut
3064 3920 3225 3976 citius
3272 3911 3433 3990 quam
3459 3919 3659 3975 consti-

2065 4026 2271 4071 tueram
2325 4015 2376 4070 id
2430 4015 2611 4069 oneris
2668 4014 2798 4069 mihi
2856 4015 3209 4085 imponerem,
3258 4011 3659 4084 elegantissima

2065 4107 2521 4167 AI'OLOGETICI
2565 4109 2707 4165 illius
2751 4108 2938 4172 editio,
2992 4124 3153 4179 quam
3197 4107 3342 4163 curis
3379 4106 3477 4163 viri
3507 4107 3664 4177 longe

2064 4196 2452 4268 eruditissimi,
2500 4203 2739 4275 mihique
2787 4204 2838 4257 in
2906 4200 3092 4272 primis
3158 4201 3358 4267 amici,
3408 4200 3662 4272 Sigi‘berti

2067 4299 2415 4370 l'lavercampi
2444 4299 2726 4356 debemus.
2753 4296 2926 4354 Tanto
2975 4312 3093 4352 eam
3130 4285 3310 4352 'nitere
3337 4310 3500 4367 quum
3530 4310 3665 4365 prae-

2066 4393 2256 4459 ditam,
2318 4403 2426 4447 tam
2461 4393 2606 4447 varia
2653 4390 2990 4462 elcgautique
3033 4386 3337 4444 eruditione
3379 4386 3660 4451 munitam,

2044 4496 2178 4567 \tam
2205 4487 2272 4543 ab
2311 4487 2458 4542 omni
2510 4494 2660 4556 parte
2708 4485 2968 4540 illustrem
3019 4498 3084 4539 ac
3131 4472 3483 4540 emaculatam
3509 4495 3667 4536 cons~

1987 4551 2323 4653 D‘piccretn,
2383 4578 2434 4633 id
2484 4578 2639 4632 unice
2686 4576 2866 4632 statim
2917 4578 3190 4648 optabam,
3223 4584 3282 4631 ut
3331 4574 3520 4629 eodem
3569 4571 3664 4626 Ita-

2071 4674 2181 4730 ltitu
2218 4688 2322 4727 non
2352 4670 2511 4742 hujus
2537 4680 2766 4737 tantum,
2800 4685 2984 4724 verum
3013 4669 3341 4738 reliquorum
3372 4665 3534 4722 etiam
3560 4663 3664 4717 Pa-

2070 4775 2233 4831 trum,
2265 4746 2501 4835 potiotcs
2530 4762 2803 4831 prodirent
2831 4762 2970 4816 libri.
3003 4760 3091 4816 Sic
3112 4759 3312 4833 etenim
3339 4754 3661 4818 statuebam,

2070 4838 2265 4927 magna
2285 4854 2427 4910 ttedii
2454 4846 2598 4910 illius
2631 4864 2802 4923 parte,
2830 4852 2970 4925 quod
2995 4867 3116 4907 cum
3144 4851 3343 4921 litteris
3366 4849 3513 4905 hisce
3533 4864 3665 4904 con-

2063 4952 2306 5025 jnnetum
2339 4960 2443 5017 est,
2490 4950 2594 5006 hoc
2634 4958 2788 5021 pacto
2817 4950 3079 5014 :tbStersa,
3133 4934 3252 5002 fore
3309 4956 3502 5002 utnon
3545 4960 3662 5000 am-

2072 5045 2209 5116 plius
2258 5044 2457 5101 relictae
2501 5042 2611 5098 fere
2641 5058 2705 5098 ac
2741 5042 2890 5097 orba:
2918 5056 2950 5096 a
2977 5038 3281 5096 cultoribus
3318 5038 3705 5130 antiguitatcs-

2070 5153 2238 5193 sacrae
2267 5135 2649 5207 reperirentur.
2675 5134 2803 5190 Erat
2831 5141 3032 5197 tamen,
3062 5130 3204 5201 quod
3232 5128 3285 5185 in
3313 5128 3433 5184 tam
3448 5128 3664 5185 exculto

2072 5243 2235 5299 opere
2281 5227 2668 5289 desiderarem.
2699 5224 2767 5280 de
2795 5231 2953 5279 actate
2995 5220 3251 5278 nimirum
3280 5235 3345 5275 ac
3370 5220 3668 5277 rationibus

2073 5322 2190 5393 ejus
2214 5320 2535 5392 disquisitio.
2565 5317 2809 5391 Polliceri
2839 5313 3056 5387 quidem
3094 5313 3459 5385 intelligebam
3484 5312 3670 5369 erudi-

2076 5415 2339 5471 tissimum
2356 5413 2547 5478 virum,
2567 5427 2627 5468 se
2643 5411 2695 5466 in
2721 5406 3108 5481 praeparatione
3129 5406 3350 5476 reliquis
3370 5405 3668 5463 TERTUL-

2073 5488 2255 5566 LIANI
2299 5505 2540 5562 adversus
2587 5512 2756 5575 gentes
2800 5499 2957 5555 libris
3001 5497 3373 5570 prmmitteuda
3422 5495 3665 5569 (Prw[.),

2074 5604 2199 5659 huic
2242 5606 2401 5658 etiam
2443 5597 2713 5667 desiderio
2761 5592 3132 5651 consulturum
3176 5605 3320 5649 esse.
3351 5589 3465 5662 Ego
3508 5605 3664 5655 vero,

2141 5738 2177 5792 ll
2192 5736 2224 5801 )_
2243 5704 2417 5787 Exstat.
2438 5735 2486 5801 i_n
2508 5730 2809 5801 bibliotheca
2837 5728 2991 5781 theol.
3009 5727 3125 5780 hist.
3152 5726 3319 5792 pbilol.
3343 5738 3456 5791 qua
3466 5725 3664 5777 Bremte

2071 5795 2268 5866 prodiit;
2294 5807 2329 5850 ι.
2357 5804 2408 5861 u,
2443 5795 2605 5847 fascic.
