4136 6358
396 240 522 303 ω
565 300 571 306 .

1585 238 1679 298 DE
1714 234 1971 297 ΒΤΔΤΕ
2006 232 2457 303 ΚΡΟΒΟΟΕἯΟΙ
2523 262 2529 267 '

356 432 361 436 _
396 344 604 420 tantum
630 360 803 431 abest,
830 365 890 417 ut
917 359 981 416 ini
1013 357 1099 415 his
1140 355 1439 430 promissis—
1464 356 1894 429 adquiescerem,
1931 366 1993 414 ut
2018 360 2070 421 Α
2096 359 2199 417 illis
2226 361 2419 433 injecta
2446 360 2715 447 ostendit;
2734 361 2866 433 Quae
2891 363 3072 420 omnia
3102 379 3264 437 quum
3293 380 3326 421 a
3352 366 3567 423 nemine
3590 332 3711 422 un?

397 454 483 511 vel
514 453 580 509 iis
606 454 897 525 instigarer
909 450 1105 522 potius,
1136 464 1243 521 quo
1270 449 1373 505 hoc
1399 462 1568 506 onere
1584 463 1710 506 eum
1731 450 1988 507 levarem.

400 547 491 605 Sic
518 547 660 603 enim
689 543 956 600 continue“
971 555 1185 600 mecum
1218 560 1233 597 :
1263 538 1489 599 Brevibr
1509 543 1612 599 erit
1640 556 1849 610 eorum,
1872 558 1994 615 qua:

400 646 697 711 comparat,
731 637 1055 708 eitpectatio,
1101 637 1147 693 si
1188 636 1393 694 laboris
1437 636 1703 704 in‘alium‘,
1751 639 1995 709 quamvis

401 733 610 803 exigua,
641 730 899 801 particula
922 729 1259 787 devolvetur;
1288 722 1609 787 Pondus'his
1632 729 1826 802 adjecit
1851 730 1997 802 cogi-

402 824 705 883 tationibus:
732 824 920 896 optimi
969 824 1071 879 viri
1115 823 1441 893 adhortatio,
1484 838 1624 896 quae,
1668 832 1724 880 ut
1762 836 1847 890 ea,
1877 838 1997 895 qua:

402 918 643 988 molirer,
672 899 1016 989 perﬁcerem',‘
1038 924 1378 974 cunctantem
1406 900 1582 973 adhuc
1608 917 1839 989 impulit.
1858 917 2007 986 Quid’

401 1013 633 1071 multis?
675 1013 719 1069 Ε
762 1012 991 1085 vestigio
1033 1012 1359 1084 poethabitis
1394 1010 1515 1067 aliis
1562 1025 1779 1067 manum
1826 1011 1999 1068 labori

403 1106 641 1175 admovi,
669 1119 755 1172 ac,
784 1105 925 1178 quod
949 1105 1034 1161 hic
1057 1104 1308 1174 exhibeo,
1335 1105 1387 1160 in
1413 1103 1652 1160 chartam
1675 1103 1903 1176 confeci.

477 1199 661 1256 Tuum.
696 1200 808 1270 jam
856 1200 961 1255 erit
1005 1199 1306 1274 dispicere,
1360 1178 1670 1254 doctissime
1730 1196 1999 1257 HA‘VER-

406 1290 639 1360 CAMPI,
672 1305 799 1346 num
827 1292 961 1347 tanti
995 1293 1067 1348 sit
1094 1291 1266 1361 opella
1310 1300 1516 1358 nostra,
1548 1297 1608 1346 ut
1635 1305 1827 1363 novam
1867 1307 2002 1349 con-

386 1386 572 1444 ‘dendi
597 1385 771 1457 hujus-
793 1386 1021 1457 generis
1050 1385 1479 1441 dissertationem
1519 1384 1775 1441 molestia“
1791 1386 2001 1458 'supcr-

409 1478 601 1535 sedere
627 1491 814 1550 queas.
847 1477 1013 1545 Quod
1026 1478 1069 1532 si
1100 1477 1274 1532 minus
1320 1485 1504 1532 nostra
1555 1476 1649 1532 tibi
1679 1476 2001 1549 placuerint,

410 1574 673 1640 animum,
704 1570 836 1640 scio,
870 1570 959 1643 qui
987 1570 1189 1626 candor
1238 1578 1322 1626 est
1367 1579 1521 1637 tuus,
1552 1570 1825 1641 probabis.
1872 1570 2005 1640 Quis

409 1678 543 1721 vero
571 1663 697 1720 ille?
728 1671 791 1717 ut
805 1661 1106 1718 commodis
1129 1662 1425 1717 litterarum
1450 1661 1785 1729 inservirem,
1832 1658 1974 1719 histo
1992 1694 2006 1705 -

2095 468 2257 524 quam
2289 454 2342 509 in
2371 453 2605 510 dubinm‘
2630 450 2837 520 vocata,
2868 463 2978 511 tum
3007 471 3068 513 ea
3096 467 3240 524 sunt,
3266 467 3326 513 ut
3350 474 3453 529 qua
3481 459 3693 516 ratione

2097 562 2281 613 teram,
2310 564 2469 620 quam
2498 549 2735 618 defendi,
2783 549 3121 617 confirment,
3170 565 3391 623 prorsus
3430 553 3688 609 nesciam.

2098 639 2358 709 Quocirca
2413 641 2604 699 melius
2654 643 2852 700 omissa
2903 643 3127 712 fuisset',
3182 660 3342 716 quam
3395 644 3707 717 subjungit,

2099 735 2373 790 conclusio
2408 752 2421 790 :
2453 734 2606 791 Nulli
2633 738 2805 807 itaque
2835 737 2929 793 alii
2960 738 3168 807 epoclue
3212 738 3569 810 hujtts’acriptt'
3592 755 3694 794 mt-

2101 842 2222 881 num
2247 827 2469 883 natalem
2484 828 2671 898 majori
2682 818 2915 884 ueritatis
2932 831 3100 899 specie
3117 830 3379 902 assignare
3405 845 3690 901 possumus.

2100 916 2530 975 Fundamentum
2554 921 2670 991 ejus
2692 936 2795 976 non
2820 922 2872 977 in
2900 921 3152 978 omnibus
3192 934 3312 993 qum
3338 923 3691 994 praemiserat,

2102 1008 2198 1065 sed
2237 1010 2287 1064 in
2355 1010 2457 1067 hoc
2503 1012 2622 1067 solo
2674 1014 2906 1084 positum
2960 1023 3064 1080 est,
3107 1028 3227 1069 non,
3270 1024 3399 1072 ante
3454 1031 3507 1070 a.
3538 1013 3690 1071 CCII.

2104 1102 2436 1160 SEVEBUM
2465 1104 2703 1161 decretis
2724 1107 2838 1162 suis
2863 1106 3291 1162 Christianorum
3320 1107 3551 1163 fortunis
3580 1121 3705 1163 mo-

2106 1196 2298 1252 lestum
2329 1196 2513 1254 fuisse.
2537 1196 2689 1265 Quod
2714 1214 2873 1270 quam
2902 1199 3164 1257 lubricum
3197 1214 3261 1255 ac
3307 1199 3577 1255 infirmum
3604 1200 3695 1268 sit,

2107 1304 2235 1346 mox
2266 1286 2488 1361 patebit;
2519 1288 2746 1364 Scripsit
2791 1302 2940 1349 certe
2988 1292 3522 1351 TERTULLIANUS
3574 1310 3699 1350 cum

2101 1383 2214 1455 jam
2238 1384 2394 1441 malis
2423 1385 2663 1457 undique
2682 1388 2889 1444 lintres
2929 1388 3135 1445 obsessi
3175 1400 3380 1463 essent.
3421 1389 3705 1447 Verumta-

2108 1492 2232 1533 men
2262 1476 2364 1533 hoe
2390 1492 2497 1533 non
2522 1478 2742 1548 sufﬁcit,
2787 1480 2905 1536 nisi-
2937 1487 2992 1535 et
3030 1481 3133 1537 hoc
3156 1481 3435 1551 doceatur,
3460 1497 3576 1539 non
3605 1498 3703 1538 an-

2110 1578 2408 1644 tea‘quam
2469 1572 2644 1629 edicta
2686 1574 3157 1646 promulgarentur
3206 1576 3467 1649 Augusti,
3496 1574 3723 1635 calamo:

2108 1677 2232 1719 cum
2259 1678 2449 1720 manus
2479 1664 2802 1722 admovisse.
2832 1666 2995 1738 Cujus
3023 1667 3242 1739 quidem
3271 1669 3319 1725 si
3359 1669 3573 1726 ostendi
3596 1684 3706 1741 αρυ-

414 1756 607 1811 loriam
656 1753 920 1810 malomm
956 1754 1010 1808 in
1064 1752 1411 1809 ChriStiauos'
1446 1749 1725 1843 SEVERO
1766 1753 2097 1843 Augusto];
2113 1766 2219 1814 test
2268 1759 2628 1829 contrarium,
2674 1761 2849 1816 omnis
2899 1761 3082 1818 lttecce
3124 1763 3455 1833 computatio
3507 1762 3705 1820 nullius

413 1855 791 1920 congestomm
822 1845 1172 1919 explicarem.
1207 1845 1412 1917 Teque,
1434 1842 1487 1900 si
1532 1846 1585 1901 id
1635 1844 2001 1917 addi-pateris,

412 1939 481 1998 ad
504 1941 615 1995 alia
631 1937 958 2012 perﬁcienda
980 1938 1369 2010 expeditiorem
1398 1938 1567 2010 paulo
1596 1936 1903 1995 redderem.
1951 1937 2008 1994 Si

393 2032 466 2091 'in
507 2033 733 2089 homine
776 2046 885 2088 non
927 2032 1095 2089 nimis
1133 2031 1345 2087 erudito
1376 2030 1716 2100 temerarius,
1749 2030 2011 2087 honestus

418 2139 594 2186 tamen
640 2138 743 2185 est.
794 2129 869 2185 De
912 2127 1105 2200 litteris
1144 2142 1208 2185 ac
1235 2124 1801 2184 TERTULLIANO'si
1831 2125 2009 2182 minus

414 2220 557 2277 bene
577 2219 849 2287 merebor,
872 2219 942 2276 de
980 2229 1034 2276 te
1087 2228 1263 2275 tamen
1304 2218 1456 2274 nullo
1484 2217 1646 2274 modo
1672 2218 1814 2274 male
1842 2217 2011 2273 meri-

419 2320 507 2368 tus
529 2311 699 2367 videri
726 2325 969 2382 possum.
1000 2309 1203 2382 Vulgus
1233 2310 1485 2365 nimirum
1510 2309 1736 2366 consilia
1756 2323 1825 2365 ex
1850 2322 2011 2365 even-

423 2417 477 2462 tu
497 2448 513 2475 ,
545 2405 668 2461 boni
700 2403 801 2460 viri
828 2419 894 2460 ex
921 2402 1121 2460 affectu
1150 2403 1440 2459 aestimant.

492 2538 520 2613 §
560 2536 623 2595 ΙῘ.
648 2571 718 2580 ——
743 2531 1207 2611 Circumspicienti
1235 2539 1391 2625 mihi,
1422 2547 1482 2595 ut
1505 2538 1585 2596 fas
1624 2548 1763 2609 erat,
1806 2539 1899 2611 qui
1944 2539 2016 2596 de

419 2632 610 2689 eadem
637 2649 698 2691 re
724 2643 849 2689 ante
879 2648 964 2690 me
989 2633 1185 2690 eruditi
1214 2622 1315 2688 viri
1341 2631 1659 2697 sensissent,
1689 2630 1758 2687 ab
1783 2630 1866 2686 bis
1884 2688 1891 2695 ,
1911 2645 2010 2702 pe-
2048 2622 2058 2633 ’

418 2725 562 2782 nitus
592 2724 854 2791 relictam,
876 2724 945 2780 ab
971 2724 1078 2779 illis
1109 2739 1294 2796 parum
1321 2724 1512 2780 dextre
1537 2732 1785 2779 ornatam
1811 2722 2041 2780 inveni“

419 2818 728 2879 Generatim
782 2817 1157 2874 dissensiones.
1211 2832 1276 2873 ac
1338 2817 1725 2874 sententiarum
1785 2816 2014 2872 divortia

420 2913 583 2970 etiam
610 2911 695 2969 hic
720 2927 949 2983 regnare
975 2894 1239 2968 videbam.
1266 2911 1378 2967 Dici
1407 2910 1533 2983 quid
1560 2925 1592 2965 a
1614 2909 1884 2966 nonnullis
1912 2924 2014 2964 au-

422 3004 633 3061 diebam
663 3022 677 3058 :
702 3006 773 3061 ita
797 3020 950 3074 vero,
994 3013 1052 3060 ut
1091 3006 1357 3061 rationum
1386 2994 1854 3060 Obliviscerentur.
1887 3002 2017 3058 Dili-

422 3098 635 3171 gentius
687 3098 824 3153 alios
872 3098 941 3168 ad
988 3097 1221 3154 calculos
1260 3096 1466 3153 sedisse
1494 3095 2017 3163 animadvertebam,

423 3205 650 3269 quorum
687 3200 863 3246 tamen
891 3189 1173 3246 conatibus
1203 3204 1311 3243 non
1338 3203 1433 3259 par
1479 3188 1699 3243 fortuna
1724 3186 2023 3258 reSponde-

423 3291 526 3338 ret.
552 3282 819 3349 Plurimos
850 3281 1029 3355 magni
1073 3282 1313 3337 nominis
1348 3282 1492 3336 viros
1521 3281 1685 3336 duces
1715 3280 1895 3351 potius
1931 3295 2020 3336 se-

425 3375 537 3446 qui,
565 3390 723 3446 quam
755 3374 812 3429 in
841 3373 925 3429 his
952 3389 1011 3453 se
1037 3389 1314 3430 macerare
1349 3374 1586 3429 numeris
1612 3372 1871 3442 voluisse,
1902 3387 2022 3453 cer-

424 3467 639 3523 nebam.
671 3466 764 3525 Vel
787 3466 903 3523 haec
929 3468 1316 3525 sententiarum
1338 3468 1591 3537 varietas,
1623 3482 1869 3544 quasnam
1897 3483 2022 3523 cum

426 3563 654 3619 veritate
697 3572 1044 3636 congrueret,
1075 3574 1133 3619 ut
1159 3565 1550 3633 examinarem,
1592 3578 1680 3618 me
1707 3562 2020 3617 commovit.

427 3655 694 3728 Equidem
721 3653 928 3713 tantum
966 3658 1118 3724 lucis,
1149 3668 1405 3728 quantum
1432 3656 1663 3713 iutrieati
1696 3654 1896 3727 negotii
1926 3670 2022 3711 na-

426 3765 545 3815 tura
562 3756 857 3830 permittit,
886 3756 935 3813 ei
970 3756 1259 3813 conciliare
1299 3755 1559 3823 conabor,
1582 3738 1648 3810 ac
1668 3753 1775 3811 duo
1801 3762 2021 3826 propte-

427 3867 521 3910 rea
550 3852 862 3924 opinionum
884 3853 1120 3925 primum
1141 3867 1339 3923 genera
1360 3852 1713 3908 constituam.
1737 3848 2024 3908 Smcularis

430 3948 620 4005 anuus’
657 3947 757 4005 CC.
785 3950 1045 4007 terminus
1086 3957 1239 4017 esto,
1267 3948 1356 4021 qui
1395 3946 2024 4019 utrumque‘disjungat.

440 4042 685 4104 Alterum
707 4047 888 4115 itaque
911 4056 1097 4099 eorum
1122 4042 1246 4116 erit,
1270 4046 1511 4118 quiante
1527 4041 1669 4097 hunc
1689 4048 2033 4107 annum,.aut

432 4158 500 4203 eo
522 4137 663 4218 ipso,
692 4148 828 4217 libri
868 4149 1037 4203 nostri
1080 4148 1301 4205 natales.
1335 4154 1602 4220 quierunt.
1636 4136 1883 4201 Alterum
1925 4140 2026 4195 lio-

431 4258 575 4309 rum,
606 4243 698 4311 qui
733 4242 919 4313 elapso
961 4242 1057 4298 illo
1091 4241 1462 4307 ducentesimo
1492 4254 1635 4296 anno
1679 4254 1804 4296 eum
1846 4238 2029 4294 consi-

433 4344 651 4409 gnatum
680 4350 800 4392 csse
830 4345 1072 4392 censent.
1106 4336 1181 4393 De
1209 4336 1418 4403 ultimo,
1452 4334 1779 4407 quodquam
1820 4333 2031 4406 longius

433 4447 462 4485 a
494 4431 721 4487 veritate
749 4427 920 4489 abest.
956 4440 1068 4485 tum
1114 4429 1319 4485 facilius
1348 4426 1678 4507 confutatur,
1711 4426 1878 4498 priori
1906 4426 2031 4482 loco

433 4523 633 4579 dicam.
659 4521 835 4589 Prius,
864 4521 1017 4592 cujus
1042 4521 1280 4576 rationes
1303 4521 1566 4592 majorem
1588 4518 1859 4590 postulant
1879 4516 2028 4573 indu-
2050 4526 2115 4588 ])'

433 4616 620 4672 striam
637 4658 651 4683 ,
682 4628 746 4670 ac
769 4628 835 4670 ex
861 4614 991 4684 ipsis
1019 4610 1851 4669 historitearcaniseiscutienda
1878 4619 2025 4679 sunt,

390 4782 394 4793 '
433 4708 719 4780 posteriori
752 4706 1060 4763 reservabo.

509 4842 539 4917 §
579 4842 665 4898 IlI.
701 4872 769 4885 --
803 4841 1061 4913 Princeps
1091 4843 1145 4898 in
1178 4842 1263 4906 iis,
1297 4856 1430 4913 quos
1460 4842 1691 4912 primum
1733 4832 2030 4895 audiendos

435 4950 556 4992 esse
582 4921 836 5001 diximus,
856 4934 1177 4990 sententiam
1201 4932 1342 4989 dicat
1368 4931 1823 4996 Guillel.Caveus,
1855 4930 2030 4985 maxi-

434 5043 538 5085 ma:
568 5029 720 5083 famzc
751 5035 806 5083 et
833 5027 1107 5082 indttstt'izc
1137 5025 1235 5082 vi'r.
1266 5028 1370 5083 Pro
1410 5042 1551 5081 anno
1581 5027 1625 5081 is
1652 5032 1851 5097 pugnat
1876 5020 2027 5079 CCII.

437 5121 492 5177 Μ
500 5122 594 5187 illi,
614 5121 687 5174 ait
703 5119 722 5187 (
730 5119 960 5176 Historia
978 5121 1131 5177 littcr.
1154 5118 1346 5192 Script.
1369 5117 1566 5175 Eceles.
1586 5128 1623 5176 t.
1640 5118 1684 5186 I,
1705 5136 1757 5191 p.
1774 5118 1864 5174 42.
1886 5118 2026 5175 b.ed.

439 5209 683 5285 Genua),
716 5212 1041 5267 uerisimilius
1066 5212 1259 5266 videtur
1288 5213 1531 5284 scriptum
1564 5212 1722 5284 fuisse
1745 5214 1838 5267 sub
1862 5227 2032 5282 perse-

437 5306 638 5360 cutione
661 5314 825 5371 sexta,
853 5306 989 5358 circa
1024 5322 1074 5358 a.
1109 5302 1279 5366 CCII,
1325 5322 1421 5376 quo
1455 5305 1491 5361 S
1504 5302 1753 5360 [ενιῖηύ
1760 5301 1798 5359 8
1837 5303 2036 5374 aliquos

439 5397 741 5453 christianos
767 5395 880 5466 ﬁeri
901 5398 994 5452 sub
1035 5399 1176 5468 gravi
1202 5414 1352 5469 paena
1372 5399 1543 5453 vetuit.
1569 5396 1765 5468 Adjicit
1790 5397 1870 5452 IIIS
1891 5413 2036 5469 (μιξε-

440 5492 563 5548 dam
604 5489 936 5562 probationis
962 5490 1167 5558 instar,
1200 5492 1339 5560 qum,
1386 5492 1430 5546 si
1479 5489 1609 5545 mihi
1639 5491 1834 5546 bonum
1864 5490 2035 5545 virum

441 5583 743 5656 exagitandi
764 5584 979 5639 animus
997 5591 1160 5649 esset,
1208 5593 1534 5655 repeterem.
1561 5584 1692 5640 Pars
1718 5598 1784 5639 eo
1810 5583 2040 5654 pertinet

440 5684 671 5745 ut,va
709 5678 1008 5749 imperante
1045 5674 1337 5748 SEVERO,
1388 5692 1576 5749 pacem
1608 5677 2035 5733 Christianorum

444 5769 611 5828 fuisse
641 5771 910 5830 turbatam
937 5779 1195 5855 appareat
1227 5788 1241 5825 :
1275 5785 1397 5844 pars
1418 5785 1525 5827 non
1549 5770 1684 5828 levia
1709 5769 1883 5833 fuisse
1900 5762 2040 5855 mala

2111 1852 2423 1908 aestimanda
2453 1862 2557 1909 est.
2588 1853 2771 1925 Neque
2793 1854 2956 1910 etiam
2980 1854 3085 1911 hoc
3110 1855 3192 1911 vir
3221 1854 3411 1912 doctus
3452 1857 3701 1925 attendit,

2110 1944 2321 2000 etiamsi
2342 1944 2581 2002 rationes
2601 1945 2718 2017 ejus
2748 1945 2971 2002 multitm
2990 1946 3256 2016 valerent,
3283 1956 3496 2005 aetatem
3524 1944 3704 2005 tamen

2111 2039 2234 2095 libri
2263 2038 2329 2094 ad
2376 2055 2429 2094 a.
2476 2037 2639 2096 CCIII‘
2659 2039 2851 2111 potius
2886 2036 3089 2097 differri
3134 2040 3352 2118 debere.
3395 2041 3582 2098 Omnia
3628 2051 3708 2098 et—

2111 2131 2256 2186 enim
2270 2130 2476 2187 cnttrah
2496 2130 2675 2203 aliquo
2691 2133 2802 2203 jam
2818 2136 3060 2205 tempore
3084 2132 3323 2188 caedibus
3344 2149 3406 2189 ac
3425 2135 3699 2207 snppliciis

2112 2224 2538 2281 Christianorum
2572 2225 2873 2293 fervissent,
2901 2225 3097 2283 Noster
3125 2236 3295 2283 secue-
3316 2243 3428 2284 sua:
3453 2227 3710 2285 defensor

2114 2316 2340 2373 exstitit.
2408 2317 2587 2386 Quare
2614 2332 2723 2374 non
2755 2319 2887 2374 satis
2926 2318 3184 2376 credibile
3232 2330 3335 2388 est,
3389 2320 3491 2377 sub
3536 2322 3711 2393 ipsum

2115 2410 2802 2479 calamitatumcxordium,
2832 2428 2898 2469 eu
2926 2413 3063 2484 ipso,
3083 2428 3190 2484 quo
3210 2422 3349 2469 nata:
3374 2424 3547 2482 erant,
3566 2430 3712 2471 anno

2115 2504 2670 2562 defensionem‘istam
2719 2506 2772 2562 in
2802 2504 3010 2562 litteras
3040 2508 3263 2563 relatam
3310 2523 3451 2563 esse.
3479 2508 3560 2564 Ah
3610 2509 3713 2565 hoc
3810 2569 3815 2573 ,

2116 2596 2327 2653 alienus
2367 2605 2557 2653 t‘ameu'
2596 2606 2715 2653 uon’
2759 2608 2881 2654 erat
2908 2598 3174 2654 Henricus
3206 2594 3537 2655 Dodwellus.
3561 2599 3714 2656 Licet

2117 2691 2283 2757 enim,
2314 2689 2439 2763 quid
2468 2688 2538 2748 di:
2564 2700 2729 2748 teme
2761 2690 3233 2749 APOLOGE'I‘ICI‘
3268 2693 3484 2759 sentiat,
3528 2702 3723 2764 aperte.

2118 2783 2258 2855 quod
2290 2785 2456 2840 sciam
2490 2798 2749 2855 ttttSqttattt
2780 2793 3065 2857 proponat,
3114 2801 3180 2840 ex
3214 2784 3317 2840 illis
3347 2795 3546 2850 tamen,
3589 2800 3711 2856 qua:

2118 2875 2188 2932 de
2208 2874 2579 2932 vexationibus
2600 2876 3022 2932 Christianorum
3042 2868 3142 2931 Sub
3162 2874 3712 2948 SEVEBO'disputat,

2120 2968 2261 3040 quid'
2278 2978 2459 3025 mente
2482 2968 2708 3024 voluerit
2734 2968 2851 3024 sine
2894 2968 3000 3024 ulla
3029 2970 3398 3026 controversia
3425 2970 3712 3050 colligitur.

2120 3063 2262 3115 Ante
2304 3075 2355 3113 a‘.
2377 3059 2519 3115 (ΞοΗ
2540 3059 2792 3115 nimirum
2833 3063 3103 3117 neminem
3134 3062 3568 3133 tranquillitatem
3597 3079 3715 3133 per-

2045 3150 2091 3214 C
2126 3153 2368 3215 turbasse
2397 3162 2571 3208 coetus
2593 3153 2733 3208 sacri
2760 3151 2874 3208 sibi‘
2890 3152 3200 3224 persuadet,
3234 3154 3394 3224 idque
3417 3155 3711 3227 nonnullis,

2123 3254 2253 3316 qua?
2274 3256 2397 3300 mox
2441 3245 2813 3312 discutiemus,
2837 3245 3167 3315 argumentis
3186 3246 3426 3303 stabilire
3459 3248 3711 3303 enititur.

2124 3342 2366 3413 (Dissert.
2399 3339 2648 3412 Cyprian‘.
2700 3339 2792 3410 XI,
2835 3340 2993 3413 ξω,
3036 3354 3088 3413 p.
3134 3340 3224 3398 68.
3274 3341 3338 3398 S.
3385 3342 3468 3397 ed.
3511 3340 3712 3414 Brem.)

2127 3436 2369 3492 Docebat
2401 3435 2481 3491 sic
2517 3449 2663 3501 eum,
2696 3430 2789 3491 cui
2824 3425 3177 3490 nihil’minus
3220 3449 3378 3505 quam
3419 3444 3716 3506 martyrum

2124 3531 2276 3608 copia
2301 3528 2517 3586 ferenda
2541 3528 2838 3591 videbatur.
2851 3524 3012 3597 'Quod
3033 3528 3079 3585 si
3099 3518 3250 3600 ergo,
3276 3538 3333 3584 ut
3358 3528 3717 3584 indubitatum

2126 3635 2230 3691 est“,
2261 3639 2367 3679 non
2407 3631 2562 3678 antea
2615 3632 2773 3693 quam
2805 3623 3131 3678 incrementa
3178 3621 3448 3692 cepissent
3496 3620 3715 3676 calami-

2127 3727 2281 3784 tates,
2317 3715 2994 3788 prtesidesprovinciarum
3019 3712 3554 3771 TERTULLIANUS
3574 3696 3720 3770 coni-

2131 3812 2384 3886 p‘cil’avit,
2416 3821 2624 3867 eertum
2669 3822 2883 3882 quoque
2913 3826 2978 3867 ex
3013 3810 3129 3883 ejus
3161 3809 3425 3865 sententia
3470 3818 3554 3865 est
3600 3816 3722 3879 post

2129 3923 2182 3962 a.
2233 3905 2381 3961 Citii.
2413 3913 2506 3960 aut
2543 3919 2610 3960 eo
2652 3903 2866 3959 labente
2894 3901 3092 3958 factum
3142 3901 3269 3958 illud
3313 3917 3454 3958 esse.
3500 3892 3722 3973 Et’quid

2131 3990 2461 4073 conjecturis
2483 4001 2657 4071 opus?
2689 3999 2981 4056 Disertiora
3008 3998 3204 4054 adsunt
3241 3997 3436 4053 eruditi
3467 3984 3567 4051 viri
3596 4009 3720 4052 ver-
3746 4044 3761 4055 .

2130 4095 2196 4150 ba
2227 4108 2240 4147 :
2270 4093 2422 4161 Inde,
2453 4093 2625 4163 inquit
2654 4090 2818 4164 (Dies.
2853 4093 2961 4157 cit.,
2990 4091 3043 4164 §,
3090 4090 3182 4146 ὀὶ.
3205 4107 3255 4162 p.
3300 4089 3433 4164 69.),
3484 4090 3561 4144 Itis
3602 4090 3725 4160 ipsis

2134 4186 2445 4258 temporibus
2467 4186 2568 4257 ('de
2599 4202 2649 4241 a.
2679 4185 2830 4241 CCII.
2866 4186 3127 4257 loquitur)
3150 4186 3227 4240 vel
3254 4186 3407 4257 paulo
3427 4186 3581 4241 etiam
3620 4188 3751 4254 far-,

2131 4290 2263 4335 tusae
2303 4280 2573 4345 recentius,
2622 4294 2751 4334 nova
2796 4278 2912 4346 illa,
2957 4295 3110 4349 quam
3155 4276 3382 4349 appellat
3412 4272 3731 4331 TERTUL-

2133 4350 2440 4440 LIANUS,
2491 4371 2895 4428 Christianorum
2947 4370 3047 4424 Dei
3093 4369 3271 4434 editio,
3313 4385 3430 4423 cum
3480 4366 3732 4440 ejusmodi

2129 4468 2478 4540 inscriptione,
2509 4465 2644 4522 Deus
2696 4464 3101 4521 Christianorum
3142 4462 3430 4517 onoehoiles
3455 4504 3469 4527 ,
3517 4460 3724 4515 auribus

2133 4562 2369 4630 asininis,
2398 4562 2558 4616 altera
2580 4558 2970 4631 pede-angulata
2989 4557 3172 4611 librum
3202 4556 3444 4628 gestantis
3476 4546 3521 4609 et
3546 4553 3727 4625 togati.

2136 4638 2413 4725 chuntur
2434 4664 2518 4722 ea,
2561 4653 2628 4708 ad
2661 4666 2781 4722 qtuc
2833 4658 3108 4722 provocat,
3155 4650 3210 4705 in
3259 4643 3734 4705 APOLOGETiCO

2135 4748 2217 4822 (α
2256 4740 2397 4803 XVI.
2445 4764 2497 4816 p.
2546 4745 2668 4802 169.
2698 4744 2786 4801 C(I.
2828 4743 3000 4799 celei).
3050 4743 3428 4813 Havercampi,
3483 4757 3585 4811 qua
3652 4739 3738 4794 hic

2135 4836 2544 4911 sempernt‘or),
2573 4837 2728 4907 cujus
2757 4851 2844 4891 res
2888 4835 2976 4890 hic
3007 4834 3201 4906 agitur.
3232 4832 3369 4902 Quid
3418 4831 3613 4887 clarius
3640 4830 3739 4885 ita-

2136 4942 2279 5003 que,
2354 4942 2481 4985 cum
2531 4926 2711 4984 Caveo
2764 4927 3022 4998 aliisque,
3107 4927 3248 4982 circa
3327 4925 3448 4980 libri
3520 4931 3738 4978 :etatem

2135 5025 2466 5083 Dodweilnm
2540 5023 2941 5079 consensisse?
2990 5021 3172 5077 Latius
3248 5020 3409 5076 hodie
3474 5018 3574 5074 viri
3633 5018 3736 5073 hn-

2132 5122 2220 5193 jus
2270 5120 2347 5177 d'e'
2388 5117 2661 5190 paucitate
2732 5125 3031 5189 martyrum
3101 5113 3365 5171 sententia
3411 5112 3629 5189 serpsit,
3663 5125 3740 5176 ac

2136 5215 2491 5289 plurimorum
2520 5212 2659 5268 inter
2689 5210 2928 5267 eruditos
2960 5209 3172 5264 animos
3217 5208 3514 5278 occupavit.
3551 5204 3737 5283 Igitur,

2139 5294 2267 5378 quin
2305 5305 2594 5362 multorum
2628 5302 2897 5359 mentibus
2937 5305 3052 5358 haec
3079 5302 3147 5357 de
3187 5309 3345 5355 aetate
3390 5295 3742 5353 APOLOGE-

2140 5398 2274 5456 TICl
2297 5400 2481 5470 Opinio
2504 5396 2660 5453 infixa
2688 5399 2777 5464 sit,
2803 5412 2909 5451 non
2932 5394 3150 5452 dubium
3168 5401 3270 5449 est.
3295 5391 3536 5461 Quorum
3561 5378 3747 5444 tamen

2142 5492 2352 5565 longius
2380 5493 2466 5548 hic
2492 5504 2795 5557 recensere,
2827 5503 2990 5560 quum
3015 5487 3179 5545 duces
3215 5485 3432 5542 indicati
3464 5484 3594 5548 sint,
3628 5497 3739 5538 non

2140 5586 2502 5643 necessarium
2531 5598 2652 5641 esse
2679 5581 2931 5654 arbitror.
2954 5582 3034 5638 Ad
3066 5580 3359 5638 Antonium
3390 5577 3610 5648 Pagium
3645 5590 3739 5646 po-

2144 5679 2246 5735 tius
2268 5674 2485 5747 accedb,
2513 5679 2628 5749 qui,
2651 5678 2775 5733 licet
2801 5691 3015 5733 omnem
3053 5675 3165 5732 fere
3186 5683 3398 5730 (etatem
3423 5659 3476 5727 in
3504 5668 3741 5725 numeris

2144 5770 2477 5841 cont‘riverit,
2508 5767 2681 5827 eidem
2709 5777 2887 5826 tamen
2915 5782 2975 5825 se
3002 5766 3205 5827 addixit
3258 5763 3556 5824 sententiae.
3604 5761 3742 5827 Cum
