4150 6352
463 325 572 388 διδ

1647 301 2065 386 summa
2100 319 2557 381 APOLOGETICI

3642 318 3752 379 5M

459 443 620 516 (legem
667 441 891 513 Papiam
941 432 1306 512 abrogaverit.
1367 437 1558 495 Nonne
1600 448 1648 497 et
1713 457 1830 507 vos,
1882 439 2054 517 inquit
2078 437 2132 500 A
2157 434 2301 506 quod
2329 434 2743 507 imperatorem,
2773 449 2931 507 quem
2973 433 3229 490 hominem
3259 433 3345 492 hic
3371 434 3504 492 dicit
3529 476 3544 500 ,
3577 435 3748 490 malo-

463 537 546 609 (C.
572 537 618 592 Χ
639 537 698 591 V.
739 555 793 606 p.
824 534 942 605 49),
974 534 1200 606 quotidie
1243 534 1605 605 experimentis
1647 533 2056 590 illuminantibus

461 629 690 684 tenebras
717 626 1078 698 antiquitatis,
1112 636 1268 680 totam
1298 625 1443 680 illam
1473 637 1682 681 veterem
1707 637 1752 682 et
1797 612 2054 695 squallen-

459 729 558 774 tem
584 705 791 791 sylvam‘
825 719 994 790 legum
1037 718 1179 772 nouis
1217 717 1578 788 principalium
1623 718 1978 785 rescriptorum
2005 723 2053 772 et

457 811 734 866 edictorum
787 809 1041 865 securibus
1083 810 1298 864 ruscatis
1323 819 1394 869 et
1431 809 1670 864 ca’ditis?
1720 809 1852 864 Vide
1882 824 2050 876 vero,

456 900 652 973 quibus
678 901 745 957 de
785 901 992 972 legibus
1022 916 1200 957 sermo
1231 901 1342 956 sit?
1395 901 1468 956 De
1511 901 1742 970 antiquis
1762 943 1776 967 ,
1808 909 1864 955 ut
1891 912 2049 971 aper-

455 1004 568 1052 tum
597 1006 712 1062 est,
761 996 956 1066 quibus
988 1010 1153 1050 novas
1202 995 1452 1066 Opponit.
1505 994 1685 1066 Pergit
1732 994 1797 1049 ad
1853 994 2048 1072 latores

454 1091 631 1165 legum
673 1091 933 1154 adversus
973 1090 1309 1148 Christianos
1357 1088 1508 1161 (Cap.
1550 1088 1612 1154 V,
1662 1106 1714 1160 p.
1768 1088 1882 1159 56),
1911 1103 2047 1157 quos

453 1199 643 1240 omnes
692 1184 1070 1256 turpitudinis,
1124 1182 1497 1252 scelerumque
1527 1181 1740 1236 infantia
1787 1189 2042 1247 notatos,

452 1279 790 1350 Neronisque
827 1280 1130 1334 simillimos
1183 1278 1348 1333 fuisse
1393 1277 1689 1333 contendit.
1741 1275 1910 1345 Quam
1940 1275 2046 1332 late

451 1371 569 1427 hmc
594 1371 931 1426 adseveratio
962 1381 1168 1440 pateat,
1199 1386 1303 1425 non
1338 1369 1732 1439 inquiro.Satis
1761 1368 1892 1423 mihi
1918 1375 2002 1424 est
2023 1409 2040 1436 ,

453 1463 594 1532 quod
638 1478 702 1518 ex
754 1478 814 1518 ea
855 1462 1185 1519 SEVERUM
1231 1464 1282 1517 in
1331 1478 1519 1518 eorum
1566 1476 1824 1526 numero,
1870 1462 1958 1532 qui
1990 1461 2043 1515 in

450 1552 785 1611 Christianos
810 1556 1025 1611 decreta
1058 1556 1364 1619 sanxerint,
1389 1557 1456 1612 ab
1487 1570 1552 1610 eo
1576 1571 1682 1608 non
1707 1553 1869 1609 fuisse
1895 1553 2045 1607 habi-

452 1657 598 1714 tum,
633 1658 828 1719 pateat.
863 1649 1019 1705 Ratio
1063 1649 1178 1719 ipsa
1210 1649 1370 1718 hujus
1400 1648 1474 1702 rei
1528 1647 1677 1702 testis
1698 1655 1799 1701 est.
1844 1645 2044 1716 Ecquis

2161 542 2280 581 rmn
2312 527 2635 598 martyribus
2669 527 2775 583 illis
2821 526 3094 582 illa’torum
3121 535 3394 583 auctorem
3444 527 3751 584 TERTUL-

2160 619 2410 677 LIANUS
2431 634 2549 676 esse
2585 621 2839 678 noluerit.
2873 621 3084 692 Alioqui
3111 621 3254 677 enim
3282 621 3623 692 scripsisset,
3651 624 3748 676 lto-

2157 716 2307 770 minis
2327 718 2495 784 istius,
2524 719 2610 788 qui
2639 734 2724 773 vos
2751 717 3025 780 excruciat.
3049 733 3250 773 caussa.
3279 717 3429 772 Mitto
3455 731 3585 772 vero
3612 716 3750 772 hanc

2155 809 2616 874 ratiocinationem
2643 853 2658 878 ,
2689 827 2752 872 ac
2779 827 2890 867 rem
2921 813 3088 881 ipsam
3130 809 3197 865 ad
3254 825 3412 880 quam
3443 809 3605 865 verba
3633 809 3750 865 haec

2155 902 2447 973 respiciunt
2491 905 2721 960 intueor.
2788 903 2976 959 Ctedes
3020 904 3308 958 multorum
3357 903 3633 958 hominum
3664 902 3749 958 di-

2153 993 2355 1064 gnitate
2382 1011 2445 1050 ac
2484 997 2691 1051 meritis
2733 996 3020 1051 illustrium
3057 1003 3502 1051 commemorant.
3532 993 3748 1064 Expers

2120 1119 2126 1124 -
2153 1086 2392 1144 historia:
2433 1088 2687 1145 SEVERI
2718 1090 2822 1154 sit,
2846 1091 2933 1161 qui
2961 1090 3075 1145 hzec
3105 1090 3239 1157 alio,
3282 1104 3440 1160 quam
3466 1089 3530 1144 ad
3555 1105 3743 1145 necem

2150 1196 2336 1236 eorum
2361 1224 2376 1249 ,
2406 1197 2543 1253 quos
2572 1183 2854 1239 occasione
2885 1182 3008 1237 belli
3049 1182 3224 1253 gallici
3249 1182 3317 1237 ab
3344 1180 3590 1250 ALBINO
3615 1182 3746 1238 moti

2151 1275 2479 1345 trucidabat,
2508 1275 2643 1351 trahi
2670 1288 3020 1348 posse,putet.
3057 1277 3169 1332 Hoc
3197 1287 3406 1348 tempus
3433 1277 3558 1332 illud
3583 1285 3698 1332 erat
3724 1319 3741 1340 ,
3793 1311 3796 1314 «

2146 1385 2255 1439 quo
2286 1371 2586 1438 innumeri,
2620 1373 2762 1442 iique
2790 1373 3032 1442 praeclari
3056 1415 3070 1437 ,
3120 1372 3366 1428 homines
3412 1381 3606 1441 prmter
3636 1388 3746 1426 om-

2149 1475 2270 1515 nem
2313 1476 2500 1532 spem,
2551 1463 2694 1530 quod
2738 1463 2988 1520 ALBINO
3029 1462 3229 1519 favisse
3275 1471 3625 1534 putarentur,
3675 1463 3743 1518 ad

2148 1560 2376 1609 mortem
2419 1554 2781 1624 rapiebantur.
2839 1555 2975 1610 Audi
3030 1555 3374 1625 Spartianum
3426 1553 3446 1626 (
3481 1553 3596 1608 Vita
3639 1553 3740 1610 Se-

2146 1645 2269 1712 veri,
2312 1663 2437 1722 cap.
2483 1645 2625 1700 XII.
2654 1665 2706 1716 p.
2739 1648 2864 1704 177.
2917 1648 3039 1703 178.
3073 1648 3155 1702 ed.
3178 1646 3454 1703 Obrecbti.
3484 1646 3504 1719 )
3536 1646 3742 1722 :Inter-

449 1742 588 1798 cnim
612 1749 718 1795 tam
748 1741 1336 1811 amcns,utsapicntem
1369 1741 1541 1794 virum
1572 1739 1672 1795 sibi
1707 1736 2034 1806 persuadeat
2141 1739 2291 1807 rectis
2328 1741 2608 1795 innumeris
2656 1738 2918 1795 ALBINI
2971 1741 3196 1812 partium
3239 1741 3394 1807 viris,
3441 1741 3572 1794 inter
3613 1755 3740 1811 quos

451 1835 552 1892 hoc
577 1844 894 1905 argumento
933 1835 1079 1906 leges
1109 1837 1544 1905 impngnaturum
1577 1831 1741 1888 luisSe
1761 1871 1774 1898 ,
1808 1831 1852 1884 si
1878 1844 2042 1901 penes
2069 1858 2118 1918 Β
2147 1831 2304 1885 multi-
2343 1833 2598 1902 principes
2629 1833 2866 1897 civitatis,
2900 1833 3073 1887 multae
3120 1833 3329 1905 ferninte
3371 1831 3597 1887 illustres
3624 1831 3738 1901 {uc-

446 1941 602 1998 quem
633 1935 743 1983 tmn
790 1943 996 1983 summa
1047 1944 1224 1984 rerum
1274 1937 1393 1982 erat
1431 1927 1622 1983 eodem
1668 1939 1790 1980 sese
1815 1921 2042 1978 crimine
2145 1934 2264 1979 runt
2292 1925 2496 1993 (nonne
2511 1925 2612 1982 hoc
2634 1926 2801 1994 idem,
2835 1927 2976 1998 quod
3003 1924 3538 1982 TERTULLIANUS
3563 1925 3736 1996 dicit),

444 2019 799 2077 adstrinxisse
819 2022 1182 2077 constitisset?
1205 2020 1484 2075 chtivum
1510 2018 1750 2090 profecto
1774 2016 2034 2073 defenso-

445 2129 557 2169 rem
581 2115 593 2168 !
624 2115 712 2185 qui
760 2114 1138 2185 imperatorem
1165 2156 1181 2182 ,
1225 2113 1379 2184 cujus
1408 2113 1642 2167 animum
1669 2109 1914 2166 emollire
1937 2123 2035 2164 cu-

446 2206 654 2276 piebat,
691 2206 756 2262 iis
777 2207 1155 2264 atlnuuieraret
1180 2223 1204 2272 ,'
1225 2208 1315 2276 qui
1336 2205 1658 2275 {mortalium
1688 2190 2034 2274 nequissimi,

446 2299 714 2369 nullisque
735 2299 948 2369 ﬂagitiis
979 2299 1198 2354 secundi
1228 2300 1457 2355 fuerant.
1486 2297 1689 2352 Laudat
1708 2315 1738 2351 e
1764 2296 2038 2351 contrario

441 2390 742 2466 aliquoties
784 2390 1130 2447 SEVERUM‘
1172 2390 1388 2458 Noster,
1443 2406 1508 2446 ac
1570 2389 2034 2445 constantissimum

390 2509 394 2516 τ
441 2483 677 2551 appellat
706 2482 1030 2554 Principum.
1064 2484 1216 2557 (Cap.
1263 2484 1323 2550 V,
1372 2502 1424 2554 p.
1462 2484 1573 2555 52).
1604 2483 1753 2539 Adeo
1797 2493 2032 2539 remotus

443 2583 560 2628 erat
590 2574 657 2629 ab
684 2590 744 2631 ea
776 2575 1064 2645 opinione,
1097 2591 1160 2630 ac
1185 2564 1228 2630 si
1255 2577 1489 2646 gladium
1521 2577 1584 2630 in:
1617 2575 1811 2630 fratres
1843 2575 2032 2646 stringi

318 2651 326 2658 ’
435 2665 710 2736 jussisset.
756 2668 858 2723 Sed
891 2684 950 2724 se
993 2669 1164 2739 ipsum
1195 2671 1425 2738 explicet
1467 2667 2028 2737 TERTULLIANUS,

439 2760 529 2830 qui
563 2762 835 2816 Romanos
879 2762 956 2816 sic
986 2763 1278 2833 alloquitur
1310 2762 1462 2832 (Cap.
1501 2761 1565 2828 V,
1614 2780 1666 2832 p.
1697 2762 1786 2833 62)
1830 2780 1843 2816 :
1875 2761 2034 2817 (Ia-te-

439 2871 553 2908 rum
583 2854 646 2909 de
671 2865 742 2909 tot
781 2857 962 2910 exinde
1001 2856 1314 2927 principibus
1357 2857 1425 2909 ad
1458 2855 1760 2909 hodiernum
1804 2856 2032 2909 divinum

439 2949 818 3019 humanumque
867 2950 1176 3019 sapientibus
1230 2950 1363 3004 edite
1411 2950 1629 3020 aliquem
1675 2948 2030 3003 debellatorem

439 3041 839 3098 Christianorum
858 3045 883 3098 ?
902 3043 1032 3112 Quis
1058 3042 1352 3099 Hodiernus
1373 3044 1461 3098 ille
1481 3045 1504 3096 ἲ
1527 3041 1860 3106 SEVERUS,
1879 3051 2025 3112 puto.

437 3134 590 3190 Iquc
642 3152 770 3192 vero
813 3137 865 3192 in
913 3137 1328 3192 debellatoribus
1374 3127 1801 3192 Christianorum
1842 3149 2031 3190 nume.

2143 2017 2368 2072 omnium
2407 2018 2540 2072 bona
2575 2020 2832 2085 publicata
2877 2029 3027 2084 sunt,
3081 2020 3422 2089 aerariumque
3460 2028 3734 2073 auxerunt.

2145 2108 2275 2165 Tum
2309 2110 2730 2182 Hispanorumet
2780 2113 3079 2169 Suallorum
3115 2129 3346 2184 proceres
3389 2113 3537 2167 multi
3582 2113 3736 2168 occisi
3792 2104 3795 2107 ’

2140 2210 2275 2256 sunt.
2312 2201 2433 2257 Mox
2461 2203 2602 2258 idem
2635 2205 3089 2261 nobilissimorum
3117 2206 3356 2261 virorum
3395 2205 3456 2288 ip
3480 2205 3598 2261 istis
3628 2215 3738 2262 tur-

2139 2293 2224 2349 bis
2252 2295 2357 2350 vita
2386 2296 2722 2367 privatorum
2759 2298 2977 2370 longum
3019 2297 3150 2353 satis
3180 2297 3411 2354 indicem
3463 2298 3738 2368 subjungit

2140 2385 2308 2460 (Cap.
2356 2388 2534 2457 XIII,
2571 2409 2625 2462 p.
2679 2392 2802 2456 178,
2843 2391 3028 2462 179.).
3057 2390 3394 2462 Capitolinus
3439 2390 3604 2464 (Vita
3649 2389 3732 2448 Cl.

2137 2481 2330 2547 Albini,
2359 2499 2406 2536 c.
2435 2481 2577 2547 XII,
2622 2501 2676 2552 p.
2731 2485 2886 2555 217.)
2932 2484 3056 2540 huic
3097 2494 3150 2540 et
3204 2485 3540 2541 Herodianus
3565 2487 3585 2558 (
3613 2486 3736 2542 His-

2138 2575 2314 2627 toriar.
2344 2573 2460 2641 Lib.
2499 2574 2594 2629 III
2627 2587 2673 2630 et
2708 2575 2872 2632 VIII.
2903 2596 2956 2649 ρ.
3005 2579 3128 2634 147.
3170 2578 3252 2634 ed.
3284 2578 3561 2639 Boecleri.)
3582 2579 3733 2650 iungi

2135 2677 2331 2740 potest.
2367 2668 2568 2740 Ecquid
2596 2687 2726 2727 vero
2770 2681 2875 2736 est,
2899 2671 3040 2742 quod
3073 2672 3396 2728 luculentius
3424 2671 3731 2728 TERTUL-
3788 2653 3802 2660 ﬂ

2141 2759 2400 2818 LIANUM
2455 2764 2737 2833 explicet?
2783 2763 2967 2834 Neque
3006 2780 3133 2820 vero
3175 2765 3398 2820 dubium
3444 2781 3511 2821 ex
3559 2765 3731 2820 altera

2137 2863 2287 2923 parte
2319 2854 2622 2911 ALBINUM
2653 2898 2668 2919 ,
2700 2856 2840 2926 quod
2878 2855 2964 2911 hic
2989 2857 3388 2923 subindicatur,
3420 2856 3608 2913 eadem
3633 2873 3734 2912 sa:-

2135 2946 2262 3000 vitia
2293 2960 2448 3000 usum
2481 2946 2664 3014 fuisse,
2689 2949 2989 3018 prmsertim
3025 2958 3372 3020 posteaquam
3395 2965 3425 3004 a
3456 2947 3749 3005 SEVERO.

2135 3039 2391 3106 insidias,
2437 3056 2571 3110 quas
2631 3025 2973 3111 ‘Capitolinus
3014 3043 3049 3113 _(
3090 3041 3206 3095 Vita
3249 3042 3438 3108 Albini,
3491 3059 3540 3098 c.
3600 3042 3729 3097 VII.

2148 3129 2310 3187 VIII.
2355 3151 2408 3202 p.
2449 3109 2575 3188 211.
2605 3132 2671 3203 f.)
2699 3109 2954 3202 exponit,
3000 3109 3099 3188 sibi
3147 3133 3280 3188 strui
3335 3143 3600 3188 senserat.
3632 3134 3734 3192 Cui

436 3227 658 3282 randmn
685 3243 806 3284 esse
833 3239 1010 3302 negat.
1037 3228 1175 3298 Quid
1205 3229 1434 3291 clarius?
1471 3229 1739 3284 Praetereo
1766 3227 2031 3283 celebrem
2059 3220 2104 3283 C
2139 3223 2240 3280 hoc
2261 3223 2583 3293 expcndenti
2611 3239 2771 3294 grave
2795 3240 2900 3279 non
2923 3225 3153 3290 accidat,
3173 3225 3216 3279 si
3239 3225 3364 3295 quis
3383 3224 3731 3282 nihilominus

435 3335 500 3374 ex
528 3319 716 3376 eadem
742 3319 1119 3376 dissertatione
1141 3321 1317 3376 locum
1366 3319 1521 3392 (Cap.
1575 3319 1713 3391 V,_Ip.
1747 3319 1840 3386 65,
1863 3319 1931 3375 65
1962 3319 1981 3390 )
2013 3337 2028 3374 :

439 3415 631 3482 Quales
671 3432 792 3487 ergo
821 3415 956 3488 leges
979 3417 1124 3477 istae.
1168 3433 1295 3487 quas
1337 3414 1578 3469 adversus
1626 3431 1718 3468 nos
1765 3414 1861 3469 soli
1889 3428 2034 3468 exse-

381 3496 385 3500 .
433 3515 654 3577 quuntur
673 3507 837 3577 impii,
861 3524 988 3578 quas
1017 3508 1189 3561 nullus
1215 3507 1532 3573 Hadrianus,
1552 3506 1725 3561 nullus
1755 3504 2035 3577 Vespasia:

433 3615 551 3665 nus,
580 3599 750 3654 nullus
777 3599 924 3666 Pius,
942 3601 1113 3656 nullus
1156 3599 1312 3655 Verus
1341 3600 1613 3672 impressit.
1639 3599 1774 3654 Sunt
1794 3597 2025 3664 codices,

433 3693 521 3762 qui
549 3692 790 3749 Severum
820 3695 906 3749 hie
949 3694 1150 3765 legunt.
1182 3695 1296 3766 Ego
1339 3709 1469 3749 vero
1517 3694 1644 3758 tibi,
1676 3692 2031 3764 HaverCampi

431 3786 778 3855 doctissime,
816 3789 1082 3844 assentior
1105 3829 1120 3854 ,
1162 3789 1396 3858 virisque
1436 3787 1692 3859 egregiis,
1726 3787 1815 3857 qui
1849 3795 2023 3841 tecum

432 3880 714 3935 meliorum
739 3868 997 3937 librorum
1030 3881 1290 3936 benetieio
1315 3879 1515 3934 Vermu
1537 3879 1692 3944 nobis
1715 3879 2020 3933 restituere.

429 3973 600 4040 Quam
626 3975 911 4030 lectionem
943 3975 1043 4030 etsi
1070 3975 1251 4030 minus
1279 3974 1464 4044 probat
1495 3973 1801 4028 Dodwellus
1831 3974 1849 4042 (
1879 3971 2016 4026 Diss.

430 4063 675 4134 Cyprian.
707 4063 814 4132 XI,
849 4064 878 4136 §
926 4065 1014 4120 41.
1048 4083 1101 4135 p.
1127 4063 1218 4119 69.
1254 4106 1270 4132 ,
1299 4063 1516 4119 diffiteri
1560 4072 1736 4118 tamen
1769 4077 1873 4117 non
1921 4079 2044 4126 βο·-

433 4159 550 4222 tuit,
591 4160 788 4229 sacpius
831 4158 882 4212 in
910 4158 1144 4231 antiquis
1172 4158 1535 4214 monumentis
1564 4157 1750 4213 Severi
1797 4165 1850 4211 et
1893 4155 2020 4213 Veri

430 4252 646 4308 nomina
671 4253 946 4308 confundi.

502 4428 530 4499 ᾗ
563 4427 627 4481 V.
659 4458 730 4467 —
759 4427 883 4483 Ilzcc
905 4440 1026 4484 sunt
1049 4472 1062 4496 ,
1093 4445 1212 4500 qua:
1271 4444 1367 4500 pro
1398 4424 1578 4484 nostra
1608 4431 1873 4486 sententia
1905 4431 2021 4502 ipse

429 4521 585 4576 nobis
625 4520 999 4576 subministrat
1046 4522 1604 4591 APOLOGETICUS,
1657 4524 1851 4594 quibus
1873 4526 2016 4596 .quid

425 4615 613 4682 reponi
638 4614 838 4684 possit,
885 4630 990 4669 non
1023 4585 1198 4671 video.
1244 4617 1394 4686 Alius
1435 4617 1544 4685 jam
1574 4585 1826 4673 succedat
1853 4585 2016 4672 TER-
2041 4585 2095 4645 D

427 4703 971 4776 TULLIANIjlocus,
1003 4723 1066 4761 ex
1099 4708 1204 4762 alio
1255 4709 1373 4778 ejus
1399 4709 1568 4776 libro,
1616 4725 1682 4764 eo
1724 4709 2010 4779 videlicet,

425 4818 582 4873 quem
614 4802 682 4856 ad
722 4813 968 4873 martyres
998 4804 1047 4856 in
1077 4819 1295 4860 carcere
1322 4804 1643 4860 constitutos
1671 4804 1836 4872 misit,
1873 4806 2014 4874 peti-

427 4905 530 4949 lus.
568 4896 672 4950 Eos
701 4897 921 4966 intelligi
947 4897 1032 4952 hic
1060 4907 1322 4969 martyres
1347 4897 1547 4953 debere
1567 4939 1580 4961 ,
1625 4898 1716 4967 qui
1745 4897 2018 4954 SEVERO

426 4987 725 5056 imperante
771 4989 1004 5058 correpti
1031 4997 1218 5054 erant,
1248 5000 1398 5043 extra
1438 4988 1657 5044 dubium
1682 4999 1784 5046 est.
1809 4991 1890 5045 Ad
1921 4991 2018 5046 hos

427 5096 555 5136 vero
579 5081 1007 5138 corroborandos
1033 5082 1203 5137 ultimi
1226 5083 1526 5152 argumenti
1550 5081 1667 5138 loco
1716 5083 1836 5138 lucc
1868 5084 2020 5154 ponit

427 5174 685 5248 (Libroad
700 5187 967 5247 martyres,
999 5193 1045 5230 c.
1071 5176 1097 5230 I
1117 5175 1178 5242 V,
1210 5194 1263 5246 p.
1289 5175 1420 5232 468.
1480 5174 1646 5248 Opp.)
1675 5195 1689 5231 :
1717 5174 1884 5231 Nerua
1915 5194 2018 5232 non

426 5269 577 5324 etiam
609 5268 829 5323 hominis
875 5285 1054 5324 caussa
1085 5269 1191 5340 pati
1232 5278 1427 5339 potest,
1459 5269 1596 5338 quod
1622 5268 1674 5322 in
1702 5284 1885 5323 caussa
1919 5267 2017 5322 Dei

428 5361 532 5430 pati
559 5359 772 5414 dubitat.
809 5359 888 5412 Ad
918 5360 1012 5414 hoc
1056 5359 1258 5430 quidem
1296 5360 1373 5414 vel
1417 5359 1688 5431 prwsentia
1717 5359 1857 5414 nobis
1888 5369 2016 5414 tem-

429 5469 556 5522 pora
576 5452 874 5506 documenta
895 5452 994 5507 siut
1011 5495 1026 5518 ,
1057 5462 1264 5524 quanta:
1287 5451 1558 5523 qualesque
1583 5467 1811 5520 persona:
1848 5453 2019 5522 inapi-

428 5556 574 5600 natos
603 5544 858 5600 natalibus
892 5555 939 5599 et
981 5546 1310 5617 dignitatibus
1332 5588 1348 5612 ,
1378 5554 1423 5600 et
1449 5545 1744 5616 corporibus
1780 5555 1828 5600 et
1854 5547 2018 5600 aetati-

428 5635 521 5691 bus
546 5637 653 5691 suis
700 5638 863 5691 exitus
886 5640 1106 5708 referant
1124 5680 1139 5706 ,
1172 5638 1391 5692 hominis
1417 5655 1596 5693 caussa
1620 5656 1637 5694 :
1669 5647 1757 5692 aut
1782 5638 1844 5692 ab
1869 5638 1980 5709 ipso
1999 5681 2015 5705 ,

427 5729 472 5782 si
491 5737 666 5783 contra
704 5746 816 5783 eum
843 5730 1052 5800 fecerint
1077 5772 1092 5796 ,
1141 5741 1228 5784 aut
1255 5733 1317 5784 ab
1344 5731 1649 5786 adversariis
1671 5738 1783 5802 ejus
1807 5773 1822 5800 ,
1852 5731 1896 5786 si
1926 5747 2019 5800 pro

429 5836 487 5876 eo
510 5821 752 5878 steterint.
772 5821 961 5880 Statim
989 5822 1073 5882 hic
1095 5839 1316 5882 monere
1337 5839 1572 5898 possem,
1592 5840 1851 5899 apparere
1867 5825 2017 5897 satis,

2137 3315 2242 3373 nOn
2271 3325 2396 3372 ante
2427 3332 2480 3371 a.
2512 3313 2661 3373 CCII.
2703 3328 2925 3373 vexatos
2953 3318 3054 3373 sub
3089 3315 3364 3374 SEVERO
3392 3317 3734 3375 Christianos

2136 3413 2300 3469 fuisse
2329 3421 2618 3468 assereret.
2651 3412 2938 3469 Tumultus
2969 3412 3194 3468 ALBINI
3218 3453 3232 3476 ,
3257 3423 3312 3467 ut
3343 3427 3471 3470 mox
3501 3412 3731 3480 docebo,

2136 3508 2189 3562 in
2216 3523 2268 3560 a.
2295 3505 2521 3562 CXCVI.
2558 3506 2776 3570 incidit,
2808 3506 2990 3562 clades
3034 3507 3087 3562 in
3131 3521 3182 3560 α.
3217 3502 3473 3561 CXCVII.
3504 3505 3734 3563 Perinde

2134 3607 2248 3665 est,
2279 3613 2405 3652 nmn
2452 3597 2520 3654 de
2551 3597 2686 3664 hoc,
2731 3608 2826 3653 aut
2875 3597 2966 3653 illo
2993 3613 3136 3653 anno
3182 3597 3349 3653 locus
3379 3597 3727 3668 intelligatur.

2134 3688 2361 3760 Semper
2385 3691 2530 3746 enim
2550 3733 2564 3756 ,
2591 3691 2750 3762 longe
2769 3701 3055 3760 antequam
3087 3693 3303 3747 decreta
3324 3685 3579 3751 SEVERI
3607 3692 3731 3762 pro-

2133 3780 2482 3854 ponerentur,
2539 3785 2771 3840 illustres
2838 3782 3264 3840 Christianorum
3328 3784 3430 3839 sub
3500 3784 3731 3855 imperio

2129 3877 2245 3945 ejus
2278 3887 2542 3947 martyres
2558 3878 2861 3944 exstitisse,
2901 3877 3167 3946 probabit.
3217 3877 3530 3947 Scorpiacus
3557 3875 3728 3932 TER-

2128 3968 2454 4025 TULLIANI
2495 3969 2597 4023 alia
2648 3969 2892 4040 qumdam
2938 3971 3066 4023 mihi
3122 3971 3468 4042 suppeditare
3523 3979 3725 4043 posset.

2125 4063 2231 4118 Sed
2285 4064 2450 4118 alium
2511 4079 2650 4118 nunc
2691 4073 2879 4118 testem
2909 4065 3167 4133 appellari
3201 4066 3416 4124 animus
3443 4077 3557 4133 est,
3597 4068 3740 4124 Clet

2127 4163 2362 4210 mentem
2405 4154 2850 4210 Alexandrinum.
2904 4155 3171 4211 Stromata
3225 4158 3366 4214 hunc
3419 4174 3552 4226 sua,
3607 4175 3728 4229 qua:

2125 4245 2286 4302 hodie
2329 4245 2505 4301 adhuc
2553 4247 3150 4319 leguntur,'SEVERO
3189 4254 3445 4322 regnante
3490 4266 3724 4322 compo-

2123 4340 2320 4405 suisse,
2371 4339 2638 4396 Eusebius
2687 4342 2814 4397 olim
2869 4344 3104 4414 prodidit
3143 4345 3335 4416 (Hist.
3390 4345 3565 4412 Eccle.
3605 4345 3722 4403 Lib.

2131 4432 2230 4489 VI.
2263 4451 2309 4488 c.
2353 4432 2451 4501 VI,
2511 4452 2564 4505 p.
2616 4434 2791 4508 208.).
2834 4437 3051 4495 Priores
3096 4441 3374 4510 speciatim
3423 4441 3545 4498 libri
3570 4423 3739 4513 paulo.

2123 4537 2243 4598 post
2270 4527 2480 4598 imperii
2508 4529 2623 4599 ejus
2650 4529 2856 4585 initium
2877 4574 2892 4598 ,
2938 4532 3271 4590 COMMODO
3314 4534 3454 4591 haud
3483 4537 3553 4592 ita
3586 4539 3742 4609 pri-.‘

2122 4619 2243 4674 dem
2272 4620 2563 4688 exstincto,
2580 4622 2878 4693 consignati
2894 4624 3160 4681 videntur.
3181 4626 3363 4682 Primo
3381 4629 3524 4684 enim
3555 4629 3713 4697 libro,

2123 4727 2230 4782 quo
2263 4722 2566 4784 temporum
2590 4713 2824 4770 instituit
2853 4717 3319 4787 computationem
3339 4760 3356 4787 ,
3387 4719 3524 4776 ultra
3551 4720 3722 4777 COM-

2090 4792 2287 4861 "MODI
2327 4817 2554 4863 mortem
2596 4823 2700 4861 non
2742 4809 3101 4885 progreditur.
3148 4805 3249 4864 Ᾰπὸ
3300 4816 3348 4864 δὲ
3399 4819 3484 4867 τοῦ
3529 4823 3726 4883 πρώτου

2123 4904 2296 4965 ἀγῶνος
2346 4906 2431 4954 iul
2456 4913 2549 4962 τὴν
2572 4905 2793 4968 Κομόδου
2817 4911 3054 4966 τελευτῆν,
3090 4910 3174 4964 ἴση
3221 4909 3388 4958 ἑκατὸν
3442 4909 3623 4959 basim.
3679 4909 3719 4958 Α

2124 4994 2288 5060 primo
2318 5001 2487 5045 autem
2525 4994 2796 5047 certamine
2833 5009 2990 5064 usque
3022 4993 3091 5046 ad
3129 5004 3339 5048 mortem
3367 4993 3516 5050 CUM
3527 4995 3578 5048 .ll
3590 4993 3718 5050 Ol)!

2124 5083 2245 5137 anni
2269 5093 2469 5138 centum
2498 5084 2729 5140 undecim
2753 5085 3116 5157 (Stromatum,
3148 5085 3264 5143 Lib.
3297 5086 3348 5144 ι.
3381 5105 3433 5159 p.
3464 5089 3589 5145 409..
3633 5091 3716 5146 etl.

2127 5177 2373 5246 Potteri).
2403 5176 2501 5232 IIic
2538 5177 2774 5244 desinit;
2809 5177 3091 5234 manifesto
3127 5178 3325 5235 indicio
3347 5222 3360 5243 ,
3390 5198 3495 5237 non
3541 5184 3712 5239 nutlto

2124 5276 2248 5322 ante
2274 5284 2432 5339 quam
2461 5267 2576 5324 hare
2599 5259 2862 5325 scriberet
2887 5311 2903 5336 ,
2936 5268 3058 5344 fatis
3087 5271 3409 5328 occubuisse
3453 5274 3724 5346 COMMO-

2127 5360 2289 5416 DUM.
2314 5359 2439 5416 Mihi
2471 5357 2682 5430 quidem
2727 5361 2860 5416 satis
2890 5371 2973 5418 est
3006 5361 3108 5417 hoc
3157 5363 3314 5429 loco,
3361 5364 3720 5422 indubitatum

2126 5468 2280 5518 esse,
2331 5464 2455 5509 ante
2501 5469 2553 5508 a.
2595 5454 2748 5510 CCII.
2782 5455 2897 5510 hinc
2945 5455 3179 5513 edidisse
3229 5458 3585 5516 Clementem.
3618 5461 3720 5516 Au-

2126 5548 2226 5602 ctis
2261 5563 2354 5617 per
2389 5547 2604 5604 decreta
2641 5549 2981 5621 imperatoris
3014 5552 3503 5611 Alexandrinorum
3543 5556 3719 5622 malis,

2125 5642 2373 5698 exulabat
2402 5643 2485 5698 vir
2500 5643 2765 5714 egregius,
2788 5659 2850 5700 ac
2879 5645 2930 5699 in
2957 5643 3240 5701 Paltustina
3263 5647 3526 5720 Syriaque
3550 5649 3717 5719 potis-

2124 5732 2318 5787 simum
2349 5733 2696 5798 versabatur;
2732 5735 2872 5804 quod
2921 5745 3039 5804 post
3079 5736 3464 5811 Hieronymum
3496 5738 3516 5808 (
3547 5739 3713 5793 Catal.

2126 5824 2301 5898 Scrip.
2347 5823 2494 5884 Eccl.
2547 5843 2663 5898 cap.
2709 5825 3053 5900 XXXVIII,
3100 5848 3155 5900 p.
3204 5829 3326 5886 III.
3358 5833 3438 5888 ed.
3481 5832 3715 5890 Fabricii
