4150 6352
399 283 528 363 se

1695 295 2000 356 MOSHEIM
2041 295 2476 376 orsqmsmo.

3615 305 3720 368 546

414 437 522 476 rec.
557 421 577 492 )
621 433 686 475 ex
733 417 969 475 Eusebio
1024 418 1044 490 (
1074 417 1209 475 IIisl.
1254 415 1404 472 Eccl.
1464 415 1552 472 lib.
1601 412 1700 480 VI,
1737 431 1786 468 c.
1824 412 1930 480 XI,
1969 414 2104 484 p.'A
2129 416 2237 472 enli
2267 418 2390 472 noni
2440 418 2764 488 historicus,
2818 421 2961 478 nulla
2993 421 3178 480 vocula
3206 431 3432 492 mutata,
3463 426 3717 496 repetiit:

416 513 552 577 ate,
575 512 712 584 2l5)
765 512 868 577 viri
896 513 1040 568 docti
1068 512 1206 567 bene
1249 511 1624 566 observarunt.
1654 507 1772 574 Quo
1797 506 2016 578 quidem

416 607 730 663 turbulento
757 622 820 664 ac
834 607 1148 662 calamitoso
1174 615 1417 677 tempore
1447 614 1554 660 tam
1576 603 1848 659 laborioso
1868 601 2016 670 operi

415 717 542 759 eum
577 716 768 757 vacare
798 703 1036 770 potuisse
1055 743 1070 766 ,
1098 701 1278 756 nullus
1299 698 1456 755 facile
1481 697 1700 754 dixerit.
1730 695 1848 768 Ipse
1877 694 2020 750 cele-

416 795 689 852 berrimu‘s
745 794 1072 861 Dodwellus,
1123 796 1215 866 qui
1256 809 1350 850 sua
1409 809 1554 864 saepe
1602 793 1778 848 vineta
1836 777 2014 856 euadit,

416 888 521 943 hoc
555 887 808 959 agnovit,
836 902 899 943 ac
941 887 1038 943 diu
1061 897 1185 943 ante
1210 903 1260 943 a.
1295 887 1448 944 CCII.
1475 887 1738 943 Stromata
1765 887 1862 941 ista
1883 899 2013 940 exa-

413 990 532 1036 rata
586 979 752 1035 fuisse
808 980 1051 1051 pluribus
1122 980 1418 1036 rationibus
1472 979 1611 1035 binis
1658 979 1792 1034 locis
1839 977 2021 1034 docuit

413 1073 586 1145 (Diss.
636 1072 758 1129 III.
811 1075 866 1129 in
920 1074 1198 1141 Irenaeum,
1232 1073 1260 1146 ᾗ
1300 1072 1550 1128 XXVII.
1580 1091 1633 1146 p.
1689 1073 1818 1140 276,
1850 1089 1918 1135 s;
1973 1081 2019 1126 et

413 1165 559 1222 Diss.
591 1167 656 1223 tle
680 1166 901 1223 Roman.
932 1168 1134 1240 Pontif.
1164 1169 1409 1239 prinueva
1440 1169 1775 1234 successione,
1805 1185 1851 1222 ε.
1885 1165 2012 1234 XV,

405 1258 449 1333 ’ᾗ
477 1260 582 1327 IV,
617 1279 672 1333 p.
703 1261 880 1333 209.).
915 1262 1068 1331 Quod
1116 1263 1296 1334 itaque
1317 1256 1584 1335 pr'a'cipue
1623 1263 1779 1318 nobis
1827 1270 2018 1333 optan-

409 1357 539 1428 dum
565 1365 716 1423 erat,
749 1356 800 1411 id
847 1357 1125 1412 consecuti
1147 1373 1354 1414 sumus.
1389 1358 1560 1413 Reum
1593 1356 1852 1412 habemus
1877 1370 2011 1410 cono

413 1448 678 1506 fitentem.
701 1451 854 1518 Quod
883 1453 927 1505 si
957 1466 1063 1506 non
1096 1451 1322 1506 multum
1351 1458 1607 1522 provecto
1633 1448 1887 1506 SEVERI
1913 1449 2012 1504 im-

411 1543 567 1615 peric
592 1542 846 1600 Clemens
897 1544 1153 1615 scripsit,
1179 1546 1381 1601 erroris
1421 1560 1544 1601 esse
1587 1560 1743 1612 reos,
1770 1545 1858 1617 qui
1887 1553 2012 1601 ante

415 1632 645 1690 a.‘CCll.
669 1635 1006 1692 vexationem
1051 1637 1282 1708 empisse
1309 1637 1740 1692 Christianorum
1773 1646 2005 1708 negant,

410 1726 744 1798 exploratum
765 1737 868 1782 est.
894 1727 1081 1784 Ctedes
1107 1730 1248 1784 enim
1281 1744 1342 1784 ac
1364 1730 1622 1800 supplicia
1649 1727 1868 1784 fratrum
1885 1728 2012 1784 scri-

2129 508 2321 575 Quinta
2361 521 2477 582 post
2526 511 2785 569 Neronem
2812 518 3159 587 persecutione
3199 517 3516 574 Christianos
3542 535 3722 574 excru-

2122 604 2271 658 ciavit
2295 619 2314 657 :
2341 605 2648 677 plurimique
2689 618 2980 664 sanctorum
3030 627 3119 680 per
3158 611 3382 666 diversas
3431 611 3720 681 provincias

2123 696 2374 766 martyrio
2393 700 2622 752 coronati
2646 711 2783 754 sunt.
2808 700 2958 756 Hanc
2983 703 3299 773 prapltanam
3327 704 3379 758 in
3403 703 3721 759 Christianos

2117 796 2164 842 et
2192 787 2471 844 Ecclesiant
2515 791 2612 846 Dei
2639 796 3080 865 praesumptionem
3110 794 3284 850 Severi
3303 839 3318 863 ,
3349 796 3566 872 caelestis
3591 796 3719 851 ultio

2120 900 2149 938 e
2175 885 2380 956 vestigio
2408 896 2525 941 acta
2548 888 2888 958 subsequitur.
2924 889 2976 943 Ν
2982 908 3063 944 am
3091 892 3330 946 continuo
3357 893 3557 961 rapitur
3577 933 3590 956 ,
3639 891 3720 946 vel

2127 979 2297 1049 potius
2323 982 2600 1036 retrahitur
2623 983 2675 1037 in
2711 983 2936 1038 Galliam
2957 983 3174 1040 Severus
3191 1001 3217 1039 e
3243 983 3399 1056 Syria
3428 985 3496 1038 ad
3516 985 3719 1040 tertiunt

2121 1072 2267 1127 civile
2299 1073 2502 1129 bellum.
2541 1075 2711 1132 Unum
2746 1078 2859 1149 jam
2881 1078 3015 1132 enint
3063 1077 3238 1133 Romae
3261 1079 3504 1134 adversus
3540 1077 3716 1132 Julia-

2122 1181 2246 1219 nunt
2271 1206 2286 1232 ,
2321 1165 2466 1220 aliud
2495 1169 2547 1222 in
2579 1168 2736 1239 Syria
2762 1180 2940 1224 contra
2967 1169 3304 1227 Pescenniunt
3329 1180 3549 1241 gesserat
3577 1187 3594 1224 :
3618 1179 3718 1226 ter-

2119 1259 2248 1313 tium
2275 1257 2488 1316 Clodius
2510 1261 2722 1318 Albinus
2759 1262 2966 1319 Iuliani
3000 1265 3052 1319 in
3082 1264 3354 1319 occidendo
3399 1263 3718 1320 Pertinacem

2115 1353 2286 1407 socius
2309 1395 2323 1420 ,
2355 1355 2442 1425 qui
2479 1355 2608 1410 sein
2661 1355 2832 1412 Gallia
2867 1357 3119 1413 Cwsarem
3167 1363 3391 1431 fecerat,
3417 1360 3715 1414 suscitabat.

2113 1443 2318 1502 Idcirco
2360 1445 2564 1504 Numen
2595 1449 2852 1516 voluisse,
2908 1459 2966 1506 ut
3013 1452 3247 1522 quietem
3300 1452 3506 1523 imperii
3538 1451 3719 1507 ALBI-

2113 1534 2251 1594 NUS
2282 1538 2558 1608 turbaret,
2606 1541 2721 1609 ait,
2772 1542 2912 1614 quod
2959 1543 3010 1598 in
3039 1543 3374 1599 Christianos
3404 1542 3719 1602 SEVERUS

2114 1629 2302 1688 fuisset
2328 1632 2573 1703 injurias.
2610 1635 2865 1706 Equidem
2908 1651 3013 1691 non
3057 1640 3101 1690 is
3145 1651 3262 1692 sum
3288 1679 3303 1702 ,
3329 1638 3418 1707 qui
3465 1619 3716 1693 Orosium

2115 1739 2325 1782 summa
2355 1727 2457 1784 fide
2486 1729 2802 1800 scriptorem
2825 1745 2944 1786 esse
2971 1739 3171 1801 putem.
3197 1730 3382 1802 Neque
3402 1731 3565 1786 etiam
3585 1747 3706 1786 om-

407 1819 556 1876 benti
586 1822 656 1876 ob
687 1822 874 1877 oculos
901 1823 1140 1893 quotidie
1166 1825 1538 1879 versabantur.
1572 1824 1650 1878 En
1673 1839 1794 1893 qua:
1826 1823 1968 1878 dicat
1994 1840 2007 1878 :
2045 1847 2093 1906 Β
2123 1819 2214 1873 nia'
2235 1860 2250 1886 ,
2280 1835 2400 1890 qna:
2425 1820 2512 1876 hic
2535 1831 2753 1888 narrat,
2785 1839 2902 1878 mea
2935 1822 3092 1878 facio.
3119 1823 3335 1880 Testem
3364 1824 3481 1895 ejus
3510 1834 3715 1881 tantum

409 1919 524 1983 ἡμῖν
544 1918 594 1969 δὲ
613 1921 803 1985 ripae-tot
820 1921 1068 1988 μαρτύρων
1089 1920 1463 1989 πηγαὶὲκέιςτης
1487 1924 1746 1988 ἡμέρας,ὶν
1761 1923 2016 1988 apsumi;

410 2017 540 2078 ἡμῶν
563 2017 888 2080 dempsit/iuvat,
940 2016 1342 2081 παροπτὼμένων,
1371 2015 1892 2080 ἀνασκινδυλσυομὲνων,
1925 2017 2012 2074 τὰς

405 2108 608 2172 κεφαλὰς
633 2100 1018 2171 ἀποτεμνομξνών
1057 2103 1401 2175 (Stromatum
1430 2101 1585 2156 Libro
1611 2101 1692 2155 II.
1727 2120 1780 2173 ρ.
1805 2101 1959 2174 494.)
1993 2121 2007 2158 ε

405 2189 574 2247 Nobis
599 2205 769 2248 autent
795 2205 910 2249 sunt
937 2195 1163 2263 quotidie
1204 2195 1551 2249 redundantes
1580 2205 1862 2267 martyrum
1889 2195 2005 2265 fon-

404 2294 479 2340 tes
498 2328 512 2351 ,
545 2287 632 2356 qui
657 2288 844 2342 nostris
873 2296 1167 2357 spectantur
1196 2288 1358 2343 oculis
1379 2331 1392 2353 ,
1426 2289 1512 2359 qui
1559 2291 1876 2356 torrentur,’
1900 2299 2005 2344 tor-

403 2387 624 2448 quentur
651 2388 698 2432 et
722 2380 887 2449 capite
911 2379 1235 2436 trutinantur.
1264 2380 1646 2452 Respondeant
1675 2381 1782 2450 hic,
1815 2381 2008 2452 quibus

407 2469 677 2526 Dodwolli
738 2481 1004 2543 pra-cepta
1064 2473 1218 2545 sequi
1277 2473 1571 2544 gloriosum
1643 2473 1890 2540 ducitur,
1943 2489 2006 2530 ac

331 2625 340 2632 κ
401 2572 529 2624 ante
550 2564 727 2618 omnia
759 2564 930 2619 virum
957 2581 1079 2620 enm
1104 2581 1164 2621 sc
1186 2567 1302 2636 ipso
1329 2567 1635 2621 concilient.
1666 2566 1834 2633 Fatis,
1862 2567 2002 2638 quod

403 2660 556 2731 pueri
611 2671 852 2728 norunt,
910 2675 972 2717 ea
1013 2642 1210 2727 nocte,
1268 2676 1387 2733 qum
1441 2676 1611 2716 annos
1674 2659 1875 2718 CXCII.
1947 2671 2002 2718 et

397 2751 627 2808 CXCIII.
679 2754 1017 2824 scjungebat,
1059 2753 1318 2810 satisfecit
1365 2752 1757 2810 COMMODUS.
1815 2754 1998 2826 Scrip-

400 2845 534 2900 scrit
584 2845 838 2902 Clemens
911 2847 1140 2916 primum
1207 2862 1361 2902 suum
1418 2848 1610 2902 librum
1655 2848 1824 2903 trihns
1882 2859 2004 2920 post

400 2946 630 2994 mortem
659 2938 776 3008 ejus
823 2941 1086 3004 annis,-a.
1118 2939 1318 2995 CXCV.
1346 2939 1756 2997 lntercesserint
1781 2942 1996 3010 iterum,

398 3029 452 3086 id
473 3031 613 3102 quod
645 3038 821 3086 tamen
866 3030 1009 3085 haud
1039 3031 1328 3098 verisimile
1358 3042 1475 3100 est,
1523 3033 1629 3108 duo
1659 3049 1826 3104 prope
1868 3037 1996 3090 anni

398 3123 542 3180 inter
586 3124 814 3194 primum
874 3133 929 3179 et
989 3124 1284 3180 seetmdum
1340 3125 1661 3180 Stramatunt
1715 3127 1994 3183 volumen.

2121 1926 2240 1967 esse
2259 1912 2452 1982 cupio,
2495 1913 2639 1985 quod
2669 1931 2770 1970 suo
2816 1925 3060 1988 tempore
3087 1917 3300 1988 opinio,
3334 1933 3491 1990 quam
3523 1930 3710 1988 tueor,

2118 2005 2478 2062 communiter
2500 2016 2712 2078 recepta
2731 2006 2910 2063 fuerit.
2934 2008 2988 2064 Si
3013 2025 3116 2079 qua
3137 2010 3269 2066 fides
3296 2012 3713 2080 narrationibus,

2115 2112 2248 2169 quas
2299 2114 2330 2153 a
2373 2099 2668 2169 majoribus
2717 2100 2940 2156 traditas
2987 2104 3332 2174 accepimus,
3370 2104 3493 2160 huic
3519 2107 3710 2173 etiam,

2069 2233 2076 2238 .
2113 2192 2240 2262 quin
2267 2191 2442 2262 aliqua
2469 2207 2590 2248 esse
2619 2192 2832 2258 debeat,
2861 2194 3038 2249 nullus
3056 2194 3339 2251 dubitabit.
3373 2196 3706 2268 Ahjeeissetn

2113 2285 2358 2356 protinus
2383 2286 2649 2341 hominem
2673 2328 2687 2349 ,
2718 2286 2875 2356 cujus
2907 2285 3189 2342 manifesta
3221 2288 3380 2353 nitnis
3406 2287 3591 2344 fuisset
3617 2304 3712 2344 su-

2112 2378 2358 2448 perstitio
2381 2421 2396 2445 ,
2426 2380 2470 2432 si
2519 2379 2759 2434 omnium
2806 2379 3026 2434 omnino
3053 2380 3315 2436 bellorum
3336 2423 3350 2448 ,
3385 2381 3545 2437 etiam
3587 2397 3710 2438 cum

2109 2467 2324 2524 Juliano
2376 2478 2432 2526 et
2480 2469 2648 2541 Nigro
2700 2479 3016 2541 gestorum,
3046 2487 3290 2528 caussam
3346 2460 3606 2528 suav-itiam
3657 2475 3709 2529 in

2109 2561 2446 2618 Christianos
2473 2563 2718 2618 dixisset.
2750 2562 2868 2618 Jam
2897 2556 3002 2620 nan
3035 2581 3254 2636 prorsus
3279 2565 3548 2638 despicio,
3577 2582 3712 2639 quo-

2105 2655 2248 2710 niam
2301 2656 2604 2729 religiosius
2633 2659 2862 2713 in5tituit
2885 2701 2899 2725 ,
2934 2675 3033 2715 nec
3062 2660 3128 2715 de
3170 2661 3442 2732 suppliciis
3484 2659 3707 2716 fratrum

2105 2765 2320 2822 semper
2374 2752 2640 2820 somniat,
2713 2767 2834 2807 cum
2882 2752 3026 2809 bello
3069 2755 3254 2811 orbem
3300 2764 3561 2810 terrarum
3611 2753 3708 2808 Ila-

2104 2860 2288 2916 Bl'asse
2318 2845 2584 2916 intelligit.
2626 2857 2635 2882 τ
3335 2847 3341 2851 .

2176 2937 2342 3011 §VII.
2370 2939 2592 3008 —-Qu:e
2638 2940 2921 3015 hucusque
2969 2941 3238 3008 disserui,
3289 2950 3432 2996 tanta
3483 2940 3703 3012 priedita

2101 3046 2224 3089 esse
2252 3033 2484 3095 arbitror
2533 3035 2914 3106 perspicuitate
2959 3050 3024 3092 ac
3066 3034 3337 3091 evidentia
3365 3076 3381 3102 ,
3440 3044 3498 3090 ut
3549 3035 3600 3089 in
3643 3050 3705 3091 se

2102 3123 2276 3195 ipsum
2308 3125 2522 3196 iniquus
2549 3126 2758 3182 futurus
2783 3127 2886 3191 sit,
2917 3127 3007 3199 qui
3030 3127 3314 3183 contrariis
3341 3128 3393 3182 in
3426 3136 3701 3198 posterum

396 3214 776 3283 Nihilominus,
799 3216 908 3286 jam
945 3232 996 3271 a.
1029 3216 1278 3272 CXCVII.
1323 3217 1599 3298 pulchram
1657 3217 1999 3275 Alexandria:
2025 3210 2068 3273 C
2105 3216 2342 3285 partibus
2372 3233 2432 3272 se
2460 3217 2796 3290 adiungeret.
2829 3218 2884 3276 Si
2917 3235 3006 3274 res
3035 3220 3107 3274 ita
3158 3219 3481 3295 postularet,
3533 3221 3693 3292 longe

397 3324 584 3367 eorum
611 3311 889 3364 cohortem
939 3311 1308 3374 inveniemus,
1354 3324 1476 3379 qua:
1506 3312 1608 3366 hoc
1658 3310 1997 3380 inSpcctante

396 3412 672 3478 cruentam
698 3416 792 3472 pro
817 3401 1235 3458 SERVATOIIE
1258 3410 1486 3458 mortem
1514 3402 1862 3473 oppetierint.
1897 3402 1997 3459 Hic

395 3508 527 3550 vero
580 3510 802 3550 acumen
851 3494 1068 3549 Baronii
1133 3494 1316 3550 mirari
1375 3494 1568 3562 liceat,
1614 3494 1704 3566 qui
1761 3494 1830 3550 ob
1881 3495 1997 3550 haec

396 3585 690 3644 Clementis
730 3587 890 3644 verba
931 3587 1096 3642 libros
1139 3587 1256 3658 ejus
1297 3596 1417 3657 post
1459 3587 1724 3642 decimum
1746 3585 1996 3643 SEVERI

396 3662 598 3738 annum
625 3682 1143 3753 conscriptos—fuisse
1172 3690 1468 3736 asseverat.
1502 3680 1772 3747 Craterum,
1821 3681 1995 3750 inquit

394 3779 633 3851 (Annal.,
674 3778 812 3832 Tant.
865 3776 950 3832 II.
981 3779 1049 3831 ad
1089 3794 1140 3831 a.
1174 3775 1417 3833 CXCVI.
1449 3795 1500 3832 η.
1546 3776 1735 3835 XXII.
1770 3794 1822 3846 ῃ.
1863 3776 1990 3845 278,

393 3868 566 3939 279.).
592 3887 707 3925 cum
729 3879 921 3925 constet
967 3871 1020 3924 in
1040 3868 1511 3946 ipsis.Strontatum
1541 3869 1685 3924 libris
1733 3870 1795 3923 de
1820 3869 1995 3925 Chris-

392 3964 646 4018 tianorum
689 3964 1033 4034 persecutione
1081 3972 1201 4017 tunc
1248 3963 1445 4034 vigente
1497 3964 1800 4046 mentionem
1840 3962 1990 4031 ﬁeri,

392 4056 657 4124 afﬁrmare
703 4071 904 4110 necesse
952 4066 1055 4121 est,
1101 4057 1272 4126 ipsum
1321 4064 1433 4125 post
1492 4070 1683 4109 annum
1741 4054 1990 4108 decimum

393 4145 674 4202 SEVERI
723 4149 1004 4219 scripsisse.
1057 4147 1338 4219 Indignum
1391 4148 1678 4202 Annalium
1726 4147 1994 4218 scriptore

387 4239 646 4311 judicium
671 4243 684 4296 Ξ
710 4236 1053 4296 Obliviscitur
1084 4243 1162 4296 vir
1192 4241 1588 4297 illustrissimus
1615 4255 1800 4296 eorum
1822 4282 1836 4305 ,
1869 4255 1989 4311 quin

393 4352 515 4392 mox
563 4341 678 4406 ipse
706 4335 1024 4392 defensurus
1069 4345 1219 4401 erat,
1249 4334 1358 4405 jam
1425 4350 1475 4388 a.
1518 4333 1791 4391 CXCVIII.
1827 4333 1986 4397 Plau-

394 4432 537 4487 tiano
584 4433 890 4502 instigante,
923 4430 1241 4486 Christianis
1291 4429 1513 4500 injurias
1561 4429 1728 4484 fuisse
1773 4427 1981 4490 illatas,

389 4539 496 4594 quo
518 4524 733 4578 nomine
756 4523 1023 4594 duplicem
1051 4523 1340 4579 committit
1355 4510 1618 4576 errorem.
1639 4520 1986 4576 Recentiores

392 4617 521 4674 facit
549 4626 604 4674 et
633 4617 1056 4674 Chrisﬁanorutn
1087 4617 1330 4672 miserias
1352 4656 1367 4677 ,
1399 4629 1558 4686 quam
1588 4614 1702 4684 ipse
1733 4605 1984 4684 putabat,

389 4719 443 4766 et
464 4711 757 4767 Clementis
779 4711 964 4776 libros,
979 4725 1138 4780 quam
1164 4699 1344 4764 rerum
1378 4706 1636 4778 permittit
1655 4706 1910 4762 conditio.

461 4801 513 4874 ς.
548 4801 612 4857 Vl
640 4832 711 4843 ——
755 4800 950 4858 Nescio
1001 4817 1068 4856 an
1101 4802 1182 4854 his
1225 4799 1348 4854 addi
1381 4808 1684 4863 mereatur,
1717 4798 1786 4852 ita
1843 4796 1984 4851 anti-

387 4897 567 4967 quitus
610 4897 717 4968 jam
772 4897 937 4953 fuisse
983 4895 1278 4957 creditum,
1331 4892 1530 4949 dudum
1579 4901 1702 4948 ante
1750 4907 1801 4946 a.
1833 4890 1981 4947 CCII.

386 4989 722 5046 Christianos
755 4991 855 5046 suh
883 4989 1158 5046 SEVERO
1184 4988 1480 5058 exagitatos
1509 4985 1715 5042 fuisse?
1739 4986 1839 5055 Qui
1871 5000 1984 5039 ma-

379 5084 561 5156 jorum
589 5085 964 5140 traditionibus
997 5099 1102 5139 non
1131 5096 1347 5138 omnem
1375 5079 1598 5136 demunt
1621 5079 1776 5134 Iidem
1795 5121 1810 5144 ,
1842 5078 1982 5134 hanc

385 5195 492 5237 non
543 5179 754 5252 penitus
801 5179 1231 5235 observationem
1290 5185 1566 5247 spernent.
1615 5173 1835 5229 Paulum
1886 5172 1985 5244 igi-

386 5284 474 5331 tur
495 5275 770 5340 Orosinm,
802 5273 971 5346 quinti
1027 5272 1206 5328 saeculi
1257 5270 1571 5340 scriptorem
1599 5307 1614 5332 ,
1649 5266 1937 5337 producam
1963 5307 1980 5334 ,

383 5370 510 5440 qui,
542 5379 827 5441 antequam
880 5363 1171 5423 ALBINES
1215 5379 1300 5420 res
1349 5377 1516 5418 novas
1567 5359 1878 5426 moliretur,
1925 5372 1977 5412 a.

383 5463 664 5519 minimum
721 5461 953 5528 CXCVI,
1020 5474 1236 5529 gravem
1284 5455 1612 5514 SEVERUM
1656 5453 1978 5511 Christianis

383 5553 550 5611 fuisse
595 5555 756 5610 tradit
798 5552 1121 5624 (Historiar.
1166 5550 1320 5605 Libro
1376 5547 1510 5605 VII.
1574 5565 1624 5605 ε.
1681 5546 1879 5603 XVII.
1921 5564 1975 5617 p.

382 5647 508 5704 διε.
542 5647 780 5720 Mogunt.
815 5645 1103 5714 I615.8.).
1140 5643 1312 5699 Verba
1360 5643 1474 5699 haec
1501 5650 1648 5708 sunt,
1686 5656 1807 5712 quze
1847 5639 1982 5695 Tre-

379 5740 609 5814 culpbus
657 5738 1008 5796 Lexoviensis
1046 5737 1066 5807 (
1099 5736 1468 5792 Cltronicarum
1517 5733 1667 5790 Tom.
1720 5731 1808 5788 II.
1862 5731 1976 5788 Lib.

380 5834 468 5894 II.
499 5851 546 5892 c.
593 5832 732 5892 XXI
750 5833 808 5891 V.
839 5851 892 5905 p.
923 5831 1049 5890 488.
1102 5830 1186 5888 ed.
1218 5827 1406 5888 Genev.
1449 5827 1610 5886 1597.
1661 5828 1717 5885 in
1739 5824 1848 5912 8.),
1874 5841 1980 5885 sac-

2101 3309 2255 3380 plura
2305 3311 2596 3381 potuissem
2659 3311 2941 3382 proferre;
2987 3327 3142 3383 quin,
3174 3327 3297 3367 cum
3353 3311 3498 3367 nullo
3539 3312 3698 3367 modo

2102 3403 2334 3475 flagitet,
2390 3405 2520 3459 mihi
2576 3405 2630 3460 in
2661 3405 2805 3460 aliud
2857 3416 3066 3476 tempus
3118 3420 3359 3460 reservo.
3390 3403 3580 3460 Omnia
3611 3405 3690 3460 sic

2100 3495 2298 3551 cadunt
2322 3538 2336 3562 ,
2363 3511 2483 3568 qua:
2523 3512 2626 3552 non
2657 3499 2776 3553 sine
2811 3497 3013 3553 sudore
3059 3497 3278 3552 forsitan
3325 3512 3424 3568 pro
3475 3497 3696 3552 rationi-

2100 3588 2198 3644 bus
2227 3591 2340 3644 suis
2393 3589 2622 3645 celebris
2655 3590 2962 3646 Dodwellus
3013 3576 3352 3661 excogitavit.
3385 3589 3694 3646 TERTUL-

2097 3679 2359 3737 LIANUM
2391 3683 2565 3753 primo
2595 3683 2748 3738 nobis
2777 3683 2862 3739 ille
2887 3683 3096 3752 eripere
3124 3693 3369 3738 conatur.
3417 3683 3689 3738 In‘tellexit

2097 3774 2240 3829 enim
2291 3774 2343 3828 in
2373 3776 2754 3847 Apologeticum
2783 3773 3114 3832 SEVEliUl-I
3159 3790 3348 3831 eorum
3402 3773 3692 3830 excludere

2098 3883 2344 3934 numero,
2379 3868 2467 3945 qui
2498 3868 2758 3924 violentas
2789 3867 3110 3922 Christianis
3132 3883 3323 3923 manus
3348 3867 3686 3932 intulissent;

2096 3963 2236 4027 etsi,
2290 3977 2409 4033 qua:
2441 3977 2541 4017 nos
2586 3962 2922 4018 excussimus
2948 4003 2963 4028 ,
3018 3961 3434 4033 illustria—plane
3466 3961 3579 4016 loca
3621 3977 3688 4018 ne

2097 4064 2277 4127 tangat
2303 4054 2544 4126 quidem.
2568 4055 2704 4124 Quid
2734 4042 2860 4110 vero
2882 4055 3078 4110 exinde
3107 4070 3230 4127 eum
3259 4053 3516 4125 colligere
3543 4055 3688 4110 cxis-

2097 4147 2460 4202 timas?\’ide
2509 4156 2566 4202 et
2615 4147 2834 4202 mirare.
2893 4146 3116 4202 Decreta
3175 4146 3518 4217 imperatoris
3575 4155 3686 4201 tum
3743 4172 3748 4178 -

2093 4239 2308 4310 quidem
2333 4238 2442 4308 jam
2467 4248 2672 4308 rogata,
2702 4237 2794 4293 sed
2827 4239 2994 4293 ineas
3025 4247 3205 4307 partes
3225 4280 3238 4303 ,
3269 4237 3357 4292 ubi
3380 4236 3689 4294 TERTUL-

2093 4329 2342 4387 ΜΛΝυὸ
2367 4331 2617 4402 degebat,
2653 4333 2854 4402 perlata
2879 4348 2984 4386 non
3036 4331 3201 4386 fuisse
3228 4330 3394 4402 (Diss.
3429 4331 3678 4403 Cypriani.

2090 4422 2198 4478 XI.
2244 4423 2270 4494 θ
2321 4423 2412 4479 tt.
2462 4443 2514 4495 p.
2574 4405 2712 4490 69$).
2769 4423 3182 4496 Magnitudinem
3229 4423 3478 4479 videlicet
3525 4423 3685 4479 inise-

2092 4518 2290 4572 riarum
2315 4515 2617 4573 diminnere
2642 4516 2891 4580 omnibus
2913 4515 3115 4570 viribus
3135 4524 3378 4571 conatur.
3409 4515 3680 4586 Frigidum

2090 4624 2218 4664 vero
2238 4610 2504 4664 somnium
2530 4610 2544 4664 ι
2574 4612 2719 4680 quod
2748 4609 3006 4667 fortassis.
3039 4624 3106 4663 ne
3134 4609 3198 4663 iis
3225 4608 3442 4679 quidem
3470 4607 3680 4661 arride-

2069 4702 2185 4768 bit,
2243 4703 2332 4773 qui
2382 4702 2607 4757 Romani
2659 4700 2868 4772 imperii
2921 4709 3119 4756 statum
3163 4699 3426 4771 ignorant.
3477 4701 3544 4753 At
3573 4713 3680 4752 non

2087 4796 2266 4850 minus
2322 4796 2374 4850 in
2415 4794 2753 4864 explodendo
2815 4809 2883 4850 eo
2949 4792 3171 4864 frigidus
3215 4792 3506 4846 Ruinartus
3561 4799 3678 4856 est,

2087 4890 2175 4960 qni
2202 4931 2218 4956 ,
2246 4890 2290 4943 si
2319 4905 2426 4958 qtto
2467 4888 2586 4943 loco
2608 4929 2624 4954 ,
2681 4887 2765 4943 hic
2799 4899 2907 4942 tum
2954 4887 3094 4942 inter
3120 4887 3270 4942 nives
3306 4885 3524 4956 gallicas
3553 4900 3678 4941 ver-

2085 4991 2234 5036 satus
2263 4979 2426 5036 fuisse
2469 4980 2679 5035 videtur
2728 4978 2917 5052 (Praef.
2969 4981 3038 5034 ad
3062 4979 3190 5033 Acta
3231 4977 3388 5033 Mart.
3420 4977 3559 5033 Sect.
3586 4976 3676 5033 II.

2089 5072 2117 5146 §
2171 5073 2264 5140 4t,
2321 5074 2413 5140 45,
2453 5092 2506 5145 p.
2551 5073 2638 5138 46,
2675 5071 2960 5144 C.).Loeis
2985 5071 3301 5142 quibusdam
3335 5071 3679 5126 tumultuarie

2085 5169 2411 5225 coacervatis
2443 5167 2599 5238 longe
2645 5168 2858 5238 lateque
2887 5174 3164 5221 extensam
3222 5164 3388 5218 fuisse
3417 5179 3674 5234 persecu-

2085 5261 2287 5317 tionem
2315 5259 2491 5316 doeet.
2513 5243 2663 5328 Quid
2707 5274 2834 5315 vero
2863 5260 2963 5313 hoc
2987 5257 3055 5312 ad
3105 5256 3366 5314 DOtIWclli
3394 5256 3673 5332 argutias?

2085 5353 2175 5425 qui
2231 5367 2346 5422 non
2391 5353 2494 5408 hoc
2543 5352 2804 5423 negabat,
2849 5349 2946 5405 sed
2981 5363 3101 5404 non
3147 5358 3255 5403 tam
3310 5349 3573 5405 immanes
3623 5348 3676 5404 in

2085 5447 2336 5522 omnibus
2367 5445 2658 5518 provinciis
2697 5443 2862 5499 fuisse
2901 5457 3066 5500 ausus
3092 5443 3408 5510 contendit,
3443 5459 3509 5499 eo
3533 5444 3678 5514 quod

2083 5541 2205 5598 lata:
2235 5541 2302 5598 ab
2327 5543 2648 5612 imperatore
2677 5539 2826 5610 leges
2841 5539 2906 5594 ad
2923 5554 3113 5596 omnes
3142 5539 3678 5610 non~pcrvenisscnt.

2083 5635 2139 5693 Si
2171 5635 2295 5708 quid
2324 5635 2510 5701 video,
2561 5634 2759 5689 certius
2795 5635 2864 5690 ab
2902 5633 3002 5690 hac
3031 5633 3338 5696 detorsione
3368 5632 3680 5689 TERTUL-

2085 5728 2348 5787 LIANUM
2375 5727 2659 5783 vindicavi.
2687 5727 2801 5784 Duo
2824 5727 2929 5783 alia
2961 5726 3216 5799 deinceps
3252 5728 3564 5785 testimonia
3596 5737 3678 5783 at-

2083 5822 2210 5894 tuli,
2261 5837 2411 5894 quae,
2461 5820 2507 5881 si
2551 5820 2770 5888 omnia,
2821 5819 2873 5877 id
2909 5821 3049 5894 quod
3098 5819 3213 5879 fieri
3263 5820 3422 5894 plane
3451 5817 3673 5892 nequit,
