4150 6352
476 382 578 442 551

1658 373 1749 432 DE
1789 365 2041 431 IETATE
2083 365 2350 430 APOLOG
2360 363 2534 430 ETICI

3666 363 3772 427 552

475 495 610 552 BINI
667 469 869 553 bellum
912 494 964 549 iu
1017 491 1188 549 Gallia
1242 499 1570 549 commotum
1637 491 1899 562 scriptum
1947 503 2066 544 esse
2094 489 2285 550 ANon
2315 490 2482 544 multo
2520 503 2648 554 vero
2674 496 2792 559 post
2820 485 2870 543 in
2920 484 3147 544 Calliam
3175 485 3498 544 SEVERUS
3540 485 3766 542 sicarios

477 589 669 646 librum
695 587 1202 644 demonstrabimus.
1233 585 1349 642 Fiet
1376 586 1426 640 id
1449 601 1548 656 ope
1571 584 1671 640 loci
1705 584 1883 654 hujus.
1910 597 2070 654 quem

480 679 726 736 exhibeo.
757 679 897 734 Nihil
925 695 1157 750 unquam
1201 679 1253 732 in
1306 676 1602 749 principum
1657 677 1830 747 capita
1861 676 2074 730 molitos

481 788 602 830 esse
623 783 784 829 secta:
810 773 1115 828 christianm
1142 772 1318 827 socios
1345 773 1471 826 dum
1504 771 1583 825 vir
1612 769 1920 841 ingeniosus
1946 784 2075 824 cou-

477 866 688 933 tendit,
748 867 824 920 sic
870 865 1012 922 inter
1067 865 1170 920 alia
1223 865 1486 921 exclamat
1539 862 1706 935 (Cap.
1747 862 1982 929 XXXV,
2018 880 2071 932 p.

475 958 666 1029 5000.)
689 975 702 1012 τ
724 958 871 1014 Unde
884 957 1048 1013 Cassii
1074 967 1119 1013 et
1148 957 1302 1030 Nigri
1315 968 1361 1012 et
1381 955 1544 1011 ALBI
1555 954 1668 1010 NI?
1685 955 1832 1010 Unde
1844 957 1930 1026 qui
1945 957 2076 1009 inter

482 1055 613 1108 duas
640 1053 815 1108 lauros
841 1053 1070 1108 obsident
1099 1051 1391 1108 Ccesarem?
1431 1050 1510 1106 De
1536 1049 1782 1106 Romanis
1803 1092 1816 1115 ,
1846 1051 1944 1104 nisi
1975 1050 2076 1122 ful-

479 1145 558 1199 lor
581 1186 596 1208 ,
629 1147 682 1199 id
708 1155 778 1199 est
804 1187 818 1211 ,
847 1145 910 1198 de
936 1162 1036 1199 non
1053 1140 1366 1200 christianis.
1398 1144 1672 1199 Prmterita
1702 1142 1909 1212 imperii
1940 1141 2075 1196 tuala

483 1236 806 1308 prmsidihus
833 1238 884 1292 in
918 1238 1232 1293 memoriam
1256 1236 1360 1292 hoc
1389 1237 1507 1292 loco
1534 1245 1782 1301 revocat,
1814 1234 2080 1306 pericula-

480 1344 587 1402 que
615 1373 629 1396 ,
674 1330 869 1400 quibus
899 1331 1252 1401 Imperatores
1293 1329 1518 1385 feliciter
1545 1329 1781 1384 defuncti
1815 1329 1920 1383 sint
1941 1369 1955 1394 ,
1992 1344 2078 1383 re-

480 1431 687 1479 censet.
722 1422 780 1477 In
810 1423 900 1478 'Iiis
930 1425 1197 1495 praecipue
1239 1424 1521 1478 tumultum
1551 1422 1620 1477 ab
1651 1420 1902 1476 ALBINO
1929 1421 2077 1475 exci-

486 1523 654 1570 talum
703 1526 988 1572 memorat.
1023 1515 1100 1570 Ad
1137 1516 1422 1571 certiorem
1469 1515 1648 1585 itaque
1698 1515 1974 1570 scientiam
2011 1513 2088 1569 nil

485 1610 718 1680 amplius
766 1610 1092 1681 requiritur,
1139 1626 1298 1680 quam
1350 1618 1444 1675 ut,
1477 1623 1583 1677 quo
1625 1622 1766 1674 anno
1817 1607 2086 1664 Albiniani

481 1701 535 1758 hi
568 1714 793 1760 conatus
818 1705 1112 1775 compressi
1143 1704 1252 1757 sint
1275 1745 1288 1768 ,
1331 1701 1714 1773 disqttiramus.

482 1836 484 1838 -
556 1797 584 1870 ᾗ
609 1797 724 1852 XII.
741 1797 1024 1854 Enimvero
1048 1799 1168 1852 n0vi
1186 1797 1272 1852 hic
1289 1797 1563 1852 circuitus.
1586 1796 1854 1851 Dissident
1872 1795 1931 1860 ii,
1950 1807 2087 1864 quo.

2183 584 2462 649 mittebat,
2517 584 2669 655 qui,
2698 597 2950 652 nequem
2998 592 3240 653 augusta:
3285 583 3560 653 dignitatis
3606 595 3768 652 porro

2183 675 2403 731 haberet
2445 676 2674 742 socium,
2702 673 3002 732 ALBINO-III
3031 673 3100 729 de
3131 673 3307 730 medio
3330 674 3598 730 tollerent.
3629 673 3774 729 Prat-

2181 778 2263 824 ter
2305 769 2680 842 Ilcrodianum
2717 768 3035 836 (llistoriar.
3086 768 3201 822 Lib.
3251 767 3370 823 Ill.
3401 786 3449 823 c.
3488 767 3578 837 V.,
3619 786 3674 840 ρ.
3703 783 3776 825 ut.

2182 863 2358 931 135.),
2386 859 2496 932 ipsa
2543 861 2796 918 SEVERI
2847 861 2912 916 ad
2965 860 3268 918 ALBINUM
3313 861 3573 932 epistola,
3619 877 3780 933 quam

2180 954 2590 1026 percussoribus
2645 955 2693 1009 ei
2751 954 3077 1010 reddendam
3125 954 3452 1019 tradiderat,
3491 954 3631 1024 apud
3678 952 3786 1010 Ca-

2182 1047 2464 1117 pitolinum
2511 1048 2530 1119 (
2569 1045 2670 1102 Vit.
2728 1047 2808 1102 CI.
2852 1047 3024 1102 Albini
3052 1063 3098 1102 ε.
3161 1042 3299 1113 γη,
3351 1065 3406 1118 p.
3459 1044 3631 1119 ΞΕ.)
3682 1045 3788 1102 hoc

2183 1141 2487 1194 confirmat.
2521 1143 2678 1194 Anno
2705 1135 2986 1195 minimum
3020 1149 3138 1211 post
3171 1139 3358 1196 NIGRI
3383 1140 3606 1195 exitium
3647 1139 3786 1196 hanc
3824 1158 3828 1161 ·

2194 1241 2467 1287 exaratam
2497 1247 2616 1288 csse
2636 1276 2650 1300 ,
2683 1233 2768 1288 vel
2791 1234 2922 1288 levis
2942 1233 3059 1305 ejus
3083 1233 3346 1304 inSpectio
3366 1232 3562 1289 docere
3585 1243 3788 1305 potest.

2187 1325 2424 1382 Eventus
2449 1326 2807 1397 expectationi
2852 1326 3190 1397 imperatoris
3232 1340 3354 1381 cum
3403 1317 3511 1381 non
3557 1341 3790 1397 respon-

2185 1421 2369 1486 deret,
2417 1420 2734 1491 insiditeque
2772 1430 3096 1491 comparatae
3142 1417 3549 1491 relegerentur,
3604 1418 3790 1475 ALBI-

2191 1512 2326 1570 NUS
2354 1513 2613 1590 continuo
2641 1527 2803 1576 arma,
2822 1514 2874 1567 in
2895 1511 3248 1577 ,SEVERUM
3277 1511 3542 1583 capiebat.
3576 1512 3624 1566 Is
3651 1527 3790 1566 nun-

2193 1609 2266 1663 tio
2298 1605 2400 1662 hoc
2425 1616 2649 1677 accepto
2676 1605 2750 1661 nil
2779 1605 2945 1676 quieti
2975 1604 3207 1661 dandum
3238 1620 3359 1661 esse
3405 1604 3656 1676 putabat;
3691 1605 3789 1661 sed

2193 1700 2432 1756 collectis
2459 1716 2490 1757 e
2515 1699 2770 1770 vestigio,
2803 1715 2922 1771 qua:
2963 1709 3243 1770 poterant,
3288 1699 3458 1772 copiis
3490 1699 3792 1756 incredibili

2195 1795 2470 1850 celeritate
2517 1795 2568 1848 in
2596 1792 2826 1850 Galliam
2848 1835 2864 1859 ,
2911 1809 3015 1866 qua
3043 1794 3204 1848 animi
3252 1806 3372 1849 erat
3414 1793 3748 1850 vehementia
3771 1835 3789 1862 ,

479 1903 598 1946 rum
627 1904 870 1960 magnam
894 1889 944 1944 in
973 1888 1056 1943 his
1083 1889 1241 1944 rebus
1263 1888 1638 1943 auctoritatem
1662 1902 1801 1952 esse,
1826 1885 2083 1956 paucissi-
2112 1911 2159 1971 Β
2193 1887 2548 1959 properabat,
2575 1881 3002 1958 ‘ALBINUMque
3048 1877 3408 1942 adoriebatur.
3437 1885 3514 1942 Ne
3549 1885 3792 1964 Byzantii

481 1983 553 2039 mi
577 1983 842 2052 ignorant.
859 1981 1058 2038 Unicus
1081 1990 1258 2036 tamen
1291 1995 1464 2034 anuus
1489 1989 1691 2034 tantum
1706 1994 1801 2034 eos
1825 1978 2079 2048 sejungit.

485 2072 666 2130 Placet
693 2072 776 2127 his
802 2089 852 2127 a.
879 2071 1143 2138 CXCVII;
1186 2073 1306 2128 aliis
1334 2087 1385 2126 a.
1412 2070 1688 2128 CXCVIII.
1720 2070 1826 2126 Nos
1845 2113 1860 2137 ,
1891 2071 2084 2141 quibus

481 2164 685 2237 aliquid
711 2207 725 2232 ,
755 2164 898 2237 quod
921 2165 988 2220 ad
1019 2179 1263 2220 caussam
1291 2151 1936 2220 omnem'discutiendam'
1960 2178 2098 2234 per:

482 2260 616 2314 tinet
638 2301 653 2325 ,
700 2259 1108 2330 praetermittere
1135 2259 1320 2329 religio
1349 2268 1429 2314 est
1449 2301 1464 2326 ,
1496 2256 1809 2314 indubitatis
1852 2257 2082 2313 rationi-

482 2352 582 2409 bus
601 2395 616 2420 ,
647 2352 771 2424 quid
802 2353 1003 2408 sentire
1026 2363 1266 2425 oporteat
1292 2395 1307 2419 ,
1336 2352 1675 2408 docebimus.
1699 2351 1850 2419 Quod
1879 2366 1944 2406 eo
1965 2352 2082 2422 qui-

484 2443 609 2502 dem
640 2445 892 2501 libentius
935 2446 1060 2509 Iiet,
1107 2446 1361 2515 quoniam
1392 2445 1567 2499 omnis
1609 2444 1724 2500 lucc
1764 2443 2084 2514 disceptatio

2187 1979 2402 2051 quidem
2417 1979 2959 2052 ex5pectarevolebat
2975 1995 3037 2033 ex
3049 1980 3444 2050 pugnationem.
3461 1984 3608 2041 Alma;
3623 1984 3694 2042 δὲ,
3712 1982 3796 2034 in-

2187 2077 2300 2146 quit
2329 2076 2396 2131 de
2434 2091 2498 2131 eo
2527 2063 2863 2131 Herodianus
2905 2073 3069 2145 (llist.
3103 2073 3164 2128 L.
3189 2072 3309 2138 Ill,
3339 2091 3384 2128 ε.
3427 2073 3521 2128 γι.
3557 2091 3612 2145 p.
3638 2074 3795 2145 I39.)

2185 2186 2274 2233 τῆς
2303 2174 2411 2225 ὁδοῦ
2440 2173 2615 2239 rixari,
2647 2173 3105 2238 μηδεμίαψάνοχσὲν
3148 2174 3424 2231 obaeratam
3470 2173 3623 2230 διδοῦς
3669 2186 3796 2237 μήτε

2186 2269 2370 2336 “prmi;
2383 2277 2507 2334 μήτε
2517 2271 2774 2332 καμάτοις.
2797 2269 2956 2334 κρύους
2975 2270 3056 2316 καὶ
3071 2271 3270 2324 θάλπους
3283 2271 3370 2332 ὁμο
3383 2277 3453 2325 ’ως
3475 2268 3792 2337 ιατιρρόνων.

2191 2355 2310 2426 Ipse
2324 2359 2416 2410 iter
2438 2356 2654 2426 faciebat
2676 2358 2786 2410 sine
2806 2357 3195 2421 intermissione,
3215 2373 3374 2427 neque
3393 2357 3547 2426 festos
3562 2358 3691 2423 dies,
3709 2373 3796 2412 ne-

2185 2464 2281 2518 que
2308 2449 2505 2502 labores
2527 2448 2662 2502 ullos
2685 2464 2990 2518 magnOpere
3009 2465 3216 2514 curans,
3249 2449 3440 2520 algoris
3467 2460 3615 2519 atque
3639 2459 3796 2504 cestus

483 2540 554 2597 de
578 2538 889 2611 Apotogetici
910 2553 1051 2594 anno
1070 2555 1135 2594 ex
1158 2539 1260 2595 hoc
1283 2541 1497 2611 negotio
1523 2539 1744 2610 pendet.
1767 2537 2080 2609 Pervulgata
2178 2541 2332 2611 juxta
2362 2540 2582 2610 patiens.
2607 2539 2756 2594 Hauc
2778 2541 2867 2609 qui
2909 2539 3302 2595 festinationem
3334 2541 3661 2608 considerat,
3687 2556 3795 2597 non

485 2624 646 2704 prior'
662 2643 744 2687 est
769 2630 952 2702 opinio
971 2672 984 2692 .
1014 2647 1172 2702 quam
1199 2632 1438 2703 plerique
1464 2631 1726 2687 fastorum
1773 2631 2084 2688 conditores

487 2723 654 2796 (Vid.
711 2723 949 2792 Onttpltr.
1011 2723 1292 2779 Panvinins
1348 2729 1527 2796 fauor.
1577 2725 1801 2788 comuf.,
1836 2743 1888 2795 p.
1936 2723 2035 2778 2H
2069 2765 2083 2789 ,

490 2813 727 2871 Heidelb.
776 2816 937 2872 1588.
971 2816 1012 2888 ),
1055 2817 1237 2871 C:csar
1282 2816 1539 2872 Baronius
1584 2818 1607 2888 (
1625 2816 1902 2871 Annalium
1937 2814 2084 2869 Tom.

487 2909 578 2978 ll,
631 2910 701 2964 ad
749 2928 944 2965 annum
993 2908 1238 2974 CXCIX,
1298 2928 1350 2965 η.
1406 2909 1458 2974 l,
1519 2929 1572 2981 p.
1629 2909 1825 2980 293.),
1892 2909 2087 2964 Franc.

488 3000 865 3060 MediObarbus
934 3004 953 3074 (
1002 3001 1067 3058 In
1115 3002 1374 3058 Numism.
1425 3003 1647 3074 Impera.
1688 3023 1739 3075 p.
1788 3005 1929 3068 27I,
1977 3002 2089 3057 Me-

489 3097 798 3155 diob.1685
831 3101 884 3166 ),
930 3096 1314 3152 celeberrimus
1391 3097 1764 3152 Tillemoutins
1825 3096 1843 3165 (
1875 3094 2097 3149 Histoire

491 3189 581 3245 des
608 3189 815 3262 Ent’per.
868 3188 1014 3244 Tom.
1061 3188 1182 3256 III,
1221 3188 1284 3243 Ρ.
1336 3188 1385 3254 1,
1417 3207 1470 3260 p.
1503 3190 1572 3244 72
1597 3199 1644 3244 et
1671 3188 1901 3260 ρτιοι)
1947 3204 2096 3244 com-

2188 2641 2382 2702 potest,
2413 2632 2608 2701 quina.
2639 2629 2868 2698 CXCVI,
2902 2631 3111 2686 initiqu
3141 2647 3194 2686 a.
3217 2631 3471 2688 CXCVII.
3506 2632 3664 2689 finem
3703 2633 3794 2688 AI-

2187 2725 2389 2779 biniani
2429 2725 2552 2778 belli
2583 2723 2780 2780 factum
2809 2741 2929 2780 esse
2967 2726 3277 2782 constituat.
3301 2725 3641 2783 Insidiatores
3661 2740 3796 2782 con-

2192 2817 2378 2873 cedam
2423 2832 2472 2870 a.
2505 2816 2686 2872 CXCV
2705 2817 2986 2888 ablegatos
3012 2832 3043 2872 a
3065 2816 3336 2873 SEVERO
3364 2833 3502 2874 esse.
3521 2817 3674 2873 Anno
3696 2817 3801 2874 hoc

2201 2924 2336 2980 pene
2367 2909 2514 2964 finito
2548 2924 2644 2965 eos
2683 2910 2732 2963 in
2763 2909 3000 2966 facinore
3028 2909 3391 2981 deprehensos
3431 2925 3583 2976 esse,
3611 2910 3799 2980 adjun-

2197 3017 2340 3072 gam.
2370 3003 2606 3073 Denique
2629 3006 2692 3057 Α.
2715 3000 2917 3059 CXCVI
2937 3005 3046 3073 jam
3069 3019 3263 3060 extorso
3284 3006 3355 3059 rei
3379 3005 3496 3076 ejus
3515 3007 3801 3062 certiorem

2200 3096 2528 3154 SEVERUM
2559 3115 2680 3154 esse
2735 3099 2930 3154 factum
2977 3098 3171 3154 dicam.
3215 3098 3358 3154 Intra
3388 3099 3527 3154 haud
3555 3100 3626 3155 ita
3653 3101 3795 3155 ntul-

2204 3187 2285 3246 tos
2312 3191 2426 3246 dies
2455 3206 2619 3245 mora:
2670 3192 3162 3260 impatientissiuuts
3202 3192 3493 3263 imperator
3512 3235 3527 3259 ,
3557 3193 3643 3263 qui
3674 3207 3802 3247 cur-

493 3283 784 3357 pluresque
832 3284 924 3339 alii
969 3293 1203 3340 tuentur.
1252 3283 1314 3338 Ili
1347 3283 1391 3339 si
1435 3283 1626 3354 majori
1673 3283 1914 3337 rationes
1965 3296 2090 3336 suas
2118 3280 2163 3342 C
2197 3284 2352 3338 rebat
2401 3284 2575 3353 potius
2599 3327 2619 3350 ,,
2663 3299 2822 3353 quam
2873 3285 3346 3353 proficiscebatur,
3395 3283 3622 3341 Galliam
3670 3295 3790 3352 post

494 3377 754 3434 industria
785 3379 1140 3432 utunivissent
1159 3419 1174 3443 ,
1200 3376 1483 3431 inviolatas
1507 3377 1622 3430 sine
1648 3375 1810 3430 dubio
1833 3389 1895 3429 ac
1925 3383 2090 3429 tectas

493 3479 928 3526 conservassent.
954 3459 1306 3524 Munivisseut
1330 3482 1480 3534 vero,
1509 3476 1566 3521 ut
1594 3467 1807 3536 Opinor,
1832 3467 1875 3520 si
1905 3481 2092 3536 quem-

494 3581 653 3637 quam
687 3575 794 3621 tam
822 3563 1080 3620 audacem
1132 3561 1246 3618 fore
1273 3571 1591 3631 putassent,
1641 3571 1701 3615 ut
1737 3577 1828 3616 eas
1873 3575 2089 3631 perver-

499 3667 610 3715 tere
637 3675 699 3714 ac
737 3659 964 3729 rejicere
1000 3669 1306 3713 conaretur.
1355 3657 1466 3727 Ego
1503 3656 1620 3711 sine
1646 3656 1791 3710 omni
1841 3670 1987 3709 mora
2029 3655 2094 3709 iis

496 3767 584 3807 me
608 3749 876 3806 addictum
921 3765 1043 3805 esse
1069 3751 1342 3820 prolitcor.
1377 3749 1540 3818 Cujus
1581 3747 1792 3802 consilii
1822 3748 2056 3803 rationes
2076 3790 2091 3814 ,

495 3853 780 3913 antequam
829 3858 1055 3906 eorum,
1113 3841 1203 3912 qui
1245 3837 1404 3896 Secus
1447 3841 1724 3902 sentiunt,
1775 3848 2091 3908 apparatum

497 3935 789 4002 disjieiam,
822 3936 1163 4006 exposituros
1199 3948 1338 3987 sum.
1376 3931 1759 4010 Fundanteutis
1782 3931 1923 3985 enim
1949 3945 2093 3984 coin-

502 4028 790 4099 putatiouis
822 4036 1019 4082 nostra!
1048 4025 1315 4088 indiciuis,
1343 4024 1550 4078 facilius
1576 4021 1904 4092 judieabitur
1953 4022 2094 4092 quod

502 4119 732 4190 pretium
759 4105 913 4174 alteri
949 4119 1018 4174 sit
1057 4117 1419 4172 statuendum.
1476 4116 1654 4170 Primo
1699 4115 1938 4167 otnnium
1990 4113 2094 4166 hoc

503 4211 776 4267 observari
829 4211 988 4277 volo,
1035 4225 1140 4265 non
1181 4210 1492 4265 diuturnum
1539 4208 1884 4262 Albinianum
1937 4204 2101 4261 fuisse

503 4305 731 4368 bellum,
765 4304 858 4360 sed
889 4303 1060 4358 altero
1081 4321 1224 4359 anno
1248 4315 1482 4372 emptum
1509 4344 1524 4366 ,
1565 4302 1739 4356 altero
1764 4300 2096 4354 absolutum.

504 4398 710 4469 Magnis
735 4414 796 4452 ac
833 4396 1096 4454 feStiuatis
1142 4396 1421 4456 itineribus
1452 4396 1502 4450 iu
1531 4393 1758 4451 Galliam
1785 4409 1852 4448 ex
1883 4392 2102 4448 Oriente

506 4489 827 4548 SEVERUS
855 4489 1158 4544 advolabat.
1194 4485 1475 4544 Aderat'et
1505 4492 1682 4542 statim
1722 4487 1890 4542 hostis
1917 4485 2101 4540 ALBI.

509 4584 662 4642 NUS.
732 4581 844 4638 Nec
890 4596 1074 4649 mora;
1125 4580 1566 4652 congrediuntur,
1594 4596 1657 4635 ac
1707 4578 2105 4634 velitationibus

2202 3374 2344 3430 hunc
2371 3376 2615 3429 nuntium
2660 3385 2940 3444 acceptum
2997 3376 3259 3446 attingere
3304 3377 3492 3446 potuit.
3525 3375 3686 3431 Aliud
3735 3391 3805 3431 ex

2201 3469 2496 3526 obsidionis
2565 3469 2871 3540 Byzantina:
2933 3478 3174 3542 tempore
3224 3469 3527 3541 praesidium
3598 3469 3809 3540 parabi-

2200 3577 2338 3617 tuus.
2391 3562 2486 3616 Dio
2535 3562 2754 3616 Cassius
2805 3561 2963 3616 triutn
3015 3577 3276 3618 annorum
3324 3565 3526 3634 spatio,
3575 3568 3652 3619 ἐπὶ
3705 3571 3808 3620 ὅλον

2196 3673 2360 3726 τριετῆ
2434 3659 2593 3726 χρὸιόι
2630 3700 2643 3722 ,
2689 3667 3044 3726 oppugnatam
3111 3673 3140 3710 a
3193 3657 3466 3713 SEVERO
3516 3659 3652 3714 hanc
3717 3675 3810 3714 ur-

2201 3746 2321 3801 Item
2378 3747 2579 3813 fuisse,
2631 3751 2814 3802 scribit
2861 3748 3040 3818 (ιιίςι.
3075 3748 3184 3803 Lib.
3245 3737 3506 3818 LXXIV,
3555 3767 3609 3821 ρ.
3665 3749 3808 3816 845.

2200 3839 2282 3892 ed.
2320 3837 2566 3910 France].
2593 3840 2794 3910 1606.).
2817 3839 3016 3896 Omnes
3038 3847 3112 3896 rei
3133 3843 3572 3910 circumstantia,
3593 3842 3642 3898 id
3665 3842 3810 3914 quod

2200 3933 2550 3989 Tillemontio
2594 3937 2613 4006 (
2647 3933 2772 4006 Voy.
2831 3933 2956 3990 Not.
3003 3934 3150 4002 νιν,
3194 3954 3282 3990 sur
3333 3937 3556 4003 Sérére,
3590 3936 3650 3994 Τ.
3685 3935 3809 4005 HI,

2208 4024 2347 4080 Hist.
2398 4028 2486 4080 des
2531 4026 2866 4098 Emper.,‘P.
2915 4026 2965 4094 Ι,
3017 4045 3069 4099 ρ.
3117 4028 3416 4100 401,402.)
3471 4029 3576 4100 iam
3622 4031 3808 4086 obser-

2201 4127 2380 4173 vatum
2409 4136 2530 4175 esse
2561 4122 2747 4186 video,
2792 4139 2898 4176 non
2927 4123 2994 4177 de
3022 4127 3291 4192 completi
3337 4140 3609 4180 annorum
3643 4126 3807 4181 trium

2145 4268 2152 4277 ,
2205 4211 2407 4266 circulo
2437 4215 2532 4267 has
2579 4229 2740 4269 voces
2782 4217 3125 4284 explicandas
3180 4233 3299 4273 esse
3339 4219 3568 4288 jubent,
3619 4218 3712 4273 sed
3743 4220 3813 4273 ita

2207 4316 2451 4370 tantum,
2485 4316 2541 4359 ttt
2567 4308 2735 4361 tribus
2761 4309 2915 4362 annis
2946 4311 3046 4364 sibi
3079 4312 3492 4366 succedentibus
3524 4306 3807 4367 continuit-

2209 4406 2314 4453 tatu
2341 4398 2502 4454 fuisse
2525 4400 2857 4455 obsidionem
2892 4402 3158 4467 indicent-,
3206 4404 3330 4459 licet
3365 4404 3612 4460 fortassis
3640 4406 3815 4475 primo

2207 4501 2438 4545 exeunte
2467 4502 2639 4560 empta
2662 4533 2676 4556 ,
2713 4494 2870 4548 tertio
2916 4494 3206 4564 incipiente
3247 4499 3475 4563 [ICI'IOCIII
3508 4497 3596 4552 sit.
3631 4496 3817 4552 Modus

2212 4583 2298 4639 hie
2347 4585 2594 4655 loquendi
2651 4584 2852 4641 Gra‘cis
2898 4587 3190 4642 admodum
3237 4589 3512 4643 familiaris
3561 4601 3662 4644 est.
3699 4588 3815 4644 Non

511 4677 826 4751 quibusdam
849 4676 917 4733 de
947 4690 1158 4730 summa
1185 4675 1262 4731 rei
1292 4676 1520 4746 publica:
1547 4714 1562 4740 ,
1613 4675 1754 4729 haud
1785 4674 2000 4745 quidem
2034 4676 2105 4728 ita
2211 4677 2495 4749 diSputabo
2518 4723 2532 4745 ,
2565 4681 2649 4735 cui
2694 4696 2836 4735 anno
2867 4681 3074 4736 initium
3121 4681 3235 4752 ejus
3282 4683 3540 4752 assignari
3585 4681 3815 4750 debeat,

513 4771 721 4844 magnis
742 4812 755 4834 ,
783 4770 1081 4826 decertant.
1109 4769 1340 4840 Ancipiti
1372 4769 1523 4825 initio
1553 4779 1724 4824 marte
1753 4768 2106 4840 pugnabatur,

513 4881 578 4920 ac
603 4867 654 4920 in
685 4881 836 4936 spem
877 4864 1113 4919 victoriae
1143 4862 1434 4919 ALBINUS
1456 4862 1566 4934 jam
1596 4872 1808 4918 erectus
1835 4873 1968 4917 erat.
2002 4863 2108 4918 Sed

519 4958 676 5029 paulo
729 4967 848 5027 post
892 4956 1067 5012 fatalis
1115 4972 1178 5012 ac
1231 4958 1532 5011 decretoria
1577 4971 1741 5025 prone
1794 4955 2109 5027 Lugdunum

519 5063 694 5121 pugna
723 5050 810 5105 die
862 5049 952 5105 XI.
1006 5049 1115 5105 Ital.
1163 5052 1420 5116 martias,
1476 5049 1752 5105 SEVERO
1794 5051 2107 5114 victoriam,

520 5141 768 5198 ALBINO
787 5143 1044 5198 afferebat
1071 5143 1364 5199 interitum.
1391 5141 1591 5198 Omnes
1610 5185 1624 5208 ,
1653 5157 1788 5213 quos
1831 5142 2112 5208 habemus,

521 5238 814 5308 scriptores
855 5246 1047 5293 cuncta
1091 5237 1204 5294 haec
1258 5238 1404 5294 brevi
1458 5247 1698 5307 tempore
1746 5245 1952 5304 gesta,
2017 5253 2158 5292 nec‘

525 5332 747 5387 ulterius
775 5348 933 5398 quam
959 5333 1011 5388 in
1041 5332 1267 5388 alterum
1295 5347 1494 5387 annum
1524 5340 1796 5403 protracta
1823 5345 1945 5386 esse
1969 5372 1982 5393 ,
2011 5340 2120 5387 tes-

521 5433 724 5479 tantur.
767 5421 877 5479 Nec
902 5422 1254 5494 quodexcipi
1303 5425 1469 5495 possit
1495 5425 1604 5478 ullo
1655 5423 1816 5478 modo
1858 5424 2115 5493 intelligo.

525 5516 642 5573 Jam
669 5559 685 5584 ,
726 5533 824 5573 cur
870 5517 1006 5573 duos
1057 5518 1222 5574 hosce
1283 5535 1452 5574 annos
1495 5515 1725 5574 CXCVI.
1770 5527 1824 5574 et
1868 5515 2118 5574 CXCVII.
2169 5563 2172 5566 .

527 5626 648 5666 esse
679 5609 875 5675 velim,
926 5612 1126 5679 accipe.
1168 5611 1290 5666 Tria
1319 5611 1372 5667 in
1418 5611 1587 5668 aciem
1635 5621 1948 5682 argumenta
1987 5611 2118 5666 edu-

2214 4788 2340 4826 num
2369 4788 2418 4826 a.
2451 4771 2658 4827 CXCIII
2703 4784 2792 4827 aut
2845 4789 2895 4828 a.
2948 4771 3191 4828 CXCIV:
3243 4773 3470 4838 sufticit,
3521 4775 3663 4845 quod
3717 4775 3822 4829 ite-

2215 4881 2332 4918 rum
2374 4865 2526 4920 Dioni
2580 4866 2838 4921 debemus
2865 4864 3090 4936 (Histor.
3137 4866 3254 4922 Lib.
3279 4859 3537 4932 LXXIV,
3587 4885 3639 4936 p.
3665 4868 3822 4938 844.)

2216 4957 2427 5014 NIGRO
2458 4959 2695 5014 nondum
2746 4961 2983 5015 extincto
3014 4962 3202 5016 urbem
3257 4961 3426 5031 cepiis
3459 4961 3622 5016 fuisse
3674 4962 3824 5016 cinc-

2219 5060 2347 5106 tam.
2387 5049 2592 5108 Cecidit
2635 5053 2680 5106 is
2710 5068 2759 5105 a.
2792 5051 3024 5108 CXCIV.
3074 5052 3198 5108 Sive
3245 5054 3436 5124 igitur,
3491 5053 3630 5124 quod
3656 5053 3825 5123 aliqui

2219 5144 2449 5210 faciunt,
2487 5145 2606 5201 linis
2657 5161 2709 5197 a.
2759 5142 2997 5210 CXCIII,
3038 5146 3152 5201 sive
3179 5145 3457 5200 exordium
3499 5161 3549 5200 a.
3592 5142 3825 5202 CXCIV.

2221 5234 2570 5307 praeferatur,
2620 5251 2836 5306 seraper
2863 5236 3106 5291 vicimus.
3135 5236 3244 5292 Nec
3278 5247 3456 5293 tamen
3498 5252 3635 5307 nego
3657 5278 3673 5303 ,
3706 5252 3824 5294 me-

2221 5329 2327 5385 lius
2359 5329 2515 5402 Ionge
2557 5345 2653 5385 eos
2693 5332 2927 5394 sentire,
2955 5331 3166 5401 τηυίζΑ.
3214 5329 3440 5386 CXCIV.
3474 5331 3710 5402 eligunt,
3762 5346 3828 5387 ac

2227 5422 2408 5476 inultis
2433 5422 2647 5492 quidem
2693 5422 2762 5478 de
2807 5423 3032 5478 caussis.
3063 5423 3220 5479 Cadit
3243 5439 3372 5494 ergo
3415 5425 3742 5495 expugnatio
3771 5425 3827 5480 in

2224 5529 2274 5568 a.
2319 5514 2543 5570 CXCVI.
2591 5514 2836 5571 Nondum
2861 5531 2991 5571 vero
3037 5517 3087 5571 in
3120 5527 3438 5586 potestatem
3488 5518 3829 5588 imperatoris

2227 5609 2356 5664 urbs
2409 5609 2625 5665 redacta
2679 5622 2794 5665 erat
2842 5609 2894 5665 id
2951 5609 3238 5683 temporis,
3270 5626 3390 5667 cum
3440 5608 3690 5667 ALBINO
3729 5625 3829 5667 oc-

529 5718 668 5760 cam.
738 5701 1166 5759 PESCENNIUM
1227 5702 1489 5761 NIGRUM
1519 5745 1534 5770 ,
1590 5705 1816 5760 alterum
1876 5703 2127 5761 SEVERI
2230 5701 2518 5769 currebat,
2569 5700 2874 5758 Herodiano
2907 5711 3042 5758 teste
3089 5702 3326 5774 (Histor.
3357 5702 3420 5759 L.
3472 5701 3592 5757 111.
3647 5704 3694 5756 c'.
3733 5701 3830 5758 γι.

531 5798 782 5878 tumulum
808 5838 822 5862 ,
866 5813 918 5878 a.
950 5795 1175 5853 CXCIV.
1231 5798 1426 5854 victum
1454 5799 1669 5870 vitaque
1691 5800 1954 5869 privatum
1981 5813 2125 5867 esse,

534 5889 700 5960 quiin
731 5888 952 5946 dubium
999 5897 1155 5946 vocet
1179 5898 1271 5945 aut
1313 5904 1506 5948 vocare
1555 5891 1765 5962 possit,
1819 5890 1996 5950 nullus
2022 5901 2127 5950 est.

2233 5815 2284 5868 ρ.
2312 5798 2488 5870 159.).
2511 5798 2649 5866 Quin
2677 5799 2729 5854 in
2758 5799 2952 5856 itinere
2977 5801 3168 5871 gallico
3189 5800 3299 5870 jam
3321 5800 3645 5856 constitutus
3666 5798 3834 5855 fuisse

2231 5892 2479 5962 videtur,
2509 5905 2632 5950 cum
2677 5901 2908 5966 receptae
2947 5893 3094 5952 urbis
3132 5895 3351 5952 nuntius
3379 5892 3446 5950 ad
3468 5907 3593 5951 eum
3628 5890 3839 5966 perfer-
