4150 6352
364 252 475 310 555

1612 247 1919 308 MOSHEIM
1960 245 2390 317 IIISQUISITIO.
2446 306 2451 311 .

3565 251 3679 315 Βδι

365 376 537 426 retur.
556 368 710 438 Quod
733 369 777 427 si
804 384 932 443 ergo
951 368 1190 443 Byzantii
1219 368 1518 441 recuperati
1544 378 1597 424 et
1616 368 1958 439 profectionis
1987 367 2043 428 Α
2066 381 2153 422 res
2179 367 2314 439 ipsa,
2342 374 2399 422 ut
2450 366 2504 423 in
2532 365 2762 439 gratiam
2816 366 3097 425 nobiscum
3155 367 3363 440 redeat,
3390 369 3672 429 Petavium

364 461 626 519 adversus
681 461 981 521 ALBINUM
1019 478 1193 518 anuus
1223 478 1362 518 unus
1408 462 1654 534 idemque
1705 471 1830 531 est,
1873 461 1964 518 ille

364 572 497 613 vero
527 558 831 612 ueee~s;triu
875 573 928 611 a.
961 554 1169 612 CXCVI
1218 557 1318 621 sit,
1373 558 1616 628 sequitur
1653 556 1873 612 omnino
1898 556 1965 612 A.

366 648 597 707 CXCVII
630 650 867 720 praelium
906 650 1235 723 lugdunense
1279 651 1627 705 commissum
1670 647 1859 704 fuisse.
1909 647 1968 704 Si

366 746 433 802 ad
454 762 505 802 a.
532 744 784 803 CXCVIII
816 743 1175 817 progrediaris
1196 787 1232 813 ,.
1255 745 1591 801 obsidionem
1638 760 1740 799 una
1768 743 1966 816 byzan-

368 840 536 895 tinam
584 855 682 911 per
710 850 942 910 quatuor
983 839 1208 895 durasse
1252 854 1424 895 annos
1478 837 1852 901 conﬁteberis,
1913 834 1966 891 id

367 932 510 1004 quod
538 931 882 987 falsissimum
932 947 1052 987 esse
1095 947 1162 988 ex
1191 930 1359 987 Dione
1411 938 1643 987 constat.
1677 929 1964 985 Maximum

367 1033 488 1090 est,
553 1024 694 1095 quod
754 1036 1026 1096 postremo
1080 1024 1200 1081 loco
1254 1025 1509 1090 afferam,
1562 1034 1959 1095 argumentum.

366 1118 556 1189 Magna
610 1118 749 1188 apud
816 1117 1140 1186 Gruterum,
1188 1118 1430 1189 aliosque
1518 1117 1963 1187 inscriptionum,

370 1228 563 1284 magna
616 1212 757 1285 apud
829 1213 1100 1284 Biragium
1177 1228 1499 1278 numorum,
1552 1213 1634 1268 vis
1684 1220 1798 1276 est,
1847 1227 1967 1283 quae

370 1316 495 1361 natu
523 1305 781 1377 majorem
807 1304 1059 1362 SEVERI
1091 1305 1258 1361 (ilium
1279 1348 1292 1372 ,
1339 1304 1716 1373 ANTONIUM,
1746 1304 1965 1359 CARA-

368 1398 650 1456 CALLAM
701 1397 895 1454 deinde
962 1407 1243 1465 vocatum,
1315 1413 1368 1452 a.
1427 1395 1681 1453 CXCVIII
1749 1396 1972 1467 Augusti

367 1492 785 1549 condecoratmn
832 1506 954 1548 esse
987 1492 1162 1560 ,titulo
1204 1490 1380 1547 docet.
1411 1490 1525 1561 Qua
1553 1489 1774 1562 quidem
1822 1506 1971 1545 com-

370 1588 501 1643 meti
527 1586 720 1643 eruditi
746 1585 1013 1650 homines,
1049 1585 1172 1641 licet
1196 1584 1262 1640 de
1290 1583 1398 1651 die,
1429 1599 1722 1656 menseque
1751 1584 1968 1656 discep-

370 1688 485 1736 tent
541 1677 705 1753 (Vid.
748 1678 873 1735 Ant.
920 1678 1047 1750 Pagi
1092 1676 1218 1735 Crit.
1274 1680 1328 1734 in
1379 1677 1579 1742 ,Baron.
1636 1677 1698 1736 T.
1732 1677 1794 1733 II
1822 1721 1837 1748 ,
1890 1681 1967 1734 ad

369 1772 436 1827 Α.
462 1770 597 1829 CXC
614 1770 775 1867 VIII,
808 1789 861 1826 η.
902 1768 1033 1837 VII,
1065 1789 1118 1843 p.
1147 1770 1254 1838 90.;
1289 1771 1453 1829 Henr.
1484 1771 1728 1827 Norisius
1754 1773 1817 1827 de
1842 1774 1970 1828 votis
2000 1807 2048 1867 Β

369 1867 633 1921 decennal.
689 1865 865 1939 Impp.
900 1884 953 1938 p.
1001 1869 1093 1933 91,
1144 1867 1206 1925 S.
1260 1867 1554 1924 Tilletnont
1598 1867 1830 1924 Histoire
1882 1870 1971 1924 des

370 1960 581 2035 Emper.
610 1960 676 2017 T.
708 1960 830 2028 III,
859 1960 929 2018 P.
962 1961 1016 2030 I,
1052 1960 1180 2017 Not.
1214 1960 1375 2027 XIX,
1403 1979 1491 2017 sur
1523 1960 1709 2017 Severe
1741 1979 1793 2029 p.
1817 1961 1971 2034 406.)

371 2054 439 2112 de
491 2054 616 2112 anni
679 2055 906 2111 veritate
960 2070 1065 2111 non
1123 2054 1402 2120 dubitant,
1456 2070 1520 2110 ac
1568 2055 1922 2127 Spartiauum
1953 2099 1969 2122 ,

371 2149 461 2222 qui
490 2149 542 2205 id
586 2164 638 2205 a.
669 2148 811 2217 CC.,
862 2148 1074 2205 decimo
1115 2149 1274 2204 tertio
1303 2147 1746 2206 CARACALLAE
1792 2163 1969 2216 anno,

290 2292 299 2301 .
372 2245 567 2302 factum
614 2244 776 2301 fuisse
821 2245 907 2323 ait
944 2242 1090 2317 (Vit.
1150 2243 1325 2299 Severi
1375 2261 1423 2300 ο.
1472 2241 1523 2297 Χ
1540 2242 1641 2310 Vl;
1683 2263 1736 2315 ρ.
1782 2243 1972 2317 182.),

354 2328 719 2398 deferendum
766 2356 888 2398 esse
919 2350 1159 2398 monent.
1192 2339 1310 2409 Quo
1337 2340 1484 2398 hunc
1520 2344 1641 2411 jure
1670 2342 1968 2413 reprehen-

373 2435 536 2499 dant,
566 2450 724 2506 quem
765 2450 864 2506 ego
892 2434 1112 2506 quidem
1141 2449 1246 2490 non
1277 2434 1345 2491 de
1394 2435 1549 2490 titulo
1576 2434 1842 2506 Augusti,
1878 2433 1976 2491 sed

374 2529 734 2599 Imperatoris,
764 2527 1109 2586 ANTONINO
1139 2544 1167 2582 a
1197 2527 1456 2584 militibus
1488 2528 1741 2599 imposito
1761 2572 1776 2597 ,
1811 2527 1978 2584 intel-

373 2621 464 2692 ligi
494 2623 632 2678 forte
657 2621 855 2679 debere
878 2663 894 2690 ,
937 2621 1167 2692 conjieio
1186 2665 1202 2689 ,
1250 2637 1357 2677 non
1387 2621 1594 2678 laboro.
1638 2621 1812 2694 Ipsam
1843 2639 1975 2680 sena

290 2719 295 2725 '
377 2716 598 2772 tentiam
642 2724 697 2772 et
721 2716 1017 2786 amplector
1040 2757 1054 2783 ,
1104 2724 1160 2771 et
1188 2714 1351 2772 nullis
1389 2715 1686 2787 expositam
1721 2731 1843 2774 esse
1872 2717 1975 2774 du-

376 2809 478 2867 hiis
503 2824 756 2883 agnosco.
804 2810 1032 2883 Egregie
1059 2825 1187 2866 vero
1238 2825 1301 2867 ea
1333 2820 1535 2868 nostra:
1582 2812 1832 2869 subvenit
1876 2811 1979 2869 hoc

375 2901 497 2959 loco
548 2904 952 2975 computationi.
982 2905 1156 2967 ,Anno
1207 2904 1301 2975 qui
1345 2903 1680 2975 lugdunense
1736 2904 1995 2983 praelium

379 3005 594 3053 secutus
617 3004 720 3062 cst,
754 2995 1013 3052 honorem
1038 2997 1178 3051 hunc
1201 2993 1339 3052 CAR
1352 2996 1645 3053 ACALLIE
1679 3012 1800 3054 esse
1828 2998 1981 3053 habi-

382 3102 491 3149 tum
548 3107 616 3149 ex
682 3089 961 3147 Historicis
1015 3089 1198 3160 liquet.
1251 3080 1588 3145 Hero-dianus
1650 3090 1806 3161 paulo
1853 3100 1978 3147 ante

2070 468 2227 530 coget
2282 458 2457 534 (Conf.
2514 459 2805 518 Tillemont
2849 460 2991 516 Hist.
3040 462 3128 533 dea
3170 461 3382 535 Entper.
3438 463 3501 523 T.
3548 463 3672 527 III.

2078 553 2209 611 Not.
2243 552 2401 624 XVI,
2433 571 2522 609 sur
2546 554 2751 621 Severe,
2782 573 2837 627 p.
2863 555 3017 628 404).

2144 647 2409 703 Henricus
2446 647 2692 704 Norisius
2727 648 2903 705 eidem
2964 664 3024 705 se
3066 650 3391 721 patrocinari
3431 650 3672 725 opinioni

2071 740 2247 798 innuit
2277 742 2439 819 (Diss.
2470 742 2535 798 de
2561 744 2688 799 votis
2742 744 3006 800 decennal.
3044 742 3222 818 Impp.
3252 763 3305 819 ρ.
3343 747 3434 803 95.
3463 747 3681 804 Patavii

2072 836 2257 910 I686),
2287 849 2341 894 at
2382 839 2617 895 rationes
2663 854 2770 895 non
2830 839 3051 910 aperit,
3089 839 3437 911 Spartianum
3490 843 3560 899 ab
3607 859 3676 902 eo

2070 930 2277 986 laudari
2320 931 2516 1001 video,
2558 948 2725 1005 quem
2759 933 2891 989 nihil
2941 932 3245 1003 hujusmodi
3282 936 3484 995 dixisse
3531 939 3670 995 scio.

2069 1023 2246 1091 Quare
2275 1041 2363 1081 me
2402 1025 2685 1082 confestim
2724 1026 2790 1082 ad
2833 1028 3038 1085 Anton.
3071 1030 3287 1102 Pagium
3314 1031 3555 1099 confero,
3589 1031 3683 1087 cui

2072 1117 2211 1174 hanc
2253 1134 2415 1174 teram
2464 1133 2533 1176 ex
2587 1118 2833 1183 instituto
2876 1122 3121 1179 stabilire
3166 1123 3503 1194 propositmn
3553 1122 3678 1180 fuit.

2070 1211 2224 1282 (cm.
2244 1213 2298 1267 in
2328 1212 2505 1267 baron.
2524 1214 2594 1267 ad
2622 1212 2684 1267 Α.
2704 1210 3018 1282 cxcvm,
3044 1232 3098 1271 η.
3141 1213 3197 1283 ν,
3230 1215 3421 1287 p.89).
3454 1215 3679 1271 Fallitur

2069 1305 2212 1361 enim
2273 1304 2697 1372 Tillemontius,
2743 1306 2833 1377 qui
2928 1307 3149 1378 I’agium
3222 1322 3405 1364 secmn
3494 1307 3674 1364 facere

2078 1397 2153 1451 ait
2182 1397 2285 1468 (I).
2318 1397 2541 1452 Summa
2581 1398 2846 1452 rationum
2888 1397 3026 1469 ejus,
3069 1414 3203 1470 quas
3247 1400 3382 1455 mire
3423 1398 3678 1470 disjectas

2078 1489 2132 1546 in
2174 1506 2340 1575 unpm
2397 1491 2614 1562 colligo,
2651 1492 2766 1545 luce
2794 1500 2911 1547 est:
2944 1492 3369 1564 Quinquennalia
3407 1492 3681 1560 SEVERI,

2075 1584 2194 1640 sine
2233 1585 2336 1640 ulla
2382 1586 2748 1641 controversia
2786 1600 2850 1656 Α.
2883 1583 3161 1649 CXCVIII,
3192 1585 3378 1641 Romm
3404 1586 3674 1644 celebrata

2076 1677 2574 1742 sunt,lierodianus
2610 1695 2738 1735 vero
2782 1682 2962 1737 statim
3032 1688 3151 1748 post
3192 1693 3425 1750 pugnam
3482 1678 3673 1749 lugdu-

2078 1786 2299 1827 nenscm
2332 1772 2531 1843 ingenti
2563 1788 2683 1828 cum
2720 1774 2997 1847 celeritate
3024 1771 3250 1826 Romam
3281 1787 3404 1827 eum
3430 1773 3672 1843 petiisse,

2075 1880 2159 1930 ac,
2209 1865 2367 1921 simul
2396 1880 2459 1922 ac
2504 1867 2895 1935 adventat-erit,
2920 1866 3347 1937 Quinquennalia
3383 1868 3482 1924 ista
3521 1869 3680 1927 exhi-

2077 1958 2260 2017 buisse
2276 1972 2475 2018 narrat.
2503 1962 2678 2031 Quare
2698 1965 2742 2020 si
2772 1965 2932 2035 paqu
2950 1978 3070 2037 post
3093 1968 3475 2036 interemptum
3490 1952 3680 2021 ALBI-

2076 2054 2243 2124 NUIII,
2277 2056 2429 2127 cujus
2470 2057 2681 2113 cladem
2707 2058 2916 2115 decima
2965 2075 3103 2116 nona
3137 2060 3392 2118 februarii
3423 2060 3513 2118 die
3540 2074 3675 2116 con-

2078 2149 2264 2220 tigisse
2291 2150 2471 2206 nullus
2502 2149 2789 2218 inﬁciatur,
2821 2152 3114 2223 imperator
3141 2153 3369 2209 Romam
3398 2154 3674 2226 ingressus

2079 2252 2184 2311 est,
2230 2245 2274 2299 si
2315 2243 2459 2299 inter
2499 2244 2730 2300 reditum
2775 2245 2917 2300 hunc
2959 2246 3077 2317 ejus
3116 2249 3167 2304 in
3208 2248 3395 2304 urbem
3421 2256 3477 2304 et
3519 2249 3679 2320 quin-

2079 2335 2366 2407 quennalia
2413 2336 2561 2391 nulla
2608 2345 2703 2392 aut
2747 2338 2937 2408 exigua
2983 2354 3133 2395 mora
3194 2340 3292 2395 fuit
3338 2340 3676 2411 interposita,

2081 2429 2332 2486 eumdem
2390 2430 2540 2486 necis
2578 2428 2808 2487 ALBINI
2847 2439 2903 2487 et
2957 2431 3431 2504 quinquennalium
3473 2446 3677 2489 annum

2081 2538 2202 2581 esse
2222 2524 2427 2591 deberi,
2453 2523 2810 2580 indubitatum
2840 2532 2944 2581 est.
2969 2524 3102 2594 Nisi,
3131 2542 3290 2598 quam
3319 2525 3490 2582 facilis
3518 2527 3572 2582 in
3600 2525 3684 2583 his

2080 2615 2243 2671 rebus
2286 2615 2468 2686 lapsus
2519 2625 2705 2685 esset,
2758 2614 2991 2683 scirem,
3044 2628 3192 2674 certe
3240 2618 3559 2686 admirarer,
3612 2618 3684 2676 ab

2081 2709 2301 2767 homine
2343 2719 2450 2767 tam
2500 2711 2713 2767 erudito
2766 2710 3007 2767 inﬁrmas
3050 2711 3313 2784 ejusmodi
3356 2713 3686 2770 ratiunculas

2081 2806 2350 2879 proficisci
2405 2808 2659 2886 potuisse.
2694 2805 2824 2862 Mihi
2863 2806 3083 2884 quidem
3138 2807 3192 2863 in
3230 2808 3336 2864 illis
3383 2808 3683 2880 generatim

2083 2898 2138 2955 id
2185 2900 2471 2970 displicet,
2522 2898 2665 2972 quod
2717 2899 2796 2955 sic
2850 2900 3084 2955 motibus
3132 2898 3519 2959 ALBINIANIS
3568 2910 3681 2959 tres

2084 2980 2256 3049 annos
2283 3004 2472 3050 contra
2500 3009 2717 3050 omnem
2745 2993 2902 3050 Iidem
2931 2994 3136 3051 tribuit.
3165 2996 3328 3051 Arma
3357 2998 3423 3052 A.
3449 2995 3682 3067 CXCVI,

2085 3098 2297 3160 sumpta
2342 3103 2465 3145 esse
2511 3090 2812 3160 prolitetur.
2864 3090 3139 3147 Petavium
3189 3092 3296 3147 alio
3338 3092 3458 3148 loco
3497 3107 3684 3163 repre-

383 3187 676 3256 partlticam
730 3184 1126 3257 expeditionem
1179 3183 1365 3240 Romae
1408 3182 1651 3258 (Hister.
1702 3182 1818 3238 Lib.
1847 3181 1972 3253 Ill,
2002 3183 2047 3247 C
2081 3180 2288 3249 heudit,
2321 3183 2409 3254 qui
2436 3183 2506 3239 ob
2531 3198 2673 3252 eam,
2699 3198 2819 3255 qua:
2850 3184 2951 3255 ipsi
3000 3200 3125 3239 cum
3178 3184 3344 3257 Pugio
3377 3186 3683 3245 communis

381 3296 426 3333 c.
478 3278 585 3347 IX,
640 3296 694 3351 p.
748 3278 871 3335 N8.
904 3277 925 3350 )
956 3275 1271 3349 Spartianus
1295 3319 1311 3343 ,
1342 3287 1402 3334 ut
1452 3278 1635 3342 aiunt,
1668 3277 1721 3332 in
1750 3276 1978 3332 Oriente

384 3372 509 3445 illud
535 3372 823 3445 contigisse
859 3371 1040 3428 docet.
1070 3370 1216 3426 Alias
1244 3371 1480 3427 rationes
1507 3381 1794 3442 prtetereo.
1824 3367 1981 3425 Utra—

381 3444 792 3536 q'ue°senteutia
831 3464 885 3518 in
931 3477 1073 3519 anno
1113 3459 1367 3519 CXCVIII
1425 3461 1732 3533 conspirat,
1788 3476 1897 3532 quo
1928 3462 1979 3516 in

385 3556 614 3613 Parthos
645 3557 936 3626 Imperator
959 3555 1145 3611 movit.
1177 3554 1330 3623 Quod
1374 3554 1417 3621 si
1452 3555 1631 3625 igitur,
1668 3555 1982 3611 imminente

380 3650 492 3722 jam
522 3652 778 3722 parthico
806 3651 966 3718 bello,
1011 3667 1061 3707 a.
1090 3649 1347 3707 CXCVIII
1376 3649 1719 3707 ANTONIUS
1752 3650 1984 3721 Impera-

388 3756 471 3801 tor
496 3747 758 3801 salutatus
783 3755 904 3812 est,
949 3744 1101 3800 nullo
1149 3743 1310 3800 modo
1361 3759 1414 3799 a.
1454 3742 1687 3800 CXCVII
1717 3744 1985 3801 occidisse

386 3837 687 3896 ALBINUM
708 3882 722 3907 ,
752 3838 935 3909 negari
969 3846 1161 3910 potest.

460 3934 657 4007 §XIII.
688 3964 760 3976 —-
788 3934 1046 4007 Equidem
1086 3935 1165 3990 sic
1205 3934 1532 4006 argumentis
1574 3932 1722 3989 hisce
1762 3947 1985 4004 compa-

386 4039 562 4084 ratum
590 4044 711 4085 esse
735 4028 987 4096 arbitror,
1013 4036 1068 4083 ut
1098 4010 1437 4083 communem
1464 4027 1532 4084 de
1568 4026 1770 4083 ALBIN
1782 4027 1803 4082 Ι
1829 4026 1983 4082 clade

389 4124 708 4181 sententiam
731 4124 1085 4179 certissimam
1108 4138 1227 4179 esse
1241 4123 1486 4179 doceant.
1511 4120 1566 4178 Si
1584 4137 1672 4178 res
1695 4120 1981 4192 ﬂagitaret,

389 4218 457 4274 de
497 4218 618 4272 aliis
657 4215 917 4272 addendis
947 4231 1122 4272 essem
1159 4216 1435 4273 sollicitus.
1485 4215 1604 4272 Jam
1644 4216 1810 4270 satius
1868 4227 1990 4269 esse

394 4320 540 4383 puto,
590 4321 671 4378 ut,-
707 4310 835 4383 qu'td
883 4325 999 4378 eos,
1044 4311 1236 4381 quibus
1279 4311 1456 4366 tritam
1498 4309 1810 4381 relinquere
1852 4308 1990 4362 viam

390 4406 621 4477 placuit,
659 4408 1031 4471 commoverit,
1073 4404 1453 4475 disquiramus.
1496 4403 1657 4459 Levia
1693 4412 1818 4457 sunt
1849 4418 1860 4453 :
1892 4416 1991 4457 nec

392 4508 570 4555 tamen
627 4500 945 4557 omittenda.
1004 4499 1157 4554 Dion.
1216 4498 1464 4554 Petavius
1511 4498 1711 4569 primas
1781 4493 1982 4551 teneat.

2083 3287 2219 3344 erat,
2240 3278 2586 3344 sententiam,
2615 3288 2927 3348 sequentem
2957 3293 3156 3334 annum
3184 3280 3490 3349 praetulerat
3514 3280 3679 3353 (Diss.

2087 3368 2351 3441 Hypatica
2382 3369 2452 3425 P.
2500 3368 2586 3425 II.
2618 3387 2664 3425 ε.
2699 3368 2837 3425 XII.
2871 3387 2923 3442 p.
2954 3371 3106 3443 2‘21).
3140 3370 3323 3443 Neque
3370 3382 3572 3439 tamen,
3622 3387 3684 3430 se

2046 3525 2054 3532 _
2088 3464 2191 3521 hoc
2230 3477 2387 3536 pacto
2443 3466 2498 3520 in
2536 3456 2713 3536 longe
2750 3464 3103 3532 difﬁciliores,
3147 3466 3621 3538 quamI’rtavium
3654 3507 3673 3535 ,

2088 3559 2390 3615 teudiculas
2432 3558 2668 3616 incidere
2715 3559 2898 3628 sentit,
2941 3575 3107 3630 quum
3148 3560 3199 3615 iu
3235 3562 3446 3617 tertium
3477 3576 3681 3618 annum

2090 3652 2341 3708 onmibus
2382 3651 2803 3724 repugnantibus
2845 3652 3044 3708 bellum
3084 3653 3223 3710 istud
3268 3654 3560 3725 protrahat.
3592 3654 3693 3713 Est

2097 3757 2153 3805 ct
2181 3747 2345 3815 aliud,
2378 3746 2520 3818 quod
2555 3747 2692 3803 hanc
2720 3747 2913 3818 premit
2942 3749 3284 3806 sententiam.
3310 3750 3419 3806 Iter
3441 3749 3692 3808 SEVERI

2088 3840 2142 3897 in
2172 3841 2444 3898 Orientem
2467 3840 2534 3897 ad
2562 3841 2962 3911 expeditionem
2992 3843 3314 3915 parthicam,
3339 3844 3481 3916 quod
3496 3845 3690 3903 eodem

2090 3949 2231 3991 anno
2268 3934 2542 3992 CXCVIII.
2589 3935 2786 3993 factum
2812 3952 2932 3993 esse
2966 3939 3279 3995 conceditur
3306 3954 3338 3994 a
3363 3939 3483 3996 viro
3508 3940 3691 4011 docto,

2096 4042 2219 4084 cum
2245 4027 2742 4099 quinquennalibus
2772 4028 2908 4094 istis,
2941 4028 3222 4100 redituque
3251 4032 3301 4087 in
3344 4031 3531 4088 urbem
3554 4046 3692 4088 con-

2089 4124 2349 4196 jungitur.
2382 4124 2454 4181 At
2480 4125 2582 4181 hoc
2626 4125 2864 4181 omnium
2893 4126 3213 4197 scriptorum
3245 4127 3558 4185 adversatur
3587 4140 3700 4186 tes.

2095 4216 2351 4282 timoniis,
2383 4217 2473 4287 qui
2507 4217 2586 4273 sic
2613 4216 2681 4272 de
2705 4217 2786 4272 Itis
2812 4217 2973 4273 rebus
2992 4229 3290 4290 exponunt,
3318 4230 3377 4276 ut
3404 4223 3519 4277 sine
3546 4221 3693 4276 omni

2095 4310 2259 4367 dubio
2290 4311 2354 4367 ad
2395 4311 2559 4366 alium
2601 4318 2799 4368 annum
2847 4313 3051 4369 reditus
3083 4313 3332 4370 SEVERI
3362 4317 3412 4371 in
3446 4316 3633 4371 urbem
3665 4331 3697 4372 e

2094 4403 2287 4469 Gallia,
2330 4405 2396 4460 ad
2432 4406 2593 4461 alimn
2646 4407 2893 4473 migratio
2944 4406 3009 4461 ad
3064 4405 3413 4463 debellandos
3462 4409 3685 4467 Parthos

2095 4496 2374 4553 referenda
2411 4497 2501 4553 sit.
2545 4497 2681 4566 Quid
2727 4498 2795 4553 de
2842 4498 3134 4554 rationibus
3173 4501 3449 4569 speciatim
3496 4502 3696 4571 dicant,

390 4593 604 4648 Initium
645 4593 692 4649 is
731 4593 1023 4666 Oppugnati
1066 4592 1304 4664 Byzantii
1350 4592 1418 4647 ad
1470 4561 1528 4647 a:
1562 4590 1745 4648 CXCV
1800 4589 1984 4646 refert.
2012 4561 2065 4621 D
2092 4605 2320 4659 quarum
2372 4590 2513 4643 nulla
2573 4606 2633 4645 se
2697 4592 3022 4655 sustentare,
3084 4592 3167 4645 vel
3205 4561 3410 4646 Ileviler
3466 4561 3694 4660 potasti

393 4684 565 4752 Quam
587 4685 655 4741 ob
680 4701 792 4741 rem
814 4687 1401 4755 uecessariumquoque
1420 4683 1536 4748 fuit,
1557 4699 1720 4754 quum
1755 4683 1989 4738 triennio

395 4778 715 4833 obsidioista
744 4779 1051 4834 continuata
1077 4778 1164 4844 sit,
1194 4786 1251 4830 ttt
1277 4778 1341 4830 A.
1365 4775 1647 4843 CXCVII.,
1667 4792 1772 4846 quo
1799 4776 1991 4830 Orieno

395 4882 501 4930 tem
523 4874 800 4945 reliquerit
822 4870 1139 4929 SEVERUS
1155 4912 1170 4937 ,
1207 4887 1257 4926 a.
1279 4869 1529 4926 CXCVIII
1562 4886 1668 4941 quo
1688 4868 1990 4925 ALBINUM

395 4969 673 5032 devicerit,
705 4967 874 5026 fuisse
913 4970 1117 5025 diceret
1146 4952 1433 5039 (Doctrina:
1458 4977 1673 5038 tempor.
1719 4964 1830 5019 Lib.
1862 4962 1911 5017 Χ
1929 4962 1989 5020 ν.

396 5083 448 5134 p.
476 5069 602 5123 693.
630 5068 710 5121 ed.
743 5065 916 5121 Paris.
942 5063 1123 5135 I627).
1154 5064 1473 5135 Perspicuus
1499 5074 1579 5118 est
1622 5078 1797 5126 error,
1833 5060 1995 5115 modo

399 5159 734 5225 observetur,
778 5157 978 5213 fontem
1009 5157 1123 5227 ejus
1152 5172 1292 5223 esse,
1343 5157 1485 5227 quod
1525 5154 1663 5211 male
1703 5153 1992 5210 exordium

399 5253 815 5325 oppugnationis
863 5250 1163 5323 hyzautimc
1208 5266 1259 5305 a.
1312 5248 1492 5307 CXCV
1538 5248 1800 5306 tribuerit.
1861 5248 1987 5301 Iltcc

399 5362 551 5416 vero,
581 5358 635 5405 ut
669 5349 721 5405 id
755 5348 973 5413 faceret,
1007 5350 1142 5404 ratio
1178 5362 1304 5403 eum
1336 5345 1565 5416 impulit,
1609 5342 1751 5414 quod
1784 5341 1996 5398 NIGRO

400 5442 690 5511 superstite
731 5451 892 5498 tantae
932 5441 1091 5496 molis
1130 5439 1322 5511 Operi,
1364 5437 1538 5510 qualis
1580 5436 1702 5491 hanc
1748 5436 1997 5501 obsidio,

402 5533 729 5615 SEVEIIUQI
756 5549 947 5591 vacare
976 5549 1080 5589 non
1103 5534 1357 5605 potuisse,
1386 5531 1635 5590 credidit.
1658 5530 1997 5587 Contrarium

401 5645 465 5685 ex
519 5629 688 5687 Dinne
732 5629 814 5684 vir
857 5627 1100 5685 eruditus
1164 5627 1377 5683 discere
1426 5626 1731 5697 potuisset,
1791 5635 1847 5679 ut
1886 5623 1998 5695 jam

366 5724 654 5780 'indicavi.
698 5723 1002 5797 Revoeetur
1059 5723 1239 5795 itaque
1281 5737 1405 5777 cum
1468 5704 1639 5776 Dione
1703 5720 2003 5791 bysautiua:

401 5817 815 5889 Oppugnatiouis
844 5817 1051 5872 initium
1080 5813 1148 5872 ad
1175 5830 1361 5871 verum
1389 5828 1547 5873 suum
1596 5829 1647 5870 a.
1676 5811 1918 5881 CXCIV,
1948 5820 2005 5871 et

687 5912 1129 5975 Τειιτσιιιηι
1174 5910 1225 5973 ῐ.

2097 4683 2356 4738 Dislincte
2404 4684 2699 4753 quamlibet
2749 4685 3037 4739 excutiam.
3097 4682 3517 4738 Ittcertissiutum
3568 4694 3693 4752 est,

2095 4790 2148 4830 a.
2193 4774 2447 4831 CXCVIII
2499 4776 2914 4847 quinquennalia
2983 4774 3312 4832 SI'IVEIIUII
3359 4776 3689 4831 CXIIIIIIIISSB.

2098 4868 2218 4941 Ipse
2247 4870 2419 4926 celcb.
2452 4870 2641 4940 Pagius
2697 4871 2833 4926 Italic
2874 4872 3151 4925 ittculcavut
3212 4868 3450 4938 regulam
3485 4887 3497 4922 :
3528 4868 3697 4935 Quiu-

2099 4963 2392 5034 qttennulia,
2440 4962 2750 5019 Decennalia
2793 4973 2842 5017 et
2880 4963 2936 5017 id
2963 4979 3119 5035 genus
3162 4965 3319 5032 festa,
3363 4960 3514 5013 modo
3558 4976 3697 5015 anno

2100 5059 2274 5130 quinto
2303 5060 2526 5123 ineunte,
2574 5059 2724 5113 modo
2750 5068 2964 5113 exeunte
2990 5054 3432 5111 indiscriminntint
3475 5055 3704 5109 celebra-

2101 5151 2473 5226 ἐναντίαι-(Βία.
2507 5152 2764 5225 Hypntica
2793 5150 2858 5206 P.
2893 5150 2978 5219 II,
3011 5168 3056 5206 c.
3085 5149 3168 5213 II,
3205 5148 3233 5222 §
3278 5147 3339 5213 V,
3373 5166 3425 5220 ρ.
3459 5148 3704 5221 87).Lu-

2104 5248 2252 5303 brico
2289 5263 2408 5304 eam
2448 5246 2797 5303 fundamento
2833 5246 2901 5301 ab
2955 5259 3023 5301 eo
3076 5242 3381 5314 impositam
3430 5259 3549 5299 esse
3594 5258 3704 5299 non

2104 5342 2314 5413 ignoro,
2344 5341 2423 5397 illi
2454 5341 2708 5397 nimirum
2733 5382 2749 5408 ,
2775 5338 2930 5410 cujus
2957 5337 3210 5411 princeps
3239 5344 3427 5392 auctor
3448 5344 3550 5402 est,
3580 5352 3709 5392 sen-

2105 5435 2321 5503 tentiae,
2349 5434 2703 5506 imperatores
2730 5433 2783 5487 in
2814 5431 3249 5488 solemnitatibus
3274 5430 3541 5503 ejusmodi
3571 5445 3706 5486 con-

2108 5528 2342 5583 sularem
2370 5542 2586 5598 semper
2608 5525 2921 5596 dignitatem
2965 5524 3285 5596 suscepisse.
3315 5522 3498 5594 Neque
3526 5531 3705 5579 tamen

2107 5620 2306 5693 alioqui
2344 5622 2454 5675 suis
2497 5633 2558 5676 ea
2602 5618 2783 5674 nervis
2823 5618 3073 5674 destituta
3101 5627 3202 5684 est,
3234 5625 3292 5671 ut
3318 5615 3556 5672 nonnulli
3600 5614 3708 5671 sibi

2120 5772 2125 5779 ·
2169 5759 2242 5833 (1,)
2278 5756 2490 5831 Histoire
2533 5756 2620 5808 des
2660 5763 3272 5869 empereurs,t..tlt,'pag.
3308 5755 3418 5806 408.
3467 5752 3539 5805 Le
3581 5755 3706 5820 pere

2120 5821 2244 5869 Pam.
2264 5834 2350 5869 aut
2365 5827 2468 5869 met
2485 5832 2673 5869 comme
2695 5833 2820 5869 nous
2834 5818 2883 5869 Ia
2903 5819 3130 5869 défanted
3194 5818 3294 5869 Ibm
3317 5832 3383 5869 eu
3407 5816 3517 5869 198.

2104 5816 2244 5886 Pagi,
2264 5822 2350 5886 qui
2365 5827 2468 5873 utet
2485 5832 2673 5872 comme
2695 5816 2820 5872 nous
2834 5818 2883 5871 la
2903 5819 3089 5872 défaite
3099 5816 3294 5875 diAIbin
3317 5832 3383 5869 eu
3407 5816 3517 5869 I98.

2981 5904 3379 5988 (Dim-ltuit.)
