4150 6352
370 312 498 374 $57

1634 315 1942 378 MOSBEIM
1970 320 2403 391 υιεριιιειτιο.

3580 343 3694 400 558

384 439 525 489 erat.
581 430 838 503 Snspicax
886 430 1093 488 scilicet
1150 440 1204 489 et
1284 432 1445 489 simul
1500 437 1705 506 argenti
1758 434 1984 507 cupidus
2006 439 2365 519 Apr-alueum
2384 442 2577 513 fuisse,
2624 462 2788 519 quum
2818 451 2872 506 in
2900 466 2966 508 eo
2993 462 3156 522 esset,
3190 455 3506 515 ιιιΡειιιιιιοδ
3531 461 3691 518 in“-

384 526 669 597 princeps,
716 541 878 596 quum
927 525 1041 596 jam
1091 526 1271 583 omnia
1331 529 1700 599 tranquillitati
1743 530 1986 586 restituta

388 626 593 685 essent,
623 618 971 674 nihilominus
997 619 1261 690 quosdam
1282 637 1318 674 c
1345 621 1562 692 latebris
1586 623 1747 679 veluti
1779 632 1987 695 protra-

388 710 568 777 hebat,
596 726 732 781 quos
760 711 976 767 insidias
999 712 1100 767 sibi
1129 711 1320 769 fecisse
1342 714 1542 782 aiebat,
1571 716 1728 772 acad
1757 725 1983 772 mortem

372 800 510 860 iide'o
540 803 652 874 rapi
678 803 922 873 jubebat.
954 804 1056 861 Ism
1086 806 1301 877 vigente
1338 809 1698 877 racematione,
1730 818 1788 865 ut
1812 809 1983 881 loqui-

372 906 495 963 tur,
547 895 1033 954 TERTULIANUS
1078 898 1366 955 scribebat.
1420 900 1573 957 Scire
1620 901 1833 972 itaque,
1877 916 1985 972 quo

372 996 632 1059 'leutpore
658 989 913 1060 reliquias
943 991 1322 1048 seditiosorum
1356 993 1754 1065 investigaverit
1778 994 1984 1051 SEVE-

373 1082 658 1151 8118,63
696 1084 870 1155 ipsum
917 1085 1477 1157 Apologeticiannum
1500 1091 1661 1145 scire.
1698 1089 1824 1160 ipse
1855 1107 1985 1147 vero

380 1176 516 1234 illud
555 1177 768 1234 indicat
820 1187 941 1248 post
973 1179 1248 1251 solemnia
1298 1181 1542 1251 quaedam
1604 1183 1791 1241 Roma:
1841 1184 1982 1241 facta

380 1269 652 1336 evenisse,
685 1270 959 1342 in-quibus
986 1271 1072 1328 isti
1115 1273 1454 1343 imperatoris
1492 1274 1693 1331 inimici
1733 1292 1982 1349 magnum

370 1360 795 1433 falsagaudium
814 1379 935 1434 prie
954 1380 1013 1420 se
1043 1365 1277 1422 tulerint.
1307 1367 1577 1436 Quantum
1618 1370 1986 1427 intercesserit

381 1455 721 1512 intervallum
751 1474 856 1513 non
879 1457 1045 1513 addit.
1072 1458 1223 1515 Patet
1248 1469 1445 1525 tamen,
1472 1460 1614 1516 haud
1639 1466 1707 1518 ita
1734 1478 1984 1534 magnum

382 1549 605 1621 intelligi
634 1550 853 1607 debere.
876 1550 982 1608 .Est
1013 1563 1068 1608 et
1095 1552 1236 1608 alius
1264 1554 1315 1609 in
1346 1555 1452 1610 alio
1484 1556 1613 1626 ejus
1644 1555 1782 1613 libro
1814 1558 1980 1625 locus,

382 1642 496 1712 qui,
523 1642 663 1713 quod
708 1643 775 1698 ad
822 1642 923 1711 hoc
981 1655 1334 1715 momentum,
1378 1646 1503 1703 hinc
1538 1651 1699 1719 quasi
1752 1651 1989 1721 explicat

381 1731 563 1803 (Libro
588 1734 655 1787 ad
684 1734 966 1806 Scapulam
982 1754 1028 1790 c.
1054 1735 1080 1790 I
1094 1775 1105 1789 .
1128 1737 1326 1807 p.552.
1354 1738 1545 1811 Opp):
1571 1740 1865 1812 Nunquam,
1892 1744 1985 1810 ait,

2078 533 2264 591 «deret.
2302 537 2496 595 Nullus
2523 542 2738 612 quidem
2768 545 2812 600 si
2839 547 3061 618 produci
3093 550 3246 607 testis
3276 564 3490 624 posset,
3521 555 3692 616 nihilo

2078 630 2268 685 uulnus
2284 644 2439 690 certa
2459 651 2575 692 mea
2594 649 2738 695 esset
2766 643 3115 714 computatio,
3132 647 3231 718 qui
3257 649 3496 705 omnium
3522 651 3691 708 instar

2093 721 2588 786 TERTULIANUM
2629 734 3008 793 commendare
3048 753 3293 809 possem.
3351 741 3519 799 Adest
3552 760 3692 802 vero

2078 818 2371 875 commode
2394 821 2737 893 Spantianus,
2768 829 3127 901 auspicioque
3166 833 3297 889 novi
3347 834 3474 891 belli
3520 839 3692 895 caedi-

2080 907 2190 965 .bus
2228 909 2505 969 hominum
2540 916 2823 988 inquinata
2864 919 3058 988 fuisse,
3092 925 3263 981 ttradit
3301 927 3320 999 (
3357 926 3472 983 Vita
3516 929 3698 987 Seueri

2078 1015 2137 1053 .c.
2169 1001 2325 1071 Xl-V,
2357 1022 2409 1074 p.
2440 1006 2568 1078 480)
2596 1002 2971 1067 :llaultosiinter
2998 1017 3105 1069 tuac
3135 1015 3525 1088 (dumscnovo
3542 1022 3689 1080 bello

2076 1097 2413 1170 accingeret,
2442 1101 2568 1157 dum
2602 1104 2767 1161 ludos
2809 1108 3006 1178 populo
3035 1112 3358 1180 spectandos
3392 1116 3685 1185 premeret,

2076 1188 2158 1245 ~dc
2196 1192 2389 1262 quibus
2426 1194 2654 1266 aliisque
2694 1199 2746 1253 in
2796 1202 3164 1271 superioribus
3204 1204 3414 1261 dixerat
3444 1207 3469 1277 ‘)
3496 1211 3690 1266 caussis

2078 1284 2167 1339 mel
2210 1287 2342 1340 ueris
2388 1289 2467 1341 vel
2521 1290 2775 1347 simulatis
2820 1294 3033 1357 occidit.
3086 1295 3478 1354 Damnabantur
3522 1311 3689 1358 autem

2075 1374 2315 1446 ,plerique
2351 1394 2444 1433 cur
2475 1379 2639 1449 jocati
2663 1393 2826 1439 essent
2855 1401 2868 1437 :
2898 1386 2990 1440 alii
3028 1403 3121 1441 cur
3141 1390 3413 1445 tacuissent
3433 1407 3452 1445 :
3476 1393 3566 1446 alii
3590 1409 3690 1448 cur

2090 1468 2329 1537 pleraque
2373 1472 2594 1543 ﬁgurata
2634 1474 2878 1531 dixissent
2919 1495 2931 1530 :
2984 1486 3036 1532 ut
3086 1489 3215 1535 esset
3261 1483 3537 1551 imperator
3582 1500 3693 1540 vere

2091 1563 2311 1641 nominis
2333 1566 2436 1633 sui,
2461 1582 2574 1621 vere
2602 1565 2849 1624 Pertinaa:
2866 1579 2923 1626 et
2949 1570 3185 1628 Severus.
3221 1573 3335 1631 Huc
3364 1576 3547 1644 etiam,
3570 1592 3692 1648 qua:

2092 1656 2253 1726 paulo
2298 1669 2427 1728 post
2474 1672 2894 1732 consequuntur,
2953 1666 3112 1721 verba
3164 1668 3360 1737 refero,
3411 1686 3530 1740 qua:
3560 1714 3574 1740 ,
3634 1682 3691 1727 ut

2091 1751 2304 1821 opinor,
2339 1767 2443 1807 non
2463 1754 2541 1808 ad
2563 1755 2744 1810 solum
2765 1756 3198 1829 Nigrinianornm
3232 1762 3280 1815 in
3312 1760 3535 1819 Oriente
3562 1775 3689 1834 per-

379 1825 662 1892 Albiniani,
690 1839 779 1881 aut
817 1827 1081 1901 Nigriam',
1103 1832 1179 1885 vel
1213 1830 1445 1886 Cassiani
1467 1833 1682 1888 inveniri
1711 1844 1985 1907 potuerunt
2014 1870 2062 1931 Β
2094 1844 2426 1901 secutionem
2458 1848 2747 1919 pertinent,
2768 1825 2974 1908 et'eum
3005 1853 3203 1909 ultimis
3227 1825 3691 1913 TERTULLIANI

380 1916 660 1972 Christiani
692 1936 705 1973 :
740 1919 830 1974 sed
856 1920 1013 1975 iidem
1058 1922 1192 1991 ipsi,
1238 1924 1324 1993 qui
1376 1940 1463 1992 per
1496 1926 1673 1995 genios
1718 1941 1890 1981 eorum
1928 1928 1986 1982 in

380 2002 545 2084 pridie
574 2028 728 2082 usque
746 2012 1067 2083 juraverant,
1097 2015 1183 2085 qui
1212 2032 1303 2086 pro
1330 2017 1495 2070 salute
1523 2033 1695 2071 eorum
1722 2016 1918 2073 'Itostias
1939 2028 1987 2073 et

379 2113 615 2158 voverant
640 2113 686 2159 et
709 2104 950 2175 fecerant.
999 2106 1074 2162 De
1099 2089 1291 2163 eadem
1325 2123 1383 2163 rc
1425 2109 1659 2180 loquitur
1705 2113 1785 2166 vir
1837 2112 1989 2182 inge-

380 2196 586 2262 niosus,
639 2197 707 2252 de
753 2213 856 2269 qua
910 2199 961 2253 in
994 2200 1215 2266 nostris,
1259 2215 1377 2271 quae
1405 2202 1742 2272 exponimus.
1783 2203 1983 2260 Vocem

381 2288 561 2360 itaque
576 2290 760 2362 pridie,
786 2306 905 2363 quae
930 2293 1092 2371 breve
1115 2292 1336 2349 denotat
1362 2303 1593 2366 tempus,
1614 2296 1681 2352 ad
1702 2304 1985 2368 utrumque

368 2383 545 2450 ‘-trahi,
567 2382 692 2455 quid
717 2384 1279 2456 prohibet?Qu:euam
1304 2402 1435 2443 vero
1463 2399 1617 2443 erant
1643 2388 1758 2445 lucc
1783 2390 1983 2461 gaudia

302 2518 309 2519 κ
381 2476 616 2549 publica,
648 2477 715 2532 ad
759 2493 880 2549 qum
910 2478 1169 2550 respicit?
1212 2478 1392 2535 Fallor
1420 2490 1517 2535 aut
1564 2483 1984 2553 quinquennalia

383 2570 576 2626 innuit.
601 2569 829 2627 Romam
850 2572 1067 2644 quidem
1092 2588 1256 2644 quum
1280 2574 1653 2646 ingrederetur
1672 2575 1985 2633 SEVERUS

383 2672 506 2737 post
531 2664 870 2721 interfectum
898 2665 1225 2734 ALBINUM,
1257 2668 1469 2739 gaudiis
1496 2670 1674 2725 omnia
1701 2680 1755 2725 et
1785 2671 1977 2741 plausi-

384 2759 486 2815 bus
512 2758 877 2830 personabant
902 2758 1051 2830 (Vitl.
1084 2759 1418 2815 Herodianus
1447 2759 1650 2816 Hister.
1697 2760 1811 2816 Lib.
1859 2762 1980 2818 III.

386 2872 434 2910 c.
477 2852 643 2921 VIII,
676 2873 730 2927 p.
774 2854 927 2927 145).
954 2854 1065 2912 Nec
1104 2857 1258 2912 nobis
1290 2857 1342 2913 id
1366 2857 1599 2924 obesset,
1631 2860 1675 2914 si
1715 2860 1835 2930 quis
1863 2875 1985 2916 eam

386 2948 474 3005 hic
502 2947 743 3003 laetitiam
775 2948 1042 3019 publicam
1074 2947 1298 3005 indicari
1329 2948 1555 3006 diceret.
1584 2949 1772 3023 Longe
1805 2958 1985 3007 tamen

382 3044 716 3117 probabilius
745 3044 978 3101 arbitror
1012 3044 1081 3101 de
1124 3045 1620 3117 quinquennalibus
1665 3062 1987 3103 sermonem

388 3154 529 3207 esse,
558 3155 679 3195 cum
707 3140 839 3195 alias
870 3139 939 3195 ob
966 3155 1206 3205 caussas,
1230 3150 1338 3195 tum
1368 3141 1507 3211 quod
1535 3150 1658 3195 vota
1690 3134 1782 3212 pro
1813 3143 1986 3197 salute

2092 1940 2416 1994 conl’euenda
2442 1950 2577 1995 sunt
2608 1960 2621 1995 ε
2651 1943 2840 1998 Multos
2884 1946 3052 2011 etiam,
3095 1948 3242 2018 quasi
3292 1947 3562 2004 Chaldaeos
3601 1960 3690 2004 aut

2091 2042 2227 2086 vates
2257 2032 2319 2086 de
2348 2050 2440 2087 sua
2469 2032 2636 2089 salute
2678 2037 3068 2106 consuluissent,
3111 2040 3380 2107 interemit,
3435 2042 3691 2112 praecipue

2089 2135 2347 2194 suspectos
2389 2142 2795 2201 unumquemque
2839 2130 3076 2186 idoneum
3118 2133 3352 2203 imperio.
3393 2134 3691 2192 Transacta

2091 2231 2178 2270 res
2217 2227 2318 2272 est.
2353 2235 2408 2272 a.
2454 2219 2729 2289 CXCVIII,
2762 2222 3000 2279 omnium
3032 2241 3324 2294 consensu,
3360 2228 3412 2283 in
3461 2227 3690 2285 Parthos

2087 2307 2405 2368 SEVERUS
2456 2311 2725 2382 profeCIus
2766 2326 2869 2371 est.
2926 2316 3061 2373 Tum
3099 2326 3219 2390 post
3262 2320 3687 2392 quinquennalia

2089 2404 2347 2470 exhibita,
2394 2422 2557 2477 quum
2604 2407 2713 2479 jam
2755 2410 2833 2464 nil
2886 2411 2987 2466 nisi
3033 2413 3213 2482 praelia
3263 2423 3317 2470 et
3369 2413 3688 2472 Parthorum

2089 2496 2273 2552 funera
2302 2499 2548 2567 spiraret,
2568 2503 2844 2556 racematio
2872 2503 2957 2557 illa
2978 2504 3282 2573 rebellium,
3307 2506 3373 2564 de
3393 2525 3494 2579 qua
3515 2506 3686 2565 TER-

2090 2589 2495 2662 TULLIANUS,
2526 2596 2769 2667 contigit.
2798 2596 2981 2669 Igitur,
3013 2599 3141 2671 quin
3163 2601 3353 2658 eodem
3379 2618 3521 2660 anno
3546 2605 3688 2677 Apo-

2091 2684 2332 2757 logeticus
2360 2689 2429 2742 sit
2455 2699 2730 2757 exaratos,
2775 2686 3006 2747 dubitari
3046 2693 3277 2765 amplius
3300 2697 3505 2767 nequit.
3538 2695 3689 2754 Licet

2091 2772 2237 2835 nunc
2260 2797 2472 2853 quoque
2500 2798 2698 2838 annum
2731 2784 2960 2854 primum
2995 2787 3360 2844 calamitatum
3383 2789 3690 2848 Christianis

2091 2871 2389 2943 imperante
2409 2873 2683 2931 SEVERO
2701 2876 2785 2932 illa
2796 2885 2843 2933 ta
2855 2895 2970 2934 rum
2994 2879 3295 2952 designare.
3317 2881 3694 2941 Sustinuerant

2087 2964 2198 3037 jam
2228 2983 2322 3038 per
2348 2968 2561 3039 aliquod
2609 2981 2816 3042 tempus
2841 2972 3079 3030 furorem
3113 2975 3366 3041 hostium,
3400 2994 3562 3049 qutun
3596 2995 3692 3050 pro

2091 3060 2171 3116 eis
2200 3070 2383 3118 noster
2396 3064 2560 3118 verba
2586 3062 2802 3121 faceret.
2829 3065 2985 3122 Certe
3008 3083 3269 3140 nusquam
3291 3068 3359 3133 de
3382 3071 3693 3128 vulneribus

2088 3169 2261 3223 nuper
2308 3153 2546 3220 inﬂictis,
2593 3158 2689 3212 sed
2734 3159 3043 3215 inveteratis
3077 3159 3188 3231 jam
3220 3161 3396 3227 malis,
3426 3163 3678 3235 loquitur.

387 3233 613 3303 Augusti
640 3243 749 3288 tum
781 3249 901 3289 esse
931 3232 1086 3299 facta,
1120 3232 1423 3289 subindicat
1449 3252 1461 3285 :
1498 3234 1605 3288 Sed
1632 3244 1683 3287 ut
1714 3246 1830 3289 eota
1861 3254 1977 3307 pro-

2093 3248 2321 3316 Quod,si
2341 3250 2636 3321 nonprius,
2658 3252 2981 3307 minimuma
3007 3255 3329 3324 praecedenti
3370 3272 3421 3312 a.
3461 3232 3690 3314 CXCVII

388 3327 502 3398 pria
527 3328 646 3395 jam
690 3326 942 3382 edicerent
969 3328 1025 3381 in
1060 3326 1230 3381 aliena
1273 3326 1609 3394 solemnitate,
1657 3337 1713 3382 et
1757 3328 1981 3399 reliqua.

352 3408 595 3493 ’Eequid
646 3437 773 3478 vero
820 3423 1033 3490 notius,
1093 3421 1233 3478 ludis
1290 3422 1791 3494 quinquennalibus
1843 3422 1986 3478 hunc

386 3530 594 3573 morem
614 3517 882 3587 prcecipue
903 3517 1244 3572 observatum
1267 3515 1429 3573 fuisse
1444 3516 1468 3569 ’ἶ
1494 3515 1665 3585 Equid
1687 3516 1769 3571 his
1798 3531 1991 3571 numo-

390 3624 512 3663 rum
570 3609 1005 3681 inscriptionibus
1052 3610 1317 3666 celebrius
1372 3628 1385 3664 :
1437 3608 1621 3665 VOTA
1679 3607 1984 3665 DECENN.

390 3698 905 3775 SUSCEP.?Tangit
930 3703 1028 3759 has
1054 3704 1391 3760 ceremonias
1449 3704 1566 3759 sine
1596 3703 1762 3759 dubio
1816 3702 1989 3759 Hero-

390 3797 603 3866 dianus,
627 3799 715 3870 qui
745 3808 941 3872 praeter
978 3816 1173 3856 munus
1218 3797 1526 3871 illutl,quod
1562 3798 1787 3854 Romam
1815 3797 1986 3854 redux

388 3893 685 3964 Imperator
712 3893 907 3965 populo
935 3893 1234 3959 exibuerat,
1258 3892 1419 3949 aliam
1446 3892 1562 3964 ejus
1593 3892 1749 3964 hujus
1771 3907 1873 3965 gen
1888 3892 1999 3948 eris

390 3989 767 4046 liberalitatem
793 3991 950 4059 paulo
971 3998 1094 4045 ante
1107 3989 1404 4060 parthicam
1422 3987 1821 4059 expeditionem
1844 4000 1998 4041 com-

393 4095 673 4142 memorat.
715 4094 861 4157 νομάς
884 4110 937 4143 τε
960 4090 1305 4161 μεγαλοφρόνως
1325 4091 1560 4153 ἰοπεδίδου,
1580 4092 1819 4141 ἐπετέλεσε
1848 4088 1896 4140 δὲ
1918 4084 2001 4140 καὶ

395 4186 621 4237 inmixtos
642 4185 819 4254 ἀγῷνα,
835 4190 944 4242 τοὺς
959 4189 1254 4250 παντάρχοθέν
1266 4186 1441 4252 μούσης
1463 4205 1517 4236 τε
1540 4187 1797 4252 ὑποκρίιταις
1813 4182 1894 4233 καὶ
1913 4182 1973 4234 ἀν
1984 4208 1998 4221 ·

395 4278 549 4347 aprica;
561 4283 785 4346 μεθιέντας
808 4283 1232 4347 μεταπεμψάμενος
1257 4273 1343 4345 (L.
1376 4273 1497 4337 ΙΙΙ,
1517 4291 1562 4328 c.
1582 4271 1745 4337 VI”,
1770 4270 1997 4343 p.147).

396 4366 503 4425 Sed
523 4378 570 4424 et
591 4369 850 4441 congiaria
864 4368 1000 4423 dedit
1012 4368 1264 4423 uberrima
1275 4378 1321 4421 et
1338 4376 1588 4421 certamen
1603 4364 1886 4437 proposuit,
1904 4379 1999 4419 un-

396 4441 545 4533 dique
572 4463 747 4517 accitis
772 4461 1061 4517 ludionibus
1088 4461 1237 4533 atque
1262 4459 1649 4516 athletis.ldem
1678 4457 1994 4530 Spartianus

396 4555 674 4627 perhibet(
692 4553 805 4609 Vita
819 4554 1013 4621 Severi,
1030 4552 1163 4608 c.XI
1182 4552 1244 4617 V,
1270 4571 1320 4623 p.
1347 4550 1498 4622 150.)
1522 4550 1676 4622 cujus
1692 4550 1807 4606 haec
1823 4558 1949 4606 sunt
1977 4565 1992 4602 :

397 4617 674 4723 Profectus.
691 4649 873 4707 deinde
903 4649 972 4704 ad
994 4617 1181 4705 bellum
1201 4617 1489 4719 part/ticum
1515 4617 1610 4714 est,
1638 4644 1772 4700 edito
1799 4643 1996 4716 gladia-
2019 4617 2076 4677 Β

401 4744 531 4799 torio
578 4758 783 4799 munere
825 4753 872 4797 et
911 4741 1174 4814 congiario
1215 4738 1405 4810 populo
1447 4737 1588 4794 dato.
1632 4736 1787 4803 Vide,
1832 4750 1995 4808 quam

400 4837 573 4892 amice
590 4835 655 4891 ‘hi
678 4836 784 4891 duo
808 4834 1149 4906 conspirent:
1173 4847 1332 4904 quam
1361 4838 1486 4902 apte
1509 4838 1733 4901 uterque
1762 4843 1996 4900 praeces-

402 4928 540 4985 sisse
595 4929 830 5001 aliquam
897 4943 1105 5001 magnae
1159 4923 1547 4981 muniﬁcentiae
1601 4923 1995 4979 solemnitatem

403 5022 798 5093 expeditionem
822 5021 1129 5094 ,parthicam
1156 5019 1351 5076 tradat.
1383 5018 1515 5088 Qum
1541 5017 1587 5074 si
1616 5017 1999 5073 celeberrimus

401 5119 721 5177 attendisset
781 5118 1190 5183 Tillemontius,
1246 5115 1402 5173 aliter
1440 5114 1556 5171 sine
1607 5113 1772 5170 dubio
1830 5112 1988 5168 insti-

406 5213 611 5270 tuisset.
664 5214 742 5271 De
780 5212 1040 5270 Pescenni
1082 5211 1274 5269 NIGRI
1321 5208 1697 5274 sectatoribus,
1739 5220 1872 5279 quas
1940 5205 1996 5262 in

404 5307 554 5379 Syria
567 5308 865 5365 venabatur
880 5305 1214 5372 SEVERUS,
1233 5317 1540 5361 sermonem
1558 5301 1642 5357 hic
1656 5314 1776 5359 esse
1792 5306 2000 5356 censet.

405 5403 476 5457 At
501 5416 594 5458 eos
611 5403 815 5459 inducit
832 5396 1333 5465 TERTULIANUS,
1365 5398 1455 5468 qui
1474 5395 1730 5453 Romanis
1747 5390 2005 5449 interfue-

405 5496 514 5553 rint
552 5498 893 5568 Spectaculis.
922 5497 1139 5567 Quales,
1177 5497 1269 5567 qui
1310 5495 1363 5550 in
1405 5493 1560 5566 Syria
1590 5490 1997 5556 delitescebant,

404 5593 593 5652 NIGRI
605 5580 897 5651 sectatores
919 5607 1024 5649 non
1043 5599 1217 5649 erant.
1231 5590 1348 5659 Quo
1360 5604 1521 5655 anno,
1542 5604 1668 5644 num
1689 5603 1738 5643 a.
1771 5584 2007 5644 CXCVII

407 5696 502 5745 aut
544 5688 797 5746 CXCVIII
831 5688 994 5745 festos
1028 5687 1191 5743 hosce
1221 5683 1338 5742 dies
1374 5684 1665 5755 imperator
1715 5680 2003 5749 indixerit,

408 5797 596 5853 parum
622 5797 772 5840 curo.
800 5781 855 5837 Id
887 5781 1015 5838 mibi
1040 5789 1266 5845 tantum,
1298 5786 1361 5835 ut
1386 5778 1689 5846 ostendam,
1719 5776 2008 5845 incumbit,

409 5874 722 5949 sanguinem
762 5875 942 5936 denuo
994 5873 1439 5943 Albinianorum,
1504 5876 1564 5930 ut
1608 5868 1968 5931 credebantur
1991 5907 2008 5940 ,

2091 3343 2337 3398 miserias
2363 3358 2549 3399 eorum
2581 3345 2900 3417 repetendas
2929 3362 3068 3415 esse,
3097 3349 3351 3404 ostendit.

2094 3458 2101 3462 -
2166 3432 2341 3504 §XV.
2389 3465 2461 3475 —
2489 3435 2667 3492 [Iabes
2711 3438 2843 3508 jam,
2896 3454 3016 3509 qua:
3065 3439 3132 3494 de
3175 3449 3332 3496 mtate
3379 3439 3694 3513 Apologetici

2092 3522 2559 3582 TERTU‘LLIANI
2583 3539 2759 3583 tecum
2788 3531 3187 3586 communicare
3207 3529 3693 3602 statui.Equitlem,

2095 3630 2148 3674 ut
2179 3635 2299 3676 cum
2334 3621 2518 3688 robur,
2563 3631 2673 3677 tum
2714 3624 3148 3695 perspicuitatem
3193 3625 3257 3680 iis
3299 3640 3692 3696 compararem,

2096 3726 2197 3783 pro
2236 3713 2440 3769 viribus
2467 3714 2665 3777 studui.
2698 3725 2984 3787 utrumque
3026 3733 3153 3772 num
3203 3729 3521 3774 consecutus
3565 3719 3691 3785 sim,

2099 3807 2325 3864 aliorum
2356 3818 2474 3865 esto
2500 3809 2782 3880 judicium.
2815 3811 3109 3882 Aliquid‘si
3138 3812 3483 3870 obscuritatis
3509 3813 3693 3870 adita:-

2100 3912 2207 3972 ret,
2261 3917 2367 3958 non
2419 3910 2526 3959 tam
2570 3919 2692 3960 meo
2722 3904 2773 3960 id
2820 3905 2951 3960 vitio
3002 3904 3196 3961 factum
3239 3922 3362 3964 esse
3411 3907 3695 3980 cogitabis,

2101 4010 2260 4066 quam
2293 3996 2492 4067 negotii
2525 3998 2711 4068 ipsius.
2752 3997 2961 4054 Habent
2992 3999 3093 4057 hoc
3122 4000 3522 4072 disquisitioncs
3552 4001 3698 4073 ejus-

2103 4091 2267 4158 modi,
2298 4103 2357 4146 ut
2382 4107 2595 4163 semper
2620 4093 2820 4164 aliquid
2852 4094 3265 4152 domesticarum
3292 4112 3474 4153 secum
3501 4098 3699 4154 vehant
3760 4148 3767 4157 .

2100 4184 2359 4240 sordium.
2407 4184 2514 4241 Sed
2559 4201 2656 4242 nec
2702 4187 2787 4253 iis,
2833 4187 2923 4257 qui
2952 4186 3123 4258 prima
3169 4198 3380 4244 merent
3407 4188 3696 4260 stipendia,

2101 4276 2432 4346 scribuntur,
2480 4294 2664 4334 verum
2713 4277 2778 4333 iis
2824 4280 2913 4351 qui
2946 4280 3049 4348 iam
3096 4280 3327 4351 aliquem
3372 4282 3510 4338 inter
3553 4281 3699 4339 cives

2080 4365 2341 4427 'eruditos
2366 4369 2590 4442 gradum
2626 4370 2765 4427 nacti
2796 4371 3074 4442 utriusque
3106 4372 3373 4441 historia},
3410 4390 3698 4446 rerumque

2102 4463 2409 4519 criticarum
2448 4477 2551 4518 non
2572 4462 2738 4534 ignari
2760 4471 2905 4519 sunt.
2925 4462 3129 4532 Quibus
3169 4464 3405 4535 quidem,
3430 4466 3570 4536 quod
3596 4465 3699 4522 illis

2105 4554 2486 4627 perdbscurum
2530 4555 2784 4623 videtur,
2834 4556 3035 4612 nullam
3089 4556 3457 4614 difﬁcultatem
3507 4573 3698 4629 parere

2100 4649 2257 4705 solet.
2290 4648 2439 4717 Mihi,
2470 4648 2515 4703 si
2544 4648 2651 4704 Iata
2679 4648 2863 4717 velint,
2894 4648 3114 4721 suisque
3136 4650 3290 4705 labor
3318 4658 3502 4706 noster
3524 4649 3699 4705 fauto-

2100 4742 2251 4799 ribus
2277 4758 2382 4798 non
2416 4743 2572 4815 plane
2601 4746 2854 4811 caruerit,
2890 4744 2989 4799 hac
3010 4744 3093 4799 via
3118 4760 3340 4816 pergere
3362 4744 3696 4815 propositum

2074 4814 2205 4892 ’est.
2237 4836 2312 4893 De
2338 4814 2561 4908 reliquis
2582 4834 3045 4893 TERTULLIANI
3078 4814 3331 4907 operibus
3360 4814 3466 4891 non
3507 4836 3696 4893 eadem

2102 4938 2309 4986 tantum
2341 4931 2621 4997 industria,
2672 4946 2860 4987 verum
2893 4931 3053 4986 etiam
3092 4930 3158 4986 de
3184 4931 3289 4985 vita
3317 4930 3443 5001 ejus
3461 4930 3700 5001 satisque

2103 5025 2432 5096 diligentius,
2482 5040 2641 5096 quam
2671 5023 2778 5080 huc
2807 5039 2975 5095 usque
3000 5021 3195 5078 factum
3239 5022 3413 5089 video,
3449 5022 3704 5093 peculiari

2105 5117 2244 5174 libro
2272 5117 2853 5185 commentaborgcui
2895 5114 3302 5172 dissertationes
3341 5115 3600 5187 quasdam
3646 5116 3702 5172 in

2107 5226 2271 5284 opera
2292 5211 2410 5283 ejus
2436 5209 2707 5282 adjiciam.

2182 5303 2389 5360 Dudum
2422 5314 2525 5371 est,
2557 5302 2700 5375 quod
2726 5301 3044 5358 eruditiores
3070 5316 3263 5357 novam
3288 5315 3472 5358 eorum
3502 5299 3702 5358 editio-

2108 5413 2231 5455 nem
2272 5406 2549 5469 cxojitant.
2594 5398 2673 5452 Ac
2712 5410 2873 5451 nemo
2924 5410 3012 5451 me
3055 5394 3269 5467 quidem
3309 5395 3558 5452 libentius
3603 5395 3706 5452 hoc

2110 5508 2248 5550 Onus
2293 5493 2344 5548 in
2386 5508 2445 5548 se
2473 5491 2819 5558 devolvisset,
2853 5492 2898 5546 si
2925 5506 2986 5546 ea
3016 5490 3144 5547 mihi
3174 5490 3386 5547 vivendi
3416 5505 3535 5547 sors
3566 5490 3709 5548 obti-

2110 5591 2297 5661 gisset,
2345 5595 2404 5643 ut
2444 5602 2530 5642 me
2572 5585 2675 5640 rite
2714 5598 2781 5640 eo
2810 5582 3022 5655 defungi
3069 5598 3226 5654 posse
3273 5591 3545 5656 putarem.
3574 5582 3708 5652 Quae

2113 5698 2275 5755 quum
2309 5680 2437 5735 mihi
2468 5684 2659 5750 negata
2703 5676 2793 5745 sit,
2838 5691 2901 5733 ea
2934 5686 3134 5744 tamen,
3167 5691 3271 5748 qua
3300 5675 3430 5744 dixi,
3474 5676 3706 5742 ratione,

2113 5789 2221 5830 non
2245 5782 2352 5827 tam
2381 5770 2448 5826 de
2473 5773 2571 5824 hac
2599 5779 2773 5840 parte,
2798 5783 2957 5838 quam
2984 5767 3051 5824 de
3083 5769 3195 5840 ipsa
3223 5765 3457 5823 Historia
3483 5781 3632 5823 sacra
3653 5774 3713 5823 et

2114 5866 2257 5925 civili
2296 5865 2433 5923 bene
2471 5857 2696 5932 mereri,
2754 5860 3030 5919 constitui.
3072 5858 3288 5920 Molitus
3323 5866 3408 5919 est
3443 5860 3714 5933 ejusmodi
