4150 6352
484 315 592 376 559

1827 259 1834 268 ’
1903 302 2369 364 TERTULLIANI

3683 309 3788 369 560

481 447 619 506 opus
657 428 975 488 immortalis
1016 425 1292 484 memoriae
1335 426 1435 492 vir,
1459 425 1724 483 llenricus
1778 425 2084 483 Dodwellus
2110 427 2165 488 Α
2188 423 2262 482 du
2288 423 2503 483 FOSSE
2536 426 2697 482 vitam
2728 424 3213 494 TERTULLIANI,
3236 440 3397 500 quam
3428 426 3546 485 sine
3571 429 3790 485 nomine

482 525 596 600 (Ex
619 528 719 580 vita
763 525 872 596 ejus
898 539 930 576 a
972 519 1064 576 Fr.
1107 518 1414 592 Brockesby
1456 520 1644 591 scripta
1668 519 1772 574 vid.
1802 518 1852 574 la
1898 518 2082 575 Roche

483 619 602 675 Bib.
662 617 821 689 Angl.
902 614 1048 670 Tom.
1091 615 1143 670 1.
1193 613 1263 669 Ρ.
1308 615 1360 670 1.
1391 632 1445 688 ρ.
1478 613 1568 670 86.
1599 615 1730 688 87).
1774 614 1917 670 Mors
1953 628 2085 686 quo—

487 713 668 768 minus
714 709 781 765 ad
833 710 994 766 finem
1041 707 1382 780 perduceret,
1436 708 1728 780 prohibuit.
1785 708 1901 780 Ego
1955 724 2084 764 vero

479 805 834 860 vehementer
858 803 1066 868 dubito,
1083 819 1149 860 an
1167 819 1262 875 par
1284 802 1569 860 eruditioni
1595 802 1799 860 candor
1815 818 1878 857 ac
1894 803 2083 873 judicii

479 898 762 954 maturitas
804 897 858 952 in
898 911 964 952 eo
995 895 1170 951 futura
1222 895 1429 952 fuisset.
1475 896 1749 970 Habemus
1777 895 2084 952 TERTUL-

477 989 663 1047 LlANl
720 990 886 1045 vitam
933 1005 962 1044 a
1014 989 1243 1045 PETRO
1276 989 1474 1045 Allixio
1509 1008 1520 1043 :
1555 991 1620 1045 At
1660 1004 1802 1057 eam,
1846 1003 2005 1060 quam
2034 988 2081 1044 si

479 1083 673 1140 dixero
693 1082 873 1139 minus
894 1096 1014 1139 esse
1035 1083 1326 1152 perfectam
1351 1097 1415 1138 ac
1431 1082 1778 1150 elaboratam,
1803 1097 1830 1136 a
1857 1083 2080 1138 veritate

478 1191 589 1233 non
616 1177 958 1233 aberravero.
991 1176 1111 1232 Sint
1130 1191 1213 1241 ea,
1241 1192 1360 1247 quae
1385 1177 1435 1232 in
1464 1176 1564 1232 hac
1596 1175 1982 1232 Dissertatione
2011 1191 2077 1232 ex

480 1285 544 1327 ea
589 1269 1072 1334 consideravimus,
1119 1269 1429 1340 speciminis
1490 1269 1627 1326 loco.
1675 1269 1819 1326 l‘etri
1865 1269 2089 1326 Thema:

875 1493 1297 1616 QUINTI
1345 1504 1859 1589 SEPTIMII
1907 1502 2554 1595 FLORENTIS
2598 1501 3392 1588 TERTULLIANI

2185 519 2420 575 auctoris
2489 521 2750 591 prodiisse
2783 565 2798 590 ,
2859 522 3117 592 Dupinius
3173 531 3396 579 testatur
3443 521 3625 592 (Bibl.
3699 521 3788 578 des

2184 612 2402 669 Auteurs
2444 615 2568 669 εει-ι.
2618 613 2766 674 Tom.
2817 613 3047 670 XVIII.
3098 614 3336 686 p.258),
3388 631 3491 671 nec
3537 631 3658 685 ego,
3691 627 3789 671 nec

2183 719 2374 761 omnes
2413 704 2573 773 forte,
2613 706 2705 777 qui
2743 714 2894 762 extra
2931 705 3159 763 Galliam
3193 722 3491 773 versamur,
3534 704 3789 760 vidimus.

2185 795 2364 852 Palma
2425 800 2585 872 igitur
2622 800 2799 855 adhuc
2840 801 2892 856 in
2934 800 3113 857 medio
3153 803 3322 872 posita
3365 811 3486 867 est;
3529 788 3688 872 quam
3729 809 3788 857 ut

2191 889 2323 944 mihi
2354 892 2640 960 vindicem,
2674 893 2719 948 si
2767 893 2976 959 vixero,
3007 893 3257 949 studebo.
3290 892 3407 947 Non
3442 893 3486 948 is
3515 909 3655 960 sum,
3700 893 3793 965 qui

2187 999 2276 1040 mc
2295 985 2378 1050 iis,
2409 1001 2543 1058 quos
2567 986 2860 1053 nominavi,
2884 987 3015 1042 viris
3037 987 3280 1042 doctrina
3303 987 3460 1058 longe
3483 986 3792 1044 inferiorem

2184 1090 2306 1131 esse
2331 1078 2587 1133 nesciam.
2620 1077 2766 1135 Idem
2801 1088 2998 1145 tamen,
3050 1078 3210 1134 nimis
3241 1077 3487 1134 fortassis
3514 1077 3790 1144 audacter,

2183 1168 2523 1226 Dodwellum
2559 1172 2801 1228 veritatis
2855 1187 3061 1240 amore,
3107 1183 3336 1228 caeteros
3384 1171 3696 1229 assiduitate
3737 1180 3796 1230 et

2196 1267 2470 1338 diligentia
2499 1281 2585 1324 me
2606 1277 2982 1338 superaturum
3013 1282 3154 1335 esse,
3181 1265 3442 1338 spondeo.

493 1393 740 1405 Μ

741 1389 2372 1404 _._.—.———.—_————.————————-——————~
2395 1390 2402 1396 ο
2449 1391 2484 1396 -—
2509 1390 2556 1395 τη*
2591 1393 2595 1395 -
2645 1391 2652 1394 -
2689 1390 2700 1394 -
2739 1389 2917 1398 -—-

489 1393 3052 1444 ῌ-σψ-
3080 1389 3792 1440 Ε

1352 1657 1678 1824 ΑΙ)
1751 1657 2953 1827 NATIONES

1539 1913 2025 2023 LIBER
2098 1911 2775 2022 PRIMUS.

1794 2088 2450 2121 ’ᾦ-

547 2169 600 2226 1.
623 2164 1010 2224 Testimonium
1039 2164 1350 2236 ignorantitc
1371 2172 1584 2229 vestrae,
1603 2176 1722 2232 quze
1742 2161 2076 2231 iniquitatem
2107 2160 2156 2218 B
2185 2159 2340 2214 malae
2369 2161 2564 2217 mentis
2593 2163 2662 2218 ab
2686 2162 2989 2220 innocentia
3018 2164 3296 2220 transitum
3339 2164 3425 2221 vel
3469 2166 3578 2222 fato
3603 2166 3781 2239 impu-

475 2261 603 2318 dum
632 2256 889 2324 defendit,
911 2257 1171 2322 revincit,
1201 2255 1253 2308 in
1287 2264 1534 2326 promptu
1563 2263 1665 2320 est,
1694 2251 1835 2324 quod
1863 2267 2074 2318 omnes,

471 2353 565 2424 qui
596 2351 869 2407 vobiscum
899 2358 1045 2404 retro
1070 2346 1384 2418 ignorabant
1423 2355 1478 2400 et
1516 2343 1792 2399 vobiscum
1821 2341 2074 2406 oderant,

473 2445 630 2502 simul
662 2445 742 2500 eis
771 2442 994 2513 contigit
1022 2440 1184 2505 scire,
1218 2439 1470 2496 desinunt
1495 2439 1676 2495 odisse
1703 2437 1794 2510 qui
1822 2436 2076 2492 desinunt

473 2543 744 2612 ignorare,
773 2539 882 2594 imo
912 2537 1046 2593 fiunt
1069 2547 1124 2594 et
1152 2538 1250 2608 ipsi
1277 2537 1418 2610 quod
1446 2537 1708 2604 oderant,
1741 2545 1795 2592 et
1816 2535 2077 2607 incipiunt

471 2633 655 2689 odisse
679 2631 821 2704 quod
853 2630 1083 2686 fuerant.
1116 2628 1266 2686 Adeo
1282 2630 1522 2701 quotidie
1547 2629 1947 2685 adolescentem
1978 2643 2076 2683 nu-

473 2740 683 2781 merum
713 2723 1142 2780 Christianorum
1172 2721 1460 2793 ingemitis.
1492 2721 1777 2778 Obsessam
1811 2719 2074 2776 vocifera-

475 2816 610 2872 mini
636 2817 939 2882 civitatem;
972 2815 1024 2870 in
1045 2815 1208 2886 agris,
1245 2815 1295 2869 in
1325 2813 1576 2878 castellis,
1619 2814 1671 2868 in
1698 2813 1886 2869 insulis
1915 2811 2076 2868 Chri-

471 2910 715 2975 stianos;
747 2923 962 2966 omnem
991 2922 1200 2975 sexum,
1228 2923 1443 2964 omnem
1473 2916 1707 2973 :etatem,
1737 2922 1951 2963 omnem
1980 2906 2074 2962 de-

467 3002 631 3073 nique
651 3001 964 3073 dignitatem
993 3001 1294 3073 transgredi
1317 3017 1345 3056 a
1371 3000 1524 3056 vobis
1575 2999 1727 3072 quasi
1750 2999 2076 3056 detrimento

466 3093 683 3150 doletis.
714 3092 826 3149 Nec
850 3102 1027 3148 tamen
1053 3093 1153 3148 hoc
1180 3093 1295 3162 ipso
1321 3092 1387 3148 ad
1407 3091 1819 3148 aestimationem
1846 3090 2075 3160 alicujus

465 3184 684 3240 latentis
727 3184 850 3239 boni
879 3183 1090 3240 animos
1130 3183 1491 3255 promovetis;
1540 3199 1645 3240 non
1697 3183 1826 3239 licet
1872 3183 2072 3238 rectius

468 3276 754 3348 suspicari,
780 3290 888 3332 non
917 3276 1048 3333 libet
1075 3277 1295 3348 propius
1323 3277 1554 3347 experiri
1582 3294 1596 3343 ;
1622 3275 1711 3332 hic
1741 3284 1944 3331 tantum
1973 3291 2069 3332 cu-

2181 2259 2330 2316 tant;
2371 2251 2509 2308 adeo
2547 2255 2735 2310 nolunt
2780 2271 2935 2311 suum
2977 2271 3133 2323 esse,
3178 2257 3302 2327 quia
3344 2257 3541 2314 malum
3590 2275 3786 2330 negare

2181 2359 2289 2399 non
2335 2357 2574 2416 possunt.
2622 2349 2910 2406 Christiani
2973 2367 3102 2406 vero
3147 2349 3414 2424 (fa)quid
3461 2353 3566 2409 tale
3603 2368 3786 2412 conse-

2178 2440 2456 2507 quuntur?
2503 2439 2782 2497 Neminem
2828 2443 3029 2513 pudet,
3084 2445 3352 2500 neminem
3385 2447 3607 2516 paenitet
3634 2489 3649 2513 ,
3679 2447 3782 2503 nisi

2178 2536 2384 2585 tantum
2427 2532 2797 2602 pristinorum.
2829 2533 2884 2591 Si
2908 2535 3195 2592 denotatur
3223 2579 3237 2599 ,
3283 2537 3542 2608 gloriatur
3571 2555 3584 2592 :
3618 2539 3661 2594 si
3685 2549 3765 2594 tra

2180 2620 2355 2686 hitur,
2381 2639 2486 2679 non
2511 2625 2774 2682 subsistit.
2809 2626 2865 2684 Si
2893 2639 3174 2684 accusatur
3198 2672 3212 2696 ,
3248 2645 3351 2684 non
3384 2630 3661 2696 defendit;
3695 2634 3779 2688 in-

2180 2722 2484 2786 terrogatus
2513 2759 2528 2784 ,
2580 2719 2908 2787 conﬁtetur;
2959 2722 3276 2788 damnatus,
3317 2723 3601 2794 gloriatur.
3629 2723 3782 2794 Quod

2180 2806 2284 2862 hoc
2315 2811 2512 2866 malum
2537 2821 2654 2877 est,
2680 2813 2731 2868 in
2761 2829 2868 2883 quo
2909 2814 3034 2869 mali
3060 2826 3246 2869 natura
3277 2817 3499 2871 cessat?

2253 2900 2308 2955 2.
2351 2900 2408 2957 In
2439 2919 2546 2972 quo
2569 2905 2667 2975 ipsi
2698 2907 2858 2961 etiam
2901 2917 3087 2964 contra
3120 2907 3344 2964 formam
3376 2910 3780 2968 iudicandorum

2179 2994 2440 3050 malorum
2466 2995 2737 3066 judicatis.
2772 2999 2902 3054 Nam
2937 3011 3192 3058 nocentes
3220 3002 3434 3072 quidem
3469 3004 3777 3073 perductos,

2177 3087 2222 3142 si
2249 3088 2544 3145 admi55um
2587 3097 3130 3164 negent,.tormentis
3153 3098 3352 3166 urgetis
3379 3097 3444 3150 ad
3472 3096 3776 3154 confessio.

2177 3195 2299 3235 nem
2329 3223 2345 3249 ,
2397 3181 2734 3240 Christianos
2777 3201 2903 3242 vero
2953 3197 3145 3258 sponte
3187 3186 3460 3244 confessos
3502 3190 3780 3246 tormentis

2173 3275 2527 3344 comprimitis
2555 3277 2622 3332 ad
2656 3280 3014 3349 negationem.
3069 3280 3201 3348 Qua:
3232 3290 3374 3335 tanta
3409 3283 3734 3353 perversitas
3757 3324 3773 3350 ,

466 3369 686 3425 riositas
715 3369 947 3425 humana
977 3371 1251 3440 torpescit.
1283 3368 1490 3425 Amatis
1518 3368 1787 3440 ignorare,
1813 3367 1957 3439 quod
1979 3367 2067 3422 alii
2095 3376 2140 3440 (ς
2175 3376 2232 3420 ut
2260 3366 2584 3423 confessioni
2630 3373 2936 3442 repugnetis
2960 3415 2976 3442 ,
3023 3383 3415 3429 tormentorum
3455 3374 3628 3430 oflicia
3662 3391 3780 3431 mu-

461 3461 728 3533 gaudeant
748 3461 1050 3528 invenisse;
1087 3462 1334 3517 mavultis
1356 3461 1567 3517 nescire
1591 3502 1604 3527 ,
1635 3461 1756 3532 quia
1784 3460 1896 3532 jam
1923 3461 2067 3516 odis-

464 3557 564 3624 tis,
596 3556 747 3628 quasi
777 3565 924 3612 certe
953 3570 1060 3613 non
1089 3556 1333 3612 odituros
1363 3571 1456 3613 vos
1503 3555 1705 3612 sciatis.
1755 3555 1954 3628 Atquin
1974 3597 1989 3621 ,
2020 3556 2064 3612 si

464 3651 669 3708 nullum
699 3652 803 3708 erit
828 3650 958 3718 odii,
980 3653 1275 3722 reperietur
1314 3653 1573 3722 Optimum
1594 3651 1776 3722 utique
1804 3651 1872 3705 ab
1901 3651 2068 3721 injus-

464 3746 579 3802 titia
619 3746 799 3818 priore
842 3744 1152 3811 discedere;
1204 3747 1285 3802 sin
1337 3762 1463 3801 vero
1507 3759 1696 3801 caussa
1727 3745 2063 3812 constiterit,

465 3838 596 3893 nihil
646 3839 772 3894 odio
809 3838 1124 3895 detrahetur
1159 3881 1173 3906 ,
1231 3838 1370 3910 quod
1400 3838 1538 3894 adeo
1567 3838 1796 3909 amplius
1845 3838 2066 3908 iustitia:

464 3933 687 3988 scientia
717 3933 1078 3988 cumulabitur
1103 3974 1119 3998 ,
1147 3932 1246 3986 nisi
1279 3931 1322 3985 si
1348 3930 1621 3987 emendari
1655 3927 1817 4002 pudet
1845 3937 1937 3985 aut
1962 3946 2058 3985 cx-

463 4027 640 4080 cusari
663 4027 819 4095 piget.
843 4025 966 4082 Scio
996 4027 1152 4096 plane
1175 4066 1188 4088 ,
1239 4041 1342 4095 qua
1383 4025 1735 4096 reSponsione
1758 4025 1939 4081 soletis
1971 4041 2059 4080 re-

462 4115 770 4174 dundantia:
789 4127 984 4172 nostra:
1008 4117 1370 4172 testimonium
1388 4119 1677 4172 convenire
1701 4133 1714 4169 :
1748 4131 1851 4172 non
1874 4118 2062 4187 utique

464 4226 530 4266 eo
559 4210 758 4266 bonum
785 4210 1115 4281 praijudicari
1143 4253 1158 4277 ,
1189 4211 1309 4278 quia
1359 4210 1646 4282 plerosque
1683 4219 1963 4266 convertat
2007 4221 2062 4266 et

463 4302 567 4358 sibi
596 4303 789 4374 rapiat,
813 4303 1050 4372 inquitis.
1075 4301 1208 4357 Novi
1224 4302 1640 4356 deniutationem
1661 4303 1856 4356 mentis
1871 4310 1925 4357 et
1951 4318 2063 4357 ma—

461 4394 544 4450 las
575 4402 772 4463 partes.
800 4394 940 4460 Quot
967 4393 1269 4450 desertores
1298 4395 1450 4449 bonae
1476 4394 1637 4449 vitae?
1681 4403 1808 4466 quot
1835 4395 2066 4450 transfu-

407 4483 418 4498 “
462 4502 546 4559 gae
573 4487 626 4542 in
651 4487 1002 4559 perversum?
1047 4486 1194 4542 Multi
1232 4487 1368 4543 bona
1423 4486 1527 4542 fide
1555 4529 1568 4553 ,
1603 4487 1711 4542 imo
1733 4487 1843 4558 jam
1885 4487 2062 4558 plures

463 4597 564 4654 pro
612 4579 1038 4638 extremitatibus
1090 4590 1412 4651 temporum.
1467 4579 1661 4637 Verum
1707 4582 2060 4639 delicitadrc-

463 4676 648 4748 quatio
685 4672 1104 4747 comparationis
1132 4673 1306 4730 istius.
1340 4674 1472 4730 Nam
1490 4675 1557 4730 de
1579 4676 1721 4731 malo
1751 4677 1823 4731 ita
1847 4685 2066 4733 constat-

2174 3461 2318 3526 tetis,
2347 3463 2510 3533 gratis
2532 3479 2682 3518 reum
2705 3464 2932 3522 evadere
2950 3508 2964 3532 ,
3023 3466 3246 3522 invitum
3273 3469 3659 3539 compcllentes
3679 3482 3780 3525 ne-

2172 3557 2339 3626 gare?
2370 3554 2633 3612 Praesides
2658 3559 3042 3628 extorquendae
3071 3561 3332 3625 veritatis,
3358 3561 3423 3615 de
3453 3561 3585 3616 solis
3621 3562 3777 3617 nobis

2173 3648 2508 3706 mendacium
2532 3652 2832 3722 exquiritis,
2867 3664 2923 3708 ut
2945 3653 3187 3709 dicamus
3215 3670 3314 3709 nos
3345 3671 3449 3710 non
3477 3671 3598 3710 esse
3635 3655 3777 3727 quod

2171 3757 2376 3805 sumus.
2408 3743 2612 3814 Opinor
2643 3788 2658 3813 ,
2718 3763 2824 3802 non
2846 3747 3005 3802 vultis
3027 3763 3127 3803 nos
3152 3748 3322 3803 malos
3348 3764 3467 3804 esse
3492 3789 3506 3816 ,
3552 3750 3778 3821 ideoque

2171 3835 2464 3906 gestitis_de
2488 3836 2591 3892 isto
2622 3839 2837 3894 nomine
2857 3839 3164 3895 excludere.
3188 3841 3328 3896 Sane
3347 3852 3570 3896 caeteros
3587 3841 3651 3896 ad
3674 3842 3776 3899 hoc

2167 3926 2381 3981 tenditis
2411 3925 2489 4000 (l)
2517 3938 2571 3983 et
2599 3930 2938 4000 carnificatis,
2963 3941 3020 3986 ut
3048 3942 3240 4004 negent
3261 3934 3532 4002 essequod
3555 3949 3676 3990 esse
3696 3933 3751 3989 di

2165 4031 2380 4076 cuntur.
2407 4024 2609 4092 Atquin
2639 4024 2742 4080 illis
2761 4026 3079 4096 negantibus
3104 4042 3207 4081 non
3237 4026 3490 4094 creditis;
3525 4027 3774 4096 nobisﬁsi

2167 4116 2560 4185 negaverimus.
2585 4119 2763 4173 statim
2792 4119 3028 4174 creditis.
3051 4119 3107 4175 Si
3136 4120 3265 4176 certi
3295 4121 3541 4195 estis_nos
3569 4137 3774 4178 nocen-

2167 4208 2404 4264 tissimos
2441 4225 2582 4279 esse,
2615 4226 2710 4268 cur
2738 4213 2898 4268 etiam
2929 4215 2980 4268 in
3005 4214 3107 4270 hoc
3134 4215 3291 4270 aliter
3320 4231 3476 4287 quam
3511 4224 3774 4274 nocentes

2167 4314 2198 4354 a
2225 4301 2376 4356 vobis
2401 4301 2651 4372 agimur?
2701 4303 2818 4359 Non
2848 4305 2969 4361 dico
3039 4306 3180 4378 quod
3215 4323 3387 4379 neque
3439 4309 3772 4366 accusationi

2169 4411 2343 4468 neque
2387 4399 2715 4454 recusationi
2778 4401 3010 4470 spatium
3063 4403 3454 4470 commodetis;
3504 4403 3690 4461 soletis
3719 4410 3773 4460 et

2167 4489 2508 4548 inaccusatos
2535 4501 2588 4548 et
2620 4494 2928 4550 indefensos
2957 4511 3062 4552 non
3095 4504 3300 4553 temere
3355 4497 3631 4554 damnare.
3663 4496 3771 4554 Sed
3795 4512 3810 4518 “

2165 4585 2312 4642 verbi
2337 4589 2507 4656 gratia
2536 4587 2579 4643 si
2603 4587 2670 4643 de
2698 4587 2964 4644 homicida
2995 4590 3303 4646 confutatur
3326 4589 3428 4664 (2),
3459 4606 3564 4646 non
3590 4592 3768 4647 statim

2168 4679 2416 4735 confesso
2437 4695 2502 4735 eo
2530 4695 2724 4737 nomen
2752 4681 3035 4736 homicidae
3062 4681 3343 4753 dispuncta
3373 4698 3564 4738 caussa
3583 4691 3771 4739 estaut

463 4767 605 4840 ιιι)υά
643 4781 833 4823 omnes
856 4808 870 4834 ν
904 4775 958 4820 ιιι
1007 4780 1076 4821 ηε
1124 4766 1226 4838 ῙΡΞῘ
1255 4767 1467 4838 ll"idem
1495 4767 1570 4822 τοί
1599 4808 1613 4833 ν
1646 4767 1735 4838 (Illi
1767 4767 1832 4823 ad
1861 4768 2060 4824 malum
2089 4749 2142 4810 D
2171 4779 2364 4834 satiata
2403 4779 2660 4850 cognitio.
2731 4780 3048 4852 Quanquam
3101 4783 3360 4837 confessis
3390 4779 3608 4836 difficile
3648 4795 3770 4836 cre-

465 4871 745 4917 lranscunt
766 4871 822 4916 et
845 4875 873 4914 a
897 4858 1048 4914 vobis
1077 4859 1128 4913 in
1161 4873 1410 4929 perversa
1442 4858 1735 4926 divertunt,
1768 4859 2061 4917 defendere

465 4954 662 5009 malum
692 4966 790 5024 pro
820 4953 962 5007 bono
988 4951 1237 5007 audeant.
1267 4950 1466 5021 Turpia
1493 4951 1703 5018 timori,
1734 4951 1924 5022 pudori
1955 4954 2058 5008 im-

462 5047 548 5118 pia
594 5047 820 5114 habent;
853 5047 1083 5118 denique
1128 5048 1361 5119 gestiunt
1388 5047 1555 5103 latere
1579 5089 1592 5114 ,
1625 5046 1866 5102 devitant
1890 5063 2059 5120 appa-

461 5153 604 5205 rere,
638 5139 907 5209 trepidant
929 5139 1274 5212 deprehensi,
1307 5149 1502 5211 negant
1527 5141 1758 5195 accusati
1780 5140 1812 5212 ;§
1837 5155 1903 5196 ne
1934 5141 2058 5197 torti

462 5231 678 5302 quidem
710 5232 869 5288 facile
895 5242 987 5290 aut
1005 5248 1219 5306 semper
1245 5233 1572 5289 conlitentur
1591 5275 1605 5298 ,
1648 5243 1794 5290 certe
1824 5234 2060 5292 damnati

459 5325 1055 5396 rnmrent;'exprobrant
1077 5327 1274 5384 etenim
1297 5327 1438 5399 quod
1463 5337 1617 5383 erant
1637 5327 1688 5383 in
1719 5328 2059 5400 semetipsos:

2166 4869 2327 4935 ditis;
2361 4885 2547 4926 verum
2574 4872 2794 4942 insuper
2847 4872 3228 4942 consequentia
3249 4872 3494 4942 exigitis,
3525 4872 3771 4942 quotiens

2165 4963 2366 5019 caedem
2398 4964 2601 5036 egerit,
2626 4964 2820 5035 quibus
2842 4965 2892 5020 in
2927 4965 3082 5030 locis,
3109 4965 3301 5035 quibus
3331 4965 3539 5034 spoliis,
3567 4965 3730 5020 sociis
3752 5005 3770 5031 ,

2165 5055 2532 5126 receptoribus
2559 5097 2575 5122 ,
2627 5071 2694 5112 ne
2723 5055 2854 5126 quid
2884 5057 3104 5111 omnino
3128 5057 3254 5111 mali
3285 5055 3519 5112 hominis
3547 5056 3770 5112 delites-

2165 5159 2269 5214 cat,
2300 5159 2389 5204 aut
2408 5149 2547 5204 desit
2571 5148 2772 5220 aliquid
2805 5149 3130 5206 instruenda)
3162 5150 3228 5206 ad
3257 5151 3578 5206 sententiam
3626 5149 3771 5206 veri-

2165 5241 2282 5300 tati.
2335 5241 2500 5296 Porro
2520 5240 2589 5297 de
2617 5242 2770 5297 nobis
2791 5283 2805 5308 ,
2839 5259 2972 5313 quos
3014 5242 3378 5299 atrocioribus
3415 5258 3479 5298 ac
3523 5243 3770 5314 pluribus

2167 5331 2483 5388 criminibus
2521 5332 2789 5403 deputatis
2812 5374 2828 5401 ,
2860 5335 3107 5391 breviora
3137 5350 3200 5391 ac
3220 5336 3418 5392 leviora
3444 5336 3614 5408 elogia
3638 5349 3769 5392 con-

1677 5421 2058 5482 LECTIONES
2098 5425 2510 5484 VARiENTES.

453 5515 458 5519 ’
521 5514 590 5580 (l)
633 5515 696 5566 Le
719 5515 812 5565 Pr.
840 5513 934 5579 leg.
965 5514 1179 5566 tunditis.

2228 5518 2301 5582 (‘2)
2339 5516 2496 5584 Rigalt
2517 5519 2726 5584 conjecit
2749 5534 2768 5573 :
2791 5523 3109 5576 consultatur.

1817 5603 2377 5664 COMMENTARIUS.

530 5699 606 5774 (a)
643 5699 920 5774 Christiani
939 5714 1076 5755 vero.
1118 5699 1408 5774 Christiani
1432 5702 1575 5758 nulla
1601 5700 1652 5757 vi
1679 5701 1847 5757 coacti
1877 5701 2060 5774 Chris-

455 5770 632 5828 tianos
674 5787 731 5827 sc
775 5770 1062 5837 dicebant,
1095 5786 1263 5897 eaque
1293 5773 1362 5828 de
1405 5790 1462 5829 re
1491 5788 1831 5845 summopere
1857 5773 2056 5844 gloria-

456 5842 673 5897 bantur.
719 5844 797 5897 sie
827 5842 1050 5897 Anolon.
1085 5857 1135 5897 (δ.
1197 5884 1209 5897 .
1247 5842 1307 5897 Si
1336 5844 1605 5897 denotatur
1628 5889 1641 5897 .
1688 5846 1971 5897 gloriatur:
2013 5846 2057 5897 si

456 5842 673 5901 bantur.
719 5844 797 5899 sic
827 5842 1050 5913 Apolog.
1085 5857 1135 5898 (δ.
1169 5842 1209 5898 1.
1247 5842 1307 5900 Si
1336 5844 1605 5900 denotatur
1628 5889 1641 5911 ,
1688 5842 1971 5917 gloriatur;
2013 5846 2056 5902 si

2161 5715 2559 5783 (recusaturmon
2585 5705 2834 5783 defendit,
2859 5709 3205 5783 interrogatus
3227 5711 3305 5783 uel
3323 5710 3461 5783 ultro
3477 5713 3767 5783 conﬁtetur;

2163 5774 2434 5856 damnatus
2454 5819 2468 5844 ,
2505 5774 2699 5856 gratias
2737 5782 2863 5856 egit.
2908 5782 2998 5852 qui
3027 5774 3242 5856 vcro_id
3264 5783 3416 5856 μητο
3440 5774 3767 5856 fatebantur,

2163 5846 2286 5905 ideo
2305 5846 2540 5908 damnati
2571 5861 2661 5908 aut
2691 5846 3112 5911 rei—nouerant.
3159 5852 3236 5910 ιε
3263 5853 3359 5911 Pa.
