4150 6352
388 269 491 328 56!

1696 264 1788 322 AD
1822 256 2163 317 NATIONES
2201 258 2331 317 LIB.
2374 262 2416 318 Ι.

3591 264 3702 323 562

387 386 570 444 finitis.
603 385 799 452 Credo,
830 400 936 443 non
970 385 1132 443 vultis
1162 394 1413 442 oneratos
1434 427 1449 451 ,
1488 396 1623 456 quos
1648 382 1793 438 omni
1822 390 1987 451 opere
2011 374 2065 435 Α
2091 384 2285 433 vestra:
2312 378 2442 435 nihil
2468 378 2569 436 nisi
2593 378 2955 437 Christianum
2986 376 3312 445 confessum‘,
3331 387 3550 449 notant;
3570 379 3698 437 nul-

388 479 632 555 perditos
652 476 834 548 vultis,
857 487 948 536 aut
975 493 1079 535 non
1110 479 1305 549 putatis
1321 476 1637 549 requirenda
1655 488 1776 547 qua:
1796 471 1984 527 nostis.

388 573 507 629 Hoc
526 588 655 644 ergo
679 562 1002 643 perversius,
1027 573 1071 627 si
1096 572 1285 643 cogitis
1316 586 1534 642 negare,
1565 569 1634 625 de
1662 567 1856 639 quibus
1873 579 1991 622 cer-

390 666 598 723 tissime
621 666 801 734 scitis,
838 667 947 722 imo
966 709 980 732 ,
1020 665 1161 737 quod
1212 668 1381 737 magis
1408 665 1532 719 odio
1561 673 1741 719 vestro
1768 674 1987 732 compe-

388 760 537 816 tebat
562 801 577 828 ,
605 760 839 829 seposita
868 759 1033 813 lorma
1082 757 1357 829 judicandi
1383 797 1398 823 ,
1431 757 1649 828 preprio
1675 754 1853 812 studio
1884 766 1988 811 non

390 850 458 907 ad
488 850 830 923 negationem
861 859 1071 907 certare
1095 893 1110 917 ,
1171 866 1239 906 ne
1262 865 1399 921 quos
1425 849 1615 906 odistis
1643 847 1942 904 liberaretis
1972 889 1988 912 ,

392 942 490 1000 sed
521 943 588 997 ad
611 941 1003 998 confessionem
1030 943 1359 1013 singulorum
1391 942 1676 1009 scelerum,
1700 957 1806 1013 quo
1824 940 1991 1012 magis

396 1033 693 1091 inimicitia:
719 1029 1047 1091 s'atiarentur
1072 1051 1139 1090 ex
1160 1036 1505 1106 aggeratione
1532 1048 1836 1106 pmnarum,
1865 1032 1993 1088 dum

392 1126 794 1198 recognoscitur
823 1168 838 1193 ,
886 1136 1017 1198 quot
1041 1128 1267 1200 quisque
1313 1127 1422 1198 jam
1452 1126 1700 1183 convivia
1730 1125 1819 1180 illa
1850 1123 1992 1181 cele-

390 1220 647 1287 brasset’,
713 1221 964 1290 quoticns
1025 1221 1078 1275 in
1125 1221 1360 1276 tenebris
1409 1220 1729 1276 incursionis
1770 1220 1992 1275 incesta.

391 1312 573 1381 Quid?
602 1312 743 1384 quod
772 1311 1081 1368 eradicandi
1130 1313 1344 1384 generis
1391 1312 1732 1369 diffundenda
1769 1320 1888 1368 erat
1911 1326 1998 1369 re-

396 1408 615 1476 quisitio
636 1450 651 1473 ,
686 1407 1013 1479 porrigenda
1039 1408 1265 1478 qumstio
1305 1409 1359 1464 in
1405 1407 1583 1466 socios
1610 1407 1987 1479 consciosque.

393 1500 819 1575 Perducerentnr
867 1503 945 1573 (α
972 1501 993 1569 )
1025 1500 1290 1557 infantarii
1316 1511 1372 1558 et
1410 1501 1569 1573 coqui
1598 1510 1653 1558 et
1698 1501 1799 1572 ipsi
1827 1515 1991 1557 canes

393 1595 470 1669 (b)
500 1595 744 1666 pronubi,
764 1595 1045 1661 emendata
1070 1610 1155 1652 res
1176 1607 1320 1652 esset
1349 1594 1440 1668 (c).
1466 1595 1641 1651 Etiam
1670 1594 1992 1667 spectaculis

398 1689 566 1761 gratia
610 1698 1022 1761 aggregarctur;
1053 1700 1255 1761 quanto
1283 1691 1425 1744 enim
1472 1690 1650 1747 studio
1690 1691 1743 1746 in
1771 1705 1989 1746 caveam

2094 467 2202 523 lum
2233 470 2474 528 criminis
2502 487 2698 529 nomen
2724 481 2919 540 exstat,
2947 472 3050 529 nisi
3080 471 3314 529 nominis
3334 471 3543 529 crimen
3566 480 3686 530 est:

2094 565 2211 621 htec
2237 566 2434 622 etenim
2463 577 2547 624 est
2575 582 2760 623 revera
2789 569 2927 624 ratio
2957 567 3119 624 totius
3146 566 3252 623 odii
3283 567 3692 626 adversus’nos.

2097 659 2303 717 Nomen
2346 660 2418 734 (e)
2450 662 2503 717 in
2534 675 2722 717 caussa
2751 669 2834 716 est
2861 702 2875 729 ,
2906 661 3050 733 quod
3088 660 3335 733 quaedam
3365 660 3577 719 occulta
3606 661 3691 720 vis

2095 768 2193 825 per
2219 763 2450 810 vestram
2499 754 2855 826 ignorantiam
2881 763 3198 827 oppugnat,
3234 762 3295 811 ut
3331 754 3514 812 nolitis
3553 756 3697 815 scire

2096 864 2194 920 pro
2220 841 2370 904 certo
2389 891 2404 916 ,
2454 849 2593 918 quod
2628 866 2721 906 vos
2747 865 2844 922 pro
2869 859 3019 906 certo
3045 847 3255 905 nescire
3295 849 3430 906 certi
3450 852 3614 916 estis,
3641 860 3700 908 et

2101 939 2223 996 ideo
2240 954 2339 995 nec
2363 940 2582 996 creditis
2609 956 2731 1013 quae
2765 958 2872 999 non
2904 940 3218 1012 probantur,
3249 948 3306 997 et
3324 983 3340 1010 ,
3366 955 3436 998 ne
3461 941 3697 1013 proben-

2102 1042 2189 1090 tur
2216 1033 2371 1091 facile
2392 1035 2475 1108 (1)
2498 1078 2512 1103 ,
2545 1051 2651 1091 ηοη
2676 1037 2839 1093 vultis
2865 1036 3138 1107 inquirere
3161 1078 3177 1103 ,
3213 1044 3268 1091 ut
3299 1051 3494 1094 nomen
3521 1037 3701 1093 inimi-

2098 1142 2223 1184 cum
2251 1129 2353 1186 sub
2378 1130 2799 1200 prensumptione
2829 1131 3113 1188 criminum
3147 1130 3400 1202 puniatur
3430 1148 3445 1187 :
3475 1131 3613 1189 adeo
3637 1142 3701 1190 ut

2101 1220 2169 1278 de
2199 1222 2416 1279 nomine
2438 1208 2659 1279 inimico
2678 1223 2962 1281 recedatur
2981 1267 2997 1292 ,
3023 1223 3146 1280 ideo
3188 1238 3388 1297 negare
3416 1225 3698 1296 compelli-

2103 1330 2245 1379 mur,
2276 1314 2473 1372 dehinc
2488 1325 2742 1389 negantes
2759 1316 3047 1373 liberamur
3066 1324 3180 1372 tota
3208 1316 3526 1389 impunitate
3551 1332 3702 1389 prat-

2100 1409 2377 1467 teritorum
2412 1428 2427 1465 :
2451 1411 2561 1483 jam
2590 1426 2701 1469 non
2731 1415 2963 1481 cruenti,
2994 1425 3170 1483 neque
3196 1410 3429 1479 incesti,
3460 1412 3581 1483 quia
3604 1427 3701 1470 no-

2099 1521 2222 1562 men
2268 1505 2402 1562 illnd
2445 1507 2745 1563 amisimus.
2799 1506 2904 1564 Sed
2970 1507 3100 1562 dum
3141 1506 3256 1562 lucc
3284 1507 3422 1562 ratio
3453 1521 3554 1563 suo
3578 1507 3701 1565 loco

2097 1598 2395 1655 ostenditur
2414 1641 2430 1667 ,
2458 1614 2556 1655 vos
2579 1614 2739 1671 quam
2770 1598 3115 1672 insequimini
3141 1597 3209 1654 ad
3248 1600 3698 1672 expugnationem

2098 1692 2330 1748 nominis
2348 1733 2364 1760 ,
2394 1692 2574 1749 edite:
2606 1692 2749 1764 quod
2778 1692 3012 1750 nominis
3037 1692 3241 1749 crimen
3263 1733 3279 1758 ,
3301 1707 3424 1764 qua:
3450 1691 3656 1749 offensa
3681 1734 3699 1760 ,

391 1782 773 1839 conveniretur
791 1825 805 1848 ,
831 1782 1199 1855 depugnatum
1224 1784 1426 1855 aliquo,
1450 1784 1539 1856 qui
1570 1793 1785 1840 centum
1816 1783 1989 1840 infan-
2021 1804 2068 1865 Β
2096 1802 2215 1858 quae
2242 1786 2437 1858 culpa?
2466 1786 2840 1842 Praescribitur
2861 1787 3004 1865 enim
3035 1785 3190 1842 vobis
3208 1827 3224 1853 ,
3277 1799 3387 1840 non
3413 1800 3572 1853 posse
3591 1784 3700 1842 cri-

391 1887 476 1935 tes
516 1877 866 1934 devorasset?
914 1878 1021 1933 Sed
1096 1878 1242 1933 enim
1302 1887 1407 1933 tam
1458 1877 1724 1934 horrenda
1773 1885 1990 1948 tamque

389 1978 732 2026 monstruosa
760 1969 828 2025 de
859 1969 1016 2026 nobis
1042 1969 1379 2026 deferuntur.
1408 1968 1603 2040 Utique
1645 1968 1761 2024 erui
1785 1968 1988 2025 debue-

390 2071 547 2128 runt,
579 2078 647 2119 ne
672 2061 1005 2131 incredibilia
1035 2062 1375 2129 viderentur,
1411 2072 1464 2118 et
1484 2061 1666 2117 odium
1696 2062 1747 2117 in
1777 2076 1875 2117 nos
1894 2077 1992 2132 pu-

392 2156 591 2212 blicum
641 2155 1033 2228 refrigesceret.
1082 2154 1213 2210 Nam
1255 2164 1308 2211 et
1351 2154 1591 2225 plerique
1614 2152 1773 2209 fidem
1806 2152 1990 2210 talium

393 2257 710 2322 temperant,
736 2248 1115 2322 horreutcsfd)
1128 2257 1370 2304 naturam
1387 2245 1991 2320 qumrereipabulumjfe-

396 2344 597 2407 riuum,
615 2359 773 2416 quatn
790 2343 1107 2399 concubitus
1123 2343 1192 2399 ab
1217 2343 1450 2398 humano
1473 2356 1675 2412 genere
1701 2341 1996 2412 praelusit.
2016 2344 2025 2352 ‘

467 2438 521 2493 5.
562 2437 672 2493 Vos
722 2436 919 2508 igitur,
971 2436 1105 2492 alias
1149 2433 1544 2505 diligentissimi
1577 2448 1640 2490 ac
1680 2433 1997 2504 pertinacis-

396 2529 517 2586 simi
550 2530 888 2586 discussores
931 2527 1195 2584 scelerum
1226 2527 1385 2599 longe
1410 2527 1701 2594 minorum,
1731 2541 1850 2582 cum
1881 2525 2004 2581 tali-

395 2622 498 2679 bus
524 2631 631 2678 tam
659 2620 942 2677 horrendis
962 2629 1016 2676 et
1041 2634 1257 2675 omnem
1285 2619 1613 2690 impietatem
1636 2619 2007 2691 supergressis

397 2729 515 2771 eam
535 2712 864 2784 diligentiam
896 2711 1159 2767 deseratis
1180 2752 1196 2778 ,
1238 2724 1411 2782 neque
1435 2709 1827 2766 confessionem
1858 2711 1998 2766 reei-

397 2807 593 2883 picndo
614 2805 977 2876 iudicantibus
994 2820 1211 2875 semper
1228 2803 1595 2870 laborandam,
1622 2818 1795 2875 neque
1818 2804 2001 2875 esqui-

396 2900 644 2957 sitionetn
673 2897 966 2971 digerendo
1009 2895 1412 2952 damnatoribus
1458 2910 1673 2966 semper
1714 2897 1999 2952 consulen-

397 2992 518 3048 dam
552 2991 700 3062 :jam
726 2997 983 3061 apparet,
1011 3002 1174 3045 omne
1199 2988 1251 3043 in
1286 3002 1384 3042 nos
1413 2987 1620 3043 crimen
1644 3003 1749 3042 non
1771 2988 1998 3059 alicujus

398 3084 616 3141 sceleris
652 3083 748 3139 sed
779 3081 1011 3138 nominis
1036 3080 1217 3153 dirigi.
1269 3079 1423 3136 Adeo
1451 3121 1465 3147 ,
1512 3080 1557 3135 si
1608 3080 1678 3136 de
1706 3082 1994 3137 criminum

2096 1880 2239 1935 mina
2256 1879 2511 1951 objicere,
2536 1894 2653 1950 qua;
2676 1895 2850 1951 neque
2873 1878 3176 1934 institutum
3201 1876 3273 1950 (ί)
3294 1876 3499 1949 dirigit,
3523 1892 3700 1952 neque

2096 1972 2341 2044 probatio
2363 1970 2443 2043 (2)
2457 1972 2714 2042 assignat,
2747 1985 2918 2043 neque
2933 1971 3197 2026 sententia
3214 1976 3519 2025 enumerat.
3540 1967 3695 2037 Quod

2097 2062 2313 2136 praesidi
2339 2062 2618 2127 offeratur,
2657 2061 2802 2134 quod
2827 2061 2895 2118 de
2926 2078 3019 2119 reo
3048 2061 3382 2133 inquiratur,
3409 2059 3551 2132 quod
3584 2076 3702 2118 res-

2096 2157 2363 2228 pondetur
2403 2155 2487 2213 vel
2508 2164 2754 2229 negatur,
2786 2156 2929 2228 quod
2951 2157 3020 2213 de
3049 2155 3278 2211 consilio
3307 2155 3567 2213 recitatur
3586 2196 3603 2224 ,
3635 2155 3692 2213 id

2097 2268 2248 2310 reum
2273 2266 2528 2325 agnosco.
2556 2253 2739 2325 Itaque
2754 2252 2823 2308 de
2852 2251 3085 2309 nominis
3103 2253 3319 2320 merito,
3336 2251 3385 2311 si
3404 2252 3497 2325 qui
3515 2259 3701 2309 reatus

2099 2354 2184 2402 est
2222 2346 2519 2411 nominum,
2542 2346 2711 2416 siqua
2735 2344 3008 2401 accusatio
3047 2344 3450 2414 vocabulorum,
3484 2359 3586 2416 ego
3609 2359 3701 2400 ar-

2100 2438 2274 2497 bitror
2304 2438 2505 2495 nullam
2536 2453 2659 2496 esse
2688 2438 2950 2495 vocabulo
2991 2447 3083 2494 aut
3117 2438 3321 2494 nomini
3365 2438 3643 2511 querelam
3672 2478 3691 2506 ,

2103 2530 2208 2588 nisi
2232 2545 2355 2587 cum
2378 2530 2504 2601 quid
2531 2539 2623 2586 aut
2647 2530 2934 2587 barbarum
2952 2542 3143 2598 sonat,
3166 2539 3260 2586 aut
3285 2529 3579 2587 infaustum
3609 2543 3698 2586 sa-

2106 2624 2216 2695 pit,
2258 2623 2343 2679 vel
2374 2623 2703 2693 impudicum
2731 2665 2748 2692 ,
2799 2623 2883 2679 vel
2926 2622 3083 2679 aliter
3111 2639 3270 2695 quam
3328 2622 3700 2680 enuntianlem

2101 2715 2353 2786 delectet.
2396 2714 2524 2772 Haec
2547 2715 2930 2772 vocabulorum
2958 2727 3050 2771 aut
3100 2715 3381 2772 nominum
3427 2715 3652 2772 crimina
3679 2758 3697 2784 ,

2103 2809 2261 2865 sicuti
2288 2808 2573 2865 verborum
2598 2817 2759 2880 atque
2779 2824 3088 2866 sermonum
3112 2808 3480 2865 barbarismus
3499 2818 3586 2866 est
3622 2810 3703 2865 vi-

2104 2901 2236 2958 tium
2262 2910 2317 2957 et
2361 2901 2673 2959 solecismus
2712 2913 2768 2958 et
2806 2901 3060 2957 insulsior
3107 2901 3298 2973 figura.
3328 2900 3695 2958 Christianum

2103 3008 2232 3050 vero
2256 3008 2457 3050 nomen
2490 3035 2505 3061 ,
2551 3002 2810 3063 quautmn
2838 2992 3156 3065 significatio
3182 3000 3300 3059 est,
3347 2991 3415 3047 de
3443 2991 3699 3048 unctione

2102 3088 2509 3160 interpretatur;
2538 3089 2702 3145 etiant
2723 3103 2846 3144 cum
2874 3096 3125 3158 corrupte
3154 3101 3185 3141 a
3230 3086 3382 3141 vobis
3409 3076 3703 3142 Christiani

397 3177 620 3234 veritate
650 3184 963 3243 constaret,
996 3176 1114 3247 ipsa
1153 3174 1438 3230 criminum
1469 3174 1709 3229 nomiuai
1730 3176 1996 3231 damnatis
2021 3169 2067 3233 C
2103 3184 2513 3253 pronuntiamur
2541 3181 2691 3254 (nam
2723 3196 2791 3236 ne
2808 3179 3042 3235 nominis
3066 3178 3283 3250 quidem
3303 3178 3470 3248 ipsius
3498 3176 3703 3248 liquido

397 3269 899 3337 accommodarent,
929 3277 987 3324 ut
1013 3267 1083 3322 ita
1115 3264 1553 3338 prenuntiaretur
1579 3268 1631 3322 in
1669 3282 1768 3323 nos
1797 3283 1810 3322 :
1847 3269 1997 3325 illum

397 3362 743 3429 homicidam,
775 3362 856 3418 vel
891 3363 1176 3429 incestum,
1203 3361 1289 3416 vel
1313 3359 1687 3432 quodcumque
1710 3362 1997 3434 jactautur,

398 3456 561 3524 duci,
593 3454 765 3526 suffigi
793 3497 809 3524 ,
841 3453 909 3510 ad
929 3452 1266 3527 bestiasdari
1293 3452 1486 3524 placet.
1518 3454 1686 3511 Porro
1715 3461 1998 3517 sententia:

2103 3276 2236 3331 certi
2269 3274 2444 3345 estis),
2467 3275 2545 3330 sic
2569 3288 2784 3345 quoque
2805 3273 2873 3328 de
2902 3272 3167 3328 suavitate
3193 3271 3273 3327 vel
3298 3270 3537 3326 bonitate
3579 3285 3702 3325 mo-

2103 3368 2343 3425 dulatum
2397 3377 2480 3424 est
2524 3367 2624 3440 (g).
2677 3364 2938 3422 Detinetis
2985 3365 3146 3437 igitur
3192 3365 3244 3419 in
3285 3362 3592 3419 hominibus
3621 3363 3706 3418 in-

2101 3461 2279 3518 noxiis
2304 3461 2465 3517 etiam
2492 3456 2688 3516 nomen
2716 3459 2993 3515 innoxium
3025 3465 3273 3513 nostrum
3302 3497 3318 3524 ,
3360 3470 3467 3512 non
3493 3455 3701 3513 incom-

1619 3572 1917 3632 LECTION
1924 3577 2008 3636 ES
2046 3577 2458 3637 VARIENTES.

461 3670 536 3735 (ι)
572 3678 685 3723 trav.
710 3683 840 3723 corr.
866 3685 931 3723 ne
967 3672 1105 3737 prob.
1131 3670 1284 3734 falsas,
1309 3678 1403 3724 etc.

2170 3678 2244 3741 (2)
2279 3673 2382 3744 Big.
2411 3674 2628 3744 prolatio.
2652 3698 2717 3709 —-
2746 3674 2812 3723 In
2856 3684 2990 3738 seqq.
3030 3669 3179 3723 scrib.
3218 3669 3574 3733 respondeatur
3626 3668 3711 3721 vel

2109 3739 2419 3806 negetur'—
2443 3739 2705 3790 recitetur.

1755 3847 2319 3908 COMMENTARIUS.
2357 3829 2365 3835 '

474 3941 550 4015 (a)
594 3941 1007 4015 Perducereutur
1034 3940 1298 4015 infantarii
1320 3982 1333 4007 ,
1364 3949 1411 3996 et
1436 3941 1698 4015 coqui,_et
1726 3942 1825 4011 ipsi
1853 3960 2002 3998 cauea

405 4012 642 4086 pronubi.
666 4013 851 4086 Trium
884 4028 1075 4083 nempe
1091 4012 1387 4086 criminum
1420 4012 1823 4082 postulabantur
1854 4032 1868 4069 :
1905 4016 2003 4070 im-

403 4084 637 4158 pietatis.
681 4084 1090 4210 Threstzearum
1132 4084 1445 4153 epularum,
1475 4093 1531 4139 et
1570 4086 1884 4139 concubitus
1916 4089 2002 4140 iu-

403 4159 558 4210 cesti.
589 4158 668 4210 sic
698 4159 760 4210 At
787 4170 1064 4210 tenagoras
1092 4170 1210 4210 τοία
1236 4161 1603 4210 intenoieaum
1628 4162 2002 4210 int-amntium-

403 4159 558 4224 cesti,
589 4158 668 4212 sic
698 4158 1064 4224 Athenagoras
1092 4170 1210 4231 τρία
1236 4161 1603 4228 ἕπιφημίζουσιν
1628 4162 2003 4226 ἰμῖνὴγκλήμα-

402 4246 486 4284 τοι*
515 4232 771 4292 ἀθεότητα,
800 4236 1035 4284 animum
1055 4233 1240 4290 δεῖπνα,
1272 4232 1563 4281 Οξδιποδιίοι
1589 4239 1770 4296 μίξεις,
1791 4230 2006 4284 aiebant

408 4303 549 4357 cnim
584 4299 797 4355 Ethnici
827 4299 1182 4363 Christianos,
1215 4300 1303 4353 ubi
1342 4300 1739 4365 convenissent,
1770 4310 2005 4357 mactare

404 4373 595 4428 solitos
625 4371 878 4426 infantem
902 4371 1056 4439 cujus
1084 4385 1245 4425 carne
1275 4370 1590 4425 manducata
1620 4381 1674 4426 et
1702 4383 1861 4440 epoto
1883 4387 2006 4427 sw-

404 4444 565 4515 guiue
601 4442 775 4499 fmdus
820 4444 1052 4515 intergse
1077 4442 1248 4509 inire,
1279 4457 1343 4497 ac
1382 4451 1500 4511 post
1542 4442 1843 4515 convivium
1884 4458 2005 4498 cum

406 4513 718 4587 quibttsf-vis
746 4513 1062 4587 mulieribus
1093 4516 1395 4583 promiscue
1426 4514 1804 4587 commisceri,
1840 4515 2004 4587 adeo-

406 4584 510 4658 que
538 4585 981 4658 adhiberecaues
1025 4586 1076 4640 in
1109 4594 1407 4658 more_e_ra_t
1432 4584 1496 4637 ad
1538 4584 1857 4639 candelabra
1888 4585 2007 4640 alli-

409 4655 602 4729 gates,
635 4656 737 4729 qui!
763 4655 868 4712 offa
913 4656 1103 4727 injecta
1145 4655 1468 4729 candelabra
1509 4664 1855 4729 everterent,
1909 4671 2007 4711 ex-

413 4725 703 4800 tinctisque
727 4725 1015 4783 luminibus
1037 4738 1162 4782 tunc
1184 4728 1297 4800 fieri
1315 4725 1563 4800 dicebant
1592 4725 2009 4783 fmdissitnarum

412 4797 628 4857 illaruni
654 4800 1096 4854 commixtiouum
1127 4798 1354 4854 scelera.
1406 4797 1482 4852 LE
1515 4797 1612 4853 Pu.

482 4872 563 4945 (b)
597 4870 661 4926 Et
688 4870 785 4941 ipsi
809 4887 961 4945 canes
976 4871 1226 4945 prouubi.
1273 4868 1330 4923 lu
1363 4868 1730 4945 Apologetico,
1764 4868 2013 4945 Lenones

415 4941 669 5000 dicuntur
689 4984 704 5009 ,
731 4945 817 5013 qui
861 4944 945 4998 hic
974 4941 1254 5013 Pronnbit
1267 4956 1548 5013 eversores
1578 4942 1860 4996 luminum.
1891 4941 2011 4997 Βία.

484 5016 559 5089 (ti)
588 5011 989 5089 Enteudulures
1015 5023 1164 5089 esset.
1213 5011 1360 5089 Tum
1384 5012 1598 5089 demum
1621 5013 1761 5082 justa
1791 5021 1850 5089 et_
1868 5013 2014 5089 legi—

416 5083 550 5142 tima
591 5085 897 5156 inquirendi
940 5085 1081 5140 ratio
1104 5094 1287 5150 esset,
1316 5083 1360 5139 si
1391 5085 1811 5155 perducerentur
1837 5084 2016 5140 infan-

417 5159 561 5221 tarii,
591 5157 771 5225 coqui,
798 5169 903 5212 etc.
936 5156 1104 5210 Idem.

487 5228 566 5302 (d)
624 5227 902 5302 Horreutes
940 5236 1176 5302 naturam
1233 5242 1459 5302 quaerere
1500 5226 1744 5302 pabufum
1768 5301 1772 5302 ί
1799 5228 2020 5302 ferinum

419 5298 574 5375 quam
602 5316 746 5375 conc.
792 5298 883 5355 Sic
931 5300 1408 5375 restituimusquaa
1434 5300 1500 5375 in
1535 5298 1721 5375 codice
1750 5300 2017 5369 Agobardi

421 5370 673 5443 leguntur
696 5371 898 5441 absque
924 5372 1033 5425 ullo
1053 5384 1237 5426 sensu.
1272 5370 1401 5443 Nam
1434 5371 1501 5426 ita
1528 5380 1649 5443 sunt
1668 5370 1971 5443 depravata
2000 5389 2014 5426 :

421 5441 750 5501 Honoratum
777 5454 1016 5497 naturam
1054 5457 1277 5511 quazrere
1313 5442 1551 5510 pabulum
1581 5441 1836 5514 ferinum,
1865 5458 2020 5514 quant

419 5515 714 5572 concubitus
741 5515 806 5586 _ab
833 5515 1054 5569 humano
1084 5529 1264 5586 genere
1303 5514 1581 5584 praeclusit.
1607 5515 1695 5586 Ait
1730 5512 2019 5586 Tertullia-

421 5603 545 5654 nus,
600 5595 708 5641 tam
740 5584 1007 5641 horrenda
1028 5626 1041 5649 ,
1076 5584 1291 5655 tamque
1321 5595 1622 5641 monstrosa
1644 5584 1711 5640 de
1739 5584 1892 5641 nobis
1919 5585 2019 5640 de-

421 5660 702 5727 feruntur,
739 5668 799 5711 ut
847 5657 1088 5728 plerique
1126 5656 1286 5711 fidem
1318 5657 1502 5712 talium
1544 5665 1877 5727 temperent,
1917 5656 2022 5712 hoc

421 5742 527 5794 cst,
561 5729 718 5784 fidem
748 5728 940 5784 talibus
965 5744 1072 5783 non
1103 5728 1425 5793 adhibeant;
1459 5730 1743 5783 horrentes
1773 5740 2019 5784 naturam

424 5816 666 5877 quart‘et'e
692 5800 945 5871 pabulum
974 5800 1198 5859 ferinum
1220 5815 1236 5870 ;
1260 5815 1452 5873 nempe
1474 5798 1719 5858 homines
1744 5799 1812 5858 ita
1841 5809 2019 5870 natos,

2107 3953 2167 3999 ut
2205 3948 2448 4013 qumrant
2480 3948 2537 3995 et
2578 3946 2834 4013 appetant
2876 3938 3125 4013 pabulum
3154 3938 3423 4013 ferinum;
3465 3947 3712 3995 naturam

2109 4009 2245 4070 adeo
2266 4012 2511 4077 ferinam,
2533 4019 2592 4066 ut
2611 4010 2863 4066 carnibus
2885 4009 3131 4064 humanis
3153 4009 3380 4064 libenter
3403 4014 3712 4077 vescantur,

2109 4100 2229 4157 quae
2257 4098 2441 4157 natura
2467 4091 2549 4157 est
2579 4081 2849 4157 ferarutn._
2869 4081 2997 4157 fiam
3023 4097 3149 4157 vero
3179 4090 3424 4135 naturam
3453 4082 3709 4151 ferarum,

2111 4151 2163 4212 id
2186 4165 2287 4223 est,
2313 4155 2455 4211 feras
2475 4153 2638 4224 ipsas,
2663 4152 2977 4224 concubitus
3000 4152 3068 4208 ab
3096 4151 3330 4224 humano
3357 4167 3555 4224 genere
3578 4167 3716 4224 pra:-

2110 4221 2287 4283 clusit.
2320 4225 2476 4283 Unde
2498 4221 2667 4296 igitur
2693 4223 2938 4296 homines
2970 4225 3077 4278 uati
3100 4265 3115 4290 ,
3148 4222 3318 4296 ferum
3346 4221 3552 4296 genus?
3581 4221 3715 4277 Na-

2112 4309 2279 4354 turam
2302 4294 2691 4368 quwrere‘dixit
2717 4295 2911 4369 Graeco
2936 4310 3087 4351 more
3108 4337 3123 4363 ,
3151 4295 3296 4369 quod
3339 4297 3411 4351 ita
3437 4294 3636 4351 factum
3659 4303 3719 4351 et

2111 4383 2294 4425 natntn
2315 4366 2401 4425 est
2423 4377 2479 4423 ttt
2506 4377 2730 4438 quierat.
2761 4366 2928 4424 Idem.

2185 4440 2262 4515 (e)
2296 4439 2497 4495 Nomen
2525 4436 2754 4515 infausti
2780 4438 3159 4515 esl:_Qtl0ttiallt
3185 4439 3406 4515 penuria
3427 4436 3715 4494 criminum

2117 4510 2433 4568 laborabant
2458 4510 2684 4581 gentiles
2704 4553 2720 4576 ,
2752 4521 2808 4563 ut
2834 4511 3171 4581 Christianos
3199 4511 3584 4581 opprimerent,
3614 4522 3717 4581 no-

2119 4600 2242 4640 men
2273 4585 2444 4655 ipsum
2465 4578 2953 4655 accus‘abzmttqua
2984 4581 3054 4655 de
3084 4578 3257 4655 reibic
3276 4578 3470 4655 multis
3497 4578 3720 4635 Tertul-

2112 4651 2311 4722 lianus;
2349 4664 2404 4711 et
2436 4664 2592 4717 antea
2631 4653 2682 4706 in
2717 4651 3084 4725 Apologetico.
3134 4652 3301 4725 Erant
3347 4651 3555 4725 quippe
3591 4660 3721 4706 tunc

2112 4720 2403 4784 Christiani
2438 4732 2529 4780 ὑπὸ
2560 4720 2855 4798 συιοςθανὲῶν
2884 4720 3231 4798 ἇραττρμεἶοι,
3251 4723 3421 4789 inquit
3446 4720 3716 4798 :Athenao

2113 4814 2272 4870 geras
2298 4799 2349 4853 in
2377 4798 2631 4870 Apologia
2650 4794 2744 4865 pro
2766 4794 3103 4852 Christianis.
3130 4794 3186 4848 lu
3206 4796 3286 4863 ius
3314 4794 3725 4870 vocabanturet

2116 4864 2614 4926 condemnabantur
2647 4864 2863 4937 propter
2902 4882 3067 4923 unum
3110 4881 3305 4921 nomen
3329 4907 3344 4929 ,
3377 4864 3727 4937 neque_cnitu

2117 4942 2458 5012 quaerebatur
2498 4954 2564 5012 au
2608 4935 2757 4994 mali
2787 4938 3075 5012 quidquam
3124 4935 3730 5012 perpetrasseutChri-s-

2123 5006 2272 5075 ιῖιιιιί,
2304 5006 2473 5082 inquit
2504 5011 2665 5082 ἱάβιιι,
2693 5006 2890 5082 οξλλ’ἷεὶς
2911 5020 2966 5066 τὸ
2991 5015 3160 5077 ὄνομα,
3188 5011 3342 5082 (bruti;
3385 5010 3605 5082 ᾀδὶκῆίξα
3625 5047 3640 5072 ,
3665 5006 3732 5061 lis

2121 5079 2496 5147 scribebatur;
2529 5081 2660 5137 Nam
2692 5080 3122 5138 Christianorum
3171 5079 3347 5132 nulltts
3400 5079 3453 5132 in
3497 5079 3607 5133 ullo
3650 5086 3736 5133 est

2120 5154 2357 5211 facinore
2383 5154 2751 5223 deprehensus
2773 5157 2923 5214 οὐδεὶς
2941 5154 3114 5205 ἀδικῶν
3126 5156 3415 5220 Χριστιανὸς
3432 5155 3733 5217 ﬁdit-717m.

2124 5226 2370 5282 Nominis
2400 5234 2602 5280 tantum
2634 5227 2830 5295 ubique
2868 5224 3007 5279 ratio
3034 5234 3088 5278 et
3119 5224 3322 5277 crimen
3353 5231 3489 5285 erat,
3519 5226 3650 5277 οὐδὲν
3688 5225 3739 5274 δὲ

2122 5304 2290 5367 ὄνομα,
2317 5299 2385 5370 ἐφ’
2412 5306 2582 5352 ἑαυτοῦ
2601 5308 2685 5351 καὶ
2706 5299 2767 5351 δι’
2792 5302 2963 5357 αὐτοῦ,
2982 5298 3036 5349 οὗ
3048 5305 3244 5364 πονηρὼ*
3258 5300 3363 5348 οὒτε
3378 5302 3587 5370 χρηστὸν
3600 5302 3737 5360 νομί-

2123 5374 2307 5436 fufium,
2341 5368 2396 5424 ει
2422 5381 2601 5435 antea,
2635 5372 2690 5424 οὖ
2708 5375 2805 5440 γὰρ
2834 5374 2896 5423 τὰ
2920 5371 3320 5440 bublum-apicem
3354 5368 3504 5431 ’δίζε-α,
3560 5372 3649 5419 lida
3685 5374 3742 5440 τὸ

2123 5443 2341 5511 ἀδίκημα
2359 5445 2487 5503 δίκης
2514 5452 2595 5495 καὶ
2617 5436 2867 5510 τιμωρέας.
2896 5436 3210 5510 Siepassim
3234 5436 3609 5508 Athenagoras
3633 5436 3736 5493 sub

2126 5512 2338 5568 initium
2369 5514 2593 5581 Apolog.
2627 5512 2702 5567 LE
2730 5513 2825 5566 Pu.

2200 5584 2265 5657 (ί)
2297 5577 2792 5657 Nequein'stitutum
2826 5581 3022 5657 dirigit.
3081 5580 3193 5657 ll‘oc
3241 5588 3325 5635 est
3346 5577 3724 5657 ,_tnandatum.

2126 5640 2261 5711 infra
2283 5697 2297 5722 ,
2328 5640 2452 5726 pag.
2476 5655 2568 5713 .5f.
2603 5654 2905 5709 lustitutum
2927 5640 3318 5726 Neronianum.
3349 5640 3479 5708 ’Rt‘c.

2201 5720 2659 5800 (g)"l')e}uauitate
2680 5725 2757 5800 uel
2777 5726 3011 5800 bonitate.
3053 5725 3125 5800 De
3155 5722 3448 5794 suavitate,
3472 5720 3732 5781 Christia-

2127 5796 2228 5859 nus
2252 5796 2265 5857 ἐ
2291 5798 2367 5857 Dc
2398 5798 2657 5867 bonitate,
2689 5796 3205 5875 Cltrcstiatnts._lits.
3255 5870 3264 5875 _
