4150 6352
452 352 560 414 563

1808 307 1824 314 ’
1875 347 2338 410 TERTULLIANI

3653 359 3772 425 564‘

455 473 898 547 modum-linguai
919 515 934 542 ,
968 487 1074 552 non
1100 471 1318 530 auribus
1363 485 1612 546 asperum
1641 513 1653 540 ,
1705 485 1810 528 non
1843 469 2128 533 homini-A
2153 479 2237 528 est
2265 471 2407 528 enim
2434 512 2450 540 ,
2492 484 2551 528 se
2581 470 2740 530 deum
2781 487 2887 530 non
2933 488 3054 531 esse
3075 517 3094 546 ,
3135 473 3230 533 sed
3270 487 3394 532 eum
3429 491 3641 552 quoque
3669 495 3764 540 sa-

458 573 692 637 matum-,
739 583 854 624 mur
885 550 1070 638 patrita
1115 565 1402 633 initiatum,
1450 565 1554 621 sed-
1575 573 1636 621 et:
1665 579 1899 636 graecum
1932 563 2050 619 aliis

457 675 514 721 et
540 678 795 720 sonorum
834 671 894 719 at
931 661 1372 732 interpretatione
1407 659 1724 732 jucundum.
1773 657 1842 714 Et
1868 658 2053 729 utique

458 772 566 812 non
591 754 1055 828 gladimant-omce
1076 761 1166 808 aut
1179 753 1366 809 bestiis
1381 751 1656 824 punienda-
1673 758 1797 807 sunt
1815 750 2049 808 nomina.

532 848 588 903 6.
632 845 740 904 Sed
767 845 968 913 dicitis,
996 854 1199 901 sectam
1232 845 1448 900 nomine
1474 843 1648 915 puniri
1687 842 1766 898 sui
1796 842 2052 898 auctoris.

460 941 652 998 Primo
665 940 893 1013 quidem
913 982 927 1006 ,
971 949 1172 996 sectam
1201 939 1269 996 de
1296 939 1532 994 auctoris
1559 937 1916 1010 appellatione
1955 952 2058 994 no-

463 1034 561 1088 tari
586 1075 602 1101 ,
633 1033 821 1103 utique
847 1030 1072 1100 probum
1098 1032 1458 1102 usitatumque
1483 1030 1572 1100 jus
1593 1041 1696 1098 εει,
1719 1029 1846 1086 dum
1894 1028 2065 1101 philo-

470 1125 626 1197 sophi
655 1140 870 1198 quoque
899 1125 966 1214 de
994 1125 1304 1182 auctoribus
1329 1124 1775 1196 cognominantur
1797 1167 1810 1191 ,
1857 1125 2062 1198 Pytha-

463 1220 640 1292 gorici:
673 1230 730 1275 et
756 1218 1016 1274 Platamici
1047 1217 1161 1290 (tu),
1204 1225 1264 1273 ut
1319 1217 1511 1272 medici
1591 1216 1955 1284 Erasistratei,
2005 1229 2062 1273 et

465 1314 801 1386 grammatici
831 1311 1166 1368 A-ristarchii.
1186 1312 1371 1382 itaque
1397 1311 1450 1365 si
1467 1312 1832 1367 ob-auctorem
1857 1309 2056 1366 malum

465 1408 604 1464 mala
647 1417 791 1464 secta
827 1451 842 1474 ,
889 1407 1080 1462 tradux
1108 1407 1232 1462 mali
1266 1406 1500 1461 nominis
1552 1405 1824 1477 plectitur.
1860 1407 2056 1476 Atquin

464 1501 768 1558 temeritate
797 1509 1242 1570 petasumeretur;
1276 1501 1426 1569 prius
1448 1509 1564 1553 erat
1592 1513 1918 1569 cognoscere
1933 1514 2064 1555 auc-

469 1603 662 1660 torem,
682 1603 740 1648 ut
769 1602 1186 1662 cognosceretur
1209 1601 1376 1656 secta,
1396 1607 1556 1662 quam
1585 1591 1654 1647 de
1676 1601 1821 1648 secta
1852 1593 2064 1664 inspec-

467 1688 668 1743 tionem
689 1686 924 1742 auctoris
945 1686 1201 1742 retinere.
1228 1687 1290 1740 At
1324 1700 1466 1741 nunc
1493 1685 1800 1740 necessario
1817 1686 2065 1756 ignoran-

467 1780 776 1846 doseetam,
805 1780 894 1850 qui
925 1779 1186 1850 ignorat-is
1233 1790 1540 1842 auctorem,
1587 1791 1681 1836 aut
1709 1795 1812 1836 non
1872 1797 2062 1838 recen-

2153 567 2548 639 pientissimum
2586 567 2864 625 afﬁrmans
2889 611 2905 638 ,
2955 571 3045 642 qui
3076 570 3212 628 deos
3239 571 3545 641 abnuebat;
3597 589 3772 646 porro‘

2159 661 2310 732 apud=
2331 677 2426 718 vos
2449 677 2517 718 co
2546 663 2724 742 minus
2749 663 2965 733 sapiens
2986 707 3001 732 ,
3027 665 3150 736 quia
3172 665 3306 734 deos
3333 667 3580 724 abnuens
3597 711 3612 738 ,
3636 685 3760 728 cum

2156 753 2280 811 ideo
2309 754 2526 827 sapiens
2551 798 2568 824 ,
2615 755 2740 827 quia
2776 755 2909 812 deos
2949 757 3211 814 abnuens.
3244 757 3362 828 Quo
3408 775 3559 818 more
3596 763 3770 823 etiam-

2159 851 2314 906 nobis
2339 850 2524 906 soletis
2555 867 2567 904 :
2599 849 2772 906 bonus
2797 851 2882 906 vir
2907 851 3104 908 Lucius
3131 851 3304 908 Titius
3330 895 3344 919 ,
3380 861 3582 910 tantuut
3615 855 3772 928 quod‘

2162 939 2534 1007 Christianus;
2565 941 2690 998 item
2719 941 2856 997 alius
2881 960 2892 996 :
2920 955 3026 1014 ego
3049 943 3216 998 miror
3235 942 3420 999 Caium
3443 944 3622 1001 Seium
3647 961 3764 1019 gra-

2164 1052 2285 1092 vem
2317 1036 2486 1092 virum
2511 1035 2708 1092 factum
2737 1036 3125 1094 Christianum.
3168 1037 3273 1095 Pro
3315 1039 3556 1096 stultitia:
3602 1042 3760 1099 czeci-

2164 1137 2272 1184 tate
2298 1127 2517 1184 laudant
2537 1144 2656 1200 quae
2693 1129 2909 1197 sciunt,
2956 1130 3260 1202 vituperant
3303 1147 3424 1204 qua:
3477 1134 3759 1202 nesciunt,

2164 1231 2218 1277 ct
2246 1221 2307 1276 id'
2325 1221 2466 1292 quod
2506 1222 2682 1278 sciunt
2713 1235 2780 1278 eo
2822 1223 2964 1294 quod
3008 1225 3257 1280 nesciunt
3299 1224 3507 1282 vitiant.
3550 1225 3764 1284 Nemini

2163 1313 2410 1370 subvenit
2439 1331 2451 1368 :
2478 1329 2544 1370 ne
2572 1313 2693 1370 ideo
2714 1315 2886 1370 bonus
2907 1315 3028 1386 quis
3051 1325 3105 1371 et
3131 1315 3366 1388 prudens
3386 1359 3401 1383 ,
3431 1317 3552 1390 quia
3583 1316 3764 1376 Chris-

2167 1407 2342 1462 tianus
2367 1423 2381 1472 ;
2405 1399 2496 1462 aut
2521 1406 2643 1463 ideo
2668 1405 3005 1464 Christianus
3029 1450 3042 1474 ,
3072 1409 3191 1479 quia
3218 1408 3449 1478 prudens
3473 1421 3526 1466 et
3551 1411 3758 1480 bonus;

2166 1514 2286 1555 cum
2341 1500 2412 1554 sit
2462 1499 2745 1555 humanius
2800 1501 3008 1556 occulta
3058 1500 3356 1557 manifestis
3405 1502 3712 1573 adjudicare
3743 1547 3760 1573 ,

2167 1606 2325 1664 quam
2351 1590 2632 1647 manifesta
2659 1591 2726 1647 de
2751 1591 2964 1648 occulto
2999 1591 3372 1664 prtejudicare.
3422 1593 3645 1665 Aliquos
3677 1611 3764 1652 re-

2169 1697 2255 1740 tro
2279 1696 2404 1742 ante
2437 1686 2537 1742 hoc
2568 1701 2764 1742 nomen
2788 1701 2950 1759 vagos
2969 1731 2984 1756 ,
3014 1687 3146 1744 viles
3165 1730 3179 1754 ,
3209 1688 3486 1759 improbos
3534 1699 3761 1758 norant,

2169 1779 2484 1834 emendatos
2512 1789 2731 1852 repente
2758 1781 3053 1848 mirantur,
3086 1790 3141 1838 et
3171 1790 3348 1838 tamen
3379 1783 3560 1838 mirari
3603 1798 3764 1854 quam

467 1859 1217 1945 sendo.auetonem,.quianec
1246 1883 1445 1930 sectam
1465 1875 1778 1942 recensetis,
1806 1874 1859 1932 in
1889 1850 2145 1933 solnin'B‘
2167 1858 2381 1945 assequi
2420 1884 2635 1929 norunt.
2691 1874 2792 1930 Alii
2835 1884 2976 1930 tanta
3023 1876 3388 1933 obstinatione
3426 1887 3663 1944 certant,
3709 1885 3769 1934 ut

467 1982 664 2032 nomen
698 1967 993 2039 impingitis
1019 2011 1032 2033 ,
1057 1967 1208 2040 quasi
1251 1969 1302 2022 in
1339 1969 1428 2024 illo
1451 1968 1760 2026 detinentes
1784 1980 1986 2025 sectam
2011 1979 2074 2026 et=

467 2068 744 2118 auctorem
776 2075 921 2132 quos
951 2061 1174 2116 omnino
1209 2076 1314 2116 non
1347 2061 1535 2118 nostis.
1573 2062 1639 2117 Et
1678 2069 1856 2118 tamen
1887 2060 2070 2118 Philo-

470 2153 658 2225 sophis
674 2161 828 2226 patet
846 2153 1067 2209 libertas
1093 2153 1519 2224 transgrediendi
1552 2169 1582 2210 a
1600 2154 1759 2210 vobis
1781 2154 1832 2209 in
1861 2164 2066 2210 sectam

469 2252 811 2301 et‘auctorem
829 2255 884 2300 et
909 2259 1063 2300 suum
1090 2259 1304 2312 nomen,
1325 2261 1424 2302 nec
1447 2247 1738 2318 quisquam
1755 2247 1859 2301 illis
1884 2246 2066 2302 odium

470 2349 673 2407 movet,
705 2339 1121 2406 oumiwmores,
1147 2339 1300 2406 ritus,
1323 2340 1520 2408 cultus,
1558 2342 1836 2412 rictusque
1857 2350 2067 2398 vostros

471 2434 658 2502 palanr
717 2448 782 2489 ac
859 2431 1068 2504 publice
1131 2447 1348 2489 omnem
1405 2433 1602 2504 eloquii
1654 2435 2065 2490 amaritudinem

467 2525 697 2582 elatrent
727 2565 742 2592 ,
771 2541 893 2582 cum
923 2526 1098 2598 legum
1143 2537 1454 2599 contemptu
1481 2571 1494 2594 ,
1519 2527 1639 2584 sine
1667 2539 1916 2600 respectu
1955 2543 2070 2600 per—

468 2632 722 2674 sonarum
747 2660 763 2685 ,
793 2626 852 2673 ut
880 2618 1095 2690 quidam
1123 2620 1284 2674 ctiam
1313 2621 1364 2674 in
1419 2620 1686 2692 principes
1727 2621 1874 2688 ipsos
1905 2621 2070 2678 liber-

473 2719 636 2765 tatem
667 2711 1063 2782 suanrimpune
1085 2711 1406 2782 iaculentur.
1439 2711 1544 2767 Sed
1572 2713 1852 2768 veritatem
1885 2713 2070 2770 seculo

473 2805 910 2874 operosissimam
934 2806 1238 2878 philosOphi
1265 2805 1474 2878 quidem
1494 2805 1768 2871 atl‘eetant,
1794 2807 2074 2878 possident

475 2911 652 2958 autem
681 2899 1004 2966 Christiani;
1039 2899 1265 2972 ideoque
1293 2901 1390 2972 qui,
1414 2900 1696 2971 possident
1718 2943 1733 2968 ,
1765 2903 1932 2974 magis
1959 2902 2064 2958 dis-

473 2992 676 3064 plicent
695 3034 712 3060 ,
741 2993 864 3062 quia
891 2993 986 3064 qui
1015 2992 1262 3061 alfectat,
1292 2994 1464 3050 illudit
1523 2993 1598 3066 (ὑ)
1625 3037 1640 3063 ,
1668 2994 1760 3065 qui
1787 2997 2025 3067 possidet
2051 3037 2068 3064 ,

475 3085 743 3144 defendit:
775 3085 1010 3159 denique
1034 3087 1284 3144 Socrates
1313 3103 1379 3148 ex
1403 3103 1464 3143 ea
1491 3096 1642 3160 parte
1656 3087 1946 3145 damnatus
1965 3099 2069 3156 est,

2168 1981 2290 2021 cum
2322 1967 2439 2022 suis
2468 1967 2788 2023 utilitatibus
2814 1967 3122 2040 depugnem
3141 2012 3154 2034 ,
3183 1985 3318 2042 quas
3347 1969 3416 2026 de
3444 1969 3770 2027 commercio

2169 2059 2322 2114 istius
2343 2059 2575 2114 uoininis
2604 2074 2798 2129 capere
2845 2071 3087 2131 possunt.
3135 2061 3260 2116 Scio
3302 2063 3558 2118 maritum
3606 2077 3766 2118 unum

2168 2160 2330 2222 atque
2356 2151 2519 2207 alium
2541 2194 2556 2218 ,
2585 2153 2801 2208 anxium
2835 2162 2983 2208 retro
3008 2153 3076 2210 de
3118 2155 3300 2209 uxoris
3347 2168 3459 2210 sua:
3488 2155 3728 2210 moribus
3748 2196 3766 2222 ,

2170 2243 2300 2314 qui,
2328 2257 2397 2299 ne
2421 2257 2602 2300 mures
2631 2243 2710 2316 (ά)
2756 2246 2973 2316 quidem
3023 2246 3075 2307 in
3119 2246 3423 2302 cubiculum
3471 2247 3770 2319 irrepentes

2173 2337 2295 2392 sine
2314 2337 2516 2407 gemitu
2539 2339 2860 2410 suSpicionis
2886 2340 3218 2407 sustinebat,
3259 2351 3536 2412 comperta
3582 2355 3770 2398 caussa

2172 2442 2324 2484 nova:
2351 2429 2650 2486 sedulitatis
2675 2441 2728 2486 et
2755 2435 3019 2490 inusitata:
3045 2435 3368 2506 captivitatis
3395 2436 3466 2510 (c)
3484 2476 3500 2503 ,
3551 2449 3770 2492 omnem

2173 2525 2243 2597 (ι’)
2275 2526 2428 2580 uxori
2456 2527 2764 2598 patientiam
2814 2526 3076 2584 obtulisse
3099 2567 3115 2593 ,
3161 2542 3388 2600 negasse
3428 2529 3767 2601 zelmypum,

2171 2617 2432 2676 maluisse
2461 2619 2602 2691 lupa:
2629 2634 2789 2690 quam
2815 2617 3136 2676 Christianae
3165 2621 3450 2689 maritum;
3477 2615 3577 2692 ipsi
3616 2635 3767 2678 suam

2174 2713 2328 2770 licuit
2357 2714 2407 2770 in
2430 2729 2744 2786 perversum
2773 2715 3050 2773 demutare
3076 2727 3319 2773 naturam
3342 2760 3358 2784 ,
3403 2699 3615 2775 midieri
3661 2731 3768 2776 non

2176 2809 2420 2878 permisit
2461 2810 2514 2864 in
2560 2809 2754 2864 melius
2806 2809 3108 2865 reformari.
3149 2809 3306 2866 Pater
3330 2811 3528 2879 tilium,
3560 2811 3627 2868 de
3664 2827 3770 2884 quo

2176 2902 2326 2974 queri
2357 2902 2613 2970 desierat,
2643 2904 3028 2961 ethredavit.
3062 2906 3314 2962 Dominus
3344 2921 3580 2975 servum,
3609 2924 3770 2979 quem

2177 3005 2438 3066 praeterea
2465 2999 2827 3052 necessarium
2853 3007 3127 3066 senserat,
3156 3000 3208 3054 in
3238 3001 3568 3071 ergastulum
3595 3001 3766 3059 dedit.

2175 3090 2348 3148 Simul
2373 3091 2494 3162 quis
2524 3091 2848 3148 intellexerit
2871 3089 3234 3148 Christianum
3259 3134 3276 3160 ,
3324 3093 3528 3148 mavult
3566 3109 3769 3150 nocen-

471 3179 594 3251 quia
619 3179 838 3274 propius
864 3189 1166 3238 tentaverat
1193 3181 1502 3248 veritatem,
1533 3181 1664 3240 deos
1699 3194 1908 3242 vestros
1947 3185 2070 3244 des-
2094 3222 2140 3285 C
2177 3195 2302 3241 tem.
2336 3183 2467 3240 Nam
2495 3193 2550 3240 et
2577 3185 2688 3256 ipsa
2734 3199 2833 3256 per
2859 3201 2919 3242 se
2966 3185 3262 3242 traducitur
3307 3186 3586 3258 disciplina
3611 3231 3626 3256 ,
3669 3203 3772 3245 nec

477 3265 704 3330 trucndo
740 3290 756 3330 :
789 3289 1090 3347 quanquam
1141 3275 1379 3332 nondum
1421 3284 1549 3333 tunc
1590 3277 1644 3333 in
1673 3281 1830 3336 terris
1871 3295 2068 3338 nomen

477 3369 870 3440 christianum,
950 3379 1128 3428 tamen
1175 3371 1372 3428 veritas
1428 3387 1644 3445 semper
1689 3373 2065 3432 damnabatur.

471 3466 654 3536 Itaque
682 3474 738 3520 et
763 3463 1061 3537 sapientem
1091 3479 1197 3521 non
1222 3465 1518 3538 negabitis,
1548 3465 1633 3522 cui
1663 3467 1827 3522 etiam
1847 3467 2079 3542 Pythius

473 3569 655 3618 vester
681 3560 1044 3617 testimonium
1090 3558 1299 3616 dixerat
1327 3559 1647 3628 :_Virorum,
1695 3561 1899 3634 inquit,
1953 3577 2071 3620 om-

475 3655 621 3711 nium
675 3657 927 3714 Socrates
976 3652 1404 3724 sapientissimus
1448 3650 1540 3725 (c).
1588 3653 1728 3710 Vicit
1767 3655 2068 3726 Apollinem

479 3747 677 3806 veritas
695 3789 711 3817 ,
742 3754 808 3802 ut.
826 3747 942 3818 ipse
969 3746 1228 3802 adversus
1253 3760 1311 3802 se
1356 3745 1763 3816 pronuntiaret;
1791 3752 2070 3810 confessus

2173 3278 2388 3343 aliunde
2430 3278 2728 3350 prodimur,
2761 3294 2919 3351 quam
2941 3280 3012 3336 de
3052 3279 3194 3336 bono
3234 3291 3440 3338 nostro.
3466 3281 3521 3337 Si
3549 3291 3604 3337 ct
3646 3282 3770 3338 mali

2173 3371 2252 3445 (g)
2274 3371 2341 3428 de
2366 3387 2464 3428 suo
2485 3372 2628 3428 malo
2651 3372 2896 3439 radiant,
2925 3387 3023 3428 cur
3051 3387 3150 3429 nos
3177 3374 3276 3457 soli
3307 3383 3493 3430 contra
3523 3375 3765 3430 instituta

2175 3475 2376 3520 naturae
2399 3465 2615 3536 pessimi
2643 3465 2711 3521 de
2735 3466 2876 3520 bono
2913 3464 3270 3522 denotamur?
3299 3465 3437 3534 Quid
3465 3467 3606 3522 enim
3636 3466 3766 3522 insi-

2174 3578 2278 3636 gne
2301 3561 2635 3634 praeferimus
2653 3604 2669 3630 ,
2693 3563 2794 3618 nisi
2819 3561 3044 3632 primam
3068 3562 3416 3632 sapientiam,
3447 3577 3551 3633 qua
3584 3561 3771 3618 lrivoia

2177 3658 2425 3713 humanm
2453 3673 2644 3713 manus
2672 3672 2836 3728 opera
2866 3672 2971 3712 non
2997 3657 3283 3712 adoramus
3307 3673 3322 3722 ;
3353 3657 3769 3723 abstinentiam,

2173 3768 2277 3824 qua
2303 3751 2371 3806 ab
2413 3751 2591 3806 alieno
2636 3759 3030 3822 temperamus:
3074 3749 3380 3820 pudicitiam
3407 3791 3422 3816 ,
3468 3763 3628 3820 quam
3673 3763 3774 3806 nec

1693 3889 1986 3948 LECTION
1994 3891 2076 3950 ES
2110 3889 2524 3951 VARIANTES.

533 4027 610 4093 (1)
643 4029 710 4080 Le
723 4025 882 4080 Prior.
902 4025 1028 4090 conj.
1054 4026 1168 4090 Alii,
1185 4015 1328 4090 quos,
1349 4033 1446 4080 etc.

1826 4132 2390 4195 COMMENTARIUS.

559 4275 640 4348 (a‘)
669 4272 1008 4348 Pythagorici
1036 4281 1083 4348 et
1112 4270 1387 4348 Platonici.
1421 4269 1634 4348 Diserat
1663 4257 1818 4328 antea
1847 4271 1898 4328 in
1923 4273 2071 4348 apol.

482 4342 677 4403 Nonne
697 4342 1004 4414 PhilosOphi
1028 4343 1090 4414 de
1113 4343 1405 4398 auctoribus
1429 4342 1534 4414 suis
1558 4351 1922 4414 nuncupantur
1949 4343 2076 4400 Pla-

479 4418 634 4474 tonici
659 4460 674 4483 ,
709 4412 980 4487 Epicurei,
1015 4413 1391 4487 Pythagorici?
1428 4413 1519 4487 Sic
1542 4412 1832 4487 Christiani
1873 4415 2072 4486 glorio-

484 4505 604 4544 sum
627 4489 727 4544 sibi
750 4485 1012 4544 ducebant
1028 4485 1298 4558 ducis’sui
1325 4486 1542 4542 nomine
1587 4485 1892 4558 indigetari,
1935 4488 2076 4545 unde

478 4562 896 4633 Chrysostomus
923 4559 989 4614 de
1023 4557 1084 4612 Β.
1129 4557 1384 4612 Luciann.
1415 4567 1555 4618 ποίας
1579 4561 1630 4612 εἴ
1659 4557 1918 4632 nota-piam;
1950 4567 2077 4632 Χρι-

473 4643 657 4695 στιανός
685 4637 809 4700 εἰμι,
835 4642 968 4705 φησι.
992 4639 1042 4685 τι
1067 4637 1186 4705 ἔχεις
1212 4633 1524 4697 irrit-videbam
1544 4635 1831 4699 Χριστιανός
1853 4637 1971 4700 εἰμι.
2005 4642 2074 4688 τί·

2175 4275 2428 4331 Minutius
2451 4272 2600 4330 Felix
2629 4293 2642 4327 :
2669 4273 2972 4345 Quanquam
2997 4273 3042 4329 si
3075 4270 3472 4344 philosophandi
3497 4271 3654 4329 libido
3680 4281 3774 4342 est,

2177 4347 2444 4404 Socratem
2472 4348 2738 4416 sapientia:
2767 4344 3082 4416 Principiam,
3105 4345 3332 4416 quisquis
3356 4355 3575 4416 vestrum
3605 4355 3778 4401 tantus

2177 4427 2270 4483 est,
2297 4420 2342 4474 si
2361 4415 2598 4490 poluerit,
2620 4419 2865 4490 imitetur.
2891 4415 3024 4489 Ejus
3049 4415 3160 4490 viri,
3191 4417 3383 4488 quoties
3404 4415 3469 4470 de
3494 4416 3778 4490 cmlestibus

2177 4487 2472 4616 ragabrjtlur,
2494 4501 2615 4545 nota
2635 4489 2893 4559 responsio
2919 4487 2990 4544 est
3011 4505 3030 4542 :
3055 4489 3184 4557 Qum
3205 4487 3374 4559 supra
3398 4503 3516 4556 nos,
3551 4487 3682 4544 nihil
3708 4489 3778 4546 ad

2179 4577 2298 4617 nos.
2409 4579 2507 4617 em.
2937 4605 2946 4616 .
3223 4602 3229 4606 ς

2217 4577 2247 4617 0
2287 4604 2298 4616 .
2339 4577 2507 4617 mem.
2937 4605 2946 4616 .
3223 4602 3229 4606 ς

2179 4579 2212 4707 If
2251 4579 2330 4707 ῗιι)
2363 4633 2448 4689 Ne
2473 4650 2638 4707 mures
2661 4631 2862 4707 quidem
2886 4633 3182 4707 irrepentes.
3216 4629 3350 4707 Cum
3382 4631 3496 4707 haec
3519 4630 3778 4707 scriberet

473 4729 554 4768 νας
581 4701 912 4783 προγόνῳς-ὶὸ
931 4705 979 4783 3i
1001 4711 1122 4783 (ipse.
1143 4703 1333 4783 ὀξποξντα
1357 4707 1615 4783 ﬂagitabat
1627 4708 1912 4774 Χριστιανός
1941 4711 2063 4774 εἰμιί

2181 4701 2496 4783 Septimius,
2525 4701 2756 4783 habebat
2777 4703 2830 4783 in
2853 4713 3031 4760 mente
3048 4703 3182 4783 illud
3208 4702 3508 4769 Juvenalis,
3535 4701 3778 4760 Testiculi

473 4772 624 4849 cujus
643 4793 696 4832 es
719 4775 988 4849 religionis
1008 4773 1037 4828 ?‘
1060 4773 1377 4849 Christianus
1405 4789 1538 4849 sum.
1573 4772 1738 4849 Quum
1766 4785 1926 4849 artem
1954 4772 2074 4846 pro-

475 4843 674 4916 literis?
702 4843 1021 4916 Christianus
1064 4859 1198 4916 uim.
1223 4843 1362 4910 Quos
1398 4845 1549 4899 habes
1580 4847 1800 4916 majores
1819 4847 1845 4900 ?
1871 4845 1927 4903 Is
1954 4843 2098 4909 itero,

413 4953 420 4958 ς
473 4915 543 4972 ad
571 4919 743 4974 omnia
767 4915 1060 4988 reponebat,
1077 4915 1396 4988 Christianus
1414 4932 1548 4988 sum.
1577 4915 1655 4988 Le
1670 4916 1766 4971 Pu.

544 4989 626 5063 (ὃ)
652 4989 795 5064 Quia
818 4986 902 5060 qui
927 4987 1130 5064 q/fectat
1158 4986 1389 5042 includit.
1423 4987 1692 5055 Includit,
1725 4989 1779 5043 in
1807 4989 2072 5064 Apologe-

466 5060 593 5118 nco.
625 5061 909 5126 Adulterat.
933 5060 1054 5116 RIG.

541 5133 618 5205 (c)
660 5132 930 5198 Virorum,
952 5131 1148 5205 inquit,
1177 5129 1401 5183 omnium
1437 5127 1694 5205 Socrates.
1729 5129 1956 5205 Vulgare
1985 5144 2070 5190 cst

466 5201 728 5276 Apollinis
751 5205 967 5260 oraculo
987 5201 1265 5276 Socratem
1299 5202 1601 5256 mortalium
1632 5201 1868 5257 omnium
1901 5204 2064 5262 fuisse

461 5275 962 5348 sapientissimum}
984 5275 1446 5348 ’Avdpévjtndtwm?
1473 5278 1726 5348 Σεικράτης
1755 5283 2021 5347 σοφώτατος
2045 5294 2059 5332 ἒ

459 5342 605 5404 unde
632 5347 880 5402 Valerius
907 5345 1046 5400 Max.
1074 5342 1168 5402 lib.
1201 5342 1293 5399 Ill.
1331 5357 1380 5399 c.
1409 5344 1461 5399 4.
1502 5342 1738 5410 Socrates
1767 5342 1870 5401 non
1897 5348 2064 5404 solum

457 5420 722 5476 hominum
752 5433 1030 5482 consensu,
1071 5432 1245 5471 verum
1269 5416 1690 5487 etiamApollinis
1727 5419 1933 5472 oraculo
1971 5437 2058 5474 sa~

494 5490 804 5546 ientissimus
825 5488 1088 5562 judicatus
1109 5498 1210 5562 est.
1245 5487 1311 5542 Et
1338 5487 1749 5562 Salviannslib:
1773 5490 1834 5562 8.
1859 5490 1925 5546 de
1962 5507 2060 5562 gu-

491 5567 798 5620 ernatione:
819 5559 1017 5633 Contra
1046 5559 1278 5630 seipsum
1307 5569 1486 5616 tamen
1509 5560 1700 5630 Apollo
1726 5560 1944 5633 Pythius
1971 5559 2052 5617 lo-

449 5645 607 5692 cutus
651 5642 770 5696 est,
814 5640 869 5688 et
911 5631 1108 5687 veritas
1159 5633 1405 5701 superior
1447 5633 1682 5700 exstitit,
1725 5631 1851 5687 dum
1898 5641 2043 5689 enim

449 5708 725 5764 Socratem
757 5704 1030 5759 hominum
1073 5702 1524 5774 sapientissimum
1559 5706 1950 5774 pronuntiavit,
1983 5721 2042 5760 se

449 5779 608 5834 deum
653 5790 774 5831 esse
823 5773 1350 5846 uegavit._30crates
1402 5773 1597 5846 quippe
1651 5776 1792 5846 quod
1839 5776 1906 5832 de
1936 5778 2038 5832 diis

449 5848 588 5904 male
626 5847 868 5910 sentiret,
899 5844 970 5900 ab
998 5844 1413 5900 Atheniensibus
1445 5844 1540 5899 fuit
1578 5847 1628 5900 iu
1655 5844 1915 5916 judicium
1947 5863 2038 5904 vo-

446 5929 614 5990 catus,
643 5928 699 5974 et
726 5927 898 5975 morte
926 5917 1226 5972 damnatus.
1258 5916 1595 5973 Attendenda
1619 5933 1742 5976 vero
1771 5932 1894 5978 sunt
1920 5936 2038 5993 quae

2181 4774 2276 4833 sibi
2302 4779 2532 4834 conscius
2560 4778 2694 4832 unde
2719 4777 2849 4848 fugit
2877 4792 3024 4848 musa
3048 4774 3166 4848 RIG.

2250 4851 2327 4921 (e)
2355 4850 2628 4904 Inusitata:
2645 4844 2970 4921 captiuitatis.
2999 4846 3126 4921 Quae
3149 4847 3258 4921 jam
3285 4845 3586 4921 Christiana
3612 4844 3772 4914 facta,

2176 4917 2337 4976 domo
2367 4922 2552 4992 pedem
2578 4922 2664 4975 vix
2695 4918 2984 4984 afferebat,
3014 4918 3178 4992 rebus
3215 4917 3524 4974 domesticis
3547 4927 3770 4983 attenta.

2175 4995 2326 5064 quasi
2359 4988 2469 5064 ipsa
2497 4993 2597 5048 sibi
2623 4991 2984 5064 captivitatem
3013 4988 3310 5064 indixisset,
3347 5001 3647 5064 quzeantea
3675 5004 3770 5045 va-

2173 5059 2238 5137 ga
2268 5073 2320 5120 et
2349 5063 2536 5137 elTreui
2565 5059 2784 5137 libidine
2817 5062 2920 5137 huc
2954 5063 3076 5137 illuc
3100 5060 3387 5137 ferebatur.
3421 5059 3589 5116 Idem.

2248 5137 2316 5209 (Γ)
2349 5134 2563 5191 Omnem
2610 5136 2756 5190 uxori
2793 5135 3108 5204 patientium.
3149 5135 3434 5209 Gentilium
3475 5140 3770 5209 consuetu-

2172 5205 2351 5266 dinem
2393 5217 2447 5263 ct
2489 5209 2750 5279 pessimos
2783 5221 2970 5279 mores
3003 5221 3064 5258 ac
3104 5207 3540 5279 corruptissimos
3581 5205 3769 5279 tangit,

2167 5281 2308 5352 apud
2333 5295 2468 5350 quos
2491 5277 2716 5342 maritus
2737 5277 3010 5352 profundo
3036 5293 3224 5352 somno
3255 5277 3549 5352 involutum
3575 5278 3770 5352 sepul-

2166 5347 2389 5480 tbumqlu'e
2418 5366 2477 5407 se
2509 5352 2668 5406 veluti
2698 5347 2906 5406 ebrium
2937 5349 3181 5416 simulat,
3212 5359 3266 5404 et
3300 5359 3358 5403 ut
3383 5347 3544 5407 habet
3568 5347 3763 5406 Juven.

2185 5425 2282 5480 ‘at.
2340 5463 2354 5477 .
2652 5429 2657 5437 '

2185 5425 2282 5480 Sat.
2313 5425 2354 5478 Ι.
2652 5429 2657 5437 ”

2763 5553 2947 5607 Doctus
2968 5562 3195 5622 spectare
3218 5557 3436 5616 lacunar,

2281 5639 2470 5692 Doctus
2493 5645 2546 5690 et
2565 5637 2626 5689 ad
2648 5637 2850 5690 calicem
2875 5639 3094 5704 vigilanti
3116 5647 3336 5694 stertere
3361 5653 3496 5692 naso.

2147 5772 2245 5828 llic
2275 5773 2326 5827 in
2347 5768 2662 5844 Christianis
2685 5768 2817 5844 nihil
2844 5771 3106 5844 ejusmodi
3135 5775 3208 5830 ait
3227 5787 3534 5844 occurrere.
3561 5769 3638 5828 Ls
3662 5769 3760 5826 Pa.

2220 5845 2296 5917 (g)
2325 5843 2378 5898 Μ
2385 5845 2454 5898 αιὶ
2479 5843 2542 5897 de
2561 5859 2654 5919 suo
2679 5841 2814 5919 malo
2837 5841 2938 5900 non
2965 5847 3190 5919 radiant.
3219 5845 3464 5919 lnsignes
3492 5843 3646 5912 ﬁunt,
3673 5845 3764 5900 de-

2146 5915 2530 5982 monstrantur,
2562 5915 2993 5975 denominantur.
3037 5917 3165 5976 Rto.
