4150 6352
393 252 511 312 565

395 442 645 515 digentes
667 444 964 518 flectimur;
996 454 1165 523 ipsam
1193 457 1496 527 veritatem,
1520 474 1623 531 qua
1649 459 2002 529 offendimus;

398 535 571 606 ipsam
600 536 902 597 libertatem
925 585 939 610 ,
972 559 1068 616 pro
1093 562 1194 618 qua
1239 550 1375 605 mori
1407 549 1696 607 novimus?
1744 553 1843 622 Qui
1891 555 2006 610 vult

397 628 701 701 intelligere
751 634 840 705 qui
871 635 978 692 sint
1015 635 1303 696 Christiani
1331 683 1345 708 ,
1375 643 1492 698 istis
1536 643 1800 703 indicibus
1827 655 2006 703 utatur

400 734 626 780 necesse
651 732 757 781 est.

473 837 529 893 5.
587 837 743 907 Quod
784 856 913 914 ergo
958 842 1179 902 dicitis:
1228 851 1449 919 pessimi
1501 861 1557 908 et
1605 855 2015 924 probrosissimi

398 931 625 987 avaritia
647 973 662 999 ,
696 932 924 1003 luxuria,
958 937 1334 1009 improbitate;
1367 960 1473 1000 non
1502 946 1821 1017 negabimus
1842 962 2005 1019 quos-

398 1023 561 1094 dam;
591 1026 791 1084 sufficit
819 1040 873 1085 et
899 1030 1001 1088 hoc
1020 1018 1086 1089 ad
1119 1035 1483 1093 testimonium
1514 1039 1747 1097 nominis
1789 1018 1957 1096 nostri
1985 1059 1999 1095 :

398 1125 448 1180 si
468 1140 576 1181 non
605 1142 795 1183 omnes
816 1171 830 1196 ,
861 1131 903 1185 si
934 1147 1039 1187 non
1070 1134 1268 1202 plures.
1297 1134 1530 1190 Necesse
1555 1143 1639 1189 est
1669 1135 1720 1188 in
1748 1148 1999 1204 corpore,

402 1214 501 1290 [et]
530 1229 785 1290 quantum
816 1222 947 1278 velis
972 1224 1181 1298 integro
1210 1236 1303 1282 aut
1331 1242 1486 1298 puro,
1517 1234 1576 1282 ut
1603 1241 1784 1283 natvus
1808 1227 2003 1298 aliquis

401 1312 702 1380 eﬂ'ruticet,
730 1325 823 1370 aut
848 1320 1125 1375 verrucula
1156 1330 1411 1393 exsurgat
1442 1364 1456 1386 ,
1506 1331 1597 1376 aut
1643 1321 1843 1391 lentigo
1886 1335 2004 1376 sor-

400 1402 607 1461 descat.
641 1406 852 1464 Casium
886 1410 1060 1481 ipsum
1089 1414 1231 1468 nulla
1256 1413 1520 1473 serenitas
1544 1422 1650 1468 tam
1672 1413 1846 1468 celata
1880 1428 2005 1483 pur-

401 1507 522 1569 gat,
563 1507 627 1555 ut
662 1515 768 1556 non
800 1502 1027 1575 alicujus
1077 1508 1356 1564 nubecula:
1386 1508 1637 1564 .flocculo
1679 1508 2000 1579 resignetur.

402 1590 608 1647 Modica
641 1596 849 1652 macula
880 1598 932 1653 in
961 1598 1167 1667 fronte,
1189 1603 1240 1657 in
1272 1612 1423 1672 parte
1450 1603 1678 1673 quadam
1710 1602 2013 1674 exemplari

404 1684 522 1741 visa
548 1728 559 1749 ,
602 1702 709 1756 quo
738 1689 1059 1747 universitas
1085 1695 1283 1750 munda
1310 1706 1394 1751 est
1430 1712 1442 1748 :
1476 1697 1648 1766 major
1679 1697 1800 1752 boni
1827 1697 2004 1765 portio
2032 1729 2081 1789 Β

402 1777 614 1835 modico
639 1781 783 1837 malo
835 1785 901 1839 ad
946 1788 1321 1844 testimonium.
1344 1790 1425 1844 sui
1453 1791 1636 1845 utitur.
1668 1791 2002 1847 Cunntamen

402 1873 611 1942 aliquos
656 1875 724 1931 de
787 1878 987 1934 nostris
1032 1881 1202 1935 malos
1251 1882 1522 1951 probatis,
1579 1883 1689 1952 jam
1741 1883 1843 1938 hoc
1888 1883 2006 1953 ipso

401 1962 737 2023 Christianos
764 1985 868 2023 non
904 1970 1170 2039 probatis;
1197 1975 1422 2044 quaerite
1450 2017 1464 2042 ,
1494 1987 1638 2030 seeta
1659 1974 1746 2030 cui
1787 1975 2004 2030 malitiae

401 2055 729 2127 deputatur?
752 2059 854 2130 ipsi
887 2062 1244 2135 inculloquio,
1274 2066 1316 2120 si
1341 2065 1555 2138 quando
1581 2066 1837 2122 adversus
1866 2081 1965 2122 nos
1984 2107 2002 2134 ,

402 2165 499 2205 cur
537 2151 659 2217 ille,
694 2152 915 2225 inquitis
939 2196 954 2224 ,
991 2156 1266 2213 fraudator
1289 2200 1302 2224 ,
1350 2159 1409 2214 si-
1438 2157 1770 2216 abstinentes
1815 2159 2000 2216 Chris-

404 2244 569 2301 tiani?
598 2262 695 2301 cur
723 2248 946 2306 immitis
974 2293 989 2316 ,
1033 2251 1079 2306 si
1110 2252 1532 2309 misericordes?
1559 2252 1711 2308 Adeo
1755 2254 1996 2310 testimo-

400 2338 546 2395 nium
579 2340 804 2404 redditis
823 2385 838 2411 ,
867 2359 972 2398 non
1001 2359 1121 2402 esse
1150 2346 1284 2401 tales
1310 2346 1643 2403 Christianos
1664 2389 1678 2412 ,
1725 2347 1852 2402 dum
1902 2363 2001 2403 cur

403 2432 538 2488 tales
564 2434 671 2489 sint
696 2436 1067 2506 qui-dicuntur
1108 2436 1394 2494 Christiani
1418 2481 1433 2505 ,
1478 2440 1822 2511 retorquctis.
1860 2439 1995 2495 Mul-

404 2536 512 2581 tum
533 2527 804 2584 distantia:
829 2530 968 2586 inter
990 2532 1194 2588 crimen
1220 2543 1275 2588 et
1304 2548 1501 2589 nomen
1546 2575 1562 2601 ,
1611 2535 1750 2589 inter
1791 2535 2000 2605 opinio-

403 2634 521 2673 nem
553 2630 608 2676 et
637 2622 941 2678 veritatem.
976 2623 1107 2679 Nam
1136 2632 1193 2679 et
1216 2626 1432 2680 nomina
1462 2626 1542 2681 sic
1567 2636 1697 2682 sunt
1720 2626 1961 2682 instituta
1979 2668 1994 2693 ,

400 2719 458 2765 ut
487 2710 623 2766 lines
642 2726 782 2766 suos-
798 2712 1030 2770 habeant
1054 2716 1194 2771 inter
1216 2716 1321 2772 dici
1340 2727 1395 2772 et
1414 2732 1554 2774 esse.
1585 2717 1726 2785 Quot
1770 2718 2003 2789 denique

406 2802 713 2877 philosophi
742 2805 1031 2876 dicuntur,
1067 2824 1167 2865 nec
1207 2819 1386 2865 tamen
1428 2810 1599 2881 legem
1649 2809 2003 2881 philosophia:

401 2903 697 2976 adimplent
715 2905 738 2958 ?
758 2905 957 2959 Omnes
980 2918 1173 2958 nomen
1204 2902 1272 2958 de
1302 2902 1724 2973 professionibus
1748 2912 1960 2974 gestant
1984 2919 2000 2969 ;

397 2995 651 3051 seducunt
666 3011 860 3052 nomen
877 2993 1223 3065 professionis
1248 2996 1578 3066 praestantia,
1600 2997 1689 3067 qui
1718 2996 2007 3067 superficie

396 3088 640 3145 voeabuli
665 3087 928 3145 infamant
956 3088 1259 3144 veritatem.
1304 3087 1421 3144 Non
1475 3089 1659 3144 statim
1703 3098 1863 3158 sunt,
1908 3089 2000 3159 qui

396 3181 676 3249 dicuntur;
723 3181 818 3238 sed
852 3181 976 3252 quia
1018 3195 1126 3236 non
1168 3189 1333 3249 sunt,
1383 3181 1580 3236 frustra
1636 3180 1918 3248 dicuntur,
1947 3191 2005 3237 et

397 3272 585 3340 fallunt
601 3289 719 3341 eos,
747 3273 838 3345 qui
861 3289 975 3331 rem
997 3273 1200 3329 nomini
1225 3273 1479 3330 addicunt
1503 3288 1626 3329 cum
1653 3273 1720 3329 de
1740 3289 1801 3330 re
1826 3281 1999 3330 status

397 3367 633 3422 nominis
655 3354 943 3439 competat.
978 3367 1049 3422 Et
1074 3374 1251 3423 tamen
1274 3365 1541 3436 ejusmodi
1566 3380 1741 3437 nequc
1766 3380 1997 3437 congre-

397 3466 530 3528 gant
548 3474 719 3530 neque
760 3458 1082 3530 participant
1126 3457 1448 3524 nobiscum,
1491 3457 1615 3514 faeti
1659 3472 1756 3528 per
1802 3458 1997 3515 delicta

400 3549 579 3605 denuo
601 3552 801 3620 vestri;
848 3551 1064 3623 quando
1104 3567 1175 3608 uc
1214 3553 1318 3607 illis
1363 3551 1579 3623 quidem
1628 3552 1950 3610 misceauutr
1978 3594 1995 3622 ,

399 3660 537 3718 quos
570 3657 745 3703 vestra
780 3648 860 3703 vis
886 3655 1047 3718 atque
1072 3647 1276 3717 saevitia
1302 3646 1371 3700 ad
1418 3645 1721 3717 negandum
1764 3646 1992 3718 subegit.

398 3739 597 3811 Utique
623 3742 767 3797 enim
794 3741 1003 3798 facilius
1029 3742 1167 3798 inter
1193 3756 1295 3797 nos
1323 3740 1472 3795 inviti
1501 3739 1811 3796 desertores
1837 3739 1998 3796 disci-

399 3833 556 3903 plinae
580 3876 594 3901 ,
624 3849 785 3906 quam
808 3835 1096 3891 voluntarii
1126 3835 1554 3891 continerentur.
1584 3833 1852 3889 Cmterum
1878 3836 1995 3891 sine

399 3940 584 3982 caussa
617 3926 819 3983 vocatis
844 3926 1180 3983 Christianos
1205 3968 1220 3995 ,
1253 3942 1389 3998 quos
1432 3927 1533 3997 ipsi
1577 3936 1775 3999 negant
1815 3926 1995 3983 Chris-
2030 4006 2033 4009 Α

400 4021 544 4089 tiani,
574 4022 664 4093 qui
690 4035 749 4078 se
770 4036 967 4094 negare
997 4037 1104 4079 non
1128 4030 1327 4078 norunt
1362 4022 1459 4095 (a).

470 4159 524 4215 6.
557 4158 651 4214 His
680 4158 1134 4231 propositionibus
1176 4160 1727 4232 responsionibusque
1754 4159 1954 4216 nostris
1979 4200 1995 4229 ,

397 4265 529 4321 quas
553 4250 753 4307 veritas
771 4251 839 4306 de
859 4266 957 4307 suo
982 4253 1254 4323 suggerit,
1282 4252 1531 4323 quotiens
1552 4252 1924 4325 comprimitur
1942 4260 2002 4308 et

397 4353 699 4401 coarctatur
776 4345 1111 4402 consciencia
1167 4354 1385 4415 vestra,
1448 4346 1622 4403 tacita:
1684 4346 1999 4418 ignorantia:

396 4451 508 4493 suae
537 4422 709 4506 testis,
733 4436 1019 4509 confugitis
1038 4446 1328 4495 aestuantes
1352 4437 1419 4494 ad
1439 4438 1644 4495 auriam
1664 4440 1955 4510 quamdam
1980 4481 1995 4507 ,

1705 271 1799 330 AD
1836 271 2176 333 NATIONES
2212 275 2343 333 LIB.
2382 275 2423 335 l.
3404 330 3417 335 -

392 348 571 457 oculis
595 354 1064 457 contaminamus;
1094 362 1523 422 misericordiam
1545 408 1562 434 ,
1593 382 1699 437 qua
1728 384 1891 439 super
1916 371 1999 426 in-
2026 377 2082 438 Α
2104 379 2226 427 rent
2249 382 2450 430 sectam
2479 374 2635 431 istam
2657 417 2672 445 ,
2721 377 2835 435 nisi.
2868 378 2938 437 de
2965 382 3169 439 meritis
3214 385 3357 457 apud
3399 348 3711 446 conditores

3601 290 3721 351 566'

2110 465 2288 538 legum
2316 468 2661 526 constitisset.
2690 471 2827 540 Quid
2853 477 3281 546 ergo'prohibuit
3295 480 3435 552 apud
3448 491 3710 539 executo-

2110 575 2199 616 res
2221 576 2433 632 quoque
2459 563 2637 636 legum
2669 567 2893 636 proinde
2921 580 3173 629 constare
3193 614 3208 638 ,
3250 587 3370 629 cum
3398 575 3466 631 de
3494 578 3721 635 caeteris

2111 653 2421 711 criminibus
2448 698 2462 721 ,
2512 673 2630 727 quae
2670 659 2917 717 similiter
2956 662 3163 734 legibus
3206 678 3460 724 arcentur
3503 684 3565 725 ac
3609 686 3710 741 pu-

2111 746 2352 813 niuntur,
2408 749 2511 805 nisi
2556 749 2704 819 prius
2746 753 3088 824 requiratur,
3131 772 3289 828 poena
3312 761 3528 816 cessat?
3557 762 3710 819 verbi

2096 845 2319 913 gratia,
2362 843 2682 901 homicidam
2710 888 2724 912 ,
2770 847 3070 905 adulterum
3115 852 3268 922 lege,
3315 853 3599 911 discutitur
3628 864 3716 912 ta-

2108 950 2232 991 men
2264 935 2333 992 de
2361 937 2549 994 ordine
2573 938 2835 1006 admissi;
2867 950 2920 996 et
2945 950 3124 998 tamen
3154 945 3424 1015 cognitum
3470 959 3552 1004 est
3589 964 3713 1006 om-

2110 1031 2266 1087 nibus
2319 1047 2489 1103 genus
2538 1032 2689 1091 facti.
2728 1033 3092 1094 Christianum
3143 1039 3372 1109 puniunt
3426 1042 3590 1113 leges.
3647 1042 3708 1098 Si

2106 1126 2247 1197 quod
2278 1135 2361 1182 est
2408 1126 2606 1183 factum
2647 1128 2973 1198 Christiani,
3023 1133 3139 1187 erui
3182 1132 3376 1200 debet;
3428 1136 3572 1189 nulla
3620 1137 3712 1192 lex

2110 1220 2357 1289 prohibet
2377 1222 2664 1291 inquirere.
2691 1224 2888 1296 Atquin
2907 1240 3004 1295 pro
3034 1225 3241 1297 legibus
3259 1225 3385 1282 facit
3407 1228 3706 1299 inquisitio.

2107 1312 2389 1381 Quomodo
2412 1314 2556 1370 enim
2584 1315 2752 1386 legem
2784 1316 3107 1374 observabis
3140 1319 3379 1387 cavendo
3409 1321 3550 1390 quod
3590 1321 3710 1392 lege

2109 1407 2453 1477 prohibetur,
2498 1409 2749 1480 adempta
2777 1410 3050 1483 diligentia
3078 1412 3302 1471 cavendi
3324 1430 3420 1485 per
3440 1414 3731 1471 defectum.

2107 1500 2431 1571 agnoscendi
2459 1501 2587 1570 quid
2615 1501 2889 1559 observes.
2923 1503 3079 1559 Nulla
3109 1505 3211 1561 sibi
3241 1506 3329 1562 lex
3354 1505 3516 1562 debet
3538 1520 3698 1562 cons-

2107 1590 2358 1646 cientiam
2382 1590 2603 1661 jnstitim
2630 1608 2742 1648 suae
2769 1636 2782 1660 ,
2813 1595 2904 1649 sed
2935 1595 3015 1651 eis
3036 1610 3066 1650 a
3091 1596 3286 1667 quibus
3332 1606 3513 1667 captat
3548 1599 3711 1655 obse-

2109 1684 2311 1754 quium.
2344 1683 2612 1740 Carterum
2644 1695 2890 1755 suspecta
2919 1688 3003 1742 lex
3032 1698 3113 1742 est
3132 1730 3148 1752 ,
3177 1690 3219 1743 si
3250 1690 3466 1759 probari
3515 1705 3573 1745 se
3602 1705 3719 1748 non

2109 1776 2239 1831 vult.
2273 1776 2461 1831 Merito
2493 1777 2652 1849 igitur
2675 1779 2878 1833 tamdiu
2900 1779 3061 1850 justae
3089 1779 3141 1834 in
3165 1780 3497 1836 Christianos
3524 1790 3580 1837 ct
3620 1798 3714 1838 re-

2108 1867 2358 1924 verenda:
2378 1877 2432 1923 et
2450 1868 2800 1925 observanda:
2819 1881 3128 1939 censentur,
3153 1872 3407 1943 quamdiu
3427 1873 3705 1944 ignoratur

2107 1959 2247 2030 quod
2298 1969 2728 2030 persequuntur;
2785 1962 3014 2027 merito,
3064 1970 3185 2032 post
3225 1963 3551 2033 agnitionem
3597 1964 3705 2019 ini-

2107 2050 2381 2120 quissima:
2402 2060 2627 2121 reperta:
2654 2092 2668 2118 ,
2693 2066 2816 2109 cum
2842 2053 2954 2109 suis
2976 2052 3256 2109 machaeris
3284 2063 3339 2108 et
3384 2053 3635 2125 patibulis
3654 2063 3712 2111 et

2108 2140 2353 2197 leonibus
2379 2141 2714 2213 despuuntur
2739 2160 2753 2209 ;
2786 2142 2919 2213 legis
2948 2142 3160 2215 injustas
3191 2143 3364 2199 honor
3395 2145 3573 2199 nullus
3600 2154 3735 2202 est.—

2109 2234 2179 2291 Ut
2200 2235 2390 2307 opinor
2416 2245 2627 2304 autem,
2657 2235 2929 2290 dubitatur
2959 2235 3028 2290 de
3062 2235 3340 2306 iniquitate
3364 2235 3539 2307 legum
3568 2250 3704 2307 qua-

2105 2327 2375 2397 rumdam,
2404 2326 2794 2398 cum'quotidie
2825 2328 2978 2383 novis
3009 2328 3268 2384 consultis
3299 2329 3715 2400 constitutisque

2104 2419 2331 2475 duritias
2361 2420 2734 2492 nequitiasque
2765 2435 2950 2475 earum
2978 2421 3311 2491 temperctis.

2176 2514 2227 2567 7.
2262 2512 2411 2569 Unde
2435 2528 2596 2584 ergo,
2627 2512 2876 2583 inquitis,
2906 2522 3111 2567 tantum
3141 2512 3208 2567 de
3244 2512 3400 2567 vobis
3439 2512 3594 2566 famrc
3633 2511 3711 2566 li-

2101 2607 2250 2675 cuit,
2278 2605 2429 2676 cujus
2469 2606 2828 2662 testimonium
2857 2604 3129 2661 suffecerit
3172 2606 3392 2661 forsitan
3422 2604 3716 2662 conditori-

2106 2700 2205 2756 bus
2250 2699 2471 2771 legum?
2522 2699 2673 2767 Quis,
2698 2714 2830 2760 oro.
2880 2714 3108 2770 sponsor
3160 2706 3253 2753 aut
3298 2698 3404 2753 illis
3453 2707 3579 2753 tunc
3617 2705 3713 2752 aut

2108 2795 2301 2853 exinde
2339 2795 2491 2850 vobis
2531 2796 2599 2849 de
2642 2792 2790 2848 fide?
2839 2791 3000 2847 Fama
3050 2803 3153 2848 est.
3190 2792 3384 2848 Nonne
3433 2791 3551 2848 haec
3576 2799 3659 2848 est
3691 2809 3711 2847 :

2217 2885 2366 2936 Fama
2396 2884 2467 2950 (b)
2493 2884 2693 2945 malum,
2719 2897 2945 2950 quonon
2969 2881 3097 2950 alim]
3132 2882 3548 2950 veloejusullum.

2821 2944 2988 3011 (Virg.
3026 2944 3219 2997 .sneid.
3246 2942 3329 3007 Iv,
3357 2944 3488 3010 m.)

2107 3034 2217 3089 Cur
2244 3033 2474 3098 malum,
2520 3033 2565 3088 si
2615 3046 2742 3087 vera
2769 3045 2987 3101 semper
3027 3031 3133 3095 sit,
3163 3046 3268 3085 non
3307 3029 3588 3086 mendacio
3620 3030 3705 3105 (1')

2027 3129 2072 3191 C
2107 3126 2394 3197 plurimum
2426 3124 2545 3196 to)?
2566 3136 2687 3194 qtae
2713 3136 2782 3177 ne
2810 3130 2922 3177 tum
2951 3121 3166 3192 quidem
3188 3134 3310 3177 cum
3343 3131 3465 3178 vera
3494 3122 3667 3178 defert
3692 3162 3709 3189 ,

2107 3228 2137 3272 a
2166 3216 2389 3273 libidine
2414 3214 2679 3272 mendacii
2708 3221 2922 3281 cessat,
2957 3221 3016 3267 ut
3043 3228 3149 3268 non
3171 3211 3306 3268 falsa
3334 3214 3476 3268 veris
3507 3214 3715 3269 intexet

2099 3308 2411 3379 adjiciens‘,
2460 3304 2748 3362 detrahens
2776 3345 2794 3374 ,
2846 3304 3105 3360 varietate
3134 3303 3493 3360 confundens.
3543 3303 3706 3374 Quid,

2099 3400 2247 3472 quod
2276 3414 2339 3455 ea
2368 3398 2610 3455 conditio
2640 3397 2733 3465 illi,
2766 3405 2824 3453 ut
2846 3397 3063 3453 nonnisi
3088 3410 3210 3452 cum
3240 3397 3499 3451 mentitur
3524 3408 3712 3466 perse-

2103 3500 2287 3558 veret;
2324 3490 2690 3547 tamdiuenim
2712 3490 2880 3556 vivit,
2908 3488 3164 3561 quamdiu
3192 3504 3296 3546 non
3322 3489 3514 3560 probat
3550 3488 3709 3560 quid-

2100 3599 2300 3659 quam;
2344 3585 2619 3657 siquidem
2656 3583 2950 3655 approbata
2976 3583 3158 3649 cadit,
3217 3593 3271 3639 ct
3318 3584 3471 3655 quasi
3525 3581 3708 3639 ofﬁcio

2101 3679 2379 3736 nuntiandi
2429 3679 2608 3734 iuncta
2656 3678 2908 3745 decedit;
2958 3676 3153 3733 exinde
3182 3688 3280 3733 res‘
3321 3685 3571 3745 tenetur,
3617 3688 3709 3732 res

2098 3776 2441 3842 nominatur;
2489 3786 2590 3830 nec
2632 3772 2916 3844 quisquam
2964 3769 3131 3839 dicit,
3175 3769 3327 3826 verbi
3354 3769 3527 3841 gratia
3561 3786 3574 3824 :
3606 3769 3704 3824 hoc

2100 3868 2282 3924 Roma:
2329 3868 2474 3921 aiunt
2523 3871 2758 3939 factum;
2812 3874 2957 3921 aut.:
2992 3867 3138 3936 fama
3182 3872 3290 3931 est,
3317 3863 3465 3918 illum
3506 3861 3714 3934 prouin-

2100 3956 2809 4024 ciam'sortitum;sed-:ille
2856 3954 3170 4027 provinciam
3218 3954 3427 4010 sortitus
3471 3962 3580 4023 est,
3608 3961 3664 4011 et
3688 3968 3709 4008 :

2103 4056 2196 4111 hoc
2249 4057 2453 4127 factum
2492 4061 2566 4108 est
2598 4051 2798 4107 Romw.
2836 4048 3007 4105 Nemo
3049 4048 3246 4104 famam
3290 4048 3561 4115 nominat,
3605 4045 3713 4105 nisi

2102 4148 2340 4204 incertus
2359 4191 2373 4214 ,
2400 4146 2524 4219 quia
2544 4159 2706 4201 nemo
2726 4143 2797 4200 sit
2823 4142 2986 4211 fama,
3010 4140 3104 4198 sed
3134 4140 3467 4198 conscientia
3489 4149 3710 4206 certus;

2104 4257 2261 4298 nemo
2292 4240 2447 4296 famae
2493 4238 2698 4307 credit,
2746 4236 2851 4293 nisi
2899 4232 3134 4304 stultus,
3164 4236 3290 4307 quia
3336 4234 3551 4306 sapiens
3594 4246 3711 4290 non

2101 4334 2274 4393 credit
2289 4336 2515 4391 incerto.
2538 4332 2702 4388 Fama
2722 4373 2736 4400 ,
2759 4338 3188 4403 quantacumque
3207 4328 3499 4385 ambitione
3517 4324 3714 4383 diffusa

2102 4442 2220 4499 est,
2250 4430 2318 4487 ab
2337 4442 2445 4485 uno
2474 4425 2766 4499 aliquando
2814 4440 2910 4481 ore
2962 4432 3150 4481 exorta
3191 4423 3267 4480 sit
3305 4436 3531 4479 necesse
3577 4428 3661 4477 est
3687 4459 3711 4489 ,

397 4528 464 4585 id'
483 4538 598 4596 est,
622 4530 803 4604 legum
824 4530 1220 4591 anetoritatem.
1256 4530 1398 4602 quod
1438 4524 1630 4603 utique
1653 4542 1759 4587 non
1791 4530 1996 4603 plecte-
2023 4520 2297 4583 Dexindc
2314 4522 2366 4579 in
2393 4520 2640 4579 traduces
2660 4517 3056 4591 quodammodo
3076 4518 3375 4590 linguarum
3406 4522 3469 4573 et‘
3490 4512 3711 4570 aurium-

1626 4643 2003 4705 LECTIONES
2040 4637 2449 4701 VARIANTES.

465 4738 534 4804 (ι)
567 4739 676 4808 Rig.
701 4738 987 4794 metuente
1006 4746 1213 4791 Haverc.
1240 4736 1428 4790 emend.
1454 4739 1752 4789 mendacior.

1764 4843 2321 4905 COMMENTARIUS.

469 4944 542 5070 Sa)
580 4942 681 5011 Qui
704 4958 759 4998 se
784 4956 971 5013 negare
994 4956 1095 4995 non
1124 4947 1329 4995 norunt.
1364 4937 1539 4995 Erant
1561 4938 1715 4995 enim
1749 4952 1859 5009 pro~
1881 4939 1991 4996 fra-

511 5030 571 5070 us
599 5015 710 5070 suis
751 5015 897 5069 mori
920 5014 1148 5069 invicem
1188 5012 1359 5070 parati
1390 5028 1405 5067 :
1448 5020 1608 5070 autne
1634 5010 1773 5066 hanc
1797 5019 1991 5068 mutua:

401 5010 571 5071 tribus
599 5010 710 5071 sitis
751 5010 897 5069 mori
920 5014 1148 5069 invicem
1188 5012 1359 5083 parati
1390 5028 1405 5067 :
1448 5020 1608 5082 atque
1634 5010 1773 5083 hanc
1797 5019 1994 5083 mutua:

399 5088 638 5143 caritatis
681 5086 1036 5141 constantiam
1073 5081 1279 5139 Ethnici
1329 5081 1679 5139 mirabantur.
1721 5081 1871 5139 Unde
1900 5082 1995 5138 illa

400 5159 452 5213 in
492 5158 840 5229 Apologetico
871 5175 883 5210 :
920 5156 1041 5211 vide
1066 5197 1081 5223 ,
1113 5157 1388 5229 inquiunt,
1434 5165 1489 5208 ut
1537 5154 1762 5229 invicem
1790 5171 1848 5211 se
1874 5154 1994 5211 dili-

399 5227 555 5302 gant,
575 5241 633 5302 et
656 5227 710 5285 ut
736 5246 828 5300 pro
854 5229 1110 5284 alterutro
1136 5229 1269 5282 mori
1296 5228 1403 5302 sint
1425 5228 1611 5302 parati.
1639 5227 1758 5302 llic.

469 5303 547 5373 (b)
580 5298 768 5357 Nonne
795 5302 902 5355 lucc
920 5309 991 5354 est
1026 5304 1185 5373 (quia.
1213 5298 1996 5373 Apologetici'capiteseptimo

399 5369 590 5429 famam
640 5369 1032 5443 descripserat,
1065 5372 1272 5443 levem,
1306 5371 1617 5443 mendacem
1642 5410 1656 5434 ,
1697 5369 1949 5437 injustam
1981 5389 1993 5426 :

400 5445 486 5500 hic
523 5445 708 5501 eadem
742 5441 973 5515 repetit,
1003 5444 1153 5515 quasi
1194 5442 1332 5496 illius
1372 5441 1880 5515 t'alsitatomiterum
1911 5458 2003 5497 ars

399 5527 605 5588 gueret.
630 5512 893 5588 Crederes
914 5512 1307 5588 Teriullianum
1324 5513 1590 5588 reSpicerc
1612 5512 1678 5567 a’d
1702 5513 1998 5588 Martialem

399 5583 487 5660 qui
519 5588 612 5643 lib.
631 5587 742 5644 Vll.
772 5589 941 5659 epigr.
971 5588 1027 5643 5.
1060 5586 1137 5641 de'
1158 5584 1447 5640 Domitiani
1475 5583 1650 5639 reditu
1677 5586 1755 5639 sic
1784 5586 1888 5642 ait:

523 5681 700 5734 Certus
722 5683 863 5734 abest
884 5691 1069 5742 auctor,
1094 5683 1183 5732 sed
1209 5695 1301 5732 vox
1329 5681 1419 5732 hoc
1440 5682 1633 5732 nuntiat
1654 5683 1811 5732 omnis
1828 5694 1844 5707 '

523 5744 682 5809 Credo
705 5746 810 5807 tibi,
837 5760 1010 5798 verum
1030 5746 1222 5806 dicere,
1242 5742 1385 5805 fama,
1410 5744 1560 5795 soles.

403 5827 473 5888 Ut
497 5829 747 5891 nimirum
769 5832 920 5893 illum
947 5831 1192 5896 falsitatis
1218 5846 1340 5901 cum
1377 5830 1516 5893 fama
1541 5828 1989 5909 deprehendat‘ct

2100 4941 2401 4997 convincat.
2432 4937 2715 5009 Legendus
2745 4935 3070 4993 Plutarchus
3098 4936 3151 4991 in
3182 4934 3573 5006 quaestionibus
3598 4934 3712 4991 Ro-

2099 5015 2271 5068 manis
2299 5020 2489 5083 quiest.
2518 5010 2571 5066 5.
2606 5015 2688 5065 διὰ,
2704 5020 2761 5065 τί
2784 5020 2890 5071 τοῦς
2930 5016 3158 5064 tramitem
3182 5014 3495 5079 φημισθέντας
3520 5012 3600 5062 ἐπὶ
3631 5016 3711 5075 ξέ-

2099 5110 2179 5148 νης
2220 5090 2429 5154 ψευδῶς,
2479 5089 2565 5156 κᾷν
2609 5089 2923 5137 ἐπανέλθωσιν
2949 5124 2962 5147 ,
3003 5085 3054 5135 οὖ
3079 5084 3294 5148 δέχονθαι
3336 5085 3475 5156 aeta-3t
3506 5084 3703 5156 θήρας,

2099 5152 2231 5211 ἀλλᾶ
2252 5168 2318 5226 τῷ
2342 5152 2529 5227 neptium
2563 5158 3039 5229 rporSmi-aovreg_eiafm
3068 5159 3288 5229 κείριᾶσιν
3322 5154 3490 5229 dtu-robe
3516 5169 3529 5216 ;
3559 5152 3702 5229 ﬁtilla

2062 5249 2067 5253 '
2101 5222 2306 5300 quippe
2323 5222 2639 5300 ᾀθὼρόσεὲομὸς
2681 5241 2775 5282 seu
2830 5222 3309 5300 nt__habetNicetas
3328 5223 3703 5300 glioniatcsin

2104 5292 2826 5371 Ᾰιιίὶιῖυηῖοίίαθυρόγλωττος.
2869 5297 2957 5353 Sic
2989 5293 3294 5371 Thebaidos
3338 5292 3390 5350 5.
3431 5298 3571 5371 facta
3615 5294 3699 5347 in-

2104 5372 2387 5499 ἶᾳῦιαῖἑκιιιί
2406 5366 2564 5443 posse
2585 5366 2796 5436 dicitur,
2822 5378 2871 5424 et
2897 5367 3037 5440 apud
3058 5366 3245 5423 Claud.
3269 5366 3452 5423 contra
3480 5367 3702 5437 Eutrop.

2127 5461 2138 5498 l
2184 5487 2197 5499 .
2293 5486 2303 5497 .

2258 5537 2365 5649 {vam
2386 5550 2507 5599 vaga
2527 5534 2793 5611 pallentem
2815 5533 2986 5584 densis
3009 5534 3286 5585 terroribus
3307 5531 3468 5582 aulam

2306 5614 2409 5649 ama
2434 5608 2607 5649 ouant.
2710 5625 2716 5637 -

2306 5614 2409 5650 ama
2434 5608 2607 5663 quatit.

2179 5685 2252 5764 (c_)
2283 5685 3022 5764 Nonmendaciopitu-imum.
3082 5685 3173 5764 Sic
3217 5684 3379 5764 habet
3426 5680 3701 5764 exemplar

2106 5758 2395 5828 Agebardi.
2426 5756 2840 5815 Emendabiinus
2875 5757 3082 5814 reddita
3124 5756 3355 5814 litterula
3392 5771 3512 5828 qua:
3553 5756 3703 5809 exci-

2092 5827 2189 5889 dit.
2233 5827 2357 5913 Nou
2385 5831 2676 5892 mendacior
2707 5831 3006 5904 plurimum.
3037 5829 3159 5889 lite.
