  <div class='ocr_page' id='page_1' title='image "/cluster/home/n/w/nwhite01/storage/ocr_20150623/1/hvd.32044015466733/309.png"; bbox 0 0 4150 6352; ppageno 0'>
   <div class='ocr_carea' id='block_1_1' title="bbox 409 346 515 406">
    <p class='ocr_par' dir='ltr' id='par_1_1' title="bbox 409 346 515 406">
     <span class='ocr_line' id='line_1_1' title="bbox 409 346 515 406; baseline -0.019 0"><span class='ocrx_word' id='word_1_1' title='bbox 409 346 515 406; x_wconf 77' lang='grc'><strong>567</strong></span> 
     </span>
    </p>
   </div>
   <div class='ocr_carea' id='block_1_2' title="bbox 1812 340 2274 401">
    <p class='ocr_par' dir='ltr' id='par_1_2' title="bbox 1812 340 2274 401">
     <span class='ocr_line' id='line_1_2' title="bbox 1812 340 2274 401; baseline 0 -3"><span class='ocrx_word' id='word_1_2' title='bbox 1812 340 2274 401; x_wconf 77' lang='lat' dir='ltr'><strong>TERTULLIANI</strong></span> 
     </span>
    </p>
   </div>
   <div class='ocr_carea' id='block_1_3' title="bbox 3600 349 3707 408">
    <p class='ocr_par' dir='ltr' id='par_1_3' title="bbox 3600 349 3707 408">
     <span class='ocr_line' id='line_1_3' title="bbox 3600 349 3707 408; baseline 0.019 -2"><span class='ocrx_word' id='word_1_3' title='bbox 3600 349 3707 408; x_wconf 78' lang='lat'><strong>568</strong></span> 
     </span>
    </p>
   </div>
   <div class='ocr_carea' id='block_1_4' title="bbox 409 457 3713 539">
    <p class='ocr_par' dir='ltr' id='par_1_4' title="bbox 409 457 3713 539">
     <span class='ocr_line' id='line_1_4' title="bbox 409 457 3713 539; baseline -0.001 -16"><span class='ocrx_word' id='word_1_4' title='bbox 409 466 579 539; x_wconf 91' lang='lat' dir='ltr'><strong>serpit</strong></span> <span class='ocrx_word' id='word_1_5' title='bbox 604 472 659 521; x_wconf 90' lang='lat' dir='ltr'><strong>et</strong></span> <span class='ocrx_word' id='word_1_6' title='bbox 698 463 965 520; x_wconf 86' lang='lat' dir='ltr'><strong>modicum</strong></span> <span class='ocrx_word' id='word_1_7' title='bbox 992 461 1258 535; x_wconf 83' lang='lat' dir='ltr'><strong>originum</strong></span> <span class='ocrx_word' id='word_1_8' title='bbox 1290 459 1476 516; x_wconf 90' lang='lat' dir='ltr'><strong>vitium</strong></span> <span class='ocrx_word' id='word_1_9' title='bbox 1523 472 1772 533; x_wconf 57' lang='lat' dir='ltr'><strong>rumores</strong></span> <span class='ocrx_word' id='word_1_10' title='bbox 1813 458 2012 533; x_wconf 87' lang='lat' dir='ltr'><strong>obsen-_</strong></span> <span class='ocrx_word' id='word_1_11' title='bbox 2038 458 2091 520; x_wconf 86' lang='grc' dir='ltr'>Α</span> <span class='ocrx_word' id='word_1_12' title='bbox 2117 457 2260 514; x_wconf 91' lang='lat' dir='ltr'><strong>licita</strong></span> <span class='ocrx_word' id='word_1_13' title='bbox 2288 460 2540 532; x_wconf 87' lang='lat' dir='ltr'><strong>mysteria</strong></span> <span class='ocrx_word' id='word_1_14' title='bbox 2583 474 2798 517; x_wconf 92' lang='lat' dir='ltr'><strong>omnem</strong></span> <span class='ocrx_word' id='word_1_15' title='bbox 2850 460 3054 519; x_wconf 73' lang='lat' dir='ltr'><strong>arbitrii</strong></span> <span class='ocrx_word' id='word_1_16' title='bbox 3089 471 3405 519; x_wconf 79' lang='lat' dir='ltr'><strong>extraneum</strong></span> <span class='ocrx_word' id='word_1_17' title='bbox 3433 464 3713 521; x_wconf 84' lang='lat' dir='ltr'><strong>caveant?</strong></span> 
     </span>
    </p>
   </div>
   <div class='ocr_carea' id='block_1_5' title="bbox 412 551 2006 628">
    <p class='ocr_par' dir='ltr' id='par_1_5' title="bbox 412 551 2006 628">
     <span class='ocr_line' id='line_1_5' title="bbox 412 551 2006 628; baseline -0.006 -12"><span class='ocrx_word' id='word_1_18' title='bbox 412 569 536 628; x_wconf 87' lang='lat' dir='ltr'><strong>rat,</strong></span> <span class='ocrx_word' id='word_1_19' title='bbox 570 569 626 614; x_wconf 91' lang='lat' dir='ltr'><strong>ut</strong></span> <span class='ocrx_word' id='word_1_20' title='bbox 653 573 812 614; x_wconf 91' lang='lat' dir='ltr'><strong>nemo</strong></span> <span class='ocrx_word' id='word_1_21' title='bbox 842 557 1141 628; x_wconf 88' lang='lat' dir='ltr'><strong>recogitet,</strong></span> <span class='ocrx_word' id='word_1_22' title='bbox 1173 570 1241 612; x_wconf 91' lang='lat' dir='ltr'><strong>ne</strong></span> <span class='ocrx_word' id='word_1_23' title='bbox 1268 554 1500 625; x_wconf 88' lang='lat' dir='ltr'><strong>primttm</strong></span> <span class='ocrx_word' id='word_1_24' title='bbox 1532 553 1662 608; x_wconf 93' lang='lat' dir='ltr'><strong>illud</strong></span> <span class='ocrx_word' id='word_1_25' title='bbox 1689 566 1752 607; x_wconf 91' lang='lat' dir='ltr'><strong>os</strong></span> <span class='ocrx_word' id='word_1_26' title='bbox 1783 551 2006 608; x_wconf 86' lang='lat' dir='ltr'><strong>menda-</strong></span> 
     </span>
    </p>
   </div>
   <div class='ocr_carea' id='block_1_6' title="bbox 412 643 2010 719">
    <p class='ocr_par' dir='ltr' id='par_1_6' title="bbox 412 643 2010 719">
     <span class='ocr_line' id='line_1_6' title="bbox 412 643 2010 719; baseline -0.005 -12"><span class='ocrx_word' id='word_1_27' title='bbox 412 652 493 706; x_wconf 89' lang='lat' dir='ltr'><strong>cia</strong></span> <span class='ocrx_word' id='word_1_28' title='bbox 523 648 903 716; x_wconf 86' lang='lat' dir='ltr'><strong>seminaverit,</strong></span> <span class='ocrx_word' id='word_1_29' title='bbox 934 647 1079 719; x_wconf 92' lang='lat' dir='ltr'><strong>quod</strong></span> <span class='ocrx_word' id='word_1_30' title='bbox 1110 662 1254 718; x_wconf 64' lang='lat' dir='ltr'><strong>saepe</strong></span> <span class='ocrx_word' id='word_1_31' title='bbox 1284 647 1341 701; x_wconf 85' lang='lat' dir='ltr'><strong>lit</strong></span> <span class='ocrx_word' id='word_1_32' title='bbox 1362 655 1456 700; x_wconf 92' lang='lat' dir='ltr'><strong>aut</strong></span> <span class='ocrx_word' id='word_1_33' title='bbox 1480 643 1839 705; x_wconf 71' lang='lat' dir='ltr'><strong>aemulationis</strong></span> <span class='ocrx_word' id='word_1_34' title='bbox 1870 643 2010 714; x_wconf 54' lang='lat' dir='ltr'><strong>ingec</strong></span> 
     </span>
    </p>
   </div>
   <div class='ocr_carea' id='block_1_7' title="bbox 408 740 2006 815">
    <p class='ocr_par' dir='ltr' id='par_1_7' title="bbox 408 740 2006 815">
     <span class='ocr_line' id='line_1_7' title="bbox 408 740 2006 815; baseline -0.008 -14"><span class='ocrx_word' id='word_1_35' title='bbox 408 746 535 811; x_wconf 90' lang='lat' dir='ltr'><strong>nio,</strong></span> <span class='ocrx_word' id='word_1_36' title='bbox 568 753 659 799; x_wconf 89' lang='lat' dir='ltr'><strong>aut</strong></span> <span class='ocrx_word' id='word_1_37' title='bbox 685 743 1006 815; x_wconf 85' lang='lat' dir='ltr'><strong>suspicionis</strong></span> <span class='ocrx_word' id='word_1_38' title='bbox 1036 741 1292 805; x_wconf 89' lang='lat' dir='ltr'><strong>arbitrio,</strong></span> <span class='ocrx_word' id='word_1_39' title='bbox 1336 749 1428 794; x_wconf 90' lang='lat' dir='ltr'><strong>aut</strong></span> <span class='ocrx_word' id='word_1_40' title='bbox 1471 740 1632 795; x_wconf 87' lang='lat' dir='ltr'><strong>etiam</strong></span> <span class='ocrx_word' id='word_1_41' title='bbox 1675 753 1811 793; x_wconf 91' lang='lat' dir='ltr'><strong>nova</strong></span> <span class='ocrx_word' id='word_1_42' title='bbox 1852 751 2006 799; x_wconf 43' lang='lat' dir='ltr'><strong>men,-</strong></span> 
     </span>
    </p>
   </div>
   <div class='ocr_carea' id='block_1_8' title="bbox 411 832 2005 908">
    <p class='ocr_par' dir='ltr' id='par_1_8' title="bbox 411 832 2005 908">
     <span class='ocr_line' id='line_1_8' title="bbox 411 832 2005 908; baseline -0.006 -14"><span class='ocrx_word' id='word_1_43' title='bbox 411 838 578 896; x_wconf 91' lang='lat' dir='ltr'><strong>tiendi</strong></span> <span class='ocrx_word' id='word_1_44' title='bbox 625 838 919 908; x_wconf 81' lang='lat' dir='ltr'><strong>voluptate.</strong></span> <span class='ocrx_word' id='word_1_45' title='bbox 949 836 1055 892; x_wconf 88' lang='lat' dir='ltr'><strong>Sed</strong></span> <span class='ocrx_word' id='word_1_46' title='bbox 1085 836 1223 891; x_wconf 84' lang='lat' dir='ltr'><strong>bene</strong></span> <span class='ocrx_word' id='word_1_47' title='bbox 1242 875 1257 902; x_wconf 95' lang='lat'><strong>,</strong></span> <span class='ocrx_word' id='word_1_48' title='bbox 1290 832 1433 905; x_wconf 87' lang='lat' dir='ltr'><strong>quod</strong></span> <span class='ocrx_word' id='word_1_49' title='bbox 1473 832 1651 889; x_wconf 91' lang='lat' dir='ltr'><strong>omnia</strong></span> <span class='ocrx_word' id='word_1_50' title='bbox 1679 840 1889 901; x_wconf 88' lang='lat' dir='ltr'><strong>tempus</strong></span> <span class='ocrx_word' id='word_1_51' title='bbox 1919 844 2005 886; x_wconf 86' lang='lat' dir='ltr'><strong>re-</strong></span> 
     </span>
    </p>
   </div>
   <div class='ocr_carea' id='block_1_9' title="bbox 412 924 2006 1000">
    <p class='ocr_par' dir='ltr' id='par_1_9' title="bbox 412 924 2006 1000">
     <span class='ocr_line' id='line_1_9' title="bbox 412 924 2006 1000; baseline -0.006 -13"><span class='ocrx_word' id='word_1_52' title='bbox 412 930 595 1000; x_wconf 87' lang='lat' dir='ltr'><strong>velat,</strong></span> <span class='ocrx_word' id='word_1_53' title='bbox 626 931 853 987; x_wconf 84' lang='lat' dir='ltr'><strong>testibus</strong></span> <span class='ocrx_word' id='word_1_54' title='bbox 883 928 1166 985; x_wconf 90' lang='lat' dir='ltr'><strong>sententiis</strong></span> <span class='ocrx_word' id='word_1_55' title='bbox 1189 938 1245 983; x_wconf 91' lang='lat' dir='ltr'><strong>et</strong></span> <span class='ocrx_word' id='word_1_56' title='bbox 1272 924 1572 997; x_wconf 81' lang='lat' dir='ltr'><strong>proverbiis</strong></span> <span class='ocrx_word' id='word_1_57' title='bbox 1597 924 1793 980; x_wconf 85' lang='lat' dir='ltr'><strong>vestris</strong></span> <span class='ocrx_word' id='word_1_58' title='bbox 1816 964 1831 990; x_wconf 94' lang='lat'><strong>,</strong></span> <span class='ocrx_word' id='word_1_59' title='bbox 1862 924 2006 992; x_wconf 90' lang='lat' dir='ltr'><strong>ipsa-</strong></span> 
     </span>
    </p>
   </div>
   <div class='ocr_carea' id='block_1_10' title="bbox 413 1016 2006 1097">
    <p class='ocr_par' dir='ltr' id='par_1_10' title="bbox 413 1016 2006 1097">
     <span class='ocr_line' id='line_1_10' title="bbox 413 1016 2006 1097; baseline -0.007 -14"><span class='ocrx_word' id='word_1_60' title='bbox 413 1040 519 1097; x_wconf 90' lang='lat' dir='ltr'><strong>que</strong></span> <span class='ocrx_word' id='word_1_61' title='bbox 551 1036 739 1079; x_wconf 87' lang='lat' dir='ltr'><strong>natura</strong></span> <span class='ocrx_word' id='word_1_62' title='bbox 764 1066 780 1090; x_wconf 91' lang='lat'><strong>,</strong></span> <span class='ocrx_word' id='word_1_63' title='bbox 832 1038 951 1094; x_wconf 77' lang='lat' dir='ltr'><strong>qua:</strong></span> <span class='ocrx_word' id='word_1_64' title='bbox 980 1023 1050 1077; x_wconf 88' lang='lat' dir='ltr'><strong>ita</strong></span> <span class='ocrx_word' id='word_1_65' title='bbox 1080 1020 1326 1076; x_wconf 89' lang='lat' dir='ltr'><strong>ordinata</strong></span> <span class='ocrx_word' id='word_1_66' title='bbox 1353 1028 1435 1075; x_wconf 90' lang='lat' dir='ltr'><strong>est</strong></span> <span class='ocrx_word' id='word_1_67' title='bbox 1462 1058 1476 1082; x_wconf 85' lang='lat'><strong>,</strong></span> <span class='ocrx_word' id='word_1_68' title='bbox 1524 1026 1582 1073; x_wconf 91' lang='lat' dir='ltr'><strong>ut</strong></span> <span class='ocrx_word' id='word_1_69' title='bbox 1628 1016 1761 1072; x_wconf 84' lang='lat' dir='ltr'><strong>nihil</strong></span> <span class='ocrx_word' id='word_1_70' title='bbox 1805 1016 2006 1083; x_wconf 83' lang='lat' dir='ltr'><strong>lateat,</strong></span> 
     </span>
    </p>
   </div>
   <div class='ocr_carea' id='block_1_11' title="bbox 414 1110 2008 1188">
    <p class='ocr_par' dir='ltr' id='par_1_11' title="bbox 414 1110 2008 1188">
     <span class='ocr_line' id='line_1_11' title="bbox 414 1110 2008 1188; baseline -0.006 -14"><span class='ocrx_word' id='word_1_71' title='bbox 414 1118 576 1174; x_wconf 88' lang='lat' dir='ltr'><strong>etiam</strong></span> <span class='ocrx_word' id='word_1_72' title='bbox 607 1115 750 1188; x_wconf 89' lang='lat' dir='ltr'><strong>quod</strong></span> <span class='ocrx_word' id='word_1_73' title='bbox 779 1115 920 1171; x_wconf 88' lang='lat' dir='ltr'><strong>fama</strong></span> <span class='ocrx_word' id='word_1_74' title='bbox 951 1130 1056 1169; x_wconf 93' lang='lat' dir='ltr'><strong>non</strong></span> <span class='ocrx_word' id='word_1_75' title='bbox 1086 1112 1337 1185; x_wconf 83' lang='lat' dir='ltr'><strong>prodidit.</strong></span> <span class='ocrx_word' id='word_1_76' title='bbox 1371 1113 1561 1168; x_wconf 80' lang='lat' dir='ltr'><strong>Videte</strong></span> <span class='ocrx_word' id='word_1_77' title='bbox 1581 1152 1596 1179; x_wconf 91' lang='lat'><strong>,</strong></span> <span class='ocrx_word' id='word_1_78' title='bbox 1630 1110 1840 1179; x_wconf 81' lang='lat' dir='ltr'><strong>qualem</strong></span> <span class='ocrx_word' id='word_1_79' title='bbox 1885 1127 2008 1181; x_wconf 57' lang='lat' dir='ltr'><strong>pro-</strong></span> 
     </span>
    </p>
   </div>
   <div class='ocr_carea' id='block_1_12' title="bbox 413 1204 2010 1283">
    <p class='ocr_par' dir='ltr' id='par_1_12' title="bbox 413 1204 2010 1283">
     <span class='ocr_line' id='line_1_12' title="bbox 413 1204 2010 1283; baseline -0.005 -17"><span class='ocrx_word' id='word_1_80' title='bbox 413 1209 609 1266; x_wconf 91' lang='lat' dir='ltr'><strong>diciam</strong></span> <span class='ocrx_word' id='word_1_81' title='bbox 638 1208 714 1283; x_wconf 84' lang='grc' dir='ltr'><strong>(α)</strong></span> <span class='ocrx_word' id='word_1_82' title='bbox 741 1208 1002 1264; x_wconf 88' lang='lat' dir='ltr'><strong>adversus</strong></span> <span class='ocrx_word' id='word_1_83' title='bbox 1032 1223 1130 1263; x_wconf 93' lang='lat' dir='ltr'><strong>nos</strong></span> <span class='ocrx_word' id='word_1_84' title='bbox 1151 1206 1503 1268; x_wconf 84' lang='lat' dir='ltr'><strong>subornastis,</strong></span> <span class='ocrx_word' id='word_1_85' title='bbox 1528 1204 1655 1276; x_wconf 87' lang='lat' dir='ltr'><strong>quia</strong></span> <span class='ocrx_word' id='word_1_86' title='bbox 1672 1204 1813 1275; x_wconf 91' lang='lat' dir='ltr'><strong>quod</strong></span> <span class='ocrx_word' id='word_1_87' title='bbox 1845 1204 2010 1260; x_wconf 89' lang='lat' dir='ltr'><strong>semel</strong></span> 
     </span>
    </p>
   </div>
   <div class='ocr_carea' id='block_1_13' title="bbox 418 1299 2014 1373">
    <p class='ocr_par' dir='ltr' id='par_1_13' title="bbox 418 1299 2014 1373">
     <span class='ocr_line' id='line_1_13' title="bbox 418 1299 2014 1373; baseline -0.003 -14"><span class='ocrx_word' id='word_1_88' title='bbox 418 1304 612 1360; x_wconf 85' lang='lat' dir='ltr'><strong>detulit</strong></span> <span class='ocrx_word' id='word_1_89' title='bbox 643 1311 896 1372; x_wconf 85' lang='lat' dir='ltr'><strong>tantoque</strong></span> <span class='ocrx_word' id='word_1_90' title='bbox 927 1311 1167 1373; x_wconf 90' lang='lat' dir='ltr'><strong>tempore</strong></span> <span class='ocrx_word' id='word_1_91' title='bbox 1196 1300 1264 1355; x_wconf 91' lang='lat' dir='ltr'><strong>ad</strong></span> <span class='ocrx_word' id='word_1_92' title='bbox 1297 1300 1455 1355; x_wconf 84' lang='lat' dir='ltr'><strong>iidem</strong></span> <span class='ocrx_word' id='word_1_93' title='bbox 1491 1299 1893 1364; x_wconf 72' lang='lat' dir='ltr'><strong>corroboravit,</strong></span> <span class='ocrx_word' id='word_1_94' title='bbox 1924 1314 2014 1354; x_wconf 86' lang='lat' dir='ltr'><strong>us-</strong></span> 
     </span>
    </p>
   </div>
   <div class='ocr_carea' id='block_1_14' title="bbox 418 1390 2015 1470">
    <p class='ocr_par' dir='ltr' id='par_1_14' title="bbox 418 1390 2015 1470">
     <span class='ocr_line' id='line_1_14' title="bbox 418 1390 2015 1470; baseline -0.005 -15"><span class='ocrx_word' id='word_1_95' title='bbox 418 1414 523 1470; x_wconf 89' lang='lat' dir='ltr'><strong>que</strong></span> <span class='ocrx_word' id='word_1_96' title='bbox 550 1397 728 1453; x_wconf 90' lang='lat' dir='ltr'><strong>adhuc</strong></span> <span class='ocrx_word' id='word_1_97' title='bbox 759 1398 984 1466; x_wconf 90' lang='lat' dir='ltr'><strong>probare</strong></span> <span class='ocrx_word' id='word_1_98' title='bbox 1012 1413 1117 1451; x_wconf 90' lang='lat' dir='ltr'><strong>non</strong></span> <span class='ocrx_word' id='word_1_99' title='bbox 1146 1396 1336 1466; x_wconf 89' lang='lat' dir='ltr'><strong>potuit.</strong></span> <span class='ocrx_word' id='word_1_100' title='bbox 1371 1394 1617 1464; x_wconf 88' lang='lat' dir='ltr'><strong>Principe</strong></span> <span class='ocrx_word' id='word_1_101' title='bbox 1660 1396 1907 1465; x_wconf 82' lang='lat' dir='ltr'><strong>Augusto</strong></span> <span class='ocrx_word' id='word_1_102' title='bbox 1936 1390 2015 1464; x_wconf 90' lang='lat' dir='ltr'><strong>(b)</strong></span> 
     </span>
    </p>
   </div>
   <div class='ocr_carea' id='block_1_15' title="bbox 417 1487 2016 1560">
    <p class='ocr_par' dir='ltr' id='par_1_15' title="bbox 417 1487 2016 1560">
     <span class='ocr_line' id='line_1_15' title="bbox 417 1487 2016 1560; baseline -0.005 -11"><span class='ocrx_word' id='word_1_103' title='bbox 417 1509 615 1551; x_wconf 89' lang='lat' dir='ltr'><strong>nomen</strong></span> <span class='ocrx_word' id='word_1_104' title='bbox 649 1493 751 1550; x_wconf 91' lang='lat' dir='ltr'><strong>hoc</strong></span> <span class='ocrx_word' id='word_1_105' title='bbox 773 1502 952 1549; x_wconf 93' lang='lat' dir='ltr'><strong>ortum</strong></span> <span class='ocrx_word' id='word_1_106' title='bbox 981 1504 1062 1548; x_wconf 89' lang='lat' dir='ltr'><strong>est</strong></span> <span class='ocrx_word' id='word_1_107' title='bbox 1081 1534 1096 1557; x_wconf 93' lang='lat'><strong>,</strong></span> <span class='ocrx_word' id='word_1_108' title='bbox 1127 1491 1343 1546; x_wconf 90' lang='lat' dir='ltr'><strong>Tiberio</strong></span> <span class='ocrx_word' id='word_1_109' title='bbox 1364 1488 1643 1560; x_wconf 88' lang='lat' dir='ltr'><strong>disciplina</strong></span> <span class='ocrx_word' id='word_1_110' title='bbox 1671 1489 1787 1559; x_wconf 86' lang='lat' dir='ltr'><strong>ejus</strong></span> <span class='ocrx_word' id='word_1_111' title='bbox 1819 1487 2016 1555; x_wconf 82' lang='lat' dir='ltr'><strong>illuxit,</strong></span> 
     </span>
    </p>
   </div>
   <div class='ocr_carea' id='block_1_16' title="bbox 415 1583 2017 1654">
    <p class='ocr_par' dir='ltr' id='par_1_16' title="bbox 415 1583 2017 1654">
     <span class='ocr_line' id='line_1_16' title="bbox 415 1583 2017 1654; baseline -0.006 -9"><span class='ocrx_word' id='word_1_112' title='bbox 415 1590 519 1645; x_wconf 90' lang='lat' dir='ltr'><strong>sub</strong></span> <span class='ocrx_word' id='word_1_113' title='bbox 547 1588 762 1645; x_wconf 80' lang='lat' dir='ltr'><strong>Nerone</strong></span> <span class='ocrx_word' id='word_1_114' title='bbox 787 1588 1060 1643; x_wconf 81' lang='lat' dir='ltr'><strong>damnatio</strong></span> <span class='ocrx_word' id='word_1_115' title='bbox 1088 1586 1340 1652; x_wconf 66' lang='lat' dir='ltr'><strong>ini/aluit,</strong></span> <span class='ocrx_word' id='word_1_116' title='bbox 1376 1593 1433 1639; x_wconf 93' lang='lat' dir='ltr'><strong>nt</strong></span> <span class='ocrx_word' id='word_1_117' title='bbox 1460 1583 1568 1654; x_wconf 86' lang='lat' dir='ltr'><strong>jani</strong></span> <span class='ocrx_word' id='word_1_118' title='bbox 1616 1584 1739 1639; x_wconf 88' lang='lat' dir='ltr'><strong>hinc</strong></span> <span class='ocrx_word' id='word_1_119' title='bbox 1785 1583 1853 1638; x_wconf 90' lang='lat' dir='ltr'><strong>de</strong></span> <span class='ocrx_word' id='word_1_120' title='bbox 1894 1598 2017 1652; x_wconf 89' lang='lat' dir='ltr'><strong>per-</strong></span> 
     </span>
    </p>
   </div>
   <div class='ocr_carea' id='block_1_17' title="bbox 416 1678 2016 1755">
    <p class='ocr_par' dir='ltr' id='par_1_17' title="bbox 416 1678 2016 1755">
     <span class='ocr_line' id='line_1_17' title="bbox 416 1678 2016 1755; baseline -0.006 -14"><span class='ocrx_word' id='word_1_121' title='bbox 416 1699 551 1741; x_wconf 87' lang='lat' dir='ltr'><strong>sona</strong></span> <span class='ocrx_word' id='word_1_122' title='bbox 586 1682 946 1755; x_wconf 84' lang='lat' dir='ltr'><strong>persecutoris</strong></span> <span class='ocrx_word' id='word_1_123' title='bbox 984 1679 1292 1752; x_wconf 87' lang='lat' dir='ltr'><strong>ponderetis</strong></span> <span class='ocrx_word' id='word_1_124' title='bbox 1317 1698 1330 1734; x_wconf 90' lang='lat'><strong>:</strong></span> <span class='ocrx_word' id='word_1_125' title='bbox 1355 1679 1400 1734; x_wconf 91' lang='lat' dir='ltr'><strong>si</strong></span> <span class='ocrx_word' id='word_1_126' title='bbox 1446 1678 1564 1748; x_wconf 86' lang='lat' dir='ltr'><strong>pius</strong></span> <span class='ocrx_word' id='word_1_127' title='bbox 1600 1678 1689 1733; x_wconf 89' lang='lat' dir='ltr'><strong>ille</strong></span> <span class='ocrx_word' id='word_1_128' title='bbox 1727 1678 1977 1747; x_wconf 89' lang='lat' dir='ltr'><strong>princeps</strong></span> <span class='ocrx_word' id='word_1_129' title='bbox 2000 1717 2016 1741; x_wconf 92' lang='lat'><strong>,</strong></span> 
     </span>
    </p>
   </div>
   <div class='ocr_carea' id='block_1_18' title="bbox 420 1768 2018 1846">
    <p class='ocr_par' dir='ltr' id='par_1_18' title="bbox 420 1768 2018 1846">
     <span class='ocr_line' id='line_1_18' title="bbox 420 1768 2018 1846; baseline -0.008 -13"><span class='ocrx_word' id='word_1_130' title='bbox 420 1777 570 1846; x_wconf 81' lang='lat' dir='ltr'><strong>impii</strong></span> <span class='ocrx_word' id='word_1_131' title='bbox 598 1774 922 1840; x_wconf 83' lang='lat' dir='ltr'><strong>Christiani,</strong></span> <span class='ocrx_word' id='word_1_132' title='bbox 956 1774 1000 1827; x_wconf 87' lang='lat' dir='ltr'><strong>si</strong></span> <span class='ocrx_word' id='word_1_133' title='bbox 1037 1774 1212 1842; x_wconf 90' lang='lat' dir='ltr'><strong>justus</strong></span> <span class='ocrx_word' id='word_1_134' title='bbox 1238 1814 1252 1838; x_wconf 95' lang='lat'><strong>,</strong></span> <span class='ocrx_word' id='word_1_135' title='bbox 1281 1772 1327 1827; x_wconf 87' lang='lat' dir='ltr'><strong>si</strong></span> <span class='ocrx_word' id='word_1_136' title='bbox 1371 1780 1551 1826; x_wconf 89' lang='lat' dir='ltr'><strong>castus</strong></span> <span class='ocrx_word' id='word_1_137' title='bbox 1574 1811 1590 1837; x_wconf 92' lang='lat'><strong>,</strong></span> <span class='ocrx_word' id='word_1_138' title='bbox 1621 1768 1801 1840; x_wconf 89' lang='lat' dir='ltr'><strong>injusti</strong></span> <span class='ocrx_word' id='word_1_139' title='bbox 1845 1779 1900 1824; x_wconf 90' lang='lat' dir='ltr'><strong>et</strong></span> <span class='ocrx_word' id='word_1_140' title='bbox 1939 1769 2018 1822; x_wconf 81' lang='lat' dir='ltr'><strong>in-</strong></span> 
     </span>
    </p>
   </div>
   <div class='ocr_carea' id='block_1_19' title="bbox 2112 550 3709 631">
    <p class='ocr_par' dir='ltr' id='par_1_19' title="bbox 2112 550 3709 631">
     <span class='ocr_line' id='line_1_19' title="bbox 2112 550 3709 631; baseline 0.005 -25"><span class='ocrx_word' id='word_1_141' title='bbox 2112 551 2215 606; x_wconf 88' lang='lat' dir='ltr'><strong>nisi</strong></span> <span class='ocrx_word' id='word_1_142' title='bbox 2259 550 2438 608; x_wconf 91' lang='lat' dir='ltr'><strong>inclita</strong></span> <span class='ocrx_word' id='word_1_143' title='bbox 2485 552 2663 611; x_wconf 87' lang='lat' dir='ltr'><strong>minus</strong></span> <span class='ocrx_word' id='word_1_144' title='bbox 2712 563 2992 631; x_wconf 84' lang='lat' dir='ltr'><strong>spernunt.</strong></span> <span class='ocrx_word' id='word_1_145' title='bbox 3039 555 3235 626; x_wconf 83' lang='lat' dir='ltr'><strong>Atquin</strong></span> <span class='ocrx_word' id='word_1_146' title='bbox 3275 556 3545 611; x_wconf 78' lang='lat' dir='ltr'><strong>extraneis</strong></span> <span class='ocrx_word' id='word_1_147' title='bbox 3602 565 3709 614; x_wconf 89' lang='lat' dir='ltr'><strong>tam</strong></span> 
     </span>
    </p>
   </div>
   <div class='ocr_carea' id='block_1_20' title="bbox 2112 643 3711 718">
    <p class='ocr_par' dir='ltr' id='par_1_20' title="bbox 2112 643 3711 718">
     <span class='ocr_line' id='line_1_20' title="bbox 2112 643 3711 718; baseline 0.004 -20"><span class='ocrx_word' id='word_1_148' title='bbox 2112 643 2380 700; x_wconf 89' lang='lat' dir='ltr'><strong>honorare</strong></span> <span class='ocrx_word' id='word_1_149' title='bbox 2404 659 2565 716; x_wconf 87' lang='lat' dir='ltr'><strong>quam</strong></span> <span class='ocrx_word' id='word_1_150' title='bbox 2590 645 2899 716; x_wconf 81' lang='lat' dir='ltr'><strong>contingere</strong></span> <span class='ocrx_word' id='word_1_151' title='bbox 2930 647 3097 718; x_wconf 87' lang='lat' dir='ltr'><strong>magis</strong></span> <span class='ocrx_word' id='word_1_152' title='bbox 3118 647 3445 717; x_wconf 82' lang='lat' dir='ltr'><strong>competit...</strong></span> <span class='ocrx_word' id='word_1_153' title='bbox 3490 646 3711 705; x_wconf 84' lang='lat' dir='ltr'><strong>domes-</strong></span> 
     </span>
    </p>
   </div>
   <div class='ocr_carea' id='block_1_21' title="bbox 2113 736 3707 811">
    <p class='ocr_par' dir='ltr' id='par_1_21' title="bbox 2113 736 3707 811">
     <span class='ocr_line' id='line_1_21' title="bbox 2113 736 3707 811; baseline 0.004 -19"><span class='ocrx_word' id='word_1_154' title='bbox 2113 736 2337 794; x_wconf 89' lang='lat' dir='ltr'><strong>ticorum</strong></span> <span class='ocrx_word' id='word_1_155' title='bbox 2364 736 2648 793; x_wconf 86' lang='lat' dir='ltr'><strong>curiositas</strong></span> <span class='ocrx_word' id='word_1_156' title='bbox 2673 738 2841 793; x_wconf 90' lang='lat' dir='ltr'><strong>furata</strong></span> <span class='ocrx_word' id='word_1_157' title='bbox 2871 747 2955 795; x_wconf 92' lang='lat' dir='ltr'><strong>est</strong></span> <span class='ocrx_word' id='word_1_158' title='bbox 2981 755 3078 811; x_wconf 90' lang='lat' dir='ltr'><strong>per</strong></span> <span class='ocrx_word' id='word_1_159' title='bbox 3104 741 3323 796; x_wconf 78' lang='lat' dir='ltr'><strong>ritnttlas</strong></span> <span class='ocrx_word' id='word_1_160' title='bbox 3348 748 3403 796; x_wconf 91' lang='lat' dir='ltr'><strong>et</strong></span> <span class='ocrx_word' id='word_1_161' title='bbox 3427 754 3707 799; x_wconf 84' lang='lat' dir='ltr'><strong>cavernas.</strong></span> 
     </span>
    </p>
   </div>
   <div class='ocr_carea' id='block_1_22' title="bbox 2112 828 3714 903">
    <p class='ocr_par' dir='ltr' id='par_1_22' title="bbox 2112 828 3714 903">
     <span class='ocr_line' id='line_1_22' title="bbox 2112 828 3714 903; baseline 0.006 -20"><span class='ocrx_word' id='word_1_162' title='bbox 2112 828 2284 896; x_wconf 81' lang='lat' dir='ltr'><strong>Quid,</strong></span> <span class='ocrx_word' id='word_1_163' title='bbox 2330 844 2452 884; x_wconf 90' lang='lat' dir='ltr'><strong>cum</strong></span> <span class='ocrx_word' id='word_1_164' title='bbox 2491 829 2771 887; x_wconf 86' lang='lat' dir='ltr'><strong>domestici</strong></span> <span class='ocrx_word' id='word_1_165' title='bbox 2815 846 2909 888; x_wconf 89' lang='lat' dir='ltr'><strong>eos</strong></span> <span class='ocrx_word' id='word_1_166' title='bbox 2940 833 3091 888; x_wconf 87' lang='lat' dir='ltr'><strong>vobis</strong></span> <span class='ocrx_word' id='word_1_167' title='bbox 3139 832 3402 903; x_wconf 84' lang='lat' dir='ltr'><strong>prodant?</strong></span> <span class='ocrx_word' id='word_1_168' title='bbox 3439 833 3637 891; x_wconf 87' lang='lat' dir='ltr'><strong>Omnes</strong></span> <span class='ocrx_word' id='word_1_169' title='bbox 3681 850 3714 893; x_wconf 84' lang='lat' dir='ltr'><strong>a</strong></span> 
     </span>
    </p>
   </div>
   <div class='ocr_carea' id='block_1_23' title="bbox 2114 924 3715 999">
    <p class='ocr_par' dir='ltr' id='par_1_23' title="bbox 2114 924 3715 999">
     <span class='ocr_line' id='line_1_23' title="bbox 2114 924 3715 999; baseline 0.006 -20"><span class='ocrx_word' id='word_1_170' title='bbox 2114 924 2274 979; x_wconf 89' lang='lat' dir='ltr'><strong>nullis</strong></span> <span class='ocrx_word' id='word_1_171' title='bbox 2318 925 2487 997; x_wconf 89' lang='lat' dir='ltr'><strong>magis</strong></span> <span class='ocrx_word' id='word_1_172' title='bbox 2526 924 2824 995; x_wconf 89' lang='lat' dir='ltr'><strong>prodimur,</strong></span> <span class='ocrx_word' id='word_1_173' title='bbox 2862 936 3066 997; x_wconf 88' lang='lat' dir='ltr'><strong>quanto</strong></span> <span class='ocrx_word' id='word_1_174' title='bbox 3113 928 3314 999; x_wconf 86' lang='lat' dir='ltr'><strong>magis,</strong></span> <span class='ocrx_word' id='word_1_175' title='bbox 3373 927 3418 982; x_wconf 87' lang='lat' dir='ltr'><strong>si</strong></span> <span class='ocrx_word' id='word_1_176' title='bbox 3461 928 3715 989; x_wconf 79' lang='lat' dir='ltr'><strong>atrocitas</strong></span> 
     </span>
    </p>
   </div>
   <div class='ocr_carea' id='block_1_24' title="bbox 2116 1017 3719 1092">
    <p class='ocr_par' dir='ltr' id='par_1_24' title="bbox 2116 1017 3719 1092">
     <span class='ocr_line' id='line_1_24' title="bbox 2116 1017 3719 1092; baseline 0.004 -20"><span class='ocrx_word' id='word_1_177' title='bbox 2116 1024 2262 1073; x_wconf 89' lang='lat' dir='ltr'><strong>tanta</strong></span> <span class='ocrx_word' id='word_1_178' title='bbox 2300 1017 2407 1084; x_wconf 91' lang='lat' dir='ltr'><strong>sit,</strong></span> <span class='ocrx_word' id='word_1_179' title='bbox 2444 1018 2790 1089; x_wconf 72' lang='lat' dir='ltr'><strong>qutejustitia</strong></span> <span class='ocrx_word' id='word_1_180' title='bbox 2818 1019 3202 1092; x_wconf 77' lang='lat' dir='ltr'><strong>indignationis</strong></span> <span class='ocrx_word' id='word_1_181' title='bbox 3226 1036 3441 1079; x_wconf 90' lang='lat' dir='ltr'><strong>omnem</strong></span> <span class='ocrx_word' id='word_1_182' title='bbox 3488 1023 3719 1079; x_wconf 45' lang='lat' dir='ltr'><strong>familia;</strong></span> 
     </span>
    </p>
   </div>
   <div class='ocr_carea' id='block_1_25' title="bbox 2115 1108 3714 1188">
    <p class='ocr_par' dir='ltr' id='par_1_25' title="bbox 2115 1108 3714 1188">
     <span class='ocr_line' id='line_1_25' title="bbox 2115 1108 3714 1188; baseline 0.006 -23"><span class='ocrx_word' id='word_1_183' title='bbox 2115 1109 2290 1165; x_wconf 87' lang='lat' dir='ltr'><strong>ritatis</strong></span> <span class='ocrx_word' id='word_1_184' title='bbox 2311 1108 2471 1167; x_wconf 81' lang='lat' dir='ltr'><strong>fidem</strong></span> <span class='ocrx_word' id='word_1_185' title='bbox 2504 1112 2736 1182; x_wconf 87' lang='lat' dir='ltr'><strong>rumpit,</strong></span> <span class='ocrx_word' id='word_1_186' title='bbox 2777 1127 2883 1167; x_wconf 92' lang='lat' dir='ltr'><strong>non</strong></span> <span class='ocrx_word' id='word_1_187' title='bbox 2930 1115 3163 1184; x_wconf 90' lang='lat' dir='ltr'><strong>potuerit</strong></span> <span class='ocrx_word' id='word_1_188' title='bbox 3208 1117 3519 1185; x_wconf 90' lang='lat' dir='ltr'><strong>continere,</strong></span> <span class='ocrx_word' id='word_1_189' title='bbox 3570 1116 3714 1188; x_wconf 87' lang='lat' dir='ltr'><strong>quod</strong></span> 
     </span>
    </p>
   </div>
   <div class='ocr_carea' id='block_1_26' title="bbox 2118 1198 3718 1280">
    <p class='ocr_par' dir='ltr' id='par_1_26' title="bbox 2118 1198 3718 1280">
     <span class='ocr_line' id='line_1_26' title="bbox 2118 1198 3718 1280; baseline 0.008 -27"><span class='ocrx_word' id='word_1_190' title='bbox 2118 1198 2361 1264; x_wconf 84' lang='lat' dir='ltr'><strong>horruit,</strong></span> <span class='ocrx_word' id='word_1_191' title='bbox 2390 1216 2577 1268; x_wconf 85' lang='lat' dir='ltr'><strong>utens,</strong></span> <span class='ocrx_word' id='word_1_192' title='bbox 2604 1203 2748 1273; x_wconf 92' lang='lat' dir='ltr'><strong>quod</strong></span> <span class='ocrx_word' id='word_1_193' title='bbox 2775 1206 3027 1275; x_wconf 80' lang='lat' dir='ltr'><strong>expavit,</strong></span> <span class='ocrx_word' id='word_1_194' title='bbox 3074 1208 3303 1261; x_wconf 82' lang='lat' dir='ltr'><strong>oculus?</strong></span> <span class='ocrx_word' id='word_1_195' title='bbox 3349 1207 3464 1265; x_wconf 83' lang='lat' dir='ltr'><strong>Hoc</strong></span> <span class='ocrx_word' id='word_1_196' title='bbox 3504 1224 3718 1280; x_wconf 89' lang='lat' dir='ltr'><strong>quoque</strong></span> 
     </span>
    </p>
   </div>
   <div class='ocr_carea' id='block_1_27' title="bbox 2119 1294 3714 1373">
    <p class='ocr_par' dir='ltr' id='par_1_27' title="bbox 2119 1294 3714 1373">
     <span class='ocr_line' id='line_1_27' title="bbox 2119 1294 3714 1373; baseline 0.006 -26"><span class='ocrx_word' id='word_1_197' title='bbox 2119 1294 2337 1362; x_wconf 91' lang='lat' dir='ltr'><strong>mirum,</strong></span> <span class='ocrx_word' id='word_1_198' title='bbox 2360 1294 2405 1350; x_wconf 89' lang='lat' dir='ltr'><strong>si</strong></span> <span class='ocrx_word' id='word_1_199' title='bbox 2427 1306 2481 1352; x_wconf 91' lang='lat' dir='ltr'><strong>et</strong></span> <span class='ocrx_word' id='word_1_200' title='bbox 2508 1295 2621 1362; x_wconf 90' lang='lat' dir='ltr'><strong>ille,</strong></span> <span class='ocrx_word' id='word_1_201' title='bbox 2648 1298 2735 1367; x_wconf 89' lang='lat' dir='ltr'><strong>qui</strong></span> <span class='ocrx_word' id='word_1_202' title='bbox 2765 1308 2911 1353; x_wconf 90' lang='lat' dir='ltr'><strong>tanto</strong></span> <span class='ocrx_word' id='word_1_203' title='bbox 2940 1299 3285 1372; x_wconf 67' lang='lat' dir='ltr'><strong>impatientia:</strong></span> <span class='ocrx_word' id='word_1_204' title='bbox 3299 1301 3423 1372; x_wconf 83' lang='lat' dir='ltr'><strong>jure</strong></span> <span class='ocrx_word' id='word_1_205' title='bbox 3449 1302 3714 1373; x_wconf 88' lang='lat' dir='ltr'><strong>prosiluit,</strong></span> 
     </span>
    </p>
   </div>
   <div class='ocr_carea' id='block_1_28' title="bbox 2121 1387 3715 1465">
    <p class='ocr_par' dir='ltr' id='par_1_28' title="bbox 2121 1387 3715 1465">
     <span class='ocr_line' id='line_1_28' title="bbox 2121 1387 3715 1465; baseline 0.006 -22"><span class='ocrx_word' id='word_1_206' title='bbox 2121 1387 2331 1444; x_wconf 81' lang='lat' dir='ltr'><strong>deferre</strong></span> <span class='ocrx_word' id='word_1_207' title='bbox 2351 1399 2405 1444; x_wconf 92' lang='lat' dir='ltr'><strong>et</strong></span> <span class='ocrx_word' id='word_1_208' title='bbox 2433 1404 2538 1444; x_wconf 90' lang='lat' dir='ltr'><strong>non</strong></span> <span class='ocrx_word' id='word_1_209' title='bbox 2572 1389 2800 1460; x_wconf 87' lang='lat' dir='ltr'><strong>probare</strong></span> <span class='ocrx_word' id='word_1_210' title='bbox 2827 1395 3006 1462; x_wconf 86' lang='lat' dir='ltr'><strong>gestit,</strong></span> <span class='ocrx_word' id='word_1_211' title='bbox 3037 1402 3092 1449; x_wconf 92' lang='lat' dir='ltr'><strong>et</strong></span> <span class='ocrx_word' id='word_1_212' title='bbox 3118 1393 3228 1458; x_wconf 74' lang='lat' dir='ltr'><strong>ille,</strong></span> <span class='ocrx_word' id='word_1_213' title='bbox 3257 1395 3346 1465; x_wconf 92' lang='lat' dir='ltr'><strong>qui</strong></span> <span class='ocrx_word' id='word_1_214' title='bbox 3376 1395 3575 1459; x_wconf 87' lang='lat' dir='ltr'><strong>audiit.</strong></span> <span class='ocrx_word' id='word_1_215' title='bbox 3610 1410 3715 1453; x_wconf 90' lang='lat' dir='ltr'><strong>non</strong></span> 
     </span>
    </p>
   </div>
   <div class='ocr_carea' id='block_1_29' title="bbox 2122 1482 3720 1558">
    <p class='ocr_par' dir='ltr' id='par_1_29' title="bbox 2122 1482 3720 1558">
     <span class='ocr_line' id='line_1_29' title="bbox 2122 1482 3720 1558; baseline 0.004 -19"><span class='ocrx_word' id='word_1_216' title='bbox 2122 1494 2173 1539; x_wconf 90' lang='lat' dir='ltr'><strong>et</strong></span> <span class='ocrx_word' id='word_1_217' title='bbox 2215 1482 2294 1555; x_wconf 87' lang='grc' dir='ltr'><strong>(ι)</strong></span> <span class='ocrx_word' id='word_1_218' title='bbox 2335 1484 2513 1540; x_wconf 90' lang='lat' dir='ltr'><strong>videre</strong></span> <span class='ocrx_word' id='word_1_219' title='bbox 2537 1486 2776 1552; x_wconf 89' lang='lat' dir='ltr'><strong>curavit;</strong></span> <span class='ocrx_word' id='word_1_220' title='bbox 2809 1487 3070 1557; x_wconf 89' lang='lat' dir='ltr'><strong>siquidem</strong></span> <span class='ocrx_word' id='word_1_221' title='bbox 3095 1502 3189 1558; x_wconf 89' lang='lat' dir='ltr'><strong>par</strong></span> <span class='ocrx_word' id='word_1_222' title='bbox 3217 1488 3419 1543; x_wconf 86' lang='lat' dir='ltr'><strong>fructus</strong></span> <span class='ocrx_word' id='word_1_223' title='bbox 3444 1498 3600 1546; x_wconf 89' lang='lat' dir='ltr'><strong>estet</strong></span> <span class='ocrx_word' id='word_1_224' title='bbox 3624 1488 3720 1545; x_wconf 85' lang='lat' dir='ltr'><strong>de-</strong></span> 
     </span>
    </p>
   </div>
   <div class='ocr_carea' id='block_1_30' title="bbox 2123 1577 3718 1652">
    <p class='ocr_par' dir='ltr' id='par_1_30' title="bbox 2123 1577 3718 1652">
     <span class='ocr_line' id='line_1_30' title="bbox 2123 1577 3718 1652; baseline 0.004 -21"><span class='ocrx_word' id='word_1_225' title='bbox 2123 1577 2310 1633; x_wconf 86' lang='lat' dir='ltr'><strong>latoris</strong></span> <span class='ocrx_word' id='word_1_226' title='bbox 2329 1618 2344 1644; x_wconf 93' lang='lat'><strong>,</strong></span> <span class='ocrx_word' id='word_1_227' title='bbox 2368 1578 2413 1632; x_wconf 91' lang='lat' dir='ltr'><strong>si</strong></span> <span class='ocrx_word' id='word_1_228' title='bbox 2443 1577 2586 1648; x_wconf 89' lang='lat' dir='ltr'><strong>quod</strong></span> <span class='ocrx_word' id='word_1_229' title='bbox 2617 1578 2807 1634; x_wconf 90' lang='lat' dir='ltr'><strong>detulit</strong></span> <span class='ocrx_word' id='word_1_230' title='bbox 2834 1578 3059 1650; x_wconf 90' lang='lat' dir='ltr'><strong>probet,</strong></span> <span class='ocrx_word' id='word_1_231' title='bbox 3101 1590 3152 1635; x_wconf 90' lang='lat' dir='ltr'><strong>et</strong></span> <span class='ocrx_word' id='word_1_232' title='bbox 3180 1580 3471 1644; x_wconf 87' lang='lat' dir='ltr'><strong>auditoris,</strong></span> <span class='ocrx_word' id='word_1_233' title='bbox 3501 1582 3545 1636; x_wconf 88' lang='lat' dir='ltr'><strong>si</strong></span> <span class='ocrx_word' id='word_1_234' title='bbox 3575 1582 3718 1652; x_wconf 91' lang='lat' dir='ltr'><strong>quod</strong></span> 
     </span>
    </p>
   </div>
   <div class='ocr_carea' id='block_1_31' title="bbox 2123 1673 3722 1745">
    <p class='ocr_par' dir='ltr' id='par_1_31' title="bbox 2123 1673 3722 1745">
     <span class='ocr_line' id='line_1_31' title="bbox 2123 1673 3722 1745; baseline 0.003 -18"><span class='ocrx_word' id='word_1_235' title='bbox 2123 1673 2272 1728; x_wconf 87' lang='lat' dir='ltr'><strong>audit</strong></span> <span class='ocrx_word' id='word_1_236' title='bbox 2311 1674 2474 1728; x_wconf 91' lang='lat' dir='ltr'><strong>etiam</strong></span> <span class='ocrx_word' id='word_1_237' title='bbox 2501 1674 2603 1728; x_wconf 87' lang='lat' dir='ltr'><strong>sibi</strong></span> <span class='ocrx_word' id='word_1_238' title='bbox 2631 1674 2831 1729; x_wconf 88' lang='lat' dir='ltr'><strong>credat.</strong></span> <span class='ocrx_word' id='word_1_239' title='bbox 2865 1673 3047 1740; x_wconf 87' lang='lat' dir='ltr'><strong>Tunc,</strong></span> <span class='ocrx_word' id='word_1_240' title='bbox 3080 1674 3327 1745; x_wconf 86' lang='lat' dir='ltr'><strong>inquitis,</strong></span> <span class='ocrx_word' id='word_1_241' title='bbox 3355 1677 3529 1745; x_wconf 92' lang='lat' dir='ltr'><strong>primo</strong></span> <span class='ocrx_word' id='word_1_242' title='bbox 3575 1676 3722 1732; x_wconf 81' lang='lat' dir='ltr'><strong>dela-</strong></span> 
     </span>
    </p>
   </div>
   <div class='ocr_carea' id='block_1_32' title="bbox 2127 1765 3718 1838">
    <p class='ocr_par' dir='ltr' id='par_1_32' title="bbox 2127 1765 3718 1838">
     <span class='ocr_line' id='line_1_32' title="bbox 2127 1765 3718 1838; baseline 0.002 -18"><span class='ocrx_word' id='word_1_243' title='bbox 2127 1777 2237 1821; x_wconf 90' lang='lat' dir='ltr'><strong>tum</strong></span> <span class='ocrx_word' id='word_1_244' title='bbox 2280 1774 2338 1820; x_wconf 91' lang='lat' dir='ltr'><strong>et</strong></span> <span class='ocrx_word' id='word_1_245' title='bbox 2388 1765 2684 1821; x_wconf 80' lang='lat' dir='ltr'><strong>cxhibitum</strong></span> <span class='ocrx_word' id='word_1_246' title='bbox 2713 1775 2832 1833; x_wconf 91' lang='lat' dir='ltr'><strong>est,</strong></span> <span class='ocrx_word' id='word_1_247' title='bbox 2884 1767 3121 1822; x_wconf 90' lang='lat' dir='ltr'><strong>auditum</strong></span> <span class='ocrx_word' id='word_1_248' title='bbox 3153 1778 3207 1823; x_wconf 89' lang='lat' dir='ltr'><strong>et</strong></span> <span class='ocrx_word' id='word_1_249' title='bbox 3261 1767 3554 1838; x_wconf 83' lang='lat' dir='ltr'><strong>inSpcctnm</strong></span> <span class='ocrx_word' id='word_1_250' title='bbox 3602 1778 3718 1837; x_wconf 89' lang='lat' dir='ltr'><strong>est,</strong></span> 
     </span>
    </p>
   </div>
   <div class='ocr_carea' id='block_1_33' title="bbox 415 1833 3722 1939">
    <p class='ocr_par' dir='ltr' id='par_1_33' title="bbox 415 1833 3722 1939">
     <span class='ocr_line' id='line_1_33' title="bbox 415 1833 3722 1939; baseline -0.003 -13"><span class='ocrx_word' id='word_1_251' title='bbox 415 1833 552 1926; x_wconf 74' lang='lat' dir='ltr'><strong>cesti</strong></span> <span class='ocrx_word' id='word_1_252' title='bbox 578 1867 900 1939; x_wconf 81' lang='lat' dir='ltr'><strong>Christiani,</strong></span> <span class='ocrx_word' id='word_1_253' title='bbox 929 1867 973 1921; x_wconf 90' lang='lat' dir='ltr'><strong>si</strong></span> <span class='ocrx_word' id='word_1_254' title='bbox 1004 1881 1109 1920; x_wconf 89' lang='lat' dir='ltr'><strong>non</strong></span> <span class='ocrx_word' id='word_1_255' title='bbox 1139 1864 1311 1919; x_wconf 88' lang='lat' dir='ltr'><strong>hostis</strong></span> <span class='ocrx_word' id='word_1_256' title='bbox 1348 1861 1590 1934; x_wconf 84' lang='lat' dir='ltr'><strong>publicus</strong></span> <span class='ocrx_word' id='word_1_257' title='bbox 1609 1903 1625 1928; x_wconf 96' lang='lat'><strong>,</strong></span> <span class='ocrx_word' id='word_1_258' title='bbox 1677 1875 1776 1916; x_wconf 91' lang='lat' dir='ltr'><strong>nos</strong></span> <span class='ocrx_word' id='word_1_259' title='bbox 1817 1859 2017 1930; x_wconf 89' lang='lat' dir='ltr'><strong>publici</strong></span> <span class='ocrx_word' id='word_1_260' title='bbox 2048 1833 2095 1893; x_wconf 80' lang='grc' dir='ltr'>Β</span> <span class='ocrx_word' id='word_1_261' title='bbox 2125 1868 2283 1928; x_wconf 89' lang='lat' dir='ltr'><strong>atque</strong></span> <span class='ocrx_word' id='word_1_262' title='bbox 2311 1857 2504 1913; x_wconf 81' lang='lat' dir='ltr'><strong>exinde</strong></span> <span class='ocrx_word' id='word_1_263' title='bbox 2533 1857 2688 1913; x_wconf 78' lang='lat' dir='ltr'><strong>fama:</strong></span> <span class='ocrx_word' id='word_1_264' title='bbox 2714 1859 3167 1915; x_wconf 88' lang='lat' dir='ltr'><strong>commendatum.</strong></span> <span class='ocrx_word' id='word_1_265' title='bbox 3222 1833 3587 1930; x_wconf 42' lang='lat' dir='ltr'><strong>Hoc-quidem</strong></span> <span class='ocrx_word' id='word_1_266' title='bbox 3632 1833 3722 1916; x_wconf 53' lang='lat' dir='ltr'><strong>sn;</strong></span> 
     </span>
    </p>
   </div>
   <div class='ocr_carea' id='block_1_34' title="bbox 417 1953 2014 2031">
    <p class='ocr_par' dir='ltr' id='par_1_34' title="bbox 417 1953 2014 2031">
     <span class='ocr_line' id='line_1_34' title="bbox 417 1953 2014 2031; baseline -0.007 -15"><span class='ocrx_word' id='word_1_267' title='bbox 417 1961 637 2027; x_wconf 85' lang='lat' dir='ltr'><strong>hostes;</strong></span> <span class='ocrx_word' id='word_1_268' title='bbox 665 1960 852 2031; x_wconf 87' lang='lat' dir='ltr'><strong>quales</strong></span> <span class='ocrx_word' id='word_1_269' title='bbox 889 1959 1058 2013; x_wconf 90' lang='lat' dir='ltr'><strong>simus</strong></span> <span class='ocrx_word' id='word_1_270' title='bbox 1098 1958 1382 2013; x_wconf 79' lang='lat' dir='ltr'><strong>damnatur</strong></span> <span class='ocrx_word' id='word_1_271' title='bbox 1426 1956 1542 2027; x_wconf 88' lang='lat' dir='ltr'><strong>ipse</strong></span> <span class='ocrx_word' id='word_1_272' title='bbox 1585 1953 2014 2016; x_wconf 84' lang='lat' dir='ltr'><strong>demonstravit,</strong></span> 
     </span>
    </p>
   </div>
   <div class='ocr_carea' id='block_1_35' title="bbox 411 2046 2020 2125">
    <p class='ocr_par' dir='ltr' id='par_1_35' title="bbox 411 2046 2020 2125">
     <span class='ocr_line' id='line_1_35' title="bbox 411 2046 2020 2125; baseline -0.007 -15"><span class='ocrx_word' id='word_1_273' title='bbox 411 2055 598 2125; x_wconf 86' lang='lat' dir='ltr'><strong>utique</strong></span> <span class='ocrx_word' id='word_1_274' title='bbox 625 2054 817 2108; x_wconf 67' lang='lat' dir='ltr'><strong>aemula</strong></span> <span class='ocrx_word' id='word_1_275' title='bbox 850 2052 952 2107; x_wconf 86' lang='lat' dir='ltr'><strong>sibi</strong></span> <span class='ocrx_word' id='word_1_276' title='bbox 979 2051 1225 2123; x_wconf 63' lang='lat' dir='ltr'><strong>puniens.</strong></span> <span class='ocrx_word' id='word_1_277' title='bbox 1261 2050 1329 2105; x_wconf 89' lang='lat' dir='ltr'><strong>Et</strong></span> <span class='ocrx_word' id='word_1_278' title='bbox 1372 2059 1548 2103; x_wconf 89' lang='lat' dir='ltr'><strong>tamen</strong></span> <span class='ocrx_word' id='word_1_279' title='bbox 1581 2046 1874 2117; x_wconf 78' lang='lat' dir='ltr'><strong>permansit</strong></span> <span class='ocrx_word' id='word_1_280' title='bbox 1899 2059 2020 2100; x_wconf 82' lang='lat' dir='ltr'><strong>era-</strong></span> 
     </span>
    </p>
   </div>
   <div class='ocr_carea' id='block_1_36' title="bbox 414 2136 2016 2205">
    <p class='ocr_par' dir='ltr' id='par_1_36' title="bbox 414 2136 2016 2205">
     <span class='ocr_line' id='line_1_36' title="bbox 414 2136 2016 2205; baseline -0.007 -3"><span class='ocrx_word' id='word_1_281' title='bbox 414 2148 493 2203; x_wconf 87' lang='lat' dir='ltr'><strong>sis</strong></span> <span class='ocrx_word' id='word_1_282' title='bbox 517 2145 769 2201; x_wconf 89' lang='lat' dir='ltr'><strong>omnibns</strong></span> <span class='ocrx_word' id='word_1_283' title='bbox 799 2146 897 2199; x_wconf 86' lang='lat' dir='ltr'><strong>hoc</strong></span> <span class='ocrx_word' id='word_1_284' title='bbox 940 2145 1111 2198; x_wconf 80' lang='lat' dir='ltr'><strong>Solum</strong></span> <span class='ocrx_word' id='word_1_285' title='bbox 1145 2144 1444 2197; x_wconf 90' lang='lat' dir='ltr'><strong>institutum</strong></span> <span class='ocrx_word' id='word_1_286' title='bbox 1476 2140 1869 2204; x_wconf 80' lang='lat' dir='ltr'><strong>Neronianum,</strong></span> <span class='ocrx_word' id='word_1_287' title='bbox 1894 2136 2016 2205; x_wconf 90' lang='lat' dir='ltr'><strong>jus-</strong></span> 
     </span>
    </p>
   </div>
   <div class='ocr_carea' id='block_1_37' title="bbox 417 2227 2019 2308">
    <p class='ocr_par' dir='ltr' id='par_1_37' title="bbox 417 2227 2019 2308">
     <span class='ocr_line' id='line_1_37' title="bbox 417 2227 2019 2308; baseline -0.007 -14"><span class='ocrx_word' id='word_1_288' title='bbox 417 2246 534 2294; x_wconf 87' lang='lat' dir='ltr'><strong>tum</strong></span> <span class='ocrx_word' id='word_1_289' title='bbox 564 2236 795 2308; x_wconf 89' lang='lat' dir='ltr'><strong>denique</strong></span> <span class='ocrx_word' id='word_1_290' title='bbox 842 2246 897 2290; x_wconf 89' lang='lat' dir='ltr'><strong>ut</strong></span> <span class='ocrx_word' id='word_1_291' title='bbox 943 2236 1203 2291; x_wconf 64' lang='lat' dir='ltr'><strong>dissimile</strong></span> <span class='ocrx_word' id='word_1_292' title='bbox 1248 2235 1328 2289; x_wconf 89' lang='lat' dir='ltr'><strong>sui</strong></span> <span class='ocrx_word' id='word_1_293' title='bbox 1374 2234 1626 2288; x_wconf 87' lang='lat' dir='ltr'><strong>auctoris.</strong></span> <span class='ocrx_word' id='word_1_294' title='bbox 1660 2231 1823 2303; x_wconf 89' lang='lat' dir='ltr'><strong>Igitur</strong></span> <span class='ocrx_word' id='word_1_295' title='bbox 1873 2227 2019 2284; x_wconf 63' lang='lat' dir='ltr'><strong>aetati</strong></span> 
     </span>
    </p>
   </div>
   <div class='ocr_carea' id='block_1_38' title="bbox 416 2325 2022 2403">
    <p class='ocr_par' dir='ltr' id='par_1_38' title="bbox 416 2325 2022 2403">
     <span class='ocr_line' id='line_1_38' title="bbox 416 2325 2022 2403; baseline -0.001 -17"><span class='ocrx_word' id='word_1_296' title='bbox 416 2340 619 2387; x_wconf 79' lang='lat' dir='ltr'><strong>nostrae</strong></span> <span class='ocrx_word' id='word_1_297' title='bbox 649 2329 723 2403; x_wconf 89' lang='lat' dir='ltr'><strong>(c)</strong></span> <span class='ocrx_word' id='word_1_298' title='bbox 756 2328 990 2383; x_wconf 82' lang='lat' dir='ltr'><strong>nondum</strong></span> <span class='ocrx_word' id='word_1_299' title='bbox 1023 2329 1149 2381; x_wconf 93' lang='lat' dir='ltr'><strong>anni</strong></span> <span class='ocrx_word' id='word_1_300' title='bbox 1176 2326 1327 2383; x_wconf 80' lang='lat' dir='ltr'><strong>CCL.</strong></span> <span class='ocrx_word' id='word_1_301' title='bbox 1359 2326 1457 2381; x_wconf 84' lang='lat' dir='ltr'><strong>Tot</strong></span> <span class='ocrx_word' id='word_1_302' title='bbox 1491 2325 1657 2396; x_wconf 85' lang='lat' dir='ltr'><strong>iniqui</strong></span> <span class='ocrx_word' id='word_1_303' title='bbox 1685 2326 1912 2391; x_wconf 84' lang='lat' dir='ltr'><strong>interea,</strong></span> <span class='ocrx_word' id='word_1_304' title='bbox 1944 2337 2022 2384; x_wconf 93' lang='lat' dir='ltr'><strong>tot</strong></span> 
     </span>
    </p>
   </div>
   <div class='ocr_carea' id='block_1_39' title="bbox 418 2417 2020 2495">
    <p class='ocr_par' dir='ltr' id='par_1_39' title="bbox 418 2417 2020 2495">
     <span class='ocr_line' id='line_1_39' title="bbox 418 2417 2020 2495; baseline -0.004 -15"><span class='ocrx_word' id='word_1_305' title='bbox 418 2438 612 2481; x_wconf 89' lang='lat' dir='ltr'><strong>cruces</strong></span> <span class='ocrx_word' id='word_1_306' title='bbox 639 2420 720 2495; x_wconf 80' lang='grc' dir='ltr'><strong>(ά)</strong></span> <span class='ocrx_word' id='word_1_307' title='bbox 745 2422 1076 2476; x_wconf 81' lang='lat' dir='ltr'><strong>divinitatem</strong></span> <span class='ocrx_word' id='word_1_308' title='bbox 1103 2430 1433 2485; x_wconf 84' lang='lat' dir='ltr'><strong>consecutae,</strong></span> <span class='ocrx_word' id='word_1_309' title='bbox 1470 2427 1548 2475; x_wconf 90' lang='lat' dir='ltr'><strong>tot</strong></span> <span class='ocrx_word' id='word_1_310' title='bbox 1589 2417 1826 2474; x_wconf 73' lang='lat' dir='ltr'><strong>infantia:</strong></span> <span class='ocrx_word' id='word_1_311' title='bbox 1853 2421 2020 2477; x_wconf 86' lang='lat' dir='ltr'><strong>truci-</strong></span> 
     </span>
    </p>
   </div>
   <div class='ocr_carea' id='block_1_40' title="bbox 419 2511 2020 2584">
    <p class='ocr_par' dir='ltr' id='par_1_40' title="bbox 419 2511 2020 2584">
     <span class='ocr_line' id='line_1_40' title="bbox 419 2511 2020 2584; baseline -0.004 -11"><span class='ocrx_word' id='word_1_312' title='bbox 419 2516 564 2573; x_wconf 72' lang='lat' dir='ltr'><strong>data:</strong></span> <span class='ocrx_word' id='word_1_313' title='bbox 588 2557 605 2582; x_wconf 90' lang='lat'><strong>,</strong></span> <span class='ocrx_word' id='word_1_314' title='bbox 638 2523 715 2569; x_wconf 92' lang='lat' dir='ltr'><strong>tot</strong></span> <span class='ocrx_word' id='word_1_315' title='bbox 744 2529 907 2584; x_wconf 89' lang='lat' dir='ltr'><strong>panes</strong></span> <span class='ocrx_word' id='word_1_316' title='bbox 935 2515 1198 2569; x_wconf 87' lang='lat' dir='ltr'><strong>cruentati</strong></span> <span class='ocrx_word' id='word_1_317' title='bbox 1225 2554 1240 2579; x_wconf 85' lang='lat'><strong>,</strong></span> <span class='ocrx_word' id='word_1_318' title='bbox 1286 2522 1361 2567; x_wconf 91' lang='lat' dir='ltr'><strong>tot</strong></span> <span class='ocrx_word' id='word_1_319' title='bbox 1403 2520 1612 2582; x_wconf 82' lang='lat' dir='ltr'><strong>strages</strong></span> <span class='ocrx_word' id='word_1_320' title='bbox 1642 2511 1982 2568; x_wconf 81' lang='lat' dir='ltr'><strong>lucernarum</strong></span> <span class='ocrx_word' id='word_1_321' title='bbox 2004 2554 2020 2580; x_wconf 92' lang='lat'><strong>,</strong></span> 
     </span>
    </p>
   </div>
   <div class='ocr_carea' id='block_1_41' title="bbox 421 2603 2022 2679">
    <p class='ocr_par' dir='ltr' id='par_1_41' title="bbox 421 2603 2022 2679">
     <span class='ocr_line' id='line_1_41' title="bbox 421 2603 2022 2679; baseline -0.004 -12"><span class='ocrx_word' id='word_1_322' title='bbox 421 2619 504 2667; x_wconf 91' lang='lat' dir='ltr'><strong>tot</strong></span> <span class='ocrx_word' id='word_1_323' title='bbox 550 2622 765 2665; x_wconf 89' lang='lat' dir='ltr'><strong>errores</strong></span> <span class='ocrx_word' id='word_1_324' title='bbox 814 2609 1157 2679; x_wconf 83' lang='lat' dir='ltr'><strong>nuptiarum,</strong></span> <span class='ocrx_word' id='word_1_325' title='bbox 1201 2616 1258 2660; x_wconf 89' lang='lat' dir='ltr'><strong>et</strong></span> <span class='ocrx_word' id='word_1_326' title='bbox 1300 2604 1476 2661; x_wconf 89' lang='lat' dir='ltr'><strong>adhuc</strong></span> <span class='ocrx_word' id='word_1_327' title='bbox 1525 2603 1845 2660; x_wconf 81' lang='lat' dir='ltr'><strong>ChriSIiattis</strong></span> <span class='ocrx_word' id='word_1_328' title='bbox 1908 2607 2022 2661; x_wconf 89' lang='lat' dir='ltr'><strong>sola</strong></span> 
     </span>
    </p>
   </div>
   <div class='ocr_carea' id='block_1_42' title="bbox 423 2697 2023 2770">
    <p class='ocr_par' dir='ltr' id='par_1_42' title="bbox 423 2697 2023 2770">
     <span class='ocr_line' id='line_1_42' title="bbox 423 2697 2023 2770; baseline -0.003 -11"><span class='ocrx_word' id='word_1_329' title='bbox 423 2702 568 2759; x_wconf 85' lang='lat' dir='ltr'><strong>fama</strong></span> <span class='ocrx_word' id='word_1_330' title='bbox 597 2701 858 2757; x_wconf 87' lang='lat' dir='ltr'><strong>decernit.</strong></span> <span class='ocrx_word' id='word_1_331' title='bbox 908 2700 1079 2756; x_wconf 58' lang='lat' dir='ltr'><strong>Habet</strong></span> <span class='ocrx_word' id='word_1_332' title='bbox 1117 2698 1331 2770; x_wconf 83' lang='lat' dir='ltr'><strong>quidem</strong></span> <span class='ocrx_word' id='word_1_333' title='bbox 1375 2698 1576 2770; x_wconf 86' lang='lat' dir='ltr'><strong>grande</strong></span> <span class='ocrx_word' id='word_1_334' title='bbox 1617 2697 2023 2755; x_wconf 79' lang='lat' dir='ltr'><strong>fundamentum</strong></span> 
     </span>
    </p>
   </div>
   <div class='ocr_carea' id='block_1_43' title="bbox 423 2791 2028 2866">
    <p class='ocr_par' dir='ltr' id='par_1_43' title="bbox 423 2791 2028 2866">
     <span class='ocr_line' id='line_1_43' title="bbox 423 2791 2028 2866; baseline -0.002 -13"><span class='ocrx_word' id='word_1_335' title='bbox 423 2796 492 2853; x_wconf 92' lang='lat' dir='ltr'><strong>de</strong></span> <span class='ocrx_word' id='word_1_336' title='bbox 521 2796 653 2851; x_wconf 89' lang='lat' dir='ltr'><strong>vitio</strong></span> <span class='ocrx_word' id='word_1_337' title='bbox 681 2794 880 2866; x_wconf 77' lang='lat' dir='ltr'><strong>ingenii</strong></span> <span class='ocrx_word' id='word_1_338' title='bbox 929 2793 1186 2859; x_wconf 89' lang='lat' dir='ltr'><strong>humani,</strong></span> <span class='ocrx_word' id='word_1_339' title='bbox 1219 2791 1427 2848; x_wconf 78' lang='lat' dir='ltr'><strong>felicius</strong></span> <span class='ocrx_word' id='word_1_340' title='bbox 1471 2793 1524 2847; x_wconf 92' lang='lat' dir='ltr'><strong>in</strong></span> <span class='ocrx_word' id='word_1_341' title='bbox 1576 2794 1787 2849; x_wconf 90' lang='lat' dir='ltr'><strong>acerbis</strong></span> <span class='ocrx_word' id='word_1_342' title='bbox 1829 2795 2028 2850; x_wconf 88' lang='lat' dir='ltr'><strong>atroci-</strong></span> 
     </span>
    </p>
   </div>
   <div class='ocr_carea' id='block_1_44' title="bbox 422 2886 2025 2960">
    <p class='ocr_par' dir='ltr' id='par_1_44' title="bbox 422 2886 2025 2960">
     <span class='ocr_line' id='line_1_44' title="bbox 422 2886 2025 2960; baseline -0.002 -14"><span class='ocrx_word' id='word_1_343' title='bbox 422 2889 632 2960; x_wconf 84' lang='lat' dir='ltr'><strong>hosque</strong></span> <span class='ocrx_word' id='word_1_344' title='bbox 658 2888 950 2951; x_wconf 88' lang='lat' dir='ltr'><strong>mentitur;</strong></span> <span class='ocrx_word' id='word_1_345' title='bbox 1005 2896 1208 2957; x_wconf 89' lang='lat' dir='ltr'><strong>quanto</strong></span> <span class='ocrx_word' id='word_1_346' title='bbox 1238 2886 1382 2942; x_wconf 91' lang='lat' dir='ltr'><strong>enim</strong></span> <span class='ocrx_word' id='word_1_347' title='bbox 1434 2887 1583 2956; x_wconf 89' lang='lat' dir='ltr'><strong>proni</strong></span> <span class='ocrx_word' id='word_1_348' title='bbox 1624 2886 1691 2941; x_wconf 89' lang='lat' dir='ltr'><strong>ad</strong></span> <span class='ocrx_word' id='word_1_349' title='bbox 1722 2887 1977 2942; x_wconf 87' lang='lat' dir='ltr'><strong>malitiam</strong></span> <span class='ocrx_word' id='word_1_350' title='bbox 2009 2930 2025 2955; x_wconf 92' lang='lat'><strong>,</strong></span> 
     </span>
    </p>
   </div>
   <div class='ocr_carea' id='block_1_45' title="bbox 425 2978 2030 3051">
    <p class='ocr_par' dir='ltr' id='par_1_45' title="bbox 425 2978 2030 3051">
     <span class='ocr_line' id='line_1_45' title="bbox 425 2978 2030 3051; baseline -0.001 -14"><span class='ocrx_word' id='word_1_351' title='bbox 425 2991 577 3037; x_wconf 90' lang='lat' dir='ltr'><strong>tanto</strong></span> <span class='ocrx_word' id='word_1_352' title='bbox 603 2981 671 3037; x_wconf 91' lang='lat' dir='ltr'><strong>ad</strong></span> <span class='ocrx_word' id='word_1_353' title='bbox 702 2980 825 3036; x_wconf 84' lang='lat' dir='ltr'><strong>mali</strong></span> <span class='ocrx_word' id='word_1_354' title='bbox 850 2980 1011 3035; x_wconf 85' lang='lat' dir='ltr'><strong>tidem</strong></span> <span class='ocrx_word' id='word_1_355' title='bbox 1039 2980 1334 3050; x_wconf 90' lang='lat' dir='ltr'><strong>opportuni</strong></span> <span class='ocrx_word' id='word_1_356' title='bbox 1368 2980 1498 3035; x_wconf 80' lang='lat' dir='ltr'><strong>estis</strong></span> <span class='ocrx_word' id='word_1_357' title='bbox 1519 3022 1532 3043; x_wconf 91' lang='lat'><strong>,</strong></span> <span class='ocrx_word' id='word_1_358' title='bbox 1562 2979 1767 3035; x_wconf 87' lang='lat' dir='ltr'><strong>facilius</strong></span> <span class='ocrx_word' id='word_1_359' title='bbox 1796 2978 2030 3051; x_wconf 88' lang='lat' dir='ltr'><strong>denique</strong></span> 
     </span>
    </p>
   </div>
   <div class='ocr_carea' id='block_1_46' title="bbox 426 3070 2031 3142">
    <p class='ocr_par' dir='ltr' id='par_1_46' title="bbox 426 3070 2031 3142">
     <span class='ocr_line' id='line_1_46' title="bbox 426 3070 2031 3142; baseline -0.001 -14"><span class='ocrx_word' id='word_1_360' title='bbox 426 3071 567 3128; x_wconf 82' lang='lat' dir='ltr'><strong>falso</strong></span> <span class='ocrx_word' id='word_1_361' title='bbox 596 3072 737 3127; x_wconf 90' lang='lat' dir='ltr'><strong>malo</strong></span> <span class='ocrx_word' id='word_1_362' title='bbox 761 3112 776 3135; x_wconf 95' lang='lat'><strong>,</strong></span> <span class='ocrx_word' id='word_1_363' title='bbox 809 3087 968 3142; x_wconf 90' lang='lat' dir='ltr'><strong>quam</strong></span> <span class='ocrx_word' id='word_1_364' title='bbox 997 3086 1123 3125; x_wconf 91' lang='lat' dir='ltr'><strong>vero</strong></span> <span class='ocrx_word' id='word_1_365' title='bbox 1168 3071 1311 3125; x_wconf 91' lang='lat' dir='ltr'><strong>bono</strong></span> <span class='ocrx_word' id='word_1_366' title='bbox 1347 3070 1601 3126; x_wconf 88' lang='lat' dir='ltr'><strong>creditur.</strong></span> <span class='ocrx_word' id='word_1_367' title='bbox 1651 3070 1712 3126; x_wconf 89' lang='lat' dir='ltr'><strong>Si</strong></span> <span class='ocrx_word' id='word_1_368' title='bbox 1761 3086 1919 3141; x_wconf 90' lang='lat' dir='ltr'><strong>quem</strong></span> <span class='ocrx_word' id='word_1_369' title='bbox 1954 3082 2031 3127; x_wconf 86' lang='lat' dir='ltr'><strong>ta-</strong></span> 
     </span>
    </p>
   </div>
   <div class='ocr_carea' id='block_1_47' title="bbox 2078 1948 3717 2023">
    <p class='ocr_par' dir='ltr' id='par_1_47' title="bbox 2078 1948 3717 2023">
     <span class='ocr_line' id='line_1_47' title="bbox 2078 1948 3717 2023; baseline 0.002 -18"><span class='ocrx_word' id='word_1_370' title='bbox 2078 1998 2085 2005; x_wconf 92' lang='lat'><strong>.</strong></span> <span class='ocrx_word' id='word_1_371' title='bbox 2128 1948 2663 2020; x_wconf 78' lang='lat' dir='ltr'><strong>persccnditomnem</strong></span> <span class='ocrx_word' id='word_1_372' title='bbox 2689 1951 3119 2021; x_wconf 88' lang='lat' dir='ltr'><strong>admirationem,</strong></span> <span class='ocrx_word' id='word_1_373' title='bbox 3151 1954 3195 2007; x_wconf 86' lang='lat' dir='ltr'><strong>si</strong></span> <span class='ocrx_word' id='word_1_374' title='bbox 3227 1952 3392 2007; x_wconf 89' lang='lat' dir='ltr'><strong>semel</strong></span> <span class='ocrx_word' id='word_1_375' title='bbox 3419 1954 3717 2023; x_wconf 78' lang='lat' dir='ltr'><strong>deprehen-</strong></span> 
     </span>
    </p>
   </div>
   <div class='ocr_carea' id='block_1_48' title="bbox 2126 2043 3718 2118">
    <p class='ocr_par' dir='ltr' id='par_1_48' title="bbox 2126 2043 3718 2118">
     <span class='ocr_line' id='line_1_48' title="bbox 2126 2043 3718 2118; baseline 0.004 -21"><span class='ocrx_word' id='word_1_376' title='bbox 2126 2057 2244 2097; x_wconf 91' lang='lat' dir='ltr'><strong>sum</strong></span> <span class='ocrx_word' id='word_1_377' title='bbox 2284 2053 2367 2098; x_wconf 92' lang='lat' dir='ltr'><strong>est</strong></span> <span class='ocrx_word' id='word_1_378' title='bbox 2397 2043 2542 2113; x_wconf 90' lang='lat' dir='ltr'><strong>quod</strong></span> <span class='ocrx_word' id='word_1_379' title='bbox 2572 2059 2787 2115; x_wconf 88' lang='lat' dir='ltr'><strong>semper</strong></span> <span class='ocrx_word' id='word_1_380' title='bbox 2812 2045 3129 2107; x_wconf 81' lang='lat' dir='ltr'><strong>admittitur,</strong></span> <span class='ocrx_word' id='word_1_381' title='bbox 3164 2045 3266 2101; x_wconf 89' lang='lat' dir='ltr'><strong>nisi</strong></span> <span class='ocrx_word' id='word_1_382' title='bbox 3296 2046 3587 2102; x_wconf 83' lang='lat' dir='ltr'><strong>desivimus</strong></span> <span class='ocrx_word' id='word_1_383' title='bbox 3608 2047 3718 2118; x_wconf 91' lang='lat' dir='ltr'><strong>jam</strong></span> 
     </span>
    </p>
   </div>
   <div class='ocr_carea' id='block_1_49' title="bbox 2129 2135 3721 2208">
    <p class='ocr_par' dir='ltr' id='par_1_49' title="bbox 2129 2135 3721 2208">
     <span class='ocr_line' id='line_1_49' title="bbox 2129 2135 3721 2208; baseline 0.004 -19"><span class='ocrx_word' id='word_1_384' title='bbox 2129 2137 2251 2190; x_wconf 88' lang='lat' dir='ltr'><strong>talia</strong></span> <span class='ocrx_word' id='word_1_385' title='bbox 2281 2135 2544 2192; x_wconf 78' lang='lat' dir='ltr'><strong>factitare.</strong></span> <span class='ocrx_word' id='word_1_386' title='bbox 2572 2139 2771 2208; x_wconf 77' lang='lat' dir='ltr'><strong>Atquin</strong></span> <span class='ocrx_word' id='word_1_387' title='bbox 2812 2150 2863 2193; x_wconf 91' lang='lat' dir='ltr'><strong>et</strong></span> <span class='ocrx_word' id='word_1_388' title='bbox 2902 2138 3040 2193; x_wconf 88' lang='lat' dir='ltr'><strong>idem</strong></span> <span class='ocrx_word' id='word_1_389' title='bbox 3069 2154 3342 2204; x_wconf 86' lang='lat' dir='ltr'><strong>vocamur,</strong></span> <span class='ocrx_word' id='word_1_390' title='bbox 3372 2151 3424 2195; x_wconf 91' lang='lat' dir='ltr'><strong>et</strong></span> <span class='ocrx_word' id='word_1_391' title='bbox 3454 2142 3505 2193; x_wconf 94' lang='lat' dir='ltr'><strong>in</strong></span> <span class='ocrx_word' id='word_1_392' title='bbox 3535 2140 3721 2196; x_wconf 71' lang='lat' dir='ltr'><strong>iisdem</strong></span> 
     </span>
    </p>
   </div>
   <div class='ocr_carea' id='block_1_50' title="bbox 2125 2231 3722 2306">
    <p class='ocr_par' dir='ltr' id='par_1_50' title="bbox 2125 2231 3722 2306">
     <span class='ocr_line' id='line_1_50' title="bbox 2125 2231 3722 2306; baseline 0.002 -19"><span class='ocrx_word' id='word_1_393' title='bbox 2125 2232 2464 2301; x_wconf 86' lang='lat' dir='ltr'><strong>deputamur,</strong></span> <span class='ocrx_word' id='word_1_394' title='bbox 2498 2242 2550 2287; x_wconf 89' lang='lat' dir='ltr'><strong>et</strong></span> <span class='ocrx_word' id='word_1_395' title='bbox 2599 2231 2800 2303; x_wconf 8' lang='lat' dir='ltr'><strong>degdie</strong></span> <span class='ocrx_word' id='word_1_396' title='bbox 2846 2232 3240 2299; x_wconf 89' lang='lat' dir='ltr'><strong>redundamus;</strong></span> <span class='ocrx_word' id='word_1_397' title='bbox 3271 2249 3379 2305; x_wconf 92' lang='lat' dir='ltr'><strong>quo</strong></span> <span class='ocrx_word' id='word_1_398' title='bbox 3404 2233 3482 2306; x_wconf 70' lang='grc'><strong>(2)</strong></span> <span class='ocrx_word' id='word_1_399' title='bbox 3508 2234 3722 2305; x_wconf 83' lang='lat' dir='ltr'><strong>plures,</strong></span> 
     </span>
    </p>
   </div>
   <div class='ocr_carea' id='block_1_51' title="bbox 2128 2326 3729 2399">
    <p class='ocr_par' dir='ltr' id='par_1_51' title="bbox 2128 2326 3729 2399">
     <span class='ocr_line' id='line_1_51' title="bbox 2128 2326 3729 2399; baseline 0.001 -17"><span class='ocrx_word' id='word_1_400' title='bbox 2128 2329 2231 2383; x_wconf 90' lang='lat' dir='ltr'><strong>hoc</strong></span> <span class='ocrx_word' id='word_1_401' title='bbox 2262 2327 2501 2397; x_wconf 61' lang='lat' dir='ltr'><strong>pluribus</strong></span> <span class='ocrx_word' id='word_1_402' title='bbox 2530 2326 2732 2391; x_wconf 89' lang='lat' dir='ltr'><strong>odiosi;</strong></span> <span class='ocrx_word' id='word_1_403' title='bbox 2763 2327 2933 2399; x_wconf 87' lang='lat' dir='ltr'><strong>magis</strong></span> <span class='ocrx_word' id='word_1_404' title='bbox 2974 2328 3221 2383; x_wconf 85' lang='lat' dir='ltr'><strong>increscit</strong></span> <span class='ocrx_word' id='word_1_405' title='bbox 3263 2328 3479 2394; x_wconf 91' lang='lat' dir='ltr'><strong>odium,</strong></span> <span class='ocrx_word' id='word_1_406' title='bbox 3526 2328 3729 2384; x_wconf 82' lang='lat' dir='ltr'><strong>ini-res-</strong></span> 
     </span>
    </p>
   </div>
   <div class='ocr_carea' id='block_1_52' title="bbox 2125 2419 3727 2491">
    <p class='ocr_par' dir='ltr' id='par_1_52' title="bbox 2125 2419 3727 2491">
     <span class='ocr_line' id='line_1_52' title="bbox 2125 2419 3727 2491; baseline 0.001 -16"><span class='ocrx_word' id='word_1_407' title='bbox 2125 2430 2281 2475; x_wconf 85' lang='lat' dir='ltr'><strong>cente</strong></span> <span class='ocrx_word' id='word_1_408' title='bbox 2311 2419 2566 2480; x_wconf 85' lang='lat' dir='ltr'><strong>materia;</strong></span> <span class='ocrx_word' id='word_1_409' title='bbox 2600 2419 2913 2490; x_wconf 80' lang='lat' dir='ltr'><strong>proﬁciente</strong></span> <span class='ocrx_word' id='word_1_410' title='bbox 2939 2420 3280 2476; x_wconf 89' lang='lat' dir='ltr'><strong>multitudine</strong></span> <span class='ocrx_word' id='word_1_411' title='bbox 3307 2436 3520 2476; x_wconf 83' lang='lat' dir='ltr'><strong>reorum</strong></span> <span class='ocrx_word' id='word_1_412' title='bbox 3544 2463 3559 2486; x_wconf 90' lang='lat'><strong>,</strong></span> <span class='ocrx_word' id='word_1_413' title='bbox 3600 2420 3727 2491; x_wconf 90' lang='lat' dir='ltr'><strong>quid</strong></span> 
     </span>
    </p>
   </div>
   <div class='ocr_carea' id='block_1_53' title="bbox 2128 2512 3723 2595">
    <p class='ocr_par' dir='ltr' id='par_1_53' title="bbox 2128 2512 3723 2595">
     <span class='ocr_line' id='line_1_53' title="bbox 2128 2512 3723 2595; baseline 0 -27"><span class='ocrx_word' id='word_1_414' title='bbox 2128 2514 2197 2568; x_wconf 92' lang='lat' dir='ltr'><strong>ita</strong></span> <span class='ocrx_word' id='word_1_415' title='bbox 2226 2527 2333 2568; x_wconf 89' lang='lat' dir='ltr'><strong>non</strong></span> <span class='ocrx_word' id='word_1_416' title='bbox 2363 2512 2575 2584; x_wconf 83' lang='lat' dir='ltr'><strong>prolicit</strong></span> <span class='ocrx_word' id='word_1_417' title='bbox 2597 2513 2878 2568; x_wconf 85' lang='lat' dir='ltr'><strong>multitudo</strong></span> <span class='ocrx_word' id='word_1_418' title='bbox 2910 2514 3276 2595; x_wconf 77' lang='lat' dir='ltr'><strong>nuntiatqrum</strong></span> <span class='ocrx_word' id='word_1_419' title='bbox 3295 2515 3320 2567; x_wconf 68' lang='grc' dir='ltr'><strong>’ἒ</strong></span> <span class='ocrx_word' id='word_1_420' title='bbox 3343 2513 3496 2583; x_wconf 86' lang='lat' dir='ltr'><strong>Quod</strong></span> <span class='ocrx_word' id='word_1_421' title='bbox 3519 2515 3683 2568; x_wconf 85' lang='lat' dir='ltr'><strong>sciam</strong></span> <span class='ocrx_word' id='word_1_422' title='bbox 3708 2558 3723 2582; x_wconf 88' lang='lat'><strong>,</strong></span> 
     </span>
    </p>
   </div>
   <div class='ocr_carea' id='block_1_54' title="bbox 2128 2606 3724 2673">
    <p class='ocr_par' dir='ltr' id='par_1_54' title="bbox 2128 2606 3724 2673">
     <span class='ocr_line' id='line_1_54' title="bbox 2128 2606 3724 2673; baseline 0 -10"><span class='ocrx_word' id='word_1_423' title='bbox 2128 2616 2181 2663; x_wconf 89' lang='lat' dir='ltr'><strong>et</strong></span> <span class='ocrx_word' id='word_1_424' title='bbox 2206 2607 2544 2662; x_wconf 85' lang='lat' dir='ltr'><strong>conversatio</strong></span> <span class='ocrx_word' id='word_1_425' title='bbox 2571 2606 2747 2662; x_wconf 90' lang='lat' dir='ltr'><strong>notior</strong></span> <span class='ocrx_word' id='word_1_426' title='bbox 2772 2607 2912 2662; x_wconf 86' lang='lat' dir='ltr'><strong>facta</strong></span> <span class='ocrx_word' id='word_1_427' title='bbox 2942 2617 3057 2673; x_wconf 92' lang='lat' dir='ltr'><strong>est;</strong></span> <span class='ocrx_word' id='word_1_428' title='bbox 3094 2608 3241 2663; x_wconf 79' lang='lat' dir='ltr'><strong>scitis</strong></span> <span class='ocrx_word' id='word_1_429' title='bbox 3266 2615 3321 2661; x_wconf 89' lang='lat' dir='ltr'><strong>et</strong></span> <span class='ocrx_word' id='word_1_430' title='bbox 3345 2607 3461 2662; x_wconf 90' lang='lat' dir='ltr'><strong>dies</strong></span> <span class='ocrx_word' id='word_1_431' title='bbox 3487 2623 3724 2663; x_wconf 79' lang='lat' dir='ltr'><strong>conven-</strong></span> 
     </span>
    </p>
   </div>
   <div class='ocr_carea' id='block_1_55' title="bbox 2131 2700 3726 2773">
    <p class='ocr_par' dir='ltr' id='par_1_55' title="bbox 2131 2700 3726 2773">
     <span class='ocr_line' id='line_1_55' title="bbox 2131 2700 3726 2773; baseline -0.002 -15"><span class='ocrx_word' id='word_1_432' title='bbox 2131 2713 2279 2758; x_wconf 91' lang='lat' dir='ltr'><strong>tuum</strong></span> <span class='ocrx_word' id='word_1_433' title='bbox 2308 2712 2613 2757; x_wconf 90' lang='lat' dir='ltr'><strong>nostrorum</strong></span> <span class='ocrx_word' id='word_1_434' title='bbox 2635 2720 2648 2767; x_wconf 93' lang='lat'><strong>;</strong></span> <span class='ocrx_word' id='word_1_435' title='bbox 2675 2702 2852 2773; x_wconf 85' lang='lat' dir='ltr'><strong>itaque</strong></span> <span class='ocrx_word' id='word_1_436' title='bbox 2873 2712 2927 2756; x_wconf 91' lang='lat' dir='ltr'><strong>et</strong></span> <span class='ocrx_word' id='word_1_437' title='bbox 2947 2701 3263 2757; x_wconf 91' lang='lat' dir='ltr'><strong>obsidemur</strong></span> <span class='ocrx_word' id='word_1_438' title='bbox 3278 2709 3332 2756; x_wconf 89' lang='lat' dir='ltr'><strong>et</strong></span> <span class='ocrx_word' id='word_1_439' title='bbox 3351 2700 3726 2772; x_wconf 65' lang='lat' dir='ltr'><strong>oppiiimiinur,</strong></span> 
     </span>
    </p>
   </div>
   <div class='ocr_carea' id='block_1_56' title="bbox 2130 2792 3731 2865">
    <p class='ocr_par' dir='ltr' id='par_1_56' title="bbox 2130 2792 3731 2865">
     <span class='ocr_line' id='line_1_56' title="bbox 2130 2792 3731 2865; baseline -0.001 -14"><span class='ocrx_word' id='word_1_440' title='bbox 2130 2804 2187 2851; x_wconf 92' lang='lat' dir='ltr'><strong>et</strong></span> <span class='ocrx_word' id='word_1_441' title='bbox 2212 2797 2262 2848; x_wconf 89' lang='lat' dir='ltr'><strong>in</strong></span> <span class='ocrx_word' id='word_1_442' title='bbox 2291 2796 2419 2865; x_wconf 81' lang='lat' dir='ltr'><strong>ipsis</strong></span> <span class='ocrx_word' id='word_1_443' title='bbox 2445 2794 2658 2848; x_wconf 90' lang='lat' dir='ltr'><strong>arcanis</strong></span> <span class='ocrx_word' id='word_1_444' title='bbox 2687 2794 3195 2865; x_wconf 77' lang='lat' dir='ltr'><strong>congregationibus</strong></span> <span class='ocrx_word' id='word_1_445' title='bbox 3230 2794 3555 2849; x_wconf 87' lang='lat' dir='ltr'><strong>detinemur.</strong></span> <span class='ocrx_word' id='word_1_446' title='bbox 3599 2792 3731 2861; x_wconf 85' lang='lat' dir='ltr'><strong>Quis</strong></span> 
     </span>
    </p>
   </div>
   <div class='ocr_carea' id='block_1_57' title="bbox 2132 2884 3732 2959">
    <p class='ocr_par' dir='ltr' id='par_1_57' title="bbox 2132 2884 3732 2959">
     <span class='ocr_line' id='line_1_57' title="bbox 2132 2884 3732 2959; baseline -0.001 -17"><span class='ocrx_word' id='word_1_447' title='bbox 2132 2902 2366 2959; x_wconf 89' lang='lat' dir='ltr'><strong>unquam</strong></span> <span class='ocrx_word' id='word_1_448' title='bbox 2413 2895 2588 2941; x_wconf 90' lang='lat' dir='ltr'><strong>tamen</strong></span> <span class='ocrx_word' id='word_1_449' title='bbox 2635 2901 2847 2941; x_wconf 89' lang='lat' dir='ltr'><strong>semeso</strong></span> <span class='ocrx_word' id='word_1_450' title='bbox 2903 2885 3196 2958; x_wconf 85' lang='lat' dir='ltr'><strong>puero(c)</strong></span> <span class='ocrx_word' id='word_1_451' title='bbox 3226 2884 3573 2955; x_wconf 86' lang='lat' dir='ltr'><strong>supervenit?</strong></span> <span class='ocrx_word' id='word_1_452' title='bbox 3612 2885 3732 2953; x_wconf 79' lang='lat' dir='ltr'><strong>quis</strong></span> 
     </span>
    </p>
   </div>
   <div class='ocr_carea' id='block_1_58' title="bbox 2134 2978 3730 3053">
    <p class='ocr_par' dir='ltr' id='par_1_58' title="bbox 2134 2978 3730 3053">
     <span class='ocr_line' id='line_1_58' title="bbox 2134 2978 3730 3053; baseline -0.001 -18"><span class='ocrx_word' id='word_1_453' title='bbox 2134 2982 2187 3036; x_wconf 89' lang='lat' dir='ltr'><strong>in</strong></span> <span class='ocrx_word' id='word_1_454' title='bbox 2208 2988 2486 3035; x_wconf 89' lang='lat' dir='ltr'><strong>cruentato</strong></span> <span class='ocrx_word' id='word_1_455' title='bbox 2519 2995 2653 3049; x_wconf 88' lang='lat' dir='ltr'><strong>pane</strong></span> <span class='ocrx_word' id='word_1_456' title='bbox 2680 2981 2900 3053; x_wconf 87' lang='lat' dir='ltr'><strong>vestigia</strong></span> <span class='ocrx_word' id='word_1_457' title='bbox 2927 2979 3166 3035; x_wconf 86' lang='lat' dir='ltr'><strong>dentium</strong></span> <span class='ocrx_word' id='word_1_458' title='bbox 3196 2978 3588 3050; x_wconf 87' lang='lat' dir='ltr'><strong>deprehendit?</strong></span> <span class='ocrx_word' id='word_1_459' title='bbox 3609 2978 3730 3049; x_wconf 85' lang='lat' dir='ltr'><strong>quis</strong></span> 
     </span>
    </p>
   </div>
   <div class='ocr_carea' id='block_1_59' title="bbox 2136 3072 3728 3147">
    <p class='ocr_par' dir='ltr' id='par_1_59' title="bbox 2136 3072 3728 3147">
     <span class='ocr_line' id='line_1_59' title="bbox 2136 3072 3728 3147; baseline -0.004 -16"><span class='ocrx_word' id='word_1_460' title='bbox 2136 3077 2375 3132; x_wconf 90' lang='lat' dir='ltr'><strong>tenebris</strong></span> <span class='ocrx_word' id='word_1_461' title='bbox 2418 3076 2699 3147; x_wconf 77' lang='lat' dir='ltr'><strong>repentino</strong></span> <span class='ocrx_word' id='word_1_462' title='bbox 2727 3074 2929 3131; x_wconf 90' lang='lat' dir='ltr'><strong>lumine</strong></span> <span class='ocrx_word' id='word_1_463' title='bbox 2954 3073 3173 3144; x_wconf 89' lang='lat' dir='ltr'><strong>irruptis</strong></span> <span class='ocrx_word' id='word_1_464' title='bbox 3212 3072 3483 3128; x_wconf 87' lang='lat' dir='ltr'><strong>immunda</strong></span> <span class='ocrx_word' id='word_1_465' title='bbox 3522 3072 3728 3142; x_wconf 86' lang='lat' dir='ltr'><strong>aliqua,</strong></span> 
     </span>
    </p>
   </div>
   <div class='ocr_carea' id='block_1_60' title="bbox 427 3152 3733 3239">
    <p class='ocr_par' dir='ltr' id='par_1_60' title="bbox 427 3152 3733 3239">
     <span class='ocr_line' id='line_1_60' title="bbox 427 3152 3733 3239; baseline 0 -19"><span class='ocrx_word' id='word_1_466' title='bbox 427 3180 554 3220; x_wconf 89' lang='lat' dir='ltr'><strong>men</strong></span> <span class='ocrx_word' id='word_1_467' title='bbox 583 3164 720 3233; x_wconf 88' lang='lat' dir='ltr'><strong>apud</strong></span> <span class='ocrx_word' id='word_1_468' title='bbox 752 3178 847 3218; x_wconf 90' lang='lat' dir='ltr'><strong>vos</strong></span> <span class='ocrx_word' id='word_1_469' title='bbox 878 3162 1175 3234; x_wconf 73' lang='lat' dir='ltr'><strong>prudentia:</strong></span> <span class='ocrx_word' id='word_1_470' title='bbox 1201 3163 1376 3218; x_wconf 90' lang='lat' dir='ltr'><strong>locum</strong></span> <span class='ocrx_word' id='word_1_471' title='bbox 1410 3163 1660 3234; x_wconf 88' lang='lat' dir='ltr'><strong>iniquitas</strong></span> <span class='ocrx_word' id='word_1_472' title='bbox 1685 3164 2027 3234; x_wconf 86' lang='lat' dir='ltr'><strong>reliquisset,</strong></span> <span class='ocrx_word' id='word_1_473' title='bbox 2056 3152 2101 3215; x_wconf 88' lang='lat' dir='ltr'><strong>C</strong></span> <span class='ocrx_word' id='word_1_474' title='bbox 2136 3186 2204 3225; x_wconf 74' lang='lat' dir='ltr'><strong>ne</strong></span> <span class='ocrx_word' id='word_1_475' title='bbox 2224 3170 2451 3226; x_wconf 70' lang='lat' dir='ltr'><strong>dixerim</strong></span> <span class='ocrx_word' id='word_1_476' title='bbox 2498 3172 2722 3233; x_wconf 74' lang='lat' dir='ltr'><strong>incesta,</strong></span> <span class='ocrx_word' id='word_1_477' title='bbox 2776 3167 2992 3235; x_wconf 83' lang='lat' dir='ltr'><strong>indicia,</strong></span> <span class='ocrx_word' id='word_1_478' title='bbox 3016 3166 3362 3239; x_wconf 80' lang='lat' dir='ltr'><strong>recognovit?</strong></span> <span class='ocrx_word' id='word_1_479' title='bbox 3402 3166 3458 3223; x_wconf 90' lang='lat' dir='ltr'><strong>Si</strong></span> <span class='ocrx_word' id='word_1_480' title='bbox 3512 3166 3733 3237; x_wconf 69' lang='lat' dir='ltr'><strong>prtemio</strong></span> 
     </span>
    </p>
   </div>
   <div class='ocr_carea' id='block_1_61' title="bbox 428 3255 2034 3328">
    <p class='ocr_par' dir='ltr' id='par_1_61' title="bbox 428 3255 2034 3328">
     <span class='ocr_line' id='line_1_61' title="bbox 428 3255 2034 3328; baseline -0.001 -14"><span class='ocrx_word' id='word_1_481' title='bbox 428 3258 496 3314; x_wconf 86' lang='lat' dir='ltr'><strong>ad</strong></span> <span class='ocrx_word' id='word_1_482' title='bbox 524 3257 908 3328; x_wconf 82' lang='lat' dir='ltr'><strong>explorandam</strong></span> <span class='ocrx_word' id='word_1_483' title='bbox 941 3255 1094 3312; x_wconf 66' lang='lat' dir='ltr'><strong>famae</strong></span> <span class='ocrx_word' id='word_1_484' title='bbox 1126 3256 1308 3322; x_wconf 85' lang='lat' dir='ltr'><strong>tidem,</strong></span> <span class='ocrx_word' id='word_1_485' title='bbox 1332 3257 1514 3327; x_wconf 91' lang='lat' dir='ltr'><strong>utique</strong></span> <span class='ocrx_word' id='word_1_486' title='bbox 1538 3255 1745 3326; x_wconf 87' lang='lat' dir='ltr'><strong>justitia</strong></span> <span class='ocrx_word' id='word_1_487' title='bbox 1776 3256 2034 3327; x_wconf 87' lang='lat' dir='ltr'><strong>poscebat</strong></span> 
     </span>
    </p>
   </div>
   <div class='ocr_carea' id='block_1_62' title="bbox 430 3349 2033 3423">
    <p class='ocr_par' dir='ltr' id='par_1_62' title="bbox 430 3349 2033 3423">
     <span class='ocr_line' id='line_1_62' title="bbox 430 3349 2033 3423; baseline -0.001 -16"><span class='ocrx_word' id='word_1_488' title='bbox 430 3352 698 3423; x_wconf 90' lang='lat' dir='ltr'><strong>dispicere</strong></span> <span class='ocrx_word' id='word_1_489' title='bbox 718 3392 734 3416; x_wconf 93' lang='lat'><strong>,</strong></span> <span class='ocrx_word' id='word_1_490' title='bbox 767 3366 794 3404; x_wconf 90' lang='lat' dir='ltr'><strong>a</strong></span> <span class='ocrx_word' id='word_1_491' title='bbox 823 3350 1017 3421; x_wconf 88' lang='lat' dir='ltr'><strong>quibus</strong></span> <span class='ocrx_word' id='word_1_492' title='bbox 1047 3350 1311 3421; x_wconf 78' lang='lat' dir='ltr'><strong>potuisset</strong></span> <span class='ocrx_word' id='word_1_493' title='bbox 1337 3350 1477 3403; x_wconf 84' lang='lat' dir='ltr'><strong>fama</strong></span> <span class='ocrx_word' id='word_1_494' title='bbox 1507 3349 1561 3403; x_wconf 92' lang='lat' dir='ltr'><strong>in</strong></span> <span class='ocrx_word' id='word_1_495' title='bbox 1607 3349 1830 3420; x_wconf 90' lang='lat' dir='ltr'><strong>vulgus,</strong></span> <span class='ocrx_word' id='word_1_496' title='bbox 1875 3357 1931 3405; x_wconf 91' lang='lat' dir='ltr'><strong>et</strong></span> <span class='ocrx_word' id='word_1_497' title='bbox 1959 3349 2033 3405; x_wconf 91' lang='lat' dir='ltr'><strong>ita</strong></span> 
     </span>
    </p>
   </div>
   <div class='ocr_carea' id='block_1_63' title="bbox 430 3440 2032 3511">
    <p class='ocr_par' dir='ltr' id='par_1_63' title="bbox 430 3440 2032 3511">
     <span class='ocr_line' id='line_1_63' title="bbox 430 3440 2032 3511; baseline -0.002 -10"><span class='ocrx_word' id='word_1_498' title='bbox 430 3445 488 3501; x_wconf 90' lang='lat' dir='ltr'><strong>in</strong></span> <span class='ocrx_word' id='word_1_499' title='bbox 520 3455 688 3501; x_wconf 89' lang='lat' dir='ltr'><strong>totum</strong></span> <span class='ocrx_word' id='word_1_500' title='bbox 713 3444 899 3501; x_wconf 89' lang='lat' dir='ltr'><strong>orbem</strong></span> <span class='ocrx_word' id='word_1_501' title='bbox 926 3444 1062 3498; x_wconf 87' lang='lat' dir='ltr'><strong>dari.</strong></span> <span class='ocrx_word' id='word_1_502' title='bbox 1098 3443 1179 3498; x_wconf 85' lang='lat' dir='ltr'><strong>Ab</strong></span> <span class='ocrx_word' id='word_1_503' title='bbox 1207 3442 1337 3511; x_wconf 87' lang='lat' dir='ltr'><strong>ipsis</strong></span> <span class='ocrx_word' id='word_1_504' title='bbox 1382 3440 1526 3497; x_wconf 91' lang='lat' dir='ltr'><strong>enim</strong></span> <span class='ocrx_word' id='word_1_505' title='bbox 1567 3441 1885 3498; x_wconf 87' lang='lat' dir='ltr'><strong>Christianis</strong></span> <span class='ocrx_word' id='word_1_506' title='bbox 1923 3458 2032 3498; x_wconf 91' lang='lat' dir='ltr'><strong>non</strong></span> 
     </span>
    </p>
   </div>
   <div class='ocr_carea' id='block_1_64' title="bbox 431 3536 2035 3611">
    <p class='ocr_par' dir='ltr' id='par_1_64' title="bbox 431 3536 2035 3611">
     <span class='ocr_line' id='line_1_64' title="bbox 431 3536 2035 3611; baseline -0.004 -13"><span class='ocrx_word' id='word_1_507' title='bbox 431 3540 646 3611; x_wconf 89' lang='lat' dir='ltr'><strong>opinor,</strong></span> <span class='ocrx_word' id='word_1_508' title='bbox 687 3554 810 3595; x_wconf 88' lang='lat' dir='ltr'><strong>cum</strong></span> <span class='ocrx_word' id='word_1_509' title='bbox 854 3537 937 3592; x_wconf 90' lang='lat' dir='ltr'><strong>vel</strong></span> <span class='ocrx_word' id='word_1_510' title='bbox 981 3552 1053 3593; x_wconf 89' lang='lat' dir='ltr'><strong>ex</strong></span> <span class='ocrx_word' id='word_1_511' title='bbox 1103 3537 1269 3592; x_wconf 86' lang='lat' dir='ltr'><strong>forma</strong></span> <span class='ocrx_word' id='word_1_512' title='bbox 1297 3551 1362 3592; x_wconf 89' lang='lat' dir='ltr'><strong>ac</strong></span> <span class='ocrx_word' id='word_1_513' title='bbox 1400 3536 1517 3605; x_wconf 79' lang='lat' dir='ltr'><strong>lege</strong></span> <span class='ocrx_word' id='word_1_514' title='bbox 1556 3536 2035 3608; x_wconf 59' lang='lat' dir='ltr'><strong>omniumanyste-</strong></span> 
     </span>
    </p>
   </div>
   <div class='ocr_carea' id='block_1_65' title="bbox 433 3627 2031 3699">
    <p class='ocr_par' dir='ltr' id='par_1_65' title="bbox 433 3627 2031 3699">
     <span class='ocr_line' id='line_1_65' title="bbox 433 3627 2031 3699; baseline -0.003 -11"><span class='ocrx_word' id='word_1_515' title='bbox 433 3632 638 3688; x_wconf 85' lang='lat' dir='ltr'><strong>riorum</strong></span> <span class='ocrx_word' id='word_1_516' title='bbox 670 3629 869 3686; x_wconf 81' lang='lat' dir='ltr'><strong>silentii</strong></span> <span class='ocrx_word' id='word_1_517' title='bbox 897 3628 1030 3685; x_wconf 84' lang='lat' dir='ltr'><strong>ﬁdes</strong></span> <span class='ocrx_word' id='word_1_518' title='bbox 1058 3628 1351 3695; x_wconf 87' lang='lat' dir='ltr'><strong>debeatur;</strong></span> <span class='ocrx_word' id='word_1_519' title='bbox 1381 3637 1582 3699; x_wconf 89' lang='lat' dir='ltr'><strong>quanto</strong></span> <span class='ocrx_word' id='word_1_520' title='bbox 1608 3630 1776 3699; x_wconf 86' lang='lat' dir='ltr'><strong>magis</strong></span> <span class='ocrx_word' id='word_1_521' title='bbox 1806 3627 1991 3684; x_wconf 91' lang='lat' dir='ltr'><strong>talium</strong></span> <span class='ocrx_word' id='word_1_522' title='bbox 2015 3670 2031 3695; x_wconf 92' lang='lat'><strong>,</strong></span> 
     </span>
    </p>
   </div>
   <div class='ocr_carea' id='block_1_66' title="bbox 433 3722 2030 3799">
    <p class='ocr_par' dir='ltr' id='par_1_66' title="bbox 433 3722 2030 3799">
     <span class='ocr_line' id='line_1_66' title="bbox 433 3722 2030 3799; baseline -0.004 -15"><span class='ocrx_word' id='word_1_523' title='bbox 433 3741 557 3799; x_wconf 76' lang='lat' dir='ltr'><strong>quae</strong></span> <span class='ocrx_word' id='word_1_524' title='bbox 609 3725 821 3796; x_wconf 90' lang='lat' dir='ltr'><strong>prodita</strong></span> <span class='ocrx_word' id='word_1_525' title='bbox 868 3740 976 3779; x_wconf 91' lang='lat' dir='ltr'><strong>non</strong></span> <span class='ocrx_word' id='word_1_526' title='bbox 1029 3725 1293 3781; x_wconf 84' lang='lat' dir='ltr'><strong>evitarent</strong></span> <span class='ocrx_word' id='word_1_527' title='bbox 1345 3722 1557 3778; x_wconf 90' lang='lat' dir='ltr'><strong>interim</strong></span> <span class='ocrx_word' id='word_1_528' title='bbox 1617 3723 1852 3778; x_wconf 88' lang='lat' dir='ltr'><strong>humana</strong></span> <span class='ocrx_word' id='word_1_529' title='bbox 1912 3723 2030 3778; x_wconf 86' lang='lat' dir='ltr'><strong>aui-</strong></span> 
     </span>
    </p>
   </div>
   <div class='ocr_carea' id='block_1_67' title="bbox 432 3809 2034 3888">
    <p class='ocr_par' dir='ltr' id='par_1_67' title="bbox 432 3809 2034 3888">
     <span class='ocr_line' id='line_1_67' title="bbox 432 3809 2034 3888; baseline -0.004 -11"><span class='ocrx_word' id='word_1_530' title='bbox 432 3818 812 3877; x_wconf 86' lang='lat' dir='ltr'><strong>madversione</strong></span> <span class='ocrx_word' id='word_1_531' title='bbox 873 3829 1304 3888; x_wconf 71' lang='lat' dir='ltr'><strong>pmsentaneum</strong></span> <span class='ocrx_word' id='word_1_532' title='bbox 1366 3817 1731 3888; x_wconf 87' lang='lat' dir='ltr'><strong>supplicium?</strong></span> <span class='ocrx_word' id='word_1_533' title='bbox 1787 3809 1843 3873; x_wconf 87' lang='lat' dir='ltr'><strong>Si</strong></span> <span class='ocrx_word' id='word_1_534' title='bbox 1904 3832 2034 3887; x_wconf 89' lang='lat' dir='ltr'><strong>ergo</strong></span> 
     </span>
    </p>
   </div>
   <div class='ocr_carea' id='block_1_68' title="bbox 322 3909 2038 3989">
    <p class='ocr_par' dir='ltr' id='par_1_68' title="bbox 322 3909 2038 3989">
     <span class='ocr_line' id='line_1_68' title="bbox 322 3909 2038 3989; baseline -0.004 -16"><span class='ocrx_word' id='word_1_535' title='bbox 322 3925 359 3965; x_wconf 61' lang='grc' dir='ltr'>υ</span> <span class='ocrx_word' id='word_1_536' title='bbox 432 3930 543 3974; x_wconf 88' lang='lat' dir='ltr'><strong>non</strong></span> <span class='ocrx_word' id='word_1_537' title='bbox 582 3915 683 3986; x_wconf 92' lang='lat' dir='ltr'><strong>ipsi</strong></span> <span class='ocrx_word' id='word_1_538' title='bbox 725 3913 1027 3985; x_wconf 90' lang='lat' dir='ltr'><strong>proditores</strong></span> <span class='ocrx_word' id='word_1_539' title='bbox 1065 3914 1170 3977; x_wconf 87' lang='lat' dir='ltr'><strong>sui,</strong></span> <span class='ocrx_word' id='word_1_540' title='bbox 1216 3910 1471 3989; x_wconf 73' lang='lat' dir='ltr'><strong>sequitur</strong></span> <span class='ocrx_word' id='word_1_541' title='bbox 1520 3919 1577 3965; x_wconf 90' lang='lat' dir='ltr'><strong>ut</strong></span> <span class='ocrx_word' id='word_1_542' title='bbox 1612 3910 1876 3967; x_wconf 82' lang='lat' dir='ltr'><strong>extranei.</strong></span> <span class='ocrx_word' id='word_1_543' title='bbox 1928 3909 2038 3966; x_wconf 90' lang='lat' dir='ltr'><strong>Oro</strong></span> 
     </span>
    </p>
   </div>
   <div class='ocr_carea' id='block_1_69' title="bbox 434 4000 2040 4076">
    <p class='ocr_par' dir='ltr' id='par_1_69' title="bbox 434 4000 2040 4076">
     <span class='ocr_line' id='line_1_69' title="bbox 434 4000 2040 4076; baseline -0.004 -11"><span class='ocrx_word' id='word_1_544' title='bbox 434 4021 534 4066; x_wconf 87' lang='lat' dir='ltr'><strong>vos</strong></span> <span class='ocrx_word' id='word_1_545' title='bbox 561 4050 577 4076; x_wconf 89' lang='lat'><strong>,</strong></span> <span class='ocrx_word' id='word_1_546' title='bbox 630 4007 901 4063; x_wconf 76' lang='lat' dir='ltr'><strong>extraneis</strong></span> <span class='ocrx_word' id='word_1_547' title='bbox 948 4004 1090 4062; x_wconf 92' lang='lat' dir='ltr'><strong>unde</strong></span> <span class='ocrx_word' id='word_1_548' title='bbox 1139 4000 1331 4060; x_wconf 87' lang='lat' dir='ltr'><strong>notitia</strong></span> <span class='ocrx_word' id='word_1_549' title='bbox 1367 4045 1381 4070; x_wconf 90' lang='lat'><strong>,</strong></span> <span class='ocrx_word' id='word_1_550' title='bbox 1420 4018 1553 4076; x_wconf 43' lang='lat' dir='ltr'><strong>,cum</strong></span> <span class='ocrx_word' id='word_1_551' title='bbox 1606 4006 1769 4067; x_wconf 84' lang='lat' dir='ltr'><strong>etiam</strong></span> <span class='ocrx_word' id='word_1_552' title='bbox 1804 4002 1944 4073; x_wconf 89' lang='lat' dir='ltr'><strong>justa</strong></span> <span class='ocrx_word' id='word_1_553' title='bbox 1983 4013 2040 4059; x_wconf 90' lang='lat' dir='ltr'><strong>et</strong></span> 
     </span>
    </p>
   </div>
   <div class='ocr_carea' id='block_1_70' title="bbox 2137 3260 3734 3334">
    <p class='ocr_par' dir='ltr' id='par_1_70' title="bbox 2137 3260 3734 3334">
     <span class='ocr_line' id='line_1_70' title="bbox 2137 3260 3734 3334; baseline -0.003 -15"><span class='ocrx_word' id='word_1_554' title='bbox 2137 3266 2507 3334; x_wconf 80' lang='lat' dir='ltr'><strong>impetramus,</strong></span> <span class='ocrx_word' id='word_1_555' title='bbox 2538 3278 2608 3318; x_wconf 90' lang='lat' dir='ltr'><strong>ne</strong></span> <span class='ocrx_word' id='word_1_556' title='bbox 2638 3261 2770 3317; x_wconf 88' lang='lat' dir='ltr'><strong>tales</strong></span> <span class='ocrx_word' id='word_1_557' title='bbox 2796 3262 2847 3315; x_wconf 92' lang='lat' dir='ltr'><strong>in</strong></span> <span class='ocrx_word' id='word_1_558' title='bbox 2871 3260 3141 3331; x_wconf 89' lang='lat' dir='ltr'><strong>publicum</strong></span> <span class='ocrx_word' id='word_1_559' title='bbox 3168 3260 3539 3323; x_wconf 89' lang='lat' dir='ltr'><strong>extrahamur,</strong></span> <span class='ocrx_word' id='word_1_560' title='bbox 3569 3273 3734 3328; x_wconf 86' lang='lat' dir='ltr'><strong>quare</strong></span> 
     </span>
    </p>
   </div>
   <div class='ocr_carea' id='block_1_71' title="bbox 2136 3349 3730 3426">
    <p class='ocr_par' dir='ltr' id='par_1_71' title="bbox 2136 3349 3730 3426">
     <span class='ocr_line' id='line_1_71' title="bbox 2136 3349 3730 3426; baseline -0.004 -15"><span class='ocrx_word' id='word_1_561' title='bbox 2136 3366 2190 3411; x_wconf 88' lang='lat' dir='ltr'><strong>et</strong></span> <span class='ocrx_word' id='word_1_562' title='bbox 2235 3355 2627 3426; x_wconf 87' lang='lat' dir='ltr'><strong>opprimimur?</strong></span> <span class='ocrx_word' id='word_1_563' title='bbox 2671 3353 2963 3408; x_wconf 82' lang='lat' dir='ltr'><strong>Possumus</strong></span> <span class='ocrx_word' id='word_1_564' title='bbox 2999 3363 3054 3406; x_wconf 91' lang='lat' dir='ltr'><strong>ct</strong></span> <span class='ocrx_word' id='word_1_565' title='bbox 3093 3352 3313 3407; x_wconf 88' lang='lat' dir='ltr'><strong>omnino</strong></span> <span class='ocrx_word' id='word_1_566' title='bbox 3355 3367 3461 3405; x_wconf 90' lang='lat' dir='ltr'><strong>non</strong></span> <span class='ocrx_word' id='word_1_567' title='bbox 3488 3349 3730 3416; x_wconf 68' lang='lat' dir='ltr'><strong>extrahi;</strong></span> 
     </span>
    </p>
   </div>
   <div class='ocr_carea' id='block_1_72' title="bbox 2135 3443 3734 3518">
    <p class='ocr_par' dir='ltr' id='par_1_72' title="bbox 2135 3443 3734 3518">
     <span class='ocr_line' id='line_1_72' title="bbox 2135 3443 3734 3518; baseline -0.003 -16"><span class='ocrx_word' id='word_1_568' title='bbox 2135 3447 2257 3518; x_wconf 89' lang='lat' dir='ltr'><strong>quis</strong></span> <span class='ocrx_word' id='word_1_569' title='bbox 2277 3444 2420 3502; x_wconf 92' lang='lat' dir='ltr'><strong>enim</strong></span> <span class='ocrx_word' id='word_1_570' title='bbox 2452 3444 2809 3515; x_wconf 90' lang='lat' dir='ltr'><strong>proditionem</strong></span> <span class='ocrx_word' id='word_1_571' title='bbox 2835 3443 3077 3499; x_wconf 89' lang='lat' dir='ltr'><strong>criminis</strong></span> <span class='ocrx_word' id='word_1_572' title='bbox 3104 3443 3329 3512; x_wconf 83' lang='lat' dir='ltr'><strong>alicujus</strong></span> <span class='ocrx_word' id='word_1_573' title='bbox 3354 3443 3471 3498; x_wconf 91' lang='lat' dir='ltr'><strong>sine</strong></span> <span class='ocrx_word' id='word_1_574' title='bbox 3507 3443 3734 3498; x_wconf 89' lang='lat' dir='ltr'><strong>crimine</strong></span> 
     </span>
    </p>
   </div>
   <div class='ocr_carea' id='block_1_73' title="bbox 2137 3533 3735 3617">
    <p class='ocr_par' dir='ltr' id='par_1_73' title="bbox 2137 3533 3735 3617">
     <span class='ocr_line' id='line_1_73' title="bbox 2137 3533 3735 3617; baseline -0.003 -21"><span class='ocrx_word' id='word_1_575' title='bbox 2137 3541 2254 3612; x_wconf 91' lang='lat' dir='ltr'><strong>ipso</strong></span> <span class='ocrx_word' id='word_1_576' title='bbox 2300 3547 2392 3594; x_wconf 88' lang='lat' dir='ltr'><strong>aut</strong></span> <span class='ocrx_word' id='word_1_577' title='bbox 2435 3537 2616 3593; x_wconf 88' lang='lat' dir='ltr'><strong>vendit</strong></span> <span class='ocrx_word' id='word_1_578' title='bbox 2663 3545 2756 3591; x_wconf 89' lang='lat' dir='ltr'><strong>aut</strong></span> <span class='ocrx_word' id='word_1_579' title='bbox 2811 3535 3067 3592; x_wconf 87' lang='lat' dir='ltr'><strong>redimit?</strong></span> <span class='ocrx_word' id='word_1_580' title='bbox 3115 3535 3221 3617; x_wconf 80' lang='lat' dir='ltr'><strong>Sed</strong></span> <span class='ocrx_word' id='word_1_581' title='bbox 3273 3533 3400 3606; x_wconf 90' lang='lat' dir='ltr'><strong>quid</strong></span> <span class='ocrx_word' id='word_1_582' title='bbox 3464 3537 3735 3592; x_wconf 89' lang='lat' dir='ltr'><strong>extraneis</strong></span> 
     </span>
    </p>
   </div>
   <div class='ocr_carea' id='block_1_74' title="bbox 2136 3627 3737 3704">
    <p class='ocr_par' dir='ltr' id='par_1_74' title="bbox 2136 3627 3737 3704">
     <span class='ocr_line' id='line_1_74' title="bbox 2136 3627 3737 3704; baseline -0.004 -15"><span class='ocrx_word' id='word_1_583' title='bbox 2136 3632 2561 3704; x_wconf 90' lang='lat' dir='ltr'><strong>speculatoribus</strong></span> <span class='ocrx_word' id='word_1_584' title='bbox 2586 3641 2633 3687; x_wconf 93' lang='lat' dir='ltr'><strong>et</strong></span> <span class='ocrx_word' id='word_1_585' title='bbox 2662 3631 2925 3687; x_wconf 86' lang='lat' dir='ltr'><strong>indicibus</strong></span> <span class='ocrx_word' id='word_1_586' title='bbox 2952 3629 3245 3684; x_wconf 87' lang='lat' dir='ltr'><strong>detractem</strong></span> <span class='ocrx_word' id='word_1_587' title='bbox 3266 3673 3284 3694; x_wconf 83' lang='lat'><strong>,</strong></span> <span class='ocrx_word' id='word_1_588' title='bbox 3316 3628 3404 3699; x_wconf 88' lang='lat' dir='ltr'><strong>qui</strong></span> <span class='ocrx_word' id='word_1_589' title='bbox 3443 3628 3569 3682; x_wconf 88' lang='lat' dir='ltr'><strong>talia</strong></span> <span class='ocrx_word' id='word_1_590' title='bbox 3599 3627 3737 3696; x_wconf 85' lang='lat' dir='ltr'><strong>obji-</strong></span> 
     </span>
    </p>
   </div>
   <div class='ocr_carea' id='block_1_75' title="bbox 2137 3720 3735 3797">
    <p class='ocr_par' dir='ltr' id='par_1_75' title="bbox 2137 3720 3735 3797">
     <span class='ocr_line' id='line_1_75' title="bbox 2137 3720 3735 3797; baseline -0.004 -15"><span class='ocrx_word' id='word_1_591' title='bbox 2137 3728 2291 3782; x_wconf 87' lang='lat' dir='ltr'><strong>ciatis</strong></span> <span class='ocrx_word' id='word_1_592' title='bbox 2315 3767 2331 3794; x_wconf 91' lang='lat'><strong>,</strong></span> <span class='ocrx_word' id='word_1_593' title='bbox 2359 3742 2480 3797; x_wconf 65' lang='lat' dir='ltr'><strong>quae</strong></span> <span class='ocrx_word' id='word_1_594' title='bbox 2519 3741 2625 3780; x_wconf 83' lang='lat' dir='ltr'><strong>non</strong></span> <span class='ocrx_word' id='word_1_595' title='bbox 2652 3727 2719 3781; x_wconf 88' lang='lat' dir='ltr'><strong>ab</strong></span> <span class='ocrx_word' id='word_1_596' title='bbox 2749 3726 2876 3795; x_wconf 59' lang='lat' dir='ltr'><strong>ipsis</strong></span> <span class='ocrx_word' id='word_1_597' title='bbox 2892 3725 3060 3781; x_wconf 66' lang='lat' dir='ltr'><strong>nobis</strong></span> <span class='ocrx_word' id='word_1_598' title='bbox 3087 3739 3210 3781; x_wconf 91' lang='lat' dir='ltr'><strong>cum</strong></span> <span class='ocrx_word' id='word_1_599' title='bbox 3243 3724 3478 3777; x_wconf 86' lang='lat' dir='ltr'><strong>maxima</strong></span> <span class='ocrx_word' id='word_1_600' title='bbox 3531 3720 3735 3775; x_wconf 86' lang='lat' dir='ltr'><strong>vocife-</strong></span> 
     </span>
    </p>
   </div>
   <div class='ocr_carea' id='block_1_76' title="bbox 2137 3814 3739 3890">
    <p class='ocr_par' dir='ltr' id='par_1_76' title="bbox 2137 3814 3739 3890">
     <span class='ocr_line' id='line_1_76' title="bbox 2137 3814 3739 3890; baseline -0.002 -17"><span class='ocrx_word' id='word_1_601' title='bbox 2137 3820 2347 3875; x_wconf 86' lang='lat' dir='ltr'><strong>ratione</strong></span> <span class='ocrx_word' id='word_1_602' title='bbox 2376 3820 2732 3890; x_wconf 89' lang='lat' dir='ltr'><strong>publicentur,</strong></span> <span class='ocrx_word' id='word_1_603' title='bbox 2783 3826 2873 3871; x_wconf 92' lang='lat' dir='ltr'><strong>aut</strong></span> <span class='ocrx_word' id='word_1_604' title='bbox 2916 3819 3097 3872; x_wconf 87' lang='lat' dir='ltr'><strong>statim</strong></span> <span class='ocrx_word' id='word_1_605' title='bbox 3131 3816 3341 3882; x_wconf 89' lang='lat' dir='ltr'><strong>audita,</strong></span> <span class='ocrx_word' id='word_1_606' title='bbox 3375 3816 3419 3869; x_wconf 87' lang='lat' dir='ltr'><strong>si</strong></span> <span class='ocrx_word' id='word_1_607' title='bbox 3449 3814 3595 3884; x_wconf 87' lang='lat' dir='ltr'><strong>prius</strong></span> <span class='ocrx_word' id='word_1_608' title='bbox 3639 3814 3739 3869; x_wconf 85' lang='lat' dir='ltr'><strong>de-</strong></span> 
     </span>
    </p>
   </div>
   <div class='ocr_carea' id='block_1_77' title="bbox 2139 3906 3739 3981">
    <p class='ocr_par' dir='ltr' id='par_1_77' title="bbox 2139 3906 3739 3981">
     <span class='ocr_line' id='line_1_77' title="bbox 2139 3906 3739 3981; baseline -0.004 -15"><span class='ocrx_word' id='word_1_609' title='bbox 2139 3921 2530 3978; x_wconf 89' lang='lat' dir='ltr'><strong>monstrantur,</strong></span> <span class='ocrx_word' id='word_1_610' title='bbox 2560 3921 2653 3966; x_wconf 89' lang='lat' dir='ltr'><strong>ant</strong></span> <span class='ocrx_word' id='word_1_611' title='bbox 2681 3920 2863 3981; x_wconf 87' lang='lat' dir='ltr'><strong>postea</strong></span> <span class='ocrx_word' id='word_1_612' title='bbox 2894 3917 3129 3979; x_wconf 80' lang='lat' dir='ltr'><strong>reperta,</strong></span> <span class='ocrx_word' id='word_1_613' title='bbox 3157 3910 3201 3961; x_wconf 93' lang='lat' dir='ltr'><strong>si</strong></span> <span class='ocrx_word' id='word_1_614' title='bbox 3231 3908 3442 3963; x_wconf 84' lang='lat' dir='ltr'><strong>interim</strong></span> <span class='ocrx_word' id='word_1_615' title='bbox 3474 3906 3739 3962; x_wconf 83' lang='lat' dir='ltr'><strong>celentur?</strong></span> 
     </span>
    </p>
   </div>
   <div class='ocr_carea' id='block_1_78' title="bbox 2144 3986 3741 4069">
    <p class='ocr_par' dir='ltr' id='par_1_78' title="bbox 2144 3986 3741 4069">
     <span class='ocr_line' id='line_1_78' title="bbox 2144 3986 3741 4069; baseline -0.004 -9"><span class='ocrx_word' id='word_1_616' title='bbox 2144 4003 2272 4060; x_wconf 90' lang='lat' dir='ltr'><strong>Sine</strong></span> <span class='ocrx_word' id='word_1_617' title='bbox 2315 4002 2480 4059; x_wconf 90' lang='lat' dir='ltr'><strong>dubio</strong></span> <span class='ocrx_word' id='word_1_618' title='bbox 2526 4006 2670 4060; x_wconf 88' lang='lat' dir='ltr'><strong>enim</strong></span> <span class='ocrx_word' id='word_1_619' title='bbox 2714 4002 2977 4059; x_wconf 89' lang='lat' dir='ltr'><strong>initiatum</strong></span> <span class='ocrx_word' id='word_1_620' title='bbox 3006 3999 3309 4058; x_wconf 90' lang='lat' dir='ltr'><strong>volentibus</strong></span> <span class='ocrx_word' id='word_1_621' title='bbox 3336 3986 3454 4055; x_wconf 84' lang='lat' dir='ltr'><strong>mos</strong></span> <span class='ocrx_word' id='word_1_622' title='bbox 3480 4010 3561 4055; x_wconf 69' lang='grc' dir='ltr'><strong>(εει</strong></span> <span class='ocrx_word' id='word_1_623' title='bbox 3590 3998 3741 4069; x_wconf 90' lang='lat' dir='ltr'><strong>prius</strong></span> 
     </span>
    </p>
   </div>
   <div class='ocr_carea' id='block_1_79' title="bbox 1648 4140 2474 4201">
    <p class='ocr_par' dir='ltr' id='par_1_79' title="bbox 1648 4140 2474 4201">
     <span class='ocr_line' id='line_1_79' title="bbox 1648 4140 2474 4201; baseline 0.004 -5"><span class='ocrx_word' id='word_1_624' title='bbox 1648 4140 2028 4200; x_wconf 82' lang='lat' dir='ltr'><strong>LECTIONES</strong></span> <span class='ocrx_word' id='word_1_625' title='bbox 2064 4141 2474 4201; x_wconf 78' lang='lat' dir='ltr'><strong>VARIANTES.</strong></span> 
     </span>
    </p>
   </div>
   <div class='ocr_carea' id='block_1_80' title="bbox 502 4257 1706 4329">
    <p class='ocr_par' dir='ltr' id='par_1_80' title="bbox 502 4257 1706 4329">
     <span class='ocr_line' id='line_1_80' title="bbox 502 4257 1706 4329; baseline -0.009 -13"><span class='ocrx_word' id='word_1_626' title='bbox 502 4264 580 4327; x_wconf 85' lang='grc' dir='ltr'><strong>(ι)</strong></span> <span class='ocrx_word' id='word_1_627' title='bbox 612 4257 791 4329; x_wconf 78' lang='lat' dir='ltr'><strong>Rigalt.</strong></span> <span class='ocrx_word' id='word_1_628' title='bbox 813 4275 911 4312; x_wconf 88' lang='lat' dir='ltr'><strong>non</strong></span> <span class='ocrx_word' id='word_1_629' title='bbox 927 4268 980 4313; x_wconf 90' lang='lat' dir='ltr'><strong>et</strong></span> <span class='ocrx_word' id='word_1_630' title='bbox 1001 4261 1214 4326; x_wconf 90' lang='lat' dir='ltr'><strong>probare</strong></span> <span class='ocrx_word' id='word_1_631' title='bbox 1236 4287 1292 4297; x_wconf 96' lang='lat'>—</span> <span class='ocrx_word' id='word_1_632' title='bbox 1316 4267 1370 4310; x_wconf 88' lang='lat' dir='ltr'><strong>et</strong></span> <span class='ocrx_word' id='word_1_633' title='bbox 1392 4271 1491 4309; x_wconf 93' lang='lat' dir='ltr'><strong>non</strong></span> <span class='ocrx_word' id='word_1_634' title='bbox 1514 4257 1706 4309; x_wconf 87' lang='lat' dir='ltr'><strong>videre.</strong></span> 
     </span>
    </p>
   </div>
   <div class='ocr_carea' id='block_1_81' title="bbox 2205 4258 2657 4329">
    <p class='ocr_par' dir='ltr' id='par_1_81' title="bbox 2205 4258 2657 4329">
     <span class='ocr_line' id='line_1_81' title="bbox 2205 4258 2657 4329; baseline 0 -18"><span class='ocrx_word' id='word_1_635' title='bbox 2205 4258 2279 4326; x_wconf 70' lang='grc' dir='ltr'><strong>(Ξ)</strong></span> <span class='ocrx_word' id='word_1_636' title='bbox 2315 4260 2421 4329; x_wconf 80' lang='lat' dir='ltr'><strong>Rig.</strong></span> <span class='ocrx_word' id='word_1_637' title='bbox 2450 4262 2597 4327; x_wconf 89' lang='lat' dir='ltr'><strong>quod.</strong></span> <span class='ocrx_word' id='word_1_638' title='bbox 2648 4288 2657 4297; x_wconf 71' lang='grc' dir='ltr'><em>ι</em></span> 
     </span>
    </p>
   </div>
   <div class='ocr_carea' id='block_1_82' title="bbox 1812 4363 2365 4426">
    <p class='ocr_par' dir='ltr' id='par_1_82' title="bbox 1812 4363 2365 4426">
     <span class='ocr_line' id='line_1_82' title="bbox 1812 4363 2365 4426; baseline 0.005 -6"><span class='ocrx_word' id='word_1_639' title='bbox 1812 4363 2365 4426; x_wconf 81' lang='lat' dir='ltr'><strong>COMMENTARIUS.</strong></span> 
     </span>
    </p>
   </div>
   <div class='ocr_carea' id='block_1_83' title="bbox 436 4478 2030 4560">
    <p class='ocr_par' dir='ltr' id='par_1_83' title="bbox 436 4478 2030 4560">
     <span class='ocr_line' id='line_1_83' title="bbox 436 4478 2030 4560; baseline -0.006 -17"><span class='ocrx_word' id='word_1_640' title='bbox 436 4489 467 4506; x_wconf 87' lang='lat'>&quot;</span> <span class='ocrx_word' id='word_1_641' title='bbox 512 4487 595 4560; x_wconf 82' lang='lat' dir='ltr'><strong>(a)</strong></span> <span class='ocrx_word' id='word_1_642' title='bbox 621 4485 835 4560; x_wconf 77' lang='lat' dir='ltr'><strong>Qualem</strong></span> <span class='ocrx_word' id='word_1_643' title='bbox 862 4484 1165 4560; x_wconf 60' lang='lat' dir='ltr'><strong>prodigium.</strong></span> <span class='ocrx_word' id='word_1_644' title='bbox 1207 4479 1508 4560; x_wconf 56' lang='lat' dir='ltr'><strong>Erodiciam</strong></span> <span class='ocrx_word' id='word_1_645' title='bbox 1551 4478 1641 4560; x_wconf 77' lang='lat' dir='ltr'><strong>hic</strong></span> <span class='ocrx_word' id='word_1_646' title='bbox 1674 4487 1831 4560; x_wconf 70' lang='lat' dir='ltr'><strong>vocat</strong></span> <span class='ocrx_word' id='word_1_647' title='bbox 1870 4494 2030 4560; x_wconf 80' lang='lat' dir='ltr'><strong>quam</strong></span> 
     </span>
    </p>
   </div>
   <div class='ocr_carea' id='block_1_84' title="bbox 2139 4481 3741 4548">
    <p class='ocr_par' dir='ltr' id='par_1_84' title="bbox 2139 4481 3741 4548">
     <span class='ocr_line' id='line_1_84' title="bbox 2139 4481 3741 4548; baseline 0.001 -13"><span class='ocrx_word' id='word_1_648' title='bbox 2139 4482 2221 4536; x_wconf 89' lang='lat' dir='ltr'><strong>nis</strong></span> <span class='ocrx_word' id='word_1_649' title='bbox 2238 4481 2492 4540; x_wconf 89' lang='lat' dir='ltr'><strong>fundendi</strong></span> <span class='ocrx_word' id='word_1_650' title='bbox 2519 4484 2657 4548; x_wconf 83' lang='lat' dir='ltr'><strong>sitis,</strong></span> <span class='ocrx_word' id='word_1_651' title='bbox 2689 4493 2745 4541; x_wconf 89' lang='lat' dir='ltr'><strong>ut</strong></span> <span class='ocrx_word' id='word_1_652' title='bbox 2770 4500 2799 4540; x_wconf 90' lang='lat' dir='ltr'><strong>a</strong></span> <span class='ocrx_word' id='word_1_653' title='bbox 2818 4484 3171 4541; x_wconf 85' lang='lat' dir='ltr'><strong>Constantino</strong></span> <span class='ocrx_word' id='word_1_654' title='bbox 3194 4483 3438 4539; x_wconf 85' lang='lat' dir='ltr'><strong>Manasse</strong></span> <span class='ocrx_word' id='word_1_655' title='bbox 3465 4485 3517 4539; x_wconf 93' lang='lat' dir='ltr'><strong>in</strong></span> <span class='ocrx_word' id='word_1_656' title='bbox 3545 4484 3741 4541; x_wconf 88' lang='lat' dir='ltr'><strong>Annal.</strong></span> 
     </span>
    </p>
   </div>
   <div class='ocr_carea' id='block_1_85' title="bbox 440 4551 3745 4646">
    <p class='ocr_par' dir='ltr' id='par_1_85' title="bbox 440 4551 3745 4646">
     <span class='ocr_line' id='line_1_85' title="bbox 440 4551 3745 4646; baseline -0.002 -31"><span class='ocrx_word' id='word_1_657' title='bbox 440 4562 498 4619; x_wconf 88' lang='lat' dir='ltr'><strong>in</strong></span> <span class='ocrx_word' id='word_1_658' title='bbox 522 4551 896 4630; x_wconf 44' lang='lat' dir='ltr'><strong>‘Apo&#39;logetieo,</strong></span> <span class='ocrx_word' id='word_1_659' title='bbox 919 4556 1183 4646; x_wconf 45' lang='lat' dir='ltr'><strong>indicent.</strong></span> <span class='ocrx_word' id='word_1_660' title='bbox 1216 4553 1361 4608; x_wconf 83' lang='lat' dir='ltr'><strong>Hanc</strong></span> <span class='ocrx_word' id='word_1_661' title='bbox 1380 4595 1396 4618; x_wconf 94' lang='lat'><strong>,</strong></span> <span class='ocrx_word' id='word_1_662' title='bbox 1420 4552 1600 4646; x_wconf 55' lang='lat' dir='ltr'><strong>inquit</strong></span> <span class='ocrx_word' id='word_1_663' title='bbox 1618 4593 1633 4616; x_wconf 86' lang='lat'><strong>,</strong></span> <span class='ocrx_word' id='word_1_664' title='bbox 1675 4551 1905 4646; x_wconf 70' lang='lat' dir='ltr'><strong>indicem</strong></span> <span class='ocrx_word' id='word_1_665' title='bbox 1933 4552 2031 4646; x_wconf 73' lang='lat' dir='ltr'><strong>ad-</strong></span> <span class='ocrx_word' id='word_1_666' title='bbox 2057 4586 2111 4646; x_wconf 83' lang='lat' dir='ltr'>D</span> <span class='ocrx_word' id='word_1_667' title='bbox 2136 4554 2345 4610; x_wconf 87' lang='lat' dir='ltr'><strong>dicatur</strong></span> <span class='ocrx_word' id='word_1_668' title='bbox 2363 4598 2378 4620; x_wconf 83' lang='lat'><strong>,</strong></span> <span class='ocrx_word' id='word_1_669' title='bbox 2407 4555 2597 4646; x_wconf 50' lang='grc' dir='ltr'><strong>Ιτιιιιιπι</strong></span> <span class='ocrx_word' id='word_1_670' title='bbox 2620 4558 2866 4629; x_wconf 77' lang='lat' dir='ltr'><strong>sanguine</strong></span> <span class='ocrx_word' id='word_1_671' title='bbox 2904 4559 3203 4629; x_wconf 83' lang='lat' dir='ltr'><strong>permistum</strong></span> <span class='ocrx_word' id='word_1_672' title='bbox 3240 4564 3393 4619; x_wconf 67' lang='grc' dir='ltr'><strong>πηλὸς</strong></span> <span class='ocrx_word' id='word_1_673' title='bbox 3427 4564 3607 4627; x_wconf 63' lang='grc' dir='ltr'>αἱματι</span> <span class='ocrx_word' id='word_1_674' title='bbox 3653 4580 3745 4611; x_wconf 68' lang='grc' dir='ltr'><strong>τι·</strong></span> 
     </span>
    </p>
   </div>
   <div class='ocr_carea' id='block_1_86' title="bbox 441 4622 2029 4700">
    <p class='ocr_par' dir='ltr' id='par_1_86' title="bbox 441 4622 2029 4700">
     <span class='ocr_line' id='line_1_86' title="bbox 441 4622 2029 4700; baseline -0.007 -12"><span class='ocrx_word' id='word_1_675' title='bbox 441 4622 633 4690; x_wconf 77' lang='lat' dir='ltr'><strong>versus</strong></span> <span class='ocrx_word' id='word_1_676' title='bbox 673 4622 772 4686; x_wconf 64' lang='lat' dir='ltr'><strong>nos</strong></span> <span class='ocrx_word' id='word_1_677' title='bbox 815 4628 1104 4700; x_wconf 79' lang='lat' dir='ltr'><strong>profertis,</strong></span> <span class='ocrx_word' id='word_1_678' title='bbox 1137 4642 1256 4700; x_wconf 71' lang='lat' dir='ltr'><strong>qua:</strong></span> <span class='ocrx_word' id='word_1_679' title='bbox 1292 4623 1433 4695; x_wconf 86' lang='lat' dir='ltr'><strong>quod</strong></span> <span class='ocrx_word' id='word_1_680' title='bbox 1465 4622 1756 4700; x_wconf 78' lang='lat' dir='ltr'><strong>aliquando</strong></span> <span class='ocrx_word' id='word_1_681' title='bbox 1788 4623 2029 4692; x_wconf 85' lang='lat' dir='ltr'><strong>jaclavit,</strong></span> 
     </span>
    </p>
   </div>
   <div class='ocr_carea' id='block_1_87' title="bbox 441 4695 2039 4775">
    <p class='ocr_par' dir='ltr' id='par_1_87' title="bbox 441 4695 2039 4775">
     <span class='ocr_line' id='line_1_87' title="bbox 441 4695 2039 4775; baseline -0.006 -15"><span class='ocrx_word' id='word_1_682' title='bbox 441 4713 699 4775; x_wconf 85' lang='lat' dir='ltr'><strong>tantoque</strong></span> <span class='ocrx_word' id='word_1_683' title='bbox 736 4695 909 4775; x_wconf 75' lang='lat' dir='ltr'><strong>spatio</strong></span> <span class='ocrx_word' id='word_1_684' title='bbox 961 4699 1012 4753; x_wconf 91' lang='lat' dir='ltr'><strong>in</strong></span> <span class='ocrx_word' id='word_1_685' title='bbox 1062 4698 1371 4775; x_wconf 69' lang='lat' dir='ltr'><strong>opinionem</strong></span> <span class='ocrx_word' id='word_1_686' title='bbox 1413 4695 1826 4760; x_wconf 88' lang='lat' dir='ltr'><strong>corroboravit,</strong></span> <span class='ocrx_word' id='word_1_687' title='bbox 1873 4710 2039 4765; x_wconf 70' lang='lat' dir='ltr'><strong>usque</strong></span> 
     </span>
    </p>
   </div>
   <div class='ocr_carea' id='block_1_88' title="bbox 438 4768 1361 4840">
    <p class='ocr_par' dir='ltr' id='par_1_88' title="bbox 438 4768 1361 4840">
     <span class='ocr_line' id='line_1_88' title="bbox 438 4768 1361 4840; baseline -0.014 -8"><span class='ocrx_word' id='word_1_688' title='bbox 438 4768 863 4840; x_wconf 50' lang='lat' dir='ltr'><strong>adhuc&#39;proharc</strong></span> <span class='ocrx_word' id='word_1_689' title='bbox 886 4786 991 4825; x_wconf 89' lang='lat' dir='ltr'><strong>non</strong></span> <span class='ocrx_word' id='word_1_690' title='bbox 1019 4771 1201 4827; x_wconf 81' lang='lat' dir='ltr'><strong>valuit.</strong></span> <span class='ocrx_word' id='word_1_691' title='bbox 1243 4768 1361 4823; x_wconf 73' lang='lat' dir='ltr'><strong>liIG.</strong></span> 
     </span>
    </p>
   </div>
   <div class='ocr_carea' id='block_1_89' title="bbox 516 4837 2045 4918">
    <p class='ocr_par' dir='ltr' id='par_1_89' title="bbox 516 4837 2045 4918">
     <span class='ocr_line' id='line_1_89' title="bbox 516 4837 2045 4918; baseline -0.006 -16"><span class='ocrx_word' id='word_1_692' title='bbox 516 4848 599 4918; x_wconf 89' lang='lat' dir='ltr'><strong>(b)</strong></span> <span class='ocrx_word' id='word_1_693' title='bbox 632 4837 873 4918; x_wconf 66' lang='lat' dir='ltr'><strong>Principis</strong></span> <span class='ocrx_word' id='word_1_694' title='bbox 908 4844 1159 4913; x_wconf 78' lang='lat' dir='ltr'><strong>Augusto,</strong></span> <span class='ocrx_word' id='word_1_695' title='bbox 1192 4840 1708 4918; x_wconf 26' lang='lat' dir='ltr'><strong>etcabumnrcrum</strong></span> <span class='ocrx_word' id='word_1_696' title='bbox 1743 4837 2045 4907; x_wconf 84' lang='lat' dir='ltr'><strong>pctiebatur</strong></span> 
     </span>
    </p>
   </div>
   <div class='ocr_carea' id='block_1_90' title="bbox 445 4908 2047 4989">
    <p class='ocr_par' dir='ltr' id='par_1_90' title="bbox 445 4908 2047 4989">
     <span class='ocr_line' id='line_1_90' title="bbox 445 4908 2047 4989; baseline -0.006 -13"><span class='ocrx_word' id='word_1_697' title='bbox 445 4908 716 4989; x_wconf 43' lang='lat' dir='ltr'><strong>Augustus</strong></span> <span class='ocrx_word' id='word_1_698' title='bbox 746 4908 880 4989; x_wconf 78' lang='lat' dir='ltr'><strong>lnip.</strong></span> <span class='ocrx_word' id='word_1_699' title='bbox 912 4908 1179 4989; x_wconf 71' lang='lat' dir='ltr'><strong>iiiitiis_cst</strong></span> <span class='ocrx_word' id='word_1_700' title='bbox 1201 4910 1448 4965; x_wconf 82' lang='lat' dir='ltr'><strong>Christus</strong></span> <span class='ocrx_word' id='word_1_701' title='bbox 1481 4908 1757 4989; x_wconf 83' lang='lat' dir='ltr'><strong>Dominus,</strong></span> <span class='ocrx_word' id='word_1_702' title='bbox 1789 4920 2047 4989; x_wconf 75' lang='lat' dir='ltr'><strong>regnante</strong></span> 
     </span>
    </p>
   </div>
   <div class='ocr_carea' id='block_1_91' title="bbox 446 4981 2047 5055">
    <p class='ocr_par' dir='ltr' id='par_1_91' title="bbox 446 4981 2047 5055">
     <span class='ocr_line' id='line_1_91' title="bbox 446 4981 2047 5055; baseline -0.006 -10"><span class='ocrx_word' id='word_1_703' title='bbox 446 4981 665 5046; x_wconf 55' lang='lat' dir='ltr'><strong>Tilierio</strong></span> <span class='ocrx_word' id='word_1_704' title='bbox 703 4981 892 5043; x_wconf 81' lang='lat' dir='ltr'><strong>mortis</strong></span> <span class='ocrx_word' id='word_1_705' title='bbox 932 4983 1251 5055; x_wconf 74' lang='lat' dir='ltr'><strong>supplicium</strong></span> <span class='ocrx_word' id='word_1_706' title='bbox 1293 4994 1579 5055; x_wconf 83' lang='lat' dir='ltr'><strong>perpessus</strong></span> <span class='ocrx_word' id='word_1_707' title='bbox 1620 4988 1736 5043; x_wconf 90' lang='lat' dir='ltr'><strong>est;</strong></span> <span class='ocrx_word' id='word_1_708' title='bbox 1777 4981 2047 5055; x_wconf 86' lang='lat' dir='ltr'><strong>At_lmpe-</strong></span> 
     </span>
    </p>
   </div>
   <div class='ocr_carea' id='block_1_92' title="bbox 445 5053 2045 5127">
    <p class='ocr_par' dir='ltr' id='par_1_92' title="bbox 445 5053 2045 5127">
     <span class='ocr_line' id='line_1_92' title="bbox 445 5053 2045 5127; baseline -0.006 -9"><span class='ocrx_word' id='word_1_709' title='bbox 445 5073 600 5118; x_wconf 87' lang='lat' dir='ltr'><strong>rante</strong></span> <span class='ocrx_word' id='word_1_710' title='bbox 628 5061 836 5115; x_wconf 87' lang='lat' dir='ltr'><strong>Nerone</strong></span> <span class='ocrx_word' id='word_1_711' title='bbox 861 5053 1707 5127; x_wconf 19' lang='lat' dir='ltr'><strong>persecutiogravissin‘izncxorta</strong></span> <span class='ocrx_word' id='word_1_712' title='bbox 1728 5053 1915 5127; x_wconf 47' lang='lat' dir='ltr'><strong>estLin</strong></span> <span class='ocrx_word' id='word_1_713' title='bbox 1942 5068 2045 5127; x_wconf 85' lang='lat' dir='ltr'><strong>qua</strong></span> 
     </span>
    </p>
   </div>
   <div class='ocr_carea' id='block_1_93' title="bbox 445 5122 2042 5199">
    <p class='ocr_par' dir='ltr' id='par_1_93' title="bbox 445 5122 2042 5199">
     <span class='ocr_line' id='line_1_93' title="bbox 445 5122 2042 5199; baseline -0.005 -12"><span class='ocrx_word' id='word_1_714' title='bbox 445 5135 702 5187; x_wconf 83' lang='lat' dir='ltr'><strong>nimirum</strong></span> <span class='ocrx_word' id='word_1_715' title='bbox 755 5122 1060 5199; x_wconf 78' lang='lat' dir='ltr'><strong>interempti</strong></span> <span class='ocrx_word' id='word_1_716' title='bbox 1112 5122 1239 5181; x_wconf 82' lang='lat' dir='ltr'><strong>sunt</strong></span> <span class='ocrx_word' id='word_1_717' title='bbox 1287 5123 1456 5181; x_wconf 86' lang='lat' dir='ltr'><strong>sancti</strong></span> <span class='ocrx_word' id='word_1_718' title='bbox 1502 5122 1691 5178; x_wconf 83' lang='lat' dir='ltr'><strong>Petrus</strong></span> <span class='ocrx_word' id='word_1_719' title='bbox 1729 5134 1783 5179; x_wconf 85' lang='lat' dir='ltr'><strong>et</strong></span> <span class='ocrx_word' id='word_1_720' title='bbox 1828 5123 2042 5180; x_wconf 87' lang='lat' dir='ltr'><strong>Paulus.</strong></span> 
     </span>
    </p>
   </div>
   <div class='ocr_carea' id='block_1_94' title="bbox 444 5203 647 5261">
    <p class='ocr_par' dir='ltr' id='par_1_94' title="bbox 444 5203 647 5261">
     <span class='ocr_line' id='line_1_94' title="bbox 444 5203 647 5261; baseline -0.03 0"><span class='ocrx_word' id='word_1_721' title='bbox 444 5203 524 5261; x_wconf 79' lang='lat' dir='ltr'><strong>LE</strong></span> <span class='ocrx_word' id='word_1_722' title='bbox 550 5205 647 5261; x_wconf 84' lang='lat' dir='ltr'><strong>Pn.</strong></span> 
     </span>
    </p>
   </div>
   <div class='ocr_carea' id='block_1_95' title="bbox 524 5266 2049 5349">
    <p class='ocr_par' dir='ltr' id='par_1_95' title="bbox 524 5266 2049 5349">
     <span class='ocr_line' id='line_1_95' title="bbox 524 5266 2049 5349; baseline -0.006 -17"><span class='ocrx_word' id='word_1_723' title='bbox 524 5277 597 5349; x_wconf 86' lang='lat' dir='ltr'><strong>(c)</strong></span> <span class='ocrx_word' id='word_1_724' title='bbox 629 5275 817 5349; x_wconf 30' lang='lat' dir='ltr'><strong>IgiturA</strong></span> <span class='ocrx_word' id='word_1_725' title='bbox 842 5278 979 5330; x_wconf 63' lang='lat' dir='ltr'><strong>aetati</strong></span> <span class='ocrx_word' id='word_1_726' title='bbox 1020 5266 1207 5349; x_wconf 64' lang='lat' dir='ltr'><strong>nostra:</strong></span> <span class='ocrx_word' id='word_1_727' title='bbox 1257 5268 1482 5349; x_wconf 67' lang='lat' dir='ltr'><strong>nonduin</strong></span> <span class='ocrx_word' id='word_1_728' title='bbox 1512 5267 1634 5349; x_wconf 53' lang='lat' dir='ltr'><strong>graui</strong></span> <span class='ocrx_word' id='word_1_729' title='bbox 1833 5269 1876 5321; x_wconf 84' lang='lat' dir='ltr'><strong>A</strong></span> <span class='ocrx_word' id='word_1_730' title='bbox 1923 5278 2049 5323; x_wconf 88' lang='lat' dir='ltr'><strong>nato</strong></span> 
     </span>
    </p>
   </div>
   <div class='ocr_carea' id='block_1_96' title="bbox 450 5338 2045 5409">
    <p class='ocr_par' dir='ltr' id='par_1_96' title="bbox 450 5338 2045 5409">
     <span class='ocr_line' id='line_1_96' title="bbox 450 5338 2045 5409; baseline -0.008 -5"><span class='ocrx_word' id='word_1_731' title='bbox 450 5338 761 5405; x_wconf 45' lang='lat' dir='ltr'><strong>Cli‘ristovad</strong></span> <span class='ocrx_word' id='word_1_732' title='bbox 788 5346 1047 5402; x_wconf 84' lang='lat' dir='ltr'><strong>Severum</strong></span> <span class='ocrx_word' id='word_1_733' title='bbox 1072 5345 1171 5399; x_wconf 77' lang='lat' dir='ltr'><strong>sub</strong></span> <span class='ocrx_word' id='word_1_734' title='bbox 1199 5358 1305 5409; x_wconf 81' lang='lat' dir='ltr'><strong>quo</strong></span> <span class='ocrx_word' id='word_1_735' title='bbox 1336 5341 1467 5395; x_wconf 84' lang='lat' dir='ltr'><strong>vixit</strong></span> <span class='ocrx_word' id='word_1_736' title='bbox 1512 5338 1880 5393; x_wconf 87' lang='lat' dir='ltr'><strong>Tertullianus</strong></span> <span class='ocrx_word' id='word_1_737' title='bbox 1907 5353 2045 5393; x_wconf 88' lang='lat' dir='ltr'><strong>non-</strong></span> 
     </span>
    </p>
   </div>
   <div class='ocr_carea' id='block_1_97' title="bbox 449 5410 2047 5479">
    <p class='ocr_par' dir='ltr' id='par_1_97' title="bbox 449 5410 2047 5479">
     <span class='ocr_line' id='line_1_97' title="bbox 449 5410 2047 5479; baseline -0.006 -5"><span class='ocrx_word' id='word_1_738' title='bbox 449 5421 578 5479; x_wconf 90' lang='lat' dir='ltr'><strong>dum</strong></span> <span class='ocrx_word' id='word_1_739' title='bbox 611 5418 733 5473; x_wconf 89' lang='lat' dir='ltr'><strong>anni</strong></span> <span class='ocrx_word' id='word_1_740' title='bbox 764 5412 1418 5473; x_wconf 77' lang='lat' dir='ltr'><strong>CCL.elfluxerant.Nam</strong></span> <span class='ocrx_word' id='word_1_741' title='bbox 1442 5410 1664 5466; x_wconf 86' lang='lat' dir='ltr'><strong>Eboraci</strong></span> <span class='ocrx_word' id='word_1_742' title='bbox 1694 5411 1744 5464; x_wconf 91' lang='lat' dir='ltr'><strong>in</strong></span> <span class='ocrx_word' id='word_1_743' title='bbox 1774 5410 2047 5465; x_wconf 67' lang='lat' dir='ltr'><strong>Britannia</strong></span> 
     </span>
    </p>
   </div>
   <div class='ocr_carea' id='block_1_98' title="bbox 450 5481 2041 5561">
    <p class='ocr_par' dir='ltr' id='par_1_98' title="bbox 450 5481 2041 5561">
     <span class='ocr_line' id='line_1_98' title="bbox 450 5481 2041 5561; baseline -0.008 -14"><span class='ocrx_word' id='word_1_744' title='bbox 450 5490 674 5561; x_wconf 84' lang='lat' dir='ltr'><strong>majoris</strong></span> <span class='ocrx_word' id='word_1_745' title='bbox 721 5490 809 5544; x_wconf 81' lang='lat' dir='ltr'><strong>lilii</strong></span> <span class='ocrx_word' id='word_1_746' title='bbox 858 5487 1154 5561; x_wconf 73' lang='lat' dir='ltr'><strong>Caracallze</strong></span> <span class='ocrx_word' id='word_1_747' title='bbox 1193 5485 1397 5561; x_wconf 75' lang='lat' dir='ltr'><strong>insidiis</strong></span> <span class='ocrx_word' id='word_1_748' title='bbox 1443 5481 1609 5561; x_wconf 74' lang='lat' dir='ltr'><strong>periit</strong></span> <span class='ocrx_word' id='word_1_749' title='bbox 1630 5483 1769 5537; x_wconf 88' lang='lat' dir='ltr'><strong>circa</strong></span> <span class='ocrx_word' id='word_1_750' title='bbox 1822 5498 1909 5561; x_wconf 75' lang='lat' dir='ltr'><strong>an.</strong></span> <span class='ocrx_word' id='word_1_751' title='bbox 1943 5482 2041 5536; x_wconf 81' lang='lat' dir='ltr'><strong>Ch.</strong></span> 
     </span>
    </p>
   </div>
   <div class='ocr_carea' id='block_1_99' title="bbox 450 5552 2047 5631">
    <p class='ocr_par' dir='ltr' id='par_1_99' title="bbox 450 5552 2047 5631">
     <span class='ocr_line' id='line_1_99' title="bbox 450 5552 2047 5631; baseline -0.006 -12"><span class='ocrx_word' id='word_1_752' title='bbox 450 5552 581 5619; x_wconf 61' lang='grc' dir='ltr'><strong>ξιξ.</strong></span> <span class='ocrx_word' id='word_1_753' title='bbox 615 5562 962 5631; x_wconf 82' lang='lat' dir='ltr'><strong>regnavitqne</strong></span> <span class='ocrx_word' id='word_1_754' title='bbox 1000 5556 1312 5631; x_wconf 33' lang='lat' dir='ltr'><strong>octodecim.</strong></span> <span class='ocrx_word' id='word_1_755' title='bbox 1335 5552 1453 5611; x_wconf 87' lang='lat' dir='ltr'><strong>fere</strong></span> <span class='ocrx_word' id='word_1_756' title='bbox 1488 5552 1872 5631; x_wconf 61' lang='lat' dir='ltr'><strong>annis,_ut_ide</strong></span> <span class='ocrx_word' id='word_1_757' title='bbox 1904 5563 2047 5624; x_wconf 88' lang='lat' dir='ltr'><strong>patet</strong></span> 
     </span>
    </p>
   </div>
   <div class='ocr_carea' id='block_1_100' title="bbox 450 5624 2043 5691">
    <p class='ocr_par' dir='ltr' id='par_1_100' title="bbox 450 5624 2043 5691">
     <span class='ocr_line' id='line_1_100' title="bbox 450 5624 2043 5691; baseline -0.008 0"><span class='ocrx_word' id='word_1_758' title='bbox 450 5624 704 5691; x_wconf 69' lang='lat' dir='ltr'><strong>nondunf</strong></span> <span class='ocrx_word' id='word_1_759' title='bbox 738 5624 1009 5689; x_wconf 72' lang='lat' dir='ltr'><strong>efﬂuxisse</strong></span> <span class='ocrx_word' id='word_1_760' title='bbox 1037 5644 1207 5686; x_wconf 85' lang='lat' dir='ltr'><strong>annos</strong></span> <span class='ocrx_word' id='word_1_761' title='bbox 1249 5625 1340 5686; x_wconf 79' lang='lat'><strong>50.</strong></span> <span class='ocrx_word' id='word_1_762' title='bbox 1382 5627 1554 5683; x_wconf 66' lang='lat' dir='ltr'><strong>aetatis</strong></span> <span class='ocrx_word' id='word_1_763' title='bbox 1594 5624 2043 5682; x_wconf 86' lang='lat' dir='ltr'><strong>Christianorum.</strong></span> 
     </span>
    </p>
   </div>
   <div class='ocr_carea' id='block_1_101' title="bbox 450 5706 1391 5763">
    <p class='ocr_par' dir='ltr' id='par_1_101' title="bbox 450 5706 1391 5763">
     <span class='ocr_line' id='line_1_101' title="bbox 450 5706 1391 5763; baseline -0.006 0"><span class='ocrx_word' id='word_1_764' title='bbox 450 5706 623 5763; x_wconf 81' lang='lat' dir='ltr'><strong>Idem.</strong></span> <span class='ocrx_word' id='word_1_765' title='bbox 1384 5723 1391 5728; x_wconf 56' lang='grc' dir='ltr'>ν</span> 
     </span>
    </p>
   </div>
   <div class='ocr_carea' id='block_1_102' title="bbox 529 5768 2049 5849">
    <p class='ocr_par' dir='ltr' id='par_1_102' title="bbox 529 5768 2049 5849">
     <span class='ocr_line' id='line_1_102' title="bbox 529 5768 2049 5849; baseline -0.005 -18"><span class='ocrx_word' id='word_1_766' title='bbox 529 5778 606 5849; x_wconf 82' lang='grc'><strong>((1)</strong></span> <span class='ocrx_word' id='word_1_767' title='bbox 634 5776 731 5833; x_wconf 87' lang='lat' dir='ltr'><strong>Tot</strong></span> <span class='ocrx_word' id='word_1_768' title='bbox 770 5793 942 5833; x_wconf 81' lang='lat' dir='ltr'><strong>cruces</strong></span> <span class='ocrx_word' id='word_1_769' title='bbox 979 5774 1308 5849; x_wconf 74' lang='lat' dir='ltr'><strong>divinitatem,</strong></span> <span class='ocrx_word' id='word_1_770' title='bbox 1338 5781 1443 5849; x_wconf 77' lang='lat' dir='ltr'><strong>etc.</strong></span> <span class='ocrx_word' id='word_1_771' title='bbox 1488 5769 1688 5849; x_wconf 76' lang='lat' dir='ltr'><strong>Tiberii</strong></span> <span class='ocrx_word' id='word_1_772' title='bbox 1744 5768 2049 5849; x_wconf 78' lang='lat' dir='ltr'><strong>immanitas</strong></span> 
     </span>
    </p>
   </div>
   <div class='ocr_carea' id='block_1_103' title="bbox 455 5841 2041 5923">
    <p class='ocr_par' dir='ltr' id='par_1_103' title="bbox 455 5841 2041 5923">
     <span class='ocr_line' id='line_1_103' title="bbox 455 5841 2041 5923; baseline -0.006 -16"><span class='ocrx_word' id='word_1_773' title='bbox 455 5841 547 5907; x_wconf 77' lang='lat' dir='ltr'><strong>hic</strong></span> <span class='ocrx_word' id='word_1_774' title='bbox 576 5841 1023 5923; x_wconf 75' lang='lat' dir='ltr'><strong>reprehenditur;</strong></span> <span class='ocrx_word' id='word_1_775' title='bbox 1054 5845 1207 5918; x_wconf 88' lang='lat' dir='ltr'><strong>cujus</strong></span> <span class='ocrx_word' id='word_1_776' title='bbox 1244 5860 1307 5903; x_wconf 88' lang='lat' dir='ltr'><strong>ea</strong></span> <span class='ocrx_word' id='word_1_777' title='bbox 1337 5844 1438 5901; x_wconf 84' lang='lat' dir='ltr'><strong>fuit</strong></span> <span class='ocrx_word' id='word_1_778' title='bbox 1463 5843 1665 5901; x_wconf 66' lang='lat' dir='ltr'><strong>saevitia</strong></span> <span class='ocrx_word' id='word_1_779' title='bbox 1690 5886 1707 5915; x_wconf 95' lang='lat'><strong>,</strong></span> <span class='ocrx_word' id='word_1_780' title='bbox 1740 5851 1794 5900; x_wconf 90' lang='lat' dir='ltr'><strong>ct</strong></span> <span class='ocrx_word' id='word_1_781' title='bbox 1822 5841 2041 5915; x_wconf 78' lang='lat' dir='ltr'><strong>sangui-</strong></span> 
     </span>
    </p>
   </div>
   <div class='ocr_carea' id='block_1_104' title="bbox 2143 4629 2633 4700">
    <p class='ocr_par' dir='ltr' id='par_1_104' title="bbox 2143 4629 2633 4700">
     <span class='ocr_line' id='line_1_104' title="bbox 2143 4629 2633 4700; baseline 0.016 -21"><span class='ocrx_word' id='word_1_782' title='bbox 2143 4637 2383 4700; x_wconf 57' lang='grc' dir='ltr'><strong>ρνρμᾷνος.</strong></span> <span class='ocrx_word' id='word_1_783' title='bbox 2428 4629 2505 4684; x_wconf 83' lang='lat' dir='ltr'><strong>LE</strong></span> <span class='ocrx_word' id='word_1_784' title='bbox 2539 4630 2633 4689; x_wconf 68' lang='lat' dir='ltr'><strong>PR.</strong></span> 
     </span>
    </p>
   </div>
   <div class='ocr_carea' id='block_1_105' title="bbox 2218 4698 3745 4771">
    <p class='ocr_par' dir='ltr' id='par_1_105' title="bbox 2218 4698 3745 4771">
     <span class='ocr_line' id='line_1_105' title="bbox 2218 4698 3745 4771; baseline 0.001 -17"><span class='ocrx_word' id='word_1_785' title='bbox 2218 4698 2295 4771; x_wconf 88' lang='lat' dir='ltr'><strong>(e)</strong></span> <span class='ocrx_word' id='word_1_786' title='bbox 2320 4701 2706 4771; x_wconf 82' lang='lat' dir='ltr'><strong>Scmeso.puero</strong></span> <span class='ocrx_word' id='word_1_787' title='bbox 2744 4701 3047 4769; x_wconf 76' lang='lat' dir='ltr'><strong>supervenit.</strong></span> <span class='ocrx_word' id='word_1_788' title='bbox 3080 4700 3251 4755; x_wconf 86' lang='lat' dir='ltr'><strong>Variis</strong></span> <span class='ocrx_word' id='word_1_789' title='bbox 3280 4699 3609 4770; x_wconf 88' lang='lat' dir='ltr'><strong>argumentis</strong></span> <span class='ocrx_word' id='word_1_790' title='bbox 3638 4700 3745 4755; x_wconf 90' lang='lat' dir='ltr'><strong>im-</strong></span> 
     </span>
    </p>
   </div>
   <div class='ocr_carea' id='block_1_106' title="bbox 2151 4771 3741 4845">
    <p class='ocr_par' dir='ltr' id='par_1_106' title="bbox 2151 4771 3741 4845">
     <span class='ocr_line' id='line_1_106' title="bbox 2151 4771 3741 4845; baseline -0.003 -16"><span class='ocrx_word' id='word_1_791' title='bbox 2151 4777 2403 4845; x_wconf 84' lang='lat' dir='ltr'><strong>pietatem</strong></span> <span class='ocrx_word' id='word_1_792' title='bbox 2435 4773 2580 4828; x_wconf 80' lang='lat' dir='ltr'><strong>illam</strong></span> <span class='ocrx_word' id='word_1_793' title='bbox 2609 4789 2728 4843; x_wconf 59' lang='lat' dir='ltr'><strong>qua‘.</strong></span> <span class='ocrx_word' id='word_1_794' title='bbox 2764 4772 3089 4828; x_wconf 86' lang='lat' dir='ltr'><strong>Christianis</strong></span> <span class='ocrx_word' id='word_1_795' title='bbox 3126 4771 3525 4845; x_wconf 81' lang='lat' dir='ltr'><strong>impingebatur</strong></span> <span class='ocrx_word' id='word_1_796' title='bbox 3557 4782 3741 4845; x_wconf 69' lang='lat' dir='ltr'><strong>arcet,</strong></span> 
     </span>
    </p>
   </div>
   <div class='ocr_carea' id='block_1_107' title="bbox 2152 4842 3746 4918">
    <p class='ocr_par' dir='ltr' id='par_1_107' title="bbox 2152 4842 3746 4918">
     <span class='ocr_line' id='line_1_107' title="bbox 2152 4842 3746 4918; baseline -0.003 -17"><span class='ocrx_word' id='word_1_797' title='bbox 2152 4842 2382 4918; x_wconf 80' lang='lat' dir='ltr'><strong>facitque</strong></span> <span class='ocrx_word' id='word_1_798' title='bbox 2411 4865 2503 4902; x_wconf 86' lang='lat' dir='ltr'><strong>sua</strong></span> <span class='ocrx_word' id='word_1_799' title='bbox 2552 4842 2857 4913; x_wconf 76' lang='lat' dir='ltr'><strong>elaquenlia</strong></span> <span class='ocrx_word' id='word_1_800' title='bbox 2901 4854 2961 4918; x_wconf 85' lang='lat' dir='ltr'><strong>ut</strong></span> <span class='ocrx_word' id='word_1_801' title='bbox 3001 4842 3229 4918; x_wconf 53' lang='lat' dir='ltr'><strong>critnetr</strong></span> <span class='ocrx_word' id='word_1_802' title='bbox 3258 4842 3386 4899; x_wconf 87' lang='lat' dir='ltr'><strong>illttd</strong></span> <span class='ocrx_word' id='word_1_803' title='bbox 3427 4842 3746 4918; x_wconf 74' lang='lat' dir='ltr'><strong>infanticidii</strong></span> 
     </span>
    </p>
   </div>
   <div class='ocr_carea' id='block_1_108' title="bbox 2152 4913 3750 4976">
    <p class='ocr_par' dir='ltr' id='par_1_108' title="bbox 2152 4913 3750 4976">
     <span class='ocr_line' id='line_1_108' title="bbox 2152 4913 3750 4976; baseline -0.003 -3"><span class='ocrx_word' id='word_1_804' title='bbox 2152 4936 2257 4973; x_wconf 87' lang='lat' dir='ltr'><strong>non</strong></span> <span class='ocrx_word' id='word_1_805' title='bbox 2297 4913 2502 4976; x_wconf 71' lang='lat' dir='ltr'><strong>intereat</strong></span> <span class='ocrx_word' id='word_1_806' title='bbox 2532 4920 2585 4974; x_wconf 93' lang='lat' dir='ltr'><strong>in</strong></span> <span class='ocrx_word' id='word_1_807' title='bbox 2634 4916 2970 4975; x_wconf 87' lang='lat' dir='ltr'><strong>Christianis.</strong></span> <span class='ocrx_word' id='word_1_808' title='bbox 3034 4914 3382 4971; x_wconf 82' lang='lat' dir='ltr'><strong>Notissimtun</strong></span> <span class='ocrx_word' id='word_1_809' title='bbox 3427 4930 3549 4971; x_wconf 88' lang='lat' dir='ltr'><strong>esse</strong></span> <span class='ocrx_word' id='word_1_810' title='bbox 3587 4913 3750 4969; x_wconf 82' lang='lat' dir='ltr'><strong>debet</strong></span> 
     </span>
    </p>
   </div>
   <div class='ocr_carea' id='block_1_109' title="bbox 2151 4985 3747 5057">
    <p class='ocr_par' dir='ltr' id='par_1_109' title="bbox 2151 4985 3747 5057">
     <span class='ocr_line' id='line_1_109' title="bbox 2151 4985 3747 5057; baseline -0.003 -12"><span class='ocrx_word' id='word_1_811' title='bbox 2151 4992 2475 5048; x_wconf 89' lang='lat' dir='ltr'><strong>calumniam</strong></span> <span class='ocrx_word' id='word_1_812' title='bbox 2504 4993 2650 5046; x_wconf 88' lang='lat' dir='ltr'><strong>illam</strong></span> <span class='ocrx_word' id='word_1_813' title='bbox 2672 4991 3010 5057; x_wconf 86' lang='lat' dir='ltr'><strong>desumptam</strong></span> <span class='ocrx_word' id='word_1_814' title='bbox 3040 4987 3207 5043; x_wconf 80' lang='lat' dir='ltr'><strong>fuisse</strong></span> <span class='ocrx_word' id='word_1_815' title='bbox 3235 5002 3300 5041; x_wconf 87' lang='lat' dir='ltr'><strong>ex</strong></span> <span class='ocrx_word' id='word_1_816' title='bbox 3339 4985 3626 5042; x_wconf 84' lang='lat' dir='ltr'><strong>infamibus</strong></span> <span class='ocrx_word' id='word_1_817' title='bbox 3658 5000 3747 5057; x_wconf 84' lang='lat' dir='ltr'><strong>sa-</strong></span> 
     </span>
    </p>
   </div>
   <div class='ocr_carea' id='block_1_110' title="bbox 2153 5056 3747 5133">
    <p class='ocr_par' dir='ltr' id='par_1_110' title="bbox 2153 5056 3747 5133">
     <span class='ocr_line' id='line_1_110' title="bbox 2153 5056 3747 5133; baseline -0.004 -16"><span class='ocrx_word' id='word_1_818' title='bbox 2153 5065 2259 5117; x_wconf 87' lang='lat' dir='ltr'><strong>cris</strong></span> <span class='ocrx_word' id='word_1_819' title='bbox 2304 5064 2551 5128; x_wconf 88' lang='lat' dir='ltr'><strong>Saturni,</strong></span> <span class='ocrx_word' id='word_1_820' title='bbox 2595 5079 2714 5133; x_wconf 65' lang='lat' dir='ltr'><strong>quae</strong></span> <span class='ocrx_word' id='word_1_821' title='bbox 2763 5062 2815 5117; x_wconf 92' lang='lat' dir='ltr'><strong>in</strong></span> <span class='ocrx_word' id='word_1_822' title='bbox 2848 5056 3200 5133; x_wconf 22' lang='lat' dir='ltr'><strong>Africailieri</strong></span> <span class='ocrx_word' id='word_1_823' title='bbox 3261 5056 3747 5133; x_wconf 68' lang='lat' dir='ltr'><strong>consueverantin</strong></span> 
     </span>
    </p>
   </div>
   <div class='ocr_carea' id='block_1_111' title="bbox 2152 5128 3745 5204">
    <p class='ocr_par' dir='ltr' id='par_1_111' title="bbox 2152 5128 3745 5204">
     <span class='ocr_line' id='line_1_111' title="bbox 2152 5128 3745 5204; baseline -0.003 -16"><span class='ocrx_word' id='word_1_824' title='bbox 2152 5138 2351 5204; x_wconf 86' lang='lat' dir='ltr'><strong>quibus</strong></span> <span class='ocrx_word' id='word_1_825' title='bbox 2379 5128 2752 5191; x_wconf 81' lang='lat' dir='ltr'><strong>mactabantur</strong></span> <span class='ocrx_word' id='word_1_826' title='bbox 2777 5131 3027 5189; x_wconf 84' lang='lat' dir='ltr'><strong>infantes.</strong></span> <span class='ocrx_word' id='word_1_827' title='bbox 3057 5131 3381 5188; x_wconf 88' lang='lat' dir='ltr'><strong>Prudentius</strong></span> <span class='ocrx_word' id='word_1_828' title='bbox 3401 5130 3496 5185; x_wconf 91' lang='lat' dir='ltr'><strong>lib.</strong></span> <span class='ocrx_word' id='word_1_829' title='bbox 3533 5129 3590 5185; x_wconf 75' lang='grc'><strong>2.</strong></span> <span class='ocrx_word' id='word_1_830' title='bbox 3622 5128 3745 5184; x_wconf 91' lang='lat' dir='ltr'><strong>adv.</strong></span> 
     </span>
    </p>
   </div>
   <div class='ocr_carea' id='block_1_112' title="bbox 2154 5207 2571 5278">
    <p class='ocr_par' dir='ltr' id='par_1_112' title="bbox 2154 5207 2571 5278">
     <span class='ocr_line' id='line_1_112' title="bbox 2154 5207 2571 5278; baseline 0.005 -19"><span class='ocrx_word' id='word_1_831' title='bbox 2154 5207 2536 5278; x_wconf 79' lang='lat' dir='ltr'><strong>Symmachum</strong></span> <span class='ocrx_word' id='word_1_832' title='bbox 2559 5226 2571 5261; x_wconf 90' lang='lat'><strong>:</strong></span> 
     </span>
    </p>
   </div>
   <div class='ocr_carea' id='block_1_113' title="bbox 2238 5317 3382 5406">
    <p class='ocr_par' dir='ltr' id='par_1_113' title="bbox 2247 5346 3382 5406">
     <span class='ocr_line' id='line_1_113' title="bbox 2247 5346 3382 5406; baseline -0.012 0"><span class='ocrx_word' id='word_1_833' title='bbox 2247 5351 2473 5406; x_wconf 62' lang='lat' dir='ltr'><strong>Caedibus</strong></span> <span class='ocrx_word' id='word_1_834' title='bbox 2495 5349 2729 5402; x_wconf 90' lang='lat' dir='ltr'><strong>infantum</strong></span> <span class='ocrx_word' id='word_1_835' title='bbox 2752 5347 2941 5399; x_wconf 89' lang='lat' dir='ltr'><strong>fument</strong></span> <span class='ocrx_word' id='word_1_836' title='bbox 2964 5346 3192 5397; x_wconf 86' lang='lat' dir='ltr'><strong>Saturnia</strong></span> <span class='ocrx_word' id='word_1_837' title='bbox 3214 5358 3352 5395; x_wconf 84' lang='lat' dir='ltr'><strong>saera</strong></span> <span class='ocrx_word' id='word_1_838' title='bbox 3367 5378 3382 5403; x_wconf 91' lang='lat'><strong>,</strong></span> 
     </span>
    </p>
   </div>
   <div class='ocr_carea' id='block_1_114' title="bbox 2248 5408 3475 5478">
    <p class='ocr_par' dir='ltr' id='par_1_114' title="bbox 2248 5408 3475 5478">
     <span class='ocr_line' id='line_1_114' title="bbox 2248 5408 3475 5478; baseline -0.01 -12"><span class='ocrx_word' id='word_1_839' title='bbox 2248 5415 2621 5478; x_wconf 82' lang='lat' dir='ltr'><strong>Flebilibusque</strong></span> <span class='ocrx_word' id='word_1_840' title='bbox 2639 5422 2808 5464; x_wconf 87' lang='lat' dir='ltr'><strong>truces</strong></span> <span class='ocrx_word' id='word_1_841' title='bbox 2828 5416 3067 5461; x_wconf 86' lang='lat' dir='ltr'><strong>resonent.</strong></span> <span class='ocrx_word' id='word_1_842' title='bbox 3089 5408 3336 5473; x_wconf 80' lang='lat' dir='ltr'><strong>vagitibus</strong></span> <span class='ocrx_word' id='word_1_843' title='bbox 3356 5419 3475 5460; x_wconf 74' lang='lat' dir='ltr'><strong>arte.</strong></span> 
     </span>
    </p>
   </div>
   <div class='ocr_carea' id='block_1_115' title="bbox 2220 5544 3749 5621">
    <p class='ocr_par' dir='ltr' id='par_1_115' title="bbox 2220 5544 3749 5621">
     <span class='ocr_line' id='line_1_115' title="bbox 2220 5544 3749 5621; baseline -0.005 -14"><span class='ocrx_word' id='word_1_844' title='bbox 2220 5550 2361 5607; x_wconf 88' lang='lat' dir='ltr'><strong>Nihil</strong></span> <span class='ocrx_word' id='word_1_845' title='bbox 2406 5550 2574 5621; x_wconf 83' lang='lat' dir='ltr'><strong>magis</strong></span> <span class='ocrx_word' id='word_1_846' title='bbox 2599 5549 2816 5606; x_wconf 86' lang='lat' dir='ltr'><strong>obvium</strong></span> <span class='ocrx_word' id='word_1_847' title='bbox 2843 5549 2982 5621; x_wconf 77' lang='lat' dir='ltr'><strong>apud</strong></span> <span class='ocrx_word' id='word_1_848' title='bbox 3024 5547 3356 5621; x_wconf 71' lang='lat' dir='ltr'><strong>Lactantitnn</strong></span> <span class='ocrx_word' id='word_1_849' title='bbox 3379 5589 3393 5611; x_wconf 88' lang='lat'><strong>,</strong></span> <span class='ocrx_word' id='word_1_850' title='bbox 3420 5544 3706 5621; x_wconf 80' lang='lat' dir='ltr'><strong>Minatium</strong></span> <span class='ocrx_word' id='word_1_851' title='bbox 3732 5563 3749 5613; x_wconf 89' lang='lat'><strong>;</strong></span> 
     </span>
    </p>
   </div>
   <div class='ocr_carea' id='block_1_116' title="bbox 2150 5617 3750 5690">
    <p class='ocr_par' dir='ltr' id='par_1_116' title="bbox 2150 5617 3750 5690">
     <span class='ocr_line' id='line_1_116' title="bbox 2150 5617 3750 5690; baseline -0.004 -10"><span class='ocrx_word' id='word_1_852' title='bbox 2150 5633 2205 5680; x_wconf 90' lang='lat' dir='ltr'><strong>et</strong></span> <span class='ocrx_word' id='word_1_853' title='bbox 2230 5632 2471 5679; x_wconf 67' lang='lat' dir='ltr'><strong>Ciﬂlel‘OS.</strong></span> <span class='ocrx_word' id='word_1_854' title='bbox 2494 5617 2639 5690; x_wconf 47' lang='lat' dir='ltr'><strong>_lpse</strong></span> <span class='ocrx_word' id='word_1_855' title='bbox 2677 5620 3038 5676; x_wconf 84' lang='lat' dir='ltr'><strong>&#39;l‘ertullianns</strong></span> <span class='ocrx_word' id='word_1_856' title='bbox 3063 5629 3250 5674; x_wconf 87' lang='lat' dir='ltr'><strong>contra</strong></span> <span class='ocrx_word' id='word_1_857' title='bbox 3289 5617 3587 5690; x_wconf 74' lang='lat' dir='ltr'><strong>Gnosricos</strong></span> <span class='ocrx_word' id='word_1_858' title='bbox 3627 5617 3750 5673; x_wconf 71' lang='lat' dir='ltr'><strong>hinc</strong></span> 
     </span>
    </p>
   </div>
   <div class='ocr_carea' id='block_1_117' title="bbox 2153 5687 3741 5764">
    <p class='ocr_par' dir='ltr' id='par_1_117' title="bbox 2153 5687 3741 5764">
     <span class='ocr_line' id='line_1_117' title="bbox 2153 5687 3741 5764; baseline -0.004 -14"><span class='ocrx_word' id='word_1_859' title='bbox 2153 5696 2331 5750; x_wconf 86' lang='lat' dir='ltr'><strong>habet.</strong></span> <span class='ocrx_word' id='word_1_860' title='bbox 2362 5693 2468 5750; x_wconf 74' lang='lat' dir='ltr'><strong>Sed</strong></span> <span class='ocrx_word' id='word_1_861' title='bbox 2522 5687 2655 5747; x_wconf 73' lang='lat' dir='ltr'><strong>enim</strong></span> <span class='ocrx_word' id='word_1_862' title='bbox 2681 5692 2991 5764; x_wconf 80' lang='lat' dir='ltr'><strong>Scytharum</strong></span> <span class='ocrx_word' id='word_1_863' title='bbox 3037 5687 3741 5764; x_wconf 35' lang='lat' dir='ltr'><strong>DianampancGalloi-um</strong></span> 
     </span>
    </p>
   </div>
   <div class='ocr_carea' id='block_1_118' title="bbox 2154 5762 3739 5834">
    <p class='ocr_par' dir='ltr' id='par_1_118' title="bbox 2154 5762 3739 5834">
     <span class='ocr_line' id='line_1_118' title="bbox 2154 5762 3739 5834; baseline -0.003 -13"><span class='ocrx_word' id='word_1_864' title='bbox 2154 5765 2499 5831; x_wconf 80' lang='lat' dir='ltr'><strong>Mercurium,</strong></span> <span class='ocrx_word' id='word_1_865' title='bbox 2528 5774 2615 5819; x_wconf 87' lang='lat' dir='ltr'><strong>aut</strong></span> <span class='ocrx_word' id='word_1_866' title='bbox 2663 5762 2902 5834; x_wconf 76' lang='lat' dir='ltr'><strong>Afrorum</strong></span> <span class='ocrx_word' id='word_1_867' title='bbox 2944 5764 3261 5834; x_wconf 76' lang='lat' dir='ltr'><strong>Saturnum,</strong></span> <span class='ocrx_word' id='word_1_868' title='bbox 3303 5762 3570 5817; x_wconf 70' lang='lat' dir='ltr'><strong>[continuat</strong></span> <span class='ocrx_word' id='word_1_869' title='bbox 3594 5763 3739 5817; x_wconf 81' lang='lat' dir='ltr'><strong>victi-</strong></span> 
     </span>
    </p>
   </div>
   <div class='ocr_carea' id='block_1_119' title="bbox 2153 5833 3306 5911">
    <p class='ocr_par' dir='ltr' id='par_1_119' title="bbox 2153 5833 3306 5911">
     <span class='ocr_line' id='line_1_119' title="bbox 2153 5833 3306 5911; baseline -0.005 -17"><span class='ocrx_word' id='word_1_870' title='bbox 2153 5854 2236 5894; x_wconf 85' lang='lat' dir='ltr'><strong>ma</strong></span> <span class='ocrx_word' id='word_1_871' title='bbox 2258 5836 2617 5911; x_wconf 57' lang='lat' dir='ltr'><strong>plucurippttd</strong></span> <span class='ocrx_word' id='word_1_872' title='bbox 2638 5833 2879 5893; x_wconf 68' lang='lat' dir='ltr'><strong>saxulum</strong></span> <span class='ocrx_word' id='word_1_873' title='bbox 2910 5835 3073 5892; x_wconf 80' lang='lat' dir='ltr'><strong>licuit.</strong></span> <span class='ocrx_word' id='word_1_874' title='bbox 3098 5834 3176 5893; x_wconf 75' lang='lat' dir='ltr'><strong>LE</strong></span> <span class='ocrx_word' id='word_1_875' title='bbox 3206 5833 3306 5893; x_wconf 80' lang='lat' dir='ltr'><strong>Pa.</strong></span> 
     </span>
    </p>
   </div>
  </div>
