4150 6352
339 369 455 435 569

1631 369 1723 428 AD
1758 367 2101 427 NATIONES
2136 367 2265 425 LIB.
2308 366 2350 424 Ι.

3548 364 3658 425 570

344 491 419 549 ad
460 491 773 561 magistrum
820 502 1099 546 sacrorum
1144 485 1227 544 vel
1265 491 1470 558 patrem
1495 483 1664 543 adire.
1693 485 1826 541 Tum
1856 486 1947 542 ille
1972 485 2027 547 Α
2054 459 2318 553 ΐοιιείἶιπι,
2359 490 2416 540 et
2463 482 2553 539 alii
2581 482 2648 540 ad
2692 482 2883 541 incesti
2932 482 3206 540 libidinem
3256 481 3449 539 nervi?
3491 482 3609 541 Non
3633 526 3651 554 ,

345 584 537 641 dicet:
568 582 749 641 Infans
779 582 872 638 tibi
899 581 991 654 qui
1013 580 1189 637 adhuc
1212 579 1447 653 vagit(l)
1477 578 1834 644 necessarius,
1858 581 1948 649 qui

346 674 683 742 immoletur,
734 684 791 731 et
830 676 984 745 panis
1024 672 1393 743 aliquantum,
1449 672 1538 743 qui
1587 672 1949 742 irrsanguinc

349 767 691 838 infringatur,
729 774 986 837 pnrtrrea
1014 764 1333 820 candelabra
1355 805 1369 829 ,
1397 780 1516 836 qua:
1547 778 1709 819 canes
1754 763 1949 818 annexi

349 862 670 924 deturbem,
702 869 758 917 ct
788 859 988 928 oifulae,
1019 875 1139 932 qua:
1164 858 1382 915 eosdem
1426 874 1591 914 canes
1622 856 1699 929 (2)
1734 875 1747 912 :
1775 858 1868 912 sed
1897 864 1952 913 ct

350 962 527 1013 mater
554 965 646 1012 aut
689 970 844 1012 soror
887 955 979 1010 tibi
1019 954 1320 1011 necessaria
1369 963 1471 1009 est.
1504 951 1674 1021 Quid,
1718 951 1764 1006 si
1792 951 1952 1007 nulla:

350 1044 549 1101 erunt?
575 1042 786 1114 opinor,
830 1041 1100 1113 legitimus
1142 1037 1481 1095 Christianus
1532 1052 1654 1093 esse
1696 1052 1802 1092 non
1858 1052 1953 1107 po-

352 1136 524 1193 teris?
555 1135 715 1201 Haec,
761 1148 860 1190 oro
905 1149 1037 1200 vos,
1069 1133 1380 1189 denuntiata
1425 1131 1493 1186 ab
1524 1130 1642 1185 aliis
1688 1131 1954 1185 sustinent

351 1228 552 1300 prodi?
592 1228 872 1284 Diversum
898 1241 1036 1298 opus
1064 1241 1169 1282 non
1202 1235 1284 1281 est
1311 1226 1451 1282 scire
1496 1224 1617 1280 illos
1658 1222 1772 1296 (3);
1806 1224 1954 1293 prius

352 1322 582 1379 fallaciae
620 1321 893 1391 negotium
936 1329 1294 1390 pcrpetratur,
1351 1316 1549 1389 ignaris
1596 1327 1649 1372 et
1683 1316 1849 1386 dapes
1900 1325 1956 1373 et

350 1416 558 1487 nuptiae
610 1414 984 1484 subjiciuntur.
1038 1412 1179 1468 Nihil
1226 1412 1369 1468 enim
1420 1426 1656 1482 unquam
1713 1418 1857 1466 retro
1885 1409 1954 1467 de

352 1505 674 1564 Christianis
714 1505 987 1577 mysteriis
1028 1503 1332 1559 audierunt.
1377 1502 1581 1558 Tamen
1632 1512 1817 1572 postea
1862 1517 1955 1557 co-

354 1608 615 1672 gnoscant
654 1614 875 1656 necesse
901 1608 984 1654 est
1013 1600 1098 1654 vel
1121 1598 1241 1654 aliis
1269 1612 1405 1670 quos
1432 1598 1688 1653 inducunt
1734 1598 1952 1669 praemi-

355 1693 652 1752 nistranda.
679 1692 948 1750 Caeterum
969 1709 1129 1765 quam
1163 1709 1360 1748 vanum
1405 1702 1489 1748 est
1514 1692 1769 1765 profanos
1814 1694 1956 1751 scire

355 1786 499 1859 quod
549 1786 753 1842 nesciat
800 1785 1094 1845 sacerdos?
1149 1785 1351 1841 Tacent
1403 1786 1583 1857 igitur,
1633 1797 1689 1841 et
1734 1794 1955 1855 accepto

356 1857 569 1947 fcrunt,
616 1891 673 1939 et
724 1881 860 1937 nihil
910 1879 1183 1953 tragtedite
1229 1879 1480 1952 Thyestae
1532 1880 1618 1936 vel
1658 1879 1956 1950 (Etlipodis
1984 1857 2031 1917 Β

358 1982 680 2044 erumpunt,
722 1983 776 2028 et
818 1987 923 2027 non
970 1971 1288 2042 protrahunt
1321 1970 1388 2025 ad
1434 1971 1724 2041 populum,
1769 1969 1874 2026 fide
1901 1970 1953 2025 in

358 2065 639 2120 ministros
682 2074 739 2120 et
781 2064 1049 2134 magistris
1079 2072 1132 2119 et
1176 2063 1242 2118 de
1286 2063 1416 2132 ipsis
1464 2062 1698 2132 p0tiores
1744 2077 1960 2120 morsus

354 2159 467 2231 jam
513 2159 752 2214 doctis...
789 2158 1022 2229 rapiunt.
1053 2156 1107 2211 Si
1140 2155 1271 2211 nihil
1303 2155 1408 2210 tale
1441 2155 1714 2224 probetur,
1757 2155 1960 2226 grande

361 2253 544 2309 nescio
567 2250 695 2322 quid
720 2250 973 2305 aestimari
1002 2257 1239 2319 oportet,
1261 2247 1413 2315 cujus
1438 2247 1809 2316 compensatio
1835 2257 1958 2303 tan-

362 2356 537 2403 tarum
581 2346 923 2401 atrocitatum
951 2343 1231 2399 tolerantia
1261 2349 1496 2398 constat.
1550 2341 1761 2399 Miserae
1800 2354 1960 2414 atque

362 2435 683 2494 miseranda:
735 2436 1013 2501 nationes,
1057 2450 1185 2490 ecce
1217 2434 1745 2504 proponimnswobis
1794 2434 1961 2490 disci-

365 2529 523 2600 plinae
550 2538 750 2584 nostrae
774 2526 1142 2599 sponsionem.
1175 2526 1348 2582 Vitam
1384 2537 1642 2583 aeternam
1681 2529 1963 2584 sectatori-

363 2622 466 2679 bus
513 2631 570 2677 et
620 2620 1094 2676 conservatoribus
1138 2619 1251 2683 suis
1299 2619 1563 2691 spondet,
1618 2635 1650 2676 e
1691 2622 1964 2676 contrario

365 2714 602 2786 profanis
624 2720 680 2768 et
720 2710 928 2769 aemulis
953 2711 1272 2781 supplicium
1298 2707 1557 2766 aeternum
1598 2720 1802 2767 aeterno
1856 2712 1964 2784 igni

274 2828 286 2839 ·
367 2792 755 2870 comminatur;
817 2804 884 2859 ad
960 2813 1242 2873 utramque
1311 2817 1555 2858 caussam
1623 2808 1962 2859 mortuorum

366 2897 692 2956 resurrectio
736 2895 1075 2967 praedicatur.
1130 2893 1434 2951 Viderimus
1463 2895 1531 2950 de
1572 2894 1678 2951 ﬁde
1707 2895 1962 2962 istorum,

366 2989 491 3046 dum
519 3004 618 3045 suo
648 2989 767 3044 loco
802 2988 1114 3060 digeruntur
1139 3003 1154 3050 ;
1185 2986 1397 3042 interitu
1434 2985 1637 3042 credite
1657 3028 1672 3054 ,
1702 2987 1965 3059 quemad-

365 3084 583 3141 modum
628 3098 747 3151 nos.
778 3082 913 3138 Volo
940 3081 1283 3150 euimscire,
1337 3082 1382 3137 si
1429 3098 1523 3152 per
1580 3083 1704 3138 talia
1758 3080 1964 3139 scelera

365 3177 514 3235 adire
533 3176 704 3248 parati
733 3175 863 3231 estis
881 3216 896 3241 ,
924 3174 1376 3246 quemadmodum
1403 3175 1537 3229 nos?
1571 3173 1701 3230 Veni
1725 3216 1740 3242 ,
1772 3174 1819 3230 si
1845 3174 1965 3246 quis

366 3286 460 3337 es,
486 3271 743 3339 demerge
769 3269 965 3323 ferrum
998 3268 1049 3321 in
1080 3265 1333 3322 infantem
1359 3283 1374 3333 ;
1405 3267 1490 3323 vel
1519 3268 1562 3322 si
1584 3267 1804 3323 alterius
1845 3267 1966 3324 ofﬁ-

365 3365 505 3421 cium
531 3372 634 3430 est,
668 3372 777 3417 tum
804 3361 966 3417 modo
994 3371 1175 3432 specta
1194 3363 1510 3418 morientem
1533 3363 1793 3430 animam,
1814 3371 1965 3420 ante-

366 3472 526 3530 quam
562 3456 726 3525 vixit,
757 3464 906 3510 certe
933 3455 1129 3525 excipe
1175 3453 1362 3511 rudem
1391 3455 1707 3527 sanguinem
1753 3457 1805 3512 in
1857 3473 1965 3528 quo

366 3564 561 3622 panem
593 3559 738 3604 tuum
760 3547 947 3616 saties,
972 3564 1192 3604 vescere
1212 3548 1476 3613 libenter;
1502 3548 1704 3605 interea
1727 3549 1963 3606 discum-

366 3640 504 3698 bens
522 3642 794 3697 dinumera
822 3642 937 3696 loca
961 3684 977 3709 ,
1006 3641 1093 3697 ubi
1117 3650 1287 3697 mater
1304 3651 1397 3697 aut
1425 3656 1583 3698 soror
1610 3651 1784 3698 torum
1808 3657 1960 3714 pres-

365 3735 539 3801 serit;
599 3743 721 3789 nota
763 3734 1071 3804 diligenter,
1123 3744 1180 3789 ut
1220 3750 1340 3790 cum
1400 3736 1636 3791 tenebrae
1688 3737 1961 3803 irruerint,

366 3835 636 3885 tentantes
681 3829 888 3884 scilicet
926 3828 1256 3901 diligentiam
1282 3829 1614 3902 singulorum
1636 3873 1650 3897 ,
1679 3838 1786 3886 n‘on
1814 3846 1966 3887 erres

367 3931 675 3978 extraneam
706 3921 986 3976 incursans
1018 3938 1031 3975 :
1061 3920 1329 3992 piaculum
1373 3921 1600 3989 feceris,
1642 3922 1744 3979 nisi
1786 3923 1965 3980 inces-

365 4022 499 4069 tum.
546 4014 674 4070 Haec
716 4029 839 4070 cum
869 4015 1228 4084 expunxeris,
1260 4016 1411 4071 vives
1452 4016 1506 4070 in
1544 4030 1740 4071 aevum.
1793 4015 1966 4087 Cupio

364 4105 714 4176 respondeas,
740 4106 783 4159 si
815 4105 943 4160 tanti
979 4105 1140 4162 facias
1171 4108 1566 4164 aeternitatem?
1606 4109 1714 4164 imo
1762 4108 1973 4177 idcirco,

324 4225 329 4228 -
364 4213 466 4256 nec
514 4198 692 4255 credis
714 4240 728 4265 ,
769 4208 824 4255 et
856 4198 967 4269 jam
998 4200 1042 4254 si
1071 4200 1398 4270 credideris,
1428 4218 1568 4274 nego
1619 4214 1670 4259 te
1695 4202 1862 4272 velle,
1911 4212 1967 4262 et

360 4292 471 4363 jam
500 4292 544 4348 si
566 4292 733 4348 velles
752 4333 769 4358 ,
796 4307 936 4362 nego
958 4298 1011 4347 te
1039 4307 1219 4362 posse.
1249 4294 1357 4349 Cur
1382 4304 1562 4351 autem
1592 4295 1681 4351 alii
1718 4298 1961 4368 possint,

332 4384 411 4457 .si
439 4400 536 4441 vos
557 4401 663 4442 non
694 4386 958 4456 potestis?
983 4398 1084 4440 cur
1111 4401 1217 4440 non
1250 4390 1487 4456 possitis,
1511 4387 1558 4445 si
1584 4390 1670 4445 alii
1703 4389 1965 4461 possunt?

363 4473 767 4548 lmpunitatetn,
820 4481 1172 4537 aeternitatem
1222 4494 1423 4553 quanto
1468 4494 1719 4540 constare
1766 4484 1964 4541 vultis?

2054 578 2303 651 opinior;
2334 578 2468 634 satis
2495 577 2638 633 enim
2678 586 2763 634 est
2810 578 2966 633 nobis
3012 576 3123 632 sola
3162 576 3393 632 veritate
3417 592 3446 631 a
3473 585 3654 636 vestra

2055 673 2324 746 positione
2345 670 2594 728 discerni.
2614 671 2853 727 Tertimn
2874 686 3043 741 genus
3056 670 3305 735 dicimur,
3322 685 3654 743 cynopennae

2056 765 2138 836 [4)
2157 764 2239 836 (a)
2253 763 2438 836 aliqui,
2467 763 2550 820 vel
2577 762 2878 835 sciapodes,
2907 762 2991 820 vel
3016 762 3184 835 aliqui
3213 761 3280 819 de
3302 761 3652 819 subterranea

2056 859 2338 931 antipodes
2370 857 2468 931 (b).

2126 1039 2180 1094 8.
2213 1036 2271 1094 Si
2298 1052 2402 1109 qua
2443 1037 2562 1093 istic
2582 1078 2598 1105 ,
2640 1036 2782 1108 apud
2810 1053 2905 1093 vos
2932 1038 3121 1094 saltem
3164 1039 3303 1094 ratio
3331 1048 3449 1107 est,
3478 1038 3653 1098 edatis

2053 1132 2214 1187 velim
2246 1131 2475 1203 primum
2505 1140 2557 1187 ct
2600 1131 2891 1187 secundum
2922 1147 3125 1204 genus,
3160 1139 3218 1187 ut
3259 1132 3330 1188 ita
3378 1133 3455 1198 du
3493 1135 3654 1191 tertio

2057 1234 2288 1282 constet.
2321 1225 2748 1281 Psammetichus
2779 1225 2991 1295 quidem
3021 1228 3235 1296 putavit
3275 1226 3365 1282 tibi
3411 1242 3471 1283 se
3500 1227 3654 1298 inge-

2057 1320 2149 1375 nio
2197 1320 2538 1390 exploratus,
2568 1319 2612 1373 si
2664 1318 2733 1373 de
2788 1320 2956 1387 prima
2994 1320 3210 1391 generis
3241 1339 3254 1376 :
3285 1320 3481 1375 dicitur
3510 1320 3653 1375 enim

2056 1410 2288 1467 infantes
2324 1412 2524 1468 recenti
2550 1425 2582 1467 e
2610 1423 2762 1481 partu
2789 1426 3034 1467 seorsum
3064 1414 3449 1469 a-commercio
3479 1411 3653 1467 homio

2057 1521 2183 1560 num
2206 1504 2427 1560 alendus
2452 1504 2732 1560 tradidisse
2754 1503 2969 1571 nutrici,
2999 1520 3157 1576 quam
3185 1515 3238 1561 et
3285 1506 3453 1577 ipsam
3495 1521 3659 1577 prop-

2058 1609 2201 1655 terea
2231 1598 2631 1670 elinguaverat,
2661 1608 2718 1653 ut
2748 1598 2800 1653 in
2844 1608 3014 1655 totum
3042 1598 3256 1657 exsules
3286 1602 3431 1656 vocis
3472 1600 3659 1656 huma-

2057 1707 2142 1747 nze
2187 1706 2291 1746 non
2322 1692 2503 1745 auditu
2552 1691 2847 1747 formarent
2891 1691 3194 1762 loquelam,
3250 1692 3344 1749 sed
3385 1708 3483 1750 suo
3535 1708 3658 1763 pro-

2058 1793 2266 1839 mentes
2318 1798 2436 1838 eam
2481 1783 2707 1853 primam
2752 1784 3021 1839 nationem
3071 1783 3456 1856 designarent,
3502 1784 3658 1854 cujus

2059 1891 2253 1932 sonum
2307 1885 2497 1932 natura
2546 1876 2819 1932 dictasset.
2875 1876 3052 1931 Prima
3098 1877 3303 1949 vox,(c)
3336 1877 3656 1949 Bekkos(5)

2060 1969 2358 2025 renuntiata
2388 1979 2506 2036 est;
2536 1969 2904 2037 interpretatio
2935 1969 3050 2037 ejus
3096 1968 3254 2024 Panis
3302 1968 3441 2039 apud
3489 1968 3659 2043 Phry-

2061 2074 2155 2131 gas
2178 2075 2373 2116 nomen
2403 2070 2513 2127 cst;
2548 2060 2788 2134 Phryges
2821 2061 2975 2131 primi
3006 2076 3173 2131 genus
3215 2062 3409 2117 exinde
3451 2061 3657 2118 haben-

2062 2163 2168 2212 tttr.
2210 2154 2315 2213 Sed
2362 2155 2463 2211 hoc
2515 2170 2678 2210 ttnum
2716 2157 2820 2210 erit
2863 2154 2929 2210 de
2985 2154 3309 2209 vanitatibus
3357 2163 3657 2211 vestrarum

2061 2247 2362 2304 fabularum
2412 2262 2520 2303 non
2574 2249 2747 2303 otiose
2811 2248 2966 2303 nobis
3036 2247 3469 2315 retractandum,
3552 2265 3659 2319 quo

2066 2341 2226 2397 fidem
2255 2350 2483 2397 vestram
2511 2340 2840 2396 vanitatibus
2863 2357 3022 2413 quam
3052 2342 3369 2397 veritatibns
3401 2341 3478 2414 (6)
3508 2343 3659 2400 dedi-

2065 2443 2171 2489 tam
2202 2433 2572 2489 demonstrare
2598 2436 2872 2503 gestimus.
2902 2436 2981 2488 An
3022 2435 3242 2489 omnino
3268 2435 3527 2491 credibile
3551 2437 3654 2505 sit,

2064 2528 2158 2583 tali
2186 2527 2428 2583 membro
2451 2526 2703 2591 desecto,
2729 2537 2939 2583 vaStato
2967 2528 3133 2599 ipsius
3163 2530 3357 2585 animae
3380 2544 3583 2602 organo
3607 2540 3664 2588 et

2066 2621 2249 2692 utique
2276 2620 2530 2676 radicitus
2559 2634 2700 2676 caeso
2722 2660 2736 2685 ,
2766 2620 3013 2676 castratis
3054 2622 3292 2677 faucibus
3312 2663 3327 2689 ,
3362 2638 3479 2692 qum
3500 2618 3661 2678 etiam

2067 2715 2401 2770 extrinsecus
2430 2714 2731 2784 periculose
2774 2713 3157 2782 vulnerantur,
3200 2714 3396 2771 exinde
3446 2715 3568 2771 tabo
3609 2717 3662 2771 itt

2071 2805 2365 2876 prazcordia
2389 2803 2668 2872 refluente,
2689 2814 2960 2876 postremo
2981 2804 3308 2877 aliquamdiu
3330 2807 3664 2864 cessantibus

2070 2897 2338 2953 alimentis
2358 2938 2374 2965 ,
2402 2897 2564 2952 vitam
2596 2896 2788 2953 nutrici
2820 2896 3182 2968 perdurasse?
3210 2901 3320 2969 Age
3348 2914 3517 2967 nunc,
3545 2914 3666 2969 pcr-

2069 2996 2399 3052 severaverit
2440 2994 2751 3050 Philomela:
2793 2993 3288 3051 medicamentis....
3319 3010 3476 3065 quam
3507 3005 3559 3051 et
3586 2995 3667 3064 ip-

2068 3104 2183 3144 sam
2228 3087 2642 3158 prudentiores,
2677 3102 2782 3142 non
2826 3088 3022 3159 linguae
3072 3086 3256 3155 cwde,
3301 3087 3395 3143 sed
3449 3089 3665 3170 pudoris

2068 3181 2265 3237 rubore
2313 3191 2514 3236 mutam
2560 3181 3000 3250 interpretantur.
3046 3179 3103 3236 Si
3148 3196 3279 3252 ergo
3305 3180 3469 3250 vixit,
3498 3183 3669 3253 potuit

2069 3276 2280 3332 effutire
2308 3275 2507 3347 aliquid
2538 3276 2786 3331 obtusum
2828 3287 2881 3332 et
2907 3274 3317 3331 exarticulatum
3348 3290 3538 3330 sonum
3564 3266 3668 3330 tin-

2069 3369 2378 3439 nitumque,
2425 3367 2543 3422 sine
2588 3366 2862 3422 modulatu
2891 3366 3234 3433 labellorum,
3266 3382 3503 3437 expanso
3533 3381 3665 3432 ore,
3714 3347 3718 3357 ’

2069 3457 2250 3530 lingua
2293 3467 2544 3528 stupente
2564 3500 2577 3524 ,
2617 3458 2687 3514 de
2716 3457 2847 3514 solis
2878 3458 3118 3514 faucibus
3144 3458 3263 3530 cogi
3284 3458 3411 3512 licet
3436 3476 3447 3511 :
3479 3457 3530 3513 id
3559 3458 3668 3514 fors

2068 3561 2196 3608 tunc
2242 3550 2504 3616 infantes,
2557 3552 2679 3622 quia
2731 3553 2987 3627 unicum,
3044 3550 3252 3605 facilius
3281 3550 3663 3615 commentati,

2067 3644 2227 3717 paulo
2270 3643 2628 3714 modulatius,
2658 3653 2841 3715 utpote
2889 3644 3200 3715 liuguatuli,
3236 3644 3287 3699 in
3330 3654 3548 3699 ventum
3582 3643 3665 3715 (ιι)

2067 3737 2293 3809 alicujus
2334 3736 2802 3810 interpretationis
2838 3737 3176 3809 impegerint.
3210 3736 3329 3793 Sitit
3374 3751 3516 3792 nunc
3557 3737 3667 3805 pri-

2068 3833 2142 3889 mi
2183 3813 2455 3905 Pltrvges,
2503 3846 2611 3887 non
2667 3842 2843 3888 tamen
2895 3831 3035 3885 tertii
3085 3829 3406 3895 Christiani;
3456 3837 3672 3901 quantre

2068 3926 2212 3983 enim
2239 3926 2359 3981 alia:
2387 3926 2623 3997 gentium
2645 3925 2814 3980 series
2840 3934 2959 3995 post
2984 3922 3260 3996 Phrygas?
3292 3921 3490 3977 Verum
3521 3910 3675 3976 reco-

2067 4023 2270 4093 gitate,
2319 4037 2387 4077 ne
2440 4014 2833 4090 quos'tertium
2881 4034 3052 4090 genus
3102 4017 3320 4083 dicitis,
3372 4014 3670 4088 principetn

2068 4114 2249 4171 locum
2273 4113 2587 4181 obtineant,
2618 4112 2880 4184 siquidem
2908 4127 3013 4165 non
3045 4110 3149 4165 ulla
3190 4123 3323 4181 gens
3351 4122 3455 4163 non
3485 4107 3672 4162 Chris-

2068 4208 2248 4275 tiana;
2295 4208 2477 4279 itaque
2520 4221 2872 4277 quaecumque
2909 4219 3044 4276 gens
3082 4203 3273 4275 prima,
3325 4200 3672 4257 nihilominus

2068 4300 2395 4358 Christiana.
2429 4298 2673 4356 Ridicule
2712 4298 2983 4355 dementia
3006 4339 3019 4363 ,
3071 4296 3394 4352 novissimos
3417 4294 3595 4351 dicitis
3620 4303 3675 4351 ct

2071 4395 2260 4450 tertios
2298 4392 2610 4449 nominatis.
2634 4391 2739 4448 Sed
2762 4391 2830 4447 de
2856 4390 3235 4461 superstitione
3260 4389 3475 4444 tertium
3504 4402 3674 4458 genus
3720 4433 3728 4441 .

2070 4487 2412 4559 deputamur,
2446 4502 2551 4543 non
2583 4487 2651 4542 de
2682 4486 2915 4554 ratione,
2944 4494 3002 4539 ut
3023 4484 3129 4539 sint
3160 4481 3425 4548 Romani,
3465 4480 3634 4536 Judiei
3654 4520 3670 4548 ,

363 4569 449 4626 An
478 4569 564 4627 huc
607 4570 763 4626 nobis
788 4574 933 4627 omni
985 4574 1145 4629 modo
1187 4575 1514 4631 redimenda:
1562 4575 1849 4633 videntur?
1892 4594 1959 4634 an
1990 4608 2042 4670 Β
2069 4580 2262 4638 dehinc
2285 4579 2596 4636 Christiani.
2630 4578 2730 4635 Ubi
2761 4590 2940 4634 autent
2972 4576 3186 4634 Graeci?
3214 4575 3299 4631 vel
3321 4574 3367 4629 si
3396 4574 3447 4628 in
3474 4572 3673 4626 Rema-

364 4664 456 4721 alii
480 4665 697 4722 ordines
735 4666 974 4723 dentium
1019 4668 1448 4724 Christianorum
1475 4712 1488 4736 ,
1534 4678 1588 4725 ct
1631 4670 1724 4725 alii
1772 4687 1965 4742 specus

2071 4686 2271 4732 nontm‘
2327 4674 2797 4749 superstitionibus
2853 4682 3182 4739 censentur,
3239 4666 3673 4742 quandoquidem

1592 4785 1971 4847 LECTIONES
2008 4788 2418 4871 VARIANTES.

448 4899 499 4963 1)
537 4898 692 4963 Codd.
718 4899 830 4950 Mss.
856 4906 1078 4963 vagetur.

448 4914 469 4949 ι
479 4914 499 4963 )
537 4914 692 4950 waa.
718 4914 830 4950 mss.
856 4914 1078 5012 vagetur.
1175 4966 1184 4976 _
1540 4965 1550 4976 .
1830 4967 1839 4977 .

447 4962 500 5026 2)
532 4960 675 5028 Apol.
700 4966 749 5014 8.
776 4976 806 5013 «
828 4963 924 5029 otl'u
946 4978 1007 5025 ae,
1033 4978 1143 5029 quae
1175 4962 1284 5029 illos
1304 4963 1365 5014 ad
1389 4965 1959 5029 eversmnemlnmtnum

376 5026 711 5088 extenuatio}
748 5026 888 5088 Quod
925 5040 1028 5078 t'oc.
1052 5026 1345 5078 extendant
1381 5027 1462 5078 hic
1484 5035 1568 5080 aut
1606 5028 1959 5081 restituenth

367 5093 451 5139 aut
470 5085 928 5156 subinteuigéndtmt
945 5104 1050 5143 esse
1071 5098 1231 5143 censet
1248 5099 1456 5142 Haverc.

2160 4909 2212 4981 ᾗ)
2247 4904 2352 4981 ιξὶρ.
2388 4905 2664 4981 Piversum
2688 4921 2834 4981 opus.-
2854 4904 3215 4981 an‘estsc‘irc
3232 4900 3358 4962 illos,
3385 4903 3483 4950 etc.

2155 4965 2205 5031 ἢ
2257 4965 2367 5033 Rig.
2385 4970 2695 5033 Cynopenna:
2709 4965 2735 5032 ;’
2748 4968 2834 5021 sed
2858 4966 2925 5033 cf.
2947 4965 3087 5033 Αροζ.
3110 4968 3161 5033 8_.

2128 5028 2202 5097 (ὅ)
2230 5028 2386 5085 Codd.
2403 5028 2733 5084 Mss.'Pactos.
2755 5033 2828 5094 Cf.
2858 5028 3040 5081 Herod.
3056 5029 3109 5091 2,
3125 5028 3176 5077 2.

2130 5096 2203 5160 (6)
2238 5096 2399 5149 Scrib.
2430 5110 2523 5148 van
2544 5097 2860 5161 potiusquatn
2881 5107 2988 5145 rev.

1743 5205 2299 5269 COMMENTARIUS.

440 5300 515 5375 (a)
541 5301 868 5375 Cynopenme
891 5300 1082 5375 aliqui,
1114 5299 1190 5375 vel
1220 5299 1542 5375 sciapodes?
1568 5299 1729 5375 Legit
1767 5300 1961 5357 Pame-

364 5370 693 5446 lius,’qu'em'
710 5374 951 5443 sequitur
976 5370 1237 5446 Lat-erda,
1257 5370 1599 5442 Cynaphane,
1631 5373 1815 5446 sicque
1842 5389 1966 5427 sett-

360 5461 456 5502 sus
476 5443 558 5501 est
602 5462 615 5498 :
646 5460 905 5500 sumasne
922 5443 1112 5497 canino
1132 5443 1277 5496 vultu
1300 5453 1390 5497 attt
1412 5447 1602 5498 canina
1634 5443 1963 5510 impudentia

360 5530 421 5571 ut
439 5516 782 5572 homicidium
802 5525 909 5571 tant
932 5513 1083 5568 facile
1100 5525 1403 5583 Spectetnns
1425 5529 1518 5569 sen
1537 5515 1951 5571 iufanticidium?

362 5588 722 5648 Vowercnitts
763 5585 1007 5658 Cyclopes
1032 5586 1195 5657 legit,
1214 5586 1284 5642 At
1301 5585 1480 5641 Desid.
1510 5586 1769 5643 lleraldus
1790 5587 1952 5645 habet

364 5660 709 5734 Cynoprpme.
731 5658 807 5734 Le:
834 5674 918 5713 pn.

435 5734 519 5805 (b)
540 5731 626 5806 De
661 5733 986 5806 subterranea
1016 5730 1313 5806 Antipodes.
1345 5729 1461 5806 Lib.
1497 5731 1564 5787 dc
1592 5732 1802 5799 Anima,
1826 5747 1943 5806 pag.

360 5801 682 5868 33L'dixit,
713 5801 969 5856 Animalia
994 5802 1373 5856 subterraneum
1404 5805 1636 5858 viventia.
1686 5806 1802 5862 lito.

2067 5314 2147 5358 est
2178 5303 2321 5374 quod
2360 5305 2411 5358 itt
2439 5304 2627 5360 codice
2679 5301 2940 5371 Agubardi
2971 5373 2975 5374 ί
3002 5300 3235 5374 legitur,
3286 5298 3524 5374 Pactost
3542 5298 3674 5355 Nam

2068 5370 2209 5446 apud
2245 5376 2572 5432 Herodotum
2604 5385 2658 5431 et
2689 5370 2823 5429 alios
2845 5416 2858 5437 ,
2891 5373 2980 5442 qui
3019 5370 3154 5446 hanc
3182 5370 3460 5446 historiam
3494 5371 3677 5442 Septi—

2071 5442 2181 5501 mio
2203 5446 2775 5510 tradidere,scrihitnr.
2797 5453 2962 5504 Βάκχος
2992 5445 3141 5510 Apud
3170 5442 3429 5500 Calenum
3462 5457 3676 5514 quoque

2056 5518 2130 5574 Μ)
2181 5536 2238 5574 ll.
2270 5521 2343 5575 De
2371 5520 2483 5573 (ΙῙΙῘ.
2506 5518 2611 5573 ἀλλ’
2637 5523 2677 5571 εὶ
2698 5522 2778 5572 καὶ
2809 5525 2980 5578 Bimae;
3020 5523 3190 5577 ἐθέλεις
3214 5526 3294 5571 τὸν
3319 5521 3463 5586 ἄρκτον
3486 5524 3669 5583 amiciti,

2055 5598 2206 5662 ὥσπερ
2233 5600 2275 5646 οἱ
2305 5600 2492 5663 Φρύγες,
2526 5595 2653 5647 abdis
2679 5595 2794 5659 ἡμῖν
2822 5592 3052 5663 διᾳρξρυ.
3088 5586 3260 5663 Idem.

2129 5658 2208 5739 (tl)
2259 5658 2549 5739 ln'v_te'ntutn
2589 5658 2808 5739 alicujus
2871 5658 3298 5739 interpretationis
3336 5658 3657 5739 impegerint.

2053 5731 2319 5799 Huc—est.
2361 5735 2673 5791 Temeraria
2725 5735 2918 5804 linguzc
2959 5734 3009 5787 in
3040 5731 3372 5804 contrarium
3426 5738 3650 5804 ventum

2049 5809 2166 5863 sive
2203 5822 2365 5863 :erem
2420 5807 2648 5875 appulsu
2684 5802 2877 5865 sonum
2913 5804 3140 5877 alicujus
3176 5802 3636 5875 interpretationis

434 5877 508 5951 (ε)
550 5874 729 5930 Prima
782 5889 880 5931 vox
919 5872 1104 5931 Becco:
1130 5876 1417 5931 renuntiata
1461 5876 1948 5951 est.‘Depravatttm
2050 5879 2339 5945 ediderint.
2375 5872 2569 5945 Iden.._
