4150 6352
413 262 543 325 διδ
1190 268 1203 281 ‘
1706 261 1799 320 AN
1837 260 2005 322 NA.“

2114 261 2191 321 es!
2214 262 2343 321 ue.
2381 262 2424 321 ι.
2893 317 2906 327 ,
3623 252 3745 332 57ft-

414 380 610 454 utique
625 376 1003 445 contemnitis;
1027 375 1270 450 praelatio
1290 375 1512 434 alterius
1526 376 1873 435 sinealterius
1892 355 2027 434 conn
2054 377 2435 450 Apiiblicanis
2477 377 2679 437 subd...
2726 379 2807 439 tis
2849 378 2950 457 (ὦ),
2997 381 3151 440 omni-
3183 384 3552 458 quinquennio
3592 386 3735 449 inter

414 472 642 529 tumelia
659 485 784 528 esse
804 484 914 526 non
937 479 1132 542 potest,
1155 484 1254 526 nec
1271 470 1378 525 ulla
1395 470 1589 526 electio
1613 486 1719 526 non
1740 471 1817 543 (1)
1839 486 2027 542 repro—
2130 473 2411 545 vectigalia
2444 482 2621 531 vestra
2653 475 2989 546 proscriptos
3006 476 3275 533 addicitis.
3300 477 3389 535 Sic
3407 480 3727 552 Serapeum,
3788 472 3791 479 λ

413 563 638 621 batione
662 564 1024 636 componitur.
1045 564 1147 631 Qui
1168 563 1236 620 de
1259 563 1502 635 pluribus
1519 564 1745 637 suscipit
1766 565 2031 637 aliquem,
2129 565 2206 622 sic
2231 566 2568 639 Capitolium.
2586 569 2807 635 petitur,
2838 568 3130 636 addicitur,
3176 571 3493 629 conducitur
3523 573 3728 646 (5).....

417 672 545 714 eum
576 671 735 729 quem
766 672 871 713 non
900 657 1128 735 suscipit
1155 657 1420 728 despexit.
1459 656 1565 714 Sed
1598 666 1676 713 tot
1703 673 1767 714 ac
1794 658 1924 713 tanti
1955 657 2035 715 ab:
2128 658 2229 715 sub
2256 658 2444 716 eadem
2476 674 2608 716 voce
2639 664 2922 729 praeconis,
2946 662 3133 719 eadem
3172 666 3453 722 exactione
3494 678 3729 738 quaesto-

415 751 672 808 omnibus
700 751 803 809 coli
836 767 943 809 non
974 761 1218 823 possunt.
1246 750 1365 808 Jam
1386 766 1515 823 ergo
1543 761 1669 807 tunc
1695 751 1869 823 primo
1894 766 2025 808 con-
2128 754 2223 810 ris.
2257 753 2365 810 Sed
2396 755 2539 811 enim
2582 756 2696 827 agri
2733 756 2931 812 tributo
2960 758 3137 827 onusti
3172 759 3408 828 viliores,
3444 761 3726 821 hominum

417 843 742 915 tempsistis,
778 859 885 901 non
915 844 1072 901 veriti
1098 843 1309 900 scilicet
1330 844 1400 899 ita
1424 844 1730 912 instituere,
1753 855 1813 900 ut
1836 860 2026 901 omnes
2130 845 2304 916 capita
2334 847 2604 918 stipendio
2632 862 2797 905 censa
2824 849 3168 920 ignobiliora;
3203 855 3430 917 nam'lue
3456 865 3580 911 sunt
3599 871 3729 928 eap~

414 937 523 994 coli
554 953 663 994 non
712 947 954 1009 possent.
991 939 1059 994 At
1087 938 1231 994 enim
1267 937 1346 993 illi
1375 938 1759 1010 sapientissimi
1798 953 1862 995 ac
1893 955 2022 1009 pruo
2131 935 2351 995 tivitatis
2384 947 2524 996 notae
2549 949 2604 996 et
2632 941 2927 1013 ρωιιωμ).
2947 942 3041 999 Dei
3069 958 3217 1012 vero,
3245 946 3522 1018 quimagis
3550 950 3726 1005 tribu-

420 1029 725 1087 dentissimi
754 1032 1010 1103 majores,
1032 1046 1262 1103 quorum
1288 1030 1549 1087 institutis
1576 1033 1885 1088 renuntiare
1914 1047 2023 1088 non
2129 1032 2272 1099 tarii,
2296 1033 2465 1104 magis
2488 1034 2680 1100 sancti,
2712 1033 2822 1090 imo
2846 1033 2937 1106 qui
2968 1035 3139 1106 magis
3158 1038 3327 1093 sancti
3358 1040 3529 1111 magis
3552 1042 3728 1098 tribu-

417 1122 618 1190 nostis,
651 1123 884 1180 maxime
926 1123 980 1178 in
1027 1137 1258 1194 persona
1301 1122 1524 1179 deorum
1561 1133 1887 1192 vestrorum,
1920 1124 2021 1193 ipsi
2129 1125 2270 1180 tarii.
2301 1124 2552 1196 Majestas
2571 1126 2915 1183 constituitur
2939 1128 2993 1182 in
3019 1137 3303 1198 quaestum,
3333 1134 3619 1203 negotiatio
3639 1133 3722 1207 (ά)

417 1217 822 1290 ιῐιιοιιιιείιῐιρὶἰ
849 1217 1351 1289 deprehenduntur.
1386 1216 1635 1286 Mentior,
1665 1218 1713 1274 si
1744 1233 2031 1288 nunquam
2127 1218 2389 1289 religione
2438 1219 2809 1289 proscribitur,
2844 1220 3097 1276 sanctitas
3151 1221 3467 1279 locationem
3512 1227 3726 1281 mendi-

420 1321 767 1376 censuerant,
792 1327 862 1367 ne
890 1312 981 1383 qui
1008 1311 1301 1382 imperator
1327 1310 1530 1376 fanum,
1561 1309 1705 1382 quod
1745 1310 1799 1366 in
1832 1312 2026 1382 proelio
2129 1322 2252 1379 cat;
2284 1311 2495 1382 exigitis
2542 1311 2845 1369 mercedem
2877 1327 2977 1383 pro
3013 1312 3129 1368 solo
3175 1315 3379 1386 templi,
3434 1320 3539 1386 pro
3579 1317 3726 1375 aditu

416 1403 676 1470 vovisset,
708 1402 854 1474 prius
889 1402 1190 1459 dedicasset
1219 1417 1378 1474 quam
1426 1411 1645 1458 senatus
1692 1402 1977 1473 probasset
2005 1445 2025 1472 ,
2128 1404 2289 1472 sacri,
2328 1419 2423 1473 pro
2467 1403 2761 1475 stipitibus,
2791 1420 2887 1475 pro
2916 1406 3104 1473 ostiis;
3138 1407 3368 1463 venditis
3391 1417 3556 1464 totam
3585 1409 3725 1465 divi-

415 1505 477 1550 ut
522 1495 747 1568 contigit
798 1495 867 1551 Μ.
912 1495 1168 1565 IEmilio,
1220 1496 1309 1568 qui
1358 1505 1583 1553 voverat
1620 1496 1861 1553 Alburno
1895 1497 2022 1554 deo.
2128 1495 2371 1564 nitatem,
2403 1510 2508 1551 non
2541 1496 2665 1552 licet
2707 1508 2825 1552 eam
2866 1500 3029 1568 gratis
3055 1498 3190 1563 coli;
3222 1501 3340 1570 plus
3362 1500 3592 1573 denique
3621 1518 3724 1573 pu-

413 1587 614 1661 Utique
661 1589 808 1647 enim
858 1590 1241 1661 impiisimum,
1282 1590 1392 1645 imo
1418 1590 2022 1646 contumeliosissimum
2126 1588 2355 1645 blicanis
2383 1589 2640 1654 reﬁcitur,
2679 1605 2839 1661 quam
2874 1590 3264 1647 sacerdotibus.
3300 1592 3414 1647 Non
3440 1594 3727 1653 sullecerat

413 1683 710 1739 admissum
735 1694 842 1753 est,
866 1685 919 1739 in
946 1683 1171 1740 arbitrio
1194 1692 1249 1739 et
1271 1683 1495 1741 libidine
1514 1683 1798 1740 sententias
1824 1683 2020 1740 huma-
2049 1753 2087 1757 _
2128 1680 2465 1751 vectigalium
2486 1680 2712 1737 deorum
2733 1682 3078 1750 contumelia,
3099 1683 3167 1739 de
3184 1694 3495 1757 contemptu
3521 1688 3727 1745 scilicet

414 1793 501 1834 nte
529 1778 709 1835 locare
740 1779 1004 1835 honorem
1039 1778 1361 1843 divinitatis,
1394 1788 1449 1833 ut
1493 1778 1630 1833 deus
1657 1793 1764 1834 non
1793 1762 1882 1845 sit,
1916 1778 2027 1834 nisi
2049 1753 2464 1843 B".estimanda,
2495 1791 2597 1830 nec
2626 1777 2863 1832 contenti
2892 1777 3021 1832 estis
3063 1776 3179 1833 deis
3202 1779 3460 1836 honorem
3493 1797 3596 1837 non
3628 1782 3725 1839 lia-

414 1874 502 1928 cui
521 1887 642 1928 esse
662 1872 975 1944 permiserit
996 1881 1237 1928 senatus.
1260 1870 1416 1939 Saepe
1438 1885 1691 1927 censores
1717 1870 2035 1927 inconsulto.
2127 1864 2341 1934 buisse,
2373 1866 2477 1922 nisi
2503 1868 2696 1934 etiam,
2729 1869 3379 1941 quemcumquehahetis,
3412 1872 3725 1943 depretietis

412 1964 611 2035 populo
635 1963 1047 2030 adsolaverunt;
1098 1972 1244 2018 certe
1285 1962 1534 2018 Liberum
1579 1971 1782 2033 patrem
1804 1962 1871 2034 (ε)
1899 1978 2033 2019 eum-
2126 1959 2309 2030 aliqua
2331 1959 2664 2032 indignitate.
2696 1962 2836 2030 Quid
2861 1963 3003 2017 enim
3030 1964 3251 2019 omnino
3281 1966 3347 2020 ad
3377 1967 3722 2026 honorandos

415 2071 575 2113 sacro
616 2072 716 2114 suo
741 2058 992 2114 consules
1034 2066 1261 2113 senatus.
1280 2056 1603 2112 auctoritate
1637 2056 1774 2113 urbe
1802 2072 1906 2112 non
1935 2073 2022 2114 so-
2126 2068 2220 2108 eos
2250 2052 2459 2122 facitis,
2492 2055 2634 2126 quod
2662 2057 2821 2110 etiam
2852 2071 2960 2112 non
2985 2058 3209 2113 mortuis
3238 2060 3431 2115 vestris
3462 2076 3534 2115 ex
3563 2076 3717 2133 (equo

411 2151 708 2219 lummodo,
739 2167 929 2208 verum
959 2162 1075 2208 tota
1106 2151 1255 2207 Italia
1284 2150 1718 2208 eliminaverunt.
1744 2152 2014 2209 Caeterum

411 2245 673 2316 Serapem
717 2246 997 2303 etlsidem
1038 2245 1115 2315 (ὁ)
1160 2256 1227 2301 et
1252 2244 1634 2316 Harpocratem
1672 2254 1735 2301 et-
1766 2246 2027 2303 Anubemv

414 2340 715 2412 prohibitos
742 2341 1012 2412 Capitolio
1053 2340 1226 2396 Varro
1255 2347 1677 2407 commemorat,
1718 2354 2014 2412 eorumque

412 2440 624 2497 statuas
665 2448 695 2487 a
726 2442 931 2490 senatu.
963 2433 1236 2503 dejectas,
1283 2433 1497 2488 nonnisi
1532 2447 1628 2502 per
1653 2433 1758 2487 vim
1791 2433 2017 2504 popula-

410 2524 549 2581 rium
588 2533 900 2580 restructas.
938 2525 1046 2580 Sed
1079 2532 1257 2579 tamen
1302 2532 1358 2579 et
1398 2523 1657 2580 Gabinius
1685 2524 1876 2581 consul
1905 2523 2016 2579 Ka-

412 2616 591 2672 lendis
612 2616 904 2685 Ianuariis,
928 2616 1158 2673 cumvir
1183 2615 1386 2672 hostias
1414 2616 1683 2687 probaret,
1706 2631 1816 2686 prae
1848 2632 2017 2688 popu-

413 2693 615 2766 larium
633 2720 795 2778 emta;
832 2711 963 2781 quia
981 2710 1113 2765 nihil
1141 2709 1207 2764 de
1227 2709 1429 2779 Sempe
1454 2718 1508 2765 et
1535 2708 1674 2765 Iside
1702 2710 2014 2766 constituis-

414 2813 515 2870 set,
537 2804 800 2874 potiorem
820 2803 1005 2859 habuit
1019 2814 1240 2860 senatus
1255 2818 1562 2869 censuram,
1579 2818 1741 2874 quam
1755 2804 2014 2875 impetum

413 2896 580 2967 vulgi,
609 2906 667 2952 et
691 2912 814 2952 aras
833 2897 1039 2953 institui
1062 2896 1354 2967 prohibuit.
1389 2895 1621 2951 Habetis
1637 2897 1797 2967 igitur
1818 2897 1872 2951 in
1902 2912 2017 2953 mn-

409 2988 617 3060 joribus
672 2989 903 3055 vestris,
949 2989 1059 3044 etsi
1097 3003 1203 3044 non
1254 3003 1473 3056 nomen,
1525 2995 1764 3044 attamen
1812 2998 2013 3046 sectam

412 3083 781 3148 christianam,
817 3098 936 3155 quae
960 3084 1092 3140 deos
1110 3083 1351 3154 negligit.
1380 3082 1603 3148 Horum,
1628 3083 1672 3137 si
1696 3099 1790 3140 vos
1819 3084 2008 3140 saltem

411 3174 679 3246 integrum
709 3174 1237 3231 honoribussvestris
1269 3174 1346 3230 rei
1377 3189 1498 3231 esse
1524 3174 1666 3230 liesre
1696 3175 2006 3247 religionis:

410 3266 511 3323 sed
550 3267 765 3322 invenio
812 3268 1154 3338 conSpirasse
1196 3281 1228 3320 a
1274 3266 1425 3331 vobis
1471 3276 1576 3322 tam
1615 3266 2011 3336 superstitionis

411 3374 570 3430 quam
601 3360 890 3430 impietatis
919 3358 1238 3431 proiectum.
1263 3358 1475 3427 Quanto
1502 3358 1644 3415 enim
1666 3359 2011 3431 irreligiosio—

408 3467 502 3508 res
517 3451 1014 3523 deprehendimini?
1058 3452 1300 3509 Privatos
1326 3453 1469 3508 enim
1498 3452 1649 3518 deos,
1684 3468 1817 3524 quos
1842 3452 2010 3510 Lares

412 3553 483 3600 et.
514 3544 747 3602 Penates
768 3546 1077 3616 domestica
1106 3545 1517 3602 consecratione
1544 3546 1839 3617 perhibetis
1859 3588 1874 3611 ,
1906 3545 2007 3602 do-

411 3638 635 3696 mestica
652 3639 859 3696 licentia
897 3640 969 3712 (a)
990 3640 1287 3704 inculcatis,
1308 3639 1658 3707 venditando,
1672 3641 2005 3712 pignerando

409 3743 510 3801 pro
536 3732 857 3788 necessitate
880 3747 943 3788 ac
974 3732 1268 3788 voluntate.
1287 3733 1482 3789 Essent
1506 3734 2003 3805 quidemtolerahi-

408 3822 544 3880 liora
595 3824 859 3895 ejusmodi
909 3825 1261 3882 contumacia:
1291 3814 1593 3896 sacrilegia,
1633 3827 1734 3882 nisi
1764 3828 1905 3899 quod
1937 3844 2003 3885 eo

402 3917 517 3988 jam
544 3918 1037 3986 contumeliosiora,
1070 3919 1212 3990 quod
1240 3919 1471 3975 modica.
1496 3919 1604 3977 Sed
1642 3920 1823 3992 aliquo
1856 3922 2000 3977 sola-

406 4011 483 4067 tio
512 4011 839 4083 privatorum
868 4020 922 4067 et
946 4011 1365 4069 domesticorum
1392 4012 1615 4069 deorum
1652 4015 1889 4085 querela:
1909 4015 2000 4086 ju-

404 4112 620 4172 vantur,
647 4105 789 4177 quod
814 4104 1054 4176 publicos
1077 4107 1282 4179 turpius
1299 4108 1845 4181 contumeliosiusque
1869 4118 1999 4166 trac-

402 4198 698 4259 tetis..Jam
735 4200 987 4271 primum,
1017 4216 1153 4273 quos
1206 4205 1261 4259 in
1312 4204 1617 4260 hastarium.
1654 4206 1990 4277 regessistis,

2127 2146 2451 2216 praebentis?
2508 2146 2798 2203 Exstruitis
2844 2147 2962 2203 deis
3013 2149 3242 2221 templa,
3290 2165 3444 2221 reque
3497 2154 3723 2211 mortuis

2118 2238 2357 2310 templa;
2383 2240 2663 2295 exstruitis
2689 2253 2810 2295 aras
2837 2240 2971 2308 deis,
3002 2256 3155 2311 aeque
3182 2242 3404 2298 mortuis
3429 2257 3576 2311 aras,
3604 2245 3716 2300 eis-

2116 2337 2239 2392 dem
2269 2336 2434 2390 titulis
2470 2334 2869 2405 superscribitis
2912 2336 3117 2391 litteras
3151 2334 3251 2409 (5),
3281 2338 3497 2393 easdem
3528 2341 3721 2397 statuis

2118 2428 2372 2486 inducitis
2402 2428 2602 2484 formas
2620 2470 2635 2495 ,
2658 2437 2715 2483 ut
2739 2428 2933 2499 cuique
2959 2444 3046 2485 ars
3065 2438 3156 2483 aut
3182 2430 3453 2501 negotium
3482 2440 3721 2488 aut-mtas

2118 2521 2251 2577 fuit:
2277 2536 2443 2577 senex
2470 2521 2536 2576 de
2562 2520 2815 2586 Saturno,
2850 2521 3106 2576 imberbis
3149 2520 3218 2577 de
3244 2521 3496 2593 Apolline
3517 2564 3530 2588 ,
3572 2523 3722 2594 virgo

2120 2614 2188 2670 de
2210 2613 2373 2669 Diana
2404 2614 2679 2685 ﬁguratur,
2714 2624 2766 2668 et
2795 2613 2948 2669 miles
2974 2614 3224 2670 inMarte
3245 2657 3259 2679 ,
3291 2623 3346 2669 et
3373 2614 3614 2670 Vulcano
3640 2616 3719 2671 la-

2122 2708 2221 2764 ber
2245 2707 2373 2763 ferri
2401 2714 2767 2762 consecratur.
2799 2706 2942 2761 Nihil
2974 2708 3153 2777 itaque
3182 2708 3399 2774 mirum,
3446 2709 3490 2762 si
3520 2710 3719 2765 hostias

2121 2800 2337 2857 easdem
2378 2800 2638 2868 mortuis,
2689 2815 2823 2870 quas
2868 2806 2924 2854 et
2965 2797 3082 2854 deis
3128 2798 3356 2866 czeditis,
3388 2799 3716 2871 eosdemque

2120 2896 2314 2951 odores
2343 2895 2611 2950 crematis.
2661 2894 2793 2973 Quis
2828 2894 2983 2948 istam
3022 2893 3408 2949 contumeliam
3454 2905 3712 2962 excuset,

2119 3002 2238 3059 quas
2282 2994 2343 3042 ut
2384 2995 2477 3041 aut
2504 2986 2581 3058 (6)
2629 2994 2866 3041 mortuos
2890 3000 3013 3041 eum
3040 2984 3157 3042 deis
3196 2986 3449 3057 deputet?
3477 2987 3716 3057 Regibus

2117 3080 2336 3154 quidem
2363 3080 2526 3134 etiam
2549 3078 2845 3135 sacerdotia
2862 3076 3129 3147 adscripta
3152 3086 3310 3143 sunt,
3343 3079 3590 3150 sacrique
3616 3096 3712 3149 ap-

2117 3184 2372 3245 paratus,
2397 3180 2454 3225 ut
2483 3179 2652 3226 tensae
2681 3178 2737 3226 et
2755 3184 2947 3225 currus
2971 3178 3026 3225 et
3044 3168 3349 3224 solisternia
3378 3180 3429 3225 et
3453 3170 3719 3227 lectister-

2120 3268 2297 3323 nia....
2327 3266 2399 3321 tie
2429 3264 2506 3338 (7)
2538 3273 2591 3321 et
2613 3263 2719 3319 ludi
2746 3264 2843 3337 (a).
2878 3263 3077 3330 Plane,
3110 3263 3361 3334 quoniam
3391 3264 3714 3321 illiscmlum

2118 3368 2296 3433 patet,
2347 3359 2451 3415 hoc
2487 3373 2702 3430 quoque
2744 3372 2851 3414 non
2899 3357 3017 3413 sine
3070 3357 3401 3413 contumelia
3442 3357 3709 3413 deorum:

2116 3453 2290 3525 primo
2311 3451 2524 3522 quidem
2543 3491 2559 3517 ,
2589 3449 2732 3521 quod
2765 3464 2872 3504 non
2907 3448 3146 3504 decuerit
3175 3448 3315 3503 alios
3348 3448 3427 3503 eis
3454 3463 3713 3505 annume-

2113 3545 2251 3611 rari,
2280 3542 2473 3615 quibus
2493 3540 2676 3596 datum
2706 3541 2777 3595 sit
2801 3548 2925 3611 post
2952 3549 3179 3595 mortem
3201 3539 3332 3595 deos
3354 3538 3713 3606 ﬂeri;seeun-

2112 3639 2275 3706 dum,
2306 3636 2449 3708 quod
2478 3644 2583 3690 tam
2616 3635 2783 3690 libere
2812 3641 2970 3704 atque
2997 3630 3281 3688 manifeste
3307 3648 3488 3688 coram
3516 3633 3713 3704 pupula

2112 3732 2381 3804 pejeraret
2407 3728 2796 3799 contemplator
2834 3726 3092 3782 Proculus
3141 3727 3191 3780 in
3237 3726 3430 3782 caelum
3461 3727 3708 3796 recepti,

2110 3825 2211 3881 nisi
2228 3831 2596 3880 contemneret
2619 3835 2754 3892 quos
2775 3818 3064 3889 dejerarct,
3089 3834 3248 3888 quam
3276 3819 3410 3888 ipse,
3446 3834 3604 3889 quam
3636 3818 3705 3887 ii,

2109 3921 2199 3991 qui
2224 3919 2272 3973 ei
2292 3917 2539 3990 pejerare
2574 3915 2915 3987 permittant;
2946 3914 3291 3969 consentiunt
3312 3913 3457 3968 enim
3489 3913 3589 3985 ipsi
3618 3914 3701 3968 ui-

2109 4014 2187 4070 hil
2211 4028 2332 4069 esse
2360 4010 2503 4083 quod
2530 4008 2777 4079 dejerant
2798 4049 2814 4075 ,
2843 4007 2956 4062 imo
2990 4006 3211 4076 insuper
3240 4014 3295 4061 et
3331 4005 3554 4076 praemio
3584 4005 3707 4060 altl-

2107 4107 2292 4174 ciunt,
2337 4102 2461 4177 quia
2504 4100 2716 4173 publice
2744 4098 3135 4169 contempserit
3179 4097 3396 4168 pcrjurii
3429 4097 3704 4165 vindices;

2101 4188 2404 4274 quanquam
2474 4194 2695 4268 perjurii
2750 4190 2892 4262 apud
2929 4204 3025 4246 vos
3074 4189 3151 4263 (8)
3183 4189 3547 4261 unusquisque
3603 4204 3704 4275 pu-

1613 4321 1999 4382 LEGTIONIES
2032 4317 2441 4380 VARIANTES.

492 4410 542 4480 1)
571 4412 651 4461 Ea:
672 4412 815 4477 Apol.
842 4413 920 4464 i3.
946 4410 997 4464 iu
1014 4426 1204 4480 corrzg.
1231 4416 1338 4480 sine
1361 4417 1727 4479 reprobatione.

490 4472 540 4545 ἓ)
576 4472 783 4545 Hacerc.
809 4490 874 4545 ea:
897 4475 1059 4545 Apol;
1062 4479 1137 4528 15.
1155 4472 1355 4545 "amem.
1382 4472 1653 4545 soliditatis.

489 4538 542 4604 ξ’»)
578 4544 697 4587 Hae.
724 4552 789 4591 ea:
809 4538 975 4604 Apuli,
1000 4541 1078 4590 15.
1105 4539 1293 4591 emend.
1320 4542 1608 4592 conducitur
1638 4542 1867 4594 dltinitas
1911 4545 2004 4596 sub

405 4598 581 4648 eadem
608 4612 745 4659 voce,
768 4598 865 4652 etc.

473 4662 540 4727 μ)
577 4662 695 4714 God.
722 4677 812 4715 ms.
836 4666 1116 4729 captivitate
1149 4670 1280 4716 notae
1305 4679 1466 4730 pinna.
1492 4665 1665 4782 Rigalt.
1709 4669 2004 4731 captivitatis

473 4732 557 4782 tae;
577 4727 668 4777 sed
691 4738 794 4779 voc.
823 4740 983 4782 meum
1004 4741 1101 4780 nou
1125 4736 1205 4781 est
1218 4727 1503 4780 delendum.
1569 4732 1605 4782 Γ.
1623 4729 1772 4782 Δυιιι.
1800 4732 1876 4782 15.

401 4732 557 4789 notae;
577 4727 668 4777 sed
691 4738 794 4779 voc.
823 4727 983 4792 prlium
1004 4741 1101 4780 nou
1125 4736 1205 4781 est
1218 4727 1503 4780 delendum.
1532 4727 1605 4794 Cf.
1623 4727 1782 4796 Apuli
1800 4732 1876 4784 15.

2179 4416 2254 4480 (5)
2290 4414 2373 4480 Ita
2396 4408 2569 4480 Rigalt.
2598 4423 2610 4460 :
2638 4407 2830 4462 Semler
2862 4406 2958 4473 (vel
2982 4403 3183 4469 Schutz)
3210 4418 3223 4455 :
3250 4417 3360 4472 aras
3417 4404 3606 4456 eisdem
3630 4406 3705 4458 tit.

2028 4480 2081 4540 Ι)
2115 4475 2471 4542 δυίριδεῐνίρὶὶἐ
2486 4475 2578 4525 litt.

2172 4495 2241 4603 ἐϋ)
2273 4549 2475 4603 Havete.
2502 4537 2567 4603 ad

2498 4534 2838 4627 ﬁp‘qlﬁi:
2864 4535 3056 4586 emend.
3079 4538 3189 4584 utut
3212 4537 3444 4582 mortuos.

2181 4598 2249 4668 {7)
2284 4600 2389 4666 Ely.
2417 4609 2473 4651 et-
2498 4598 2709 4650 ferizeet
2732 4598 2848 4647 ludi.
2948 4657 2957 4665 ,
3025 4658 3053 4668 η
3234 4658 3247 4665 ί
3637 4653 3652 4670 ρ

2171 4668 2243 4730 (8)
2281 4664 2398 4718 Cod.
2417 4675 2508 4715 ms.
2527 4672 2805 4726 quanquam
2851 4672 3056 4725 perjuru
3087 4658 3216 4722 apud
3232 4670 3356 4724 _vos,
3381 4654 3511 4720 quod
3534 4667 3618 4705 un.
3640 4668 3707 4718 ‘p.

1778 4840 2342 4901 COMMENTARIUS.

474 4952 554 5026 (a)
608 4954 751 5010 Certe
793 4955 1030 5011 Liberum
1058 4968 1276 5026 patrem.
1326 4956 1513 5013 A-blata
1559 4956 1725 5015 fuisse
1768 4961 1894 5015 olim
1940 4971 1994 5017 et

401 5024 657 5102 abrogata
673 5027 1040 5102 $10!?ththle
1059 5024 1381 5102 'lereiomnes
1405 5038 1665 5102 testantur
1675 5033 1784 5102 scri
1792 5042 1993 5102 plores.

400 5094 457 5169 _S.
482 5094 809 5169 Augustinus
828 5098 1014 5154 lib.VI.
1047 5100 1113 5155 de
1133 5101 1252 5155 Civ.
1280 5100 1463 5155 Livius
1481 5101 1517 5155 l.
1541 5094 1991 5159 XXXIX'etaIii.

400 5166 601 5226 Locum
631 5170 933 5243 hicqaddam
957 5170 1232 5243 Ciceronis
1253 5187 1318 5243 ex
1341 5174 1436 5226 lib.
1458 5174 1495 5227 l.
1516 5174 1583 5229 de
1611 5176 1833 5243 legibus.
1863 5176 1997 5241 Quid

400 5256 522 5312 ergo
544 5286 561 5308 ,
593 5241 798 5316 inquit,
831 5253 946 5314 aget
973 5242 1200 5316 lucc/tus
1225 5286 1240 5310 ,
1278 5241 1701 5316 Eumolpidwque
1731 5249 1916 5313 nostri,
1949 5258 1998 5303 et

401 5323 617 5440 augusia
654 5313 751 5369 illa
797 5313 1035 5385 mysteria
1054 5357 1069 5380 ,
1119 5316 1366 5386 siquidem
1394 5313 1543 5371 sacra
1574 5313 1825 5372 nocturna
1855 5320 1995 5374 tolli-

401 5401 534 5440 mus.
605 5403 638 5440 ε
664 5401 749 5440 rn.

401 5401 534 5441 mus.
560 5401 638 5441 LE
664 5401 749 5440 PR.

471 5455 551 5530 (b)
581 5456 828 5532 Craterum
849 5457 1096 5532 Set-opem
1109 5466 1154 5512 et
1177 5456 1386 5532 Isidem.
1404 5457 1550 5515 Idem
1574 5459 1685 5517 fere
1707 5462 1996 5532 objicitflib.

403 5528 472 5604 [_I.
501 5528 771 5604 Arnobius
791 5571 805 5592 ,
831 5528 1016 5604 Quid?
1039 5532 1149 5593 vos:-
1166 5528 1484 5602 Ai‘gyptiaca
1522 5535 1731 5604 numina
1751 5528 1789 5599 ,⁷
1820 5528 1999 5604 quibus

402 5601 617 5672 Serapis
644 5612 794 5671 atque
819 5601 921 5656 Isis
945 5611 1019 5656 est
1045 5617 1226 5656 nomen
1246 5644 1260 5668 ,
1291 5619 1390 5656 non
1414 5612 1526 5674 post
1551 5603 1795 5660 Pisonem
1816 5601 1861 5661 et
1890 5606 1997 5662 Ga-

402 5673 594 5727 binium
615 5689 747 5727 coss;
778 5674 831 5727 in
858 5689 1124 5727 numerum
1149 5673 1427 5728 vestrorum
1468 5676 1712 5732 retulistis
1739 5678 1949 5734 deorum
1970 5680 1997 5734 .9

404 5744 620 5800 Dixerat
645 5745 804 5800 etiam
821 5745 1071 5801 Lucanus
1092 5762 1105 5800 :

526 5835 626 5889 Nos
650 5837 697 5887 in
721 5838 904 5902 templa
927 5844 1059 5890 tuam
1080 5834 1293 5889 Romana
1319 5839 1594 5902 accepimus
1622 5838 1756 5901 Isim,

2223 4956 2581 5019 Semideosque
2607 4965 2777 5014 canes,
2806 4954 2860 5001 et
2879 4953 3021 5003 sistra
3033 4948 3254 5013 iubentia
3273 4946 3452 4997 luctus.

2170 5041 2375 5111 Quibus
2395 5055 2461 5096 ex
2508 5039 2641 5094 locis
2670 5038 2825 5108 hujus
2853 5036 2955 5090 loci
2986 5033 3253 5105 expositio
3277 5032 3455 5104 colligi
3503 5040 3701 5104 potest.

2097 5115 2564 5260 Μῖὲἴθοιηρειὲςα
2587 5182 2793 5260 licentia
2816 5188 2963 5260 ,__etc.
2998 5176 3156 5260 Quod
3181 5177 3473 5260 vanitatem
3519 5191 3602 5231 ma
3617 5177 3703 5232 xi«

2100 5250 2188 5316 me
2208 5250 2389 5331 arguit
2408 5259 2459 5331 in
2491 5255 2630 5310 ﬂetis
2680 5254 2782 5331 illis
2808 5252 2945 5319 dlis,
2977 5250 3226 5331 solebant
3278 5257 3516 5331 veteres,
3566 5264 3701 5331 ven.

2103 5330 2231 5386 dere
2251 5319 2297 5396 ,ν
2312 5328 2629 5386 subhastare
2654 5367 2668 5391 ,
2700 5326 2772 5379 ’ct
2801 5332 3010 5378 mutare
3047 5322 3179 5396 deos
3210 5336 3336 5375 suos
3365 5321 3501 5396 sicut
3557 5319 3695 5374 dixit

2104 5392 2467 5473 Apologia”.
2498 5407 2768 5473 mutantes
2821 5393 3106 5473 aliquando
3144 5392 3430 5473 saturnum
3463 5393 3514 5445 iu
3537 5407 3694 5447 caca-

2103 5464 2320 5540 bulum,
2351 5472 2646 5528 Minervam
2673 5468 2728 5522 in
2759 5465 3001 5532 trullam,
3033 5479 3130 5537 pro
3150 5464 3343 5521 allectat
3384 5473 3473 5521 aut
3501 5478 3694 5520 neces-

2103 5547 2279 5602 silate.
2312 5544 2481 5599 Idem.

2127 5690 2134 5692 _
2173 5617 2255 5692 (d)
2275 5614 2576 5692 _Negotiatio
2602 5610 2847 5683 religione
2871 5609 3220 5681 proscribitur.
3243 5607 3352 5664 Aut
3370 5648 3385 5674 ,
3435 5604 3686 5679 Negotia-

2099 5683 2247 5745 tione
2275 5683 2501 5756 Religio.
2533 5683 2654 5756 Ille.

2172 5762 2245 5832 (θ)
2274 5759 2344 5832 Ut
2373 5751 2529 5813 ténsa:
2572 5755 2825 5832 etcurru}
2876 5763 2923 5810 et
2947 5752 3235 5810 solisternia
3267 5762 3312 5807 et
3362 5751 3690 5832 lectisternia.
3746 5815 3752 5820 _

2100 5826 2406 5904 Legendum
2445 5839 2502 5887 ct
2548 5826 2902 5900 supplendum
2959 5844 2972 5884 :
3036 5844 3067 5879 «ι
3092 5832 3149 5882 ιιι
3195 5834 3362 5882 tensae
3408 5831 3463 5881 et
3505 5838 3698 5881 currus
