4150 6352
398 207 509 266 επ

1686 211 1780 270 ΔΙ)
1815 204 2154 271 NA'I‘IONES
2190 210 2319 273 LIB.
2359 214 2400 271 I.

3602 217 3705 281 578

401 325 639 382 animata
679 323 789 397 jam
818 322 1453 383 mortemvesimulantia
1490 327 1785 401 ecauterio
1823 328 2027 399 probat.
2058 328 2113 388 Α
2137 326 2241 385 hoc
2287 328 2588 387 din‘erentia
2639 329 2963 401 intercedit,
3013 337 3213 405 quanto
3275 331 3622 406 distinguitur
3672 354 3706 395 a

402 419 623 491 Singula
653 419 752 475 ista
781 435 1011 491 quaeque
1052 418 1231 476 adhuc
1271 420 1595 491 investigare
1638 420 1758 492 quis
1785 421 2003 491 possit?

404 511 464 569 Si
492 511 753 569 honorem
782 512 1081 585 inquietant
1119 507 1416 571 divinitatis
1436 555 1451 582 ,
1502 515 1546 571 si
1576 514 1870 586 maiestatis
1892 512 2004 568 fas-

406 605 599 676 tigium
644 604 919 672 adsolant,
969 605 1038 662 de
1078 606 1389 680 contemptu
1438 607 1621 677 utique
1670 612 1962 662 censentur
1989 647 2004 672 ,

406 715 570 771 quam
597 715 786 757 eorum
808 700 900 771 qui
920 700 1185 771 ejusmodi
1209 701 1469 769 factitant,
1500 716 1659 774 quam
1700 715 1887 757 eorum
1916 699 2005 770 qui

405 794 481 850 ita
509 794 825 863 suscipiunt.
867 792 1046 862 Quare
1084 795 1287 860 nescio,
1333 811 1402 851 ne
1444 795 1565 865 plus
1610 794 1677 851 de
1721 793 1873 849 vobis
1918 792 2005 849 dei

403 887 572 944 vestri
614 901 777 958 quam
828 887 898 942 de
946 887 1105 943 nobis
1150 898 1565 959 qucrantur.....
1622 887 1812 944 exalia
1855 895 2007 957 parte

403 980 734 1047 adulamini,
774 980 1039 1036 redimitis
1063 982 1107 1037 si
1152 998 1258 1053 qua
1302 981 1634 1053 delinquitis,
1662 992 1715 1038 et
1737 990 2007 1054 postremo

406 1073 537 1129 licet
562 1072 714 1129 vobis
739 1072 793 1128 in
839 1087 935 1129 eos
977 1088 1115 1146 quos
1165 1090 1289 1132 esse
1335 1074 1622 1142 voluistis;
1669 1089 1768 1132 nos
1797 1088 1926 1131 vero
1955 1074 2007 1130 in

404 1173 583 1222 telum
604 1180 934 1221 aversamur.
1712 1170 1716 1175 ‘

489 1260 577 1315 11.
619 1258 729 1316 Nec
753 1267 959 1316 tantum
1000 1259 1052 1316 in
1096 1260 1200 1317 hoc
1232 1263 1455 1319 nomine
1484 1261 1563 1319 rei
1608 1261 1839 1319 deserta-3
1857 1276 2009 1319 com~

409 1352 591 1410 munis
604 1352 899 1424 religionis,
919 1353 1013 1409 sed
1028 1354 1366 1425 superducta:
1379 1365 1737 1411 monstruosa:
1757 1356 2016 1427 supersti-

426 1445 611 1502 tionis.
638 1443 792 1510 Nam,
849 1454 906 1499 ut
958 1445 1198 1516 quidam,
1244 1446 1554 1503 somniastis
1591 1455 1752 1520 caput
1785 1446 2014 1503 asinium

424 1553 545 1596 esse
574 1539 730 1595 deum
762 1546 1029 1593 nostrum.
1075 1538 1223 1595 Hanc
1257 1538 1541 1597 Cornelius
1585 1539 1803 1597 Tacitus
1843 1541 2017 1611 suspi-

423 1634 632 1690 cionem
664 1632 808 1689 fecit.
852 1631 902 1688 Is
928 1632 1071 1688 enim
1102 1632 1155 1687 in
1184 1641 1372 1705 quarta
1403 1633 1747 1689 historiarum
1768 1648 2007 1700 suarum,

418 1725 508 1783 ubi
538 1724 606 1782 de
634 1725 775 1782 bello
793 1723 1008 1795 judaico
1029 1724 1242 1795 digerit,
1275 1725 1345 1781 ab
1377 1726 1583 1798 origine
1598 1724 1773 1797 gentis
1789 1740 2013 1781 exorsus
2041 1707 2089 1767 Β

426 1827 484 1874 et
510 1828 615 1874 tam
643 1817 712 1874 de
740 1817 855 1889 ipsa
879 1818 1087 1889 origine
1121 1832 1285 1889 quam
1321 1817 1392 1874 de
1419 1819 1638 1874 nomine
1665 1817 1941 1889 religionis
1960 1825 2018 1873 ut

419 1912 589 1969 voluit
626 1914 1082 1984 argumentatus;
1104 1911 1319 1969 Iudaeos
1371 1911 1537 1969 refert
1577 1914 1631 1968 in
1675 1910 2020 1984 expeditione

426 2007 593 2063 va5tis
615 2007 668 2063 in
698 2005 836 2063 locis
861 2021 1013 2077 aqum
1036 2006 1212 2077 inopia
1244 2006 1811 2077 laborantes,onagris,
1837 2005 1924 2076 qui
1951 2005 2021 2061 de

418 2111 574 2175 pastu
587 2115 777 2173 aquam
795 2099 1013 2172 petituri
1046 2100 1470 2168 aestimabantur,
1486 2100 1749 2156 indicibus
1762 2099 1926 2155 fontis
1940 2101 2019 2174 (I)

421 2209 548 2250 usos
576 2194 811 2251 evasisse
838 2210 853 2259 ;
896 2194 965 2249 ita
990 2193 1060 2249 ob
1089 2209 1206 2250 eam
1236 2195 1460 2265 gratiam
1506 2194 1803 2251 consimilis
1834 2194 2020 2249 hestire

421 2285 760 2357 superficiem
800 2300 829 2340 a
854 2285 1053 2342 inda-is
1075 2286 1202 2353 coli,
1233 2285 1356 2341 inde
1397 2286 1587 2357 opinor
1611 2296 2018 2357 prrcsumptum,

423 2395 526 2437 nos
556 2396 769 2452 quoque
807 2390 864 2435 ut
903 2380 1141 2436 Iudaica:
1174 2382 1449 2452 religionis
1485 2381 1813 2452 propinquos
1845 2380 2021 2437 cidem

423 2473 718 2541 simulacro
745 2474 964 2529 initiari.
998 2475 1068 2530 At
1095 2475 1237 2530 enim
1269 2474 1410 2529 idem
1462 2474 1745 2530 Cornelius
1769 2474 2022 2542 Tacitus,

424 2580 557 2621 sane
589 2565 676 2621 ille
692 2564 1546 2638 mendaciorumloquacissimus,
1572 2567 1769 2623 oblitus
1791 2567 2025 2622 affirma-

429 2656 592 2713 tionis
616 2671 731 2712 suae
756 2657 808 2712 in
833 2656 1222 2728 posterioribus
1241 2656 1428 2722 refert,
1448 2658 1743 2728 Ponpeium
1771 2673 2022 2731 maguum

427 2748 630 2807 Iuda-is
672 2749 959 2806 debellatis
1011 2749 1291 2821 captisque
1331 2749 1721 2821 Hierosolymis
1766 2750 2023 2821 templum

426 2842 608 2898 adisse
635 2851 688 2898 et
718 2850 1109 2913 perscrutatmn
1134 2842 1266 2897 nihil
1302 2842 1575 2898 simulacri
1602 2843 1888 2913 reperisse.
1921 2842 2023 2899 Ubi

428 2953 557 3010 ergo
582 2937 628 2994 is
649 2938 778 2993 deus
797 2936 1205 3008 fuerit?utiquc
1255 2953 1521 3009 nusquam
1565 2939 1734 3008 magis
1762 2953 1921 3010 quam
1973 2938 2025 2993 in

432 3031 633 3099 templo
663 3041 767 3085 tam
802 3029 1160 3095 memorabili,
1210 3036 1509 3101 prtesertim
1538 3031 1788 3088 omnibus
1830 3040 2029 3104 prmter

429 3125 801 3181 sacerdotibus
824 3124 1029 3188 clauso,
1048 3139 1155 3194 quo
1186 3139 1292 3179 non
1321 3134 1635 3180 vererentur
1686 3133 2023 3180 extraneum.

431 3219 539 3276 Sed
594 3219 720 3289 quid
760 3233 861 3291 ego
909 3217 1213 3282 defendam,
1247 3216 1522 3289 professus
1579 3218 1790 3274 interim
1820 3217 2032 3274 confes-

432 3312 638 3367 sionem
674 3311 1030 3380 temporalem
1081 3310 1319 3365 omnium
1350 3312 1400 3365 in
1431 3311 1582 3367 vobis
1607 3326 1675 3366 ex
1716 3313 1826 3382 pari
1860 3320 2032 3365 trans-

434 3402 822 3459 ferendorum?
865 3402 1129 3459 Credatur
1184 3402 1315 3458 deus
1377 3411 1560 3458 noster
1608 3404 1816 3458 asinina
1854 3402 2031 3472 aliqua

436 3513 687 3570 persona;
715 3509 861 3554 certe
879 3497 1143 3569 negabitis
1169 3512 1264 3552 vos
1291 3496 1477 3553 eadem
1499 3496 1697 3553 habere
1721 3494 2027 3571 nobiscum?

438 3590 579 3648 Sane
608 3607 702 3646 vos
734 3599 872 3648 totos
897 3591 1081 3647 asinos
1117 3590 1294 3647 colitis
1348 3599 1401 3645 et
1447 3605 1568 3645 cum
1615 3605 1711 3646 sua
1739 3590 1944 3660 Epona,
1977 3596 2034 3644 et

439 3684 617 3740 omnia
650 3683 892 3754 jumenta
943 3692 999 3739 et
1046 3697 1239 3754 pecora
1290 3690 1346 3738 et
1375 3682 1597 3750 bestias,
1649 3698 1770 3753 quae
1816 3681 2035 3753 perinde

438 3793 559 3835 cum
605 3777 717 3833 suis
772 3775 1111 3848 praesepibus
1165 3778 1517 3833 consecratis.
1564 3777 1631 3849 Et
1673 3776 1777 3833 hoc
1816 3778 2036 3834 forsitan

439 3872 650 3927 crimini
685 3869 846 3937 datis,
885 3869 1027 3940 quod
1076 3869 1217 3939 inter
1267 3870 1503 3925 cultores
1543 3870 1782 3925 omnium
1832 3880 2036 3927 tantum

441 3966 660 4023 asinarii
685 3978 890 4021 sumus.
922 3962 1028 4020 Sed
1057 3972 1112 4020 et
1140 3964 1347 4036 quinos
1387 3964 1563 4021 crucis
1589 3965 1858 4021 antistites
1893 3966 2042 4022 afﬁr-

443 4071 576 4130 mat,
610 4073 1007 4116 consecrancus
1033 4058 1134 4113 erit
1165 4068 1370 4114 noster.

521 4156 602 4213 12.
635 4155 823 4213 Crucis
851 4155 1100 4226 qualitas,
1149 4155 1358 4226 signum
1386 4165 1468 4209 est
1490 4153 1557 4209 de
1584 4153 1747 4224 ligno;
1775 4153 1934 4209 etiam
1975 4153 2044 4211 de

443 4250 668 4307 materia
699 4249 876 4305 colitis
897 4263 1063 4321 penes
1086 4263 1178 4304 vos
1198 4262 1319 4303 cum
1338 4248 1535 4318 effigie;
1571 4262 1876 4318 quanquam
1907 4250 2046 4304 sicut

445 4353 682 4400 vestrum
714 4342 943 4399 lmmana
970 4340 1133 4413 figura
1180 4349 1265 4396 est
1286 4381 1302 4407 ,
1335 4339 1409 4395 ita
1460 4350 1513 4396 et
1542 4350 1783 4396 nostrum
1806 4341 2040 4412 propria.

445 4440 691 4498 Viderint
729 4458 874 4499 nunc
902 4441 1232 4509 liniamenta,
1263 4440 1388 4496 dum
1417 4458 1522 4497 ttna
1575 4443 1644 4497 sit
1671 4444 1926 4513 qualitas;
1958 4445 2041 4500 vi-

2112 426 2289 484 crucis
2310 423 2490 495 stipite
2517 422 2697 479 Pallas
2724 423 2901 480 Attica
2926 434 2981 481 et
3009 423 3172 482 Ceres
3200 424 3413 492 Pharia,
3445 443 3566 498 quae
3586 428 3705 486 sine

2112 517 2289 573 forma
2316 516 2432 572 rudi
2464 516 2585 587 palo
2616 526 2670 571 ct
2709 517 2825 572 solo
2870 518 3116 574 staticnlo
3160 518 3290 591 ligni
3341 519 3588 579 informis
3617 537 3703 579 re-

2110 622 2465 685 praesentatur
2485 609 2588 686 (a)?
2614 611 2748 669 Pars
2806 612 3006 678 crucis,
3030 621 3087 668 et
3114 613 3329 685 quidem
3374 614 3572 686 majus,
3619 624 3705 672 est

2110 721 2274 762 omne
2310 705 2495 772 robur,
2528 705 2670 775 quod
2718 703 2787 761 de
2835 715 2980 761 recta
3025 705 3255 763 statione
3283 705 3552 778 defigitur.
3592 706 3700 764 Sed

2112 800 2267 856 nobis
2295 809 2404 855 tota
2439 814 2571 854 crux
2604 800 2915 869 imputatur,
2945 814 3066 853 cum
3098 808 3347 855 antemna
3378 800 3587 856 scilicet
3610 815 3709 857 sua

2112 904 2169 952 et
2224 910 2346 951 cum
2394 893 2486 949 illo
2537 892 2722 949 sedilis
2760 906 2989 962 excessu
3031 890 3128 965 (b).
3178 891 3291 948 Hoc
3348 892 3567 964 quidem
3609 908 3707 951 vos

2114 984 2547 1053 incusabiliores,
2566 984 2655 1055 qui
2676 983 2921 1039 mutilum
2941 993 3251 1039 ettruncum
3265 984 3482 1041 dicastis
3503 986 3706 1058 lignum

2113 1080 2256 1153 quod
2277 1080 2366 1134 alii
2398 1079 2613 1151 plenum
2642 1086 2696 1134 et
2720 1086 2982 1132 structum
3011 1085 3487 1143 consecraverunt.
3520 1076 3704 1133 Enim-

2113 1189 2245 1229 vero
2289 1171 2356 1228 de
2402 1170 2610 1241 reliquo
2649 1168 2856 1240 integra
2902 1176 2986 1225 est
3034 1168 3224 1239 religio
3276 1168 3430 1224 vobis
3481 1168 3704 1241 integrat

2114 1267 2310 1331 crucis,
2334 1265 2471 1321 sicut
2519 1263 2823 1320 ostendam.
2856 1261 3117 1333 Ignoratis
3164 1270 3343 1318 autem
3395 1261 3558 1318 etiam
3604 1261 3713 1318 ori-

2084 1436 2087 1439 }
2115 1363 2296 1434 ginem
2328 1360 2482 1416 istam
2513 1359 2630 1414 deis
2655 1357 2847 1413 vestris
2886 1356 2955 1423 de
2980 1357 3082 1411 isto
3109 1356 3347 1427 patibulo
3378 1356 3712 1427 provenisse.

2117 1455 2250 1511 Nam
2276 1468 2435 1509 omne
2461 1450 2830 1517 simulacrum,
2858 1464 2951 1506 seu
2980 1449 3124 1520 ligno
3148 1465 3243 1505 seu
3276 1448 3452 1520 lapide
3497 1448 3715 1505 descul-

2120 1550 2281 1622 pitur.
2301 1563 2392 1604 seu
2411 1561 2516 1602 aere
2530 1543 2860 1611 defunditur,
2882 1558 2974 1598 seu
2992 1559 3094 1613 qua
3105 1558 3333 1613 cumque
3354 1543 3454 1598 alia
3477 1544 3714 1616 locuple—

2116 1644 2255 1700 tiore
2282 1642 2503 1697 materia
2528 1639 2838 1711 producitur
2855 1681 2869 1703 ,
2904 1638 3141 1709 plasticze
3167 1652 3355 1693 manus
3409 1637 3720 1710 prmeedent

2122 1751 2345 1794 necesse
2369 1745 2473 1802 est;
2525 1735 2696 1806 piasta
2744 1741 2922 1788 autem
2978 1732 3180 1805 lignum
3230 1733 3405 1789 crucis
3461 1734 3512 1788 in
3540 1733 3719 1805 primo

2123 1829 2329 1894 statuit,
2352 1829 2606 1900 quoniam
2635 1830 2733 1900 ipsi
2762 1843 2976 1902 quoque
3005 1826 3217 1897 corpori
3265 1834 3451 1882 nostro
3477 1825 3636 1882 tacita
3664 1834 3721 1883 et

2122 1934 2327 1980 secreta
2360 1923 2497 1980 linea
2527 1923 2702 1978 crucis
2748 1923 2883 1977 situs
2911 1930 3010 1977 est.
3071 1919 3223 1989 Quod
3278 1928 3439 1991 caput
3478 1920 3717 1988 emicat,

2122 2016 2265 2088 quod
2312 2016 2462 2088 Spina
2495 2013 2740 2087 dirigitur
2762 2055 2775 2080 ,
2809 2014 2950 2086 quod
2966 2013 3325 2068 humerorum
3357 2010 3720 2083 obliquatio...

2123 2111 2179 2168 Si
2206 2110 2459 2165 statueris
2500 2109 2768 2165 hominem
2819 2107 3066 2163 manilms
3105 2107 3376 2178 expansis,
3414 2106 3721 2178 imaginem

2127 2205 2301 2262 crucis
2324 2203 2539 2261 feceris.
2568 2202 2703 2258 Iluic
2731 2202 2888 2273 igitur
2912 2200 3153 2268 exordio,
3195 2209 3249 2256 et
3274 2199 3420 2255 velut
3448 2199 3725 2254 statumini
3754 2250 3763 2258 .

2128 2297 2312 2368 argilla
2332 2296 2565 2368 desuper
2589 2295 2791 2350 intexta
2822 2293 3075 2364 paulatim
3108 2292 3351 2348 membra
3379 2291 3638 2362 complet,
3670 2300 3728 2349 et

2128 2406 2327 2461 corpus
2351 2391 2536 2459 struit,
2564 2399 2618 2446 et
2638 2390 2895 2456 habitum,
2916 2404 3072 2460 quem
3094 2387 3293 2459 placuit
3325 2387 3550 2458 argillze,
3577 2388 3721 2443 intus

2114 2478 2273 2558 cruci
2306 2476 2537 2548 ingerit;
2577 2474 2701 2559 inde
2725 2474 2928 2553 circino
2948 2484 2999 2530 et
3032 2472 3295 2545 plumbeis
3326 2472 3559 2528 modulis
3587 2487 3728 2543 prte-

2130 2568 2338 2640 paratio
2359 2566 2631 2624 simulacri
2681 2567 2732 2622 in
2784 2581 3042 2631 marmor,
3076 2566 3127 2621 in
3159 2564 3352 2633 lutum,
3380 2564 3461 2619 vel
3509 2579 3618 2632 res,
3642 2563 3728 2620 vel

2131 2660 2487 2733 quodcunque
2539 2660 2738 2729 placuit
2785 2658 2946 2714 deum
2995 2653 3148 2725 fieri,
3197 2657 3625 2727 trausmigratur.
3682 2657 3728 2711 A

2132 2770 2296 2811 cruce
2321 2754 2528 2825 argilla,
2561 2752 2631 2807 ab
2676 2752 2862 2823 argilla
2890 2751 3044 2817 deus;
3091 2749 3500 2821 quodammodo
3540 2751 3732 2806 transit

2132 2864 2263 2905 crux
2293 2849 2345 2902 in
2367 2847 2524 2902 deum
2555 2861 2646 2916 per
2672 2844 2936 2916 argillam.
2962 2844 3187 2898 Crucem
3219 2842 3383 2916 igitur
3402 2842 3731 2898 consecratis

2132 2959 2162 3000 a
2190 2959 2294 3015 qua
2325 2922 2585 3011 incipitur!
2632 2946 3000 2994 consecratus.
3046 2937 3289 3007 Exempli
3322 2920 3489 3006 gratia
3528 2936 3733 2992 dictum

2134 3040 2256 3104 erit,
2288 3052 2481 3106 nempe
2501 3034 2569 3090 de
2595 3033 2750 3089 olivae
2778 3032 2970 3088 nucleo
2996 3041 3051 3088 et
3093 3046 3229 3086 nuce
3260 3031 3452 3102 persici
3474 3041 3528 3087 et
3561 3022 3732 3102 grano

2134 3129 2336 3202 piperis
2366 3128 2466 3183 sub
2495 3135 2636 3183 terra
2666 3135 2961 3196 temperato
2986 3124 3148 3199 arbor
3166 3123 3407 3194 exsurgit
3437 3123 3489 3178 in
3517 3138 3722 3193 ramos,

2137 3223 2189 3277 in
2212 3236 2442 3288 comam,
2475 3219 2525 3273 in
2556 3218 2791 3289 speciem
2820 3216 2899 3271 sui
2921 3216 3155 3287 generis.
3184 3213 3319 3271 Eam
3342 3216 3385 3269 si
3412 3213 3727 3284 transferas,

2134 3315 2216 3370 vel
2241 3313 2311 3368 de
2337 3311 2567 3367 brachiis
2596 3311 2710 3381 ejus
2737 3310 2789 3364 in
2828 3309 2985 3364 aliam
3014 3308 3258 3364 subolem
3288 3308 3473 3374 utaris,
3519 3308 3606 3364 cui
3636 3308 3736 3364 de-

2139 3405 2413 3480 putabitur
2439 3404 2579 3474 quod
2620 3403 2691 3480 de
2723 3400 2939 3458 traduce
2973 3400 3251 3473 provenit?
3290 3416 3396 3457 non
3439 3399 3514 3455 illi
3561 3414 3735 3473 grano

2138 3476 2229 3556 aut
2268 3498 2391 3554 nuci
2441 3507 2535 3552 aut
2581 3476 2809 3551 nucleo?
2839 3494 2973 3551 Nam
3018 3510 3139 3549 cum
3173 3494 3359 3550 tertius
3409 3494 3608 3566 gradus
3646 3509 3736 3552 se-

2138 3592 2316 3648 cundo
2342 3589 2740 3656 adscrihibitur,
2764 3603 2913 3659 teque
2930 3588 3102 3658 primo
3122 3586 3410 3655 secundus,
3430 3589 3509 3643 sic
3550 3586 3738 3644 tertius

2139 3684 2400 3758 redigitur
2426 3682 2492 3738 ad
2521 3683 2748 3754 primmn
2777 3681 3125 3737 transmissus
3146 3696 3243 3752 per
3270 3680 3591 3738 secundum.
3622 3679 3734 3739 Nec

2140 3780 2340 3837 diutius
2364 3792 2527 3848 super
2558 3777 2660 3831 isto
2688 3773 3176 3847 argumentandum
3206 3783 3307 3841 est,
3332 3773 3546 3845 quando
3576 3786 3736 3830 natu-

2143 3875 2241 3933 rali
2270 3870 2679 3945 praescriptione
2730 3883 2890 3923 omne
2941 3868 3163 3923 omnino
3209 3882 3379 3937 genus
3424 3883 3643 3924 censum
3672 3866 3741 3951 ad

2144 3969 2404 4041 originem
2451 3965 2661 4031 refert,
2715 3974 3022 4036 quantoque
3056 3977 3224 4035 genus
3259 3972 3549 4031 censetur,
3596 3972 3743 4019 tanto

2146 4062 2299 4133 origo
2321 4059 2642 4116 convenitur
2671 4058 2724 4112 in
2755 4054 3046 4126 genere.Si
3081 4056 3240 4127 igitur
3269 4056 3322 4111 in
3369 4071 3568 4127 genere
3612 4056 3747 4112 deo-

2148 4173 2264 4212 rum
2318 4170 2535 4211 crueum
2586 4152 2847 4222 originem
2897 4150 3095 4216 colitis,
3149 4150 3238 4206 hic
3290 4150 3393 4205 erit
3432 4150 3651 4205 nucleus
3691 4158 3748 4206 et

2147 4268 2375 4326 granum
2404 4247 2772 4323 primordiale,
2805 4246 3083 4315 exquibus
3112 4243 3251 4314 apud
3288 4259 3383 4299 vos
3430 4244 3748 4299 simulacro-

2148 4346 2437 4403 rumsilvte
2465 4349 2845 4414 propagantur.
2882 4339 2960 4393 Ad
3008 4336 3288 4394 manifesta
3341 4336 3446 4408 iam
3488 4334 3749 4408 (‘2):Vic-

2149 4439 2317 4496 torias
2336 4447 2391 4491 ut
2416 4435 2654 4500 numina,
2675 4431 2954 4503 etquidem
2972 4431 3275 4501 augustiora
3294 4442 3496 4500 quanto
3518 4426 3744 4494 la-tiora,

447 4534 592 4592 derit
619 4533 814 4603 forma,
862 4535 990 4591 dmn
1037 4506 1307 4606 ipsumsit
1356 4533 1441 4591 dei
1482 4506 1700 4606 corpus.
1730 4535 1882 4604 Quod
1907 4506 1951 4592 si
1978 4537 2045 4593 de
2068 4527 2123 4586 1)
2148 4529 2502 4589 veneramini.
2530 4527 2832 4629 Con....’....
2854 4539 2957 4580 one
2988 4522 3070 4595 (5)
3092 4506 3441 4594 (ιυίἁήιειίιιε
3466 4518 3750 4589 extollant,

1657 4628 2042 4688 LECTIONES
2082 4621 2492 4686 VARIANTES.

449 4724 592 4852 Δ
727 4730 859 4777 recte
878 4722 1021 4789 iussit
1045 4733 1249 4778 Haverc.
1274 4720 1424 4789 scribi
1439 4734 1530 4789 pro
1550 4720 1699 4789 tmlg.:
1715 4722 1958 4789 fontibus;
1981 4724 2045 4792 cf.

2238 4722 2289 4783 2)
2332 4713 2502 4783 Rigalt.
2529 4713 2772 4783 Atinam;
2808 4710 2974 4765 Verius
2992 4720 3113 4763 Hau.
3138 4711 3198 4762 ad
3221 4721 3354 4760 man.

2273 4778 2288 4850 )
2316 4778 2441 4832 Hau.
2476 4778 2859 4843 contignatione.

1828 4865 2382 4929 COMMENTARIUS.

440 5016 466 5062 χ
524 4990 600 5062 (a)
623 4989 758 5047 Pars
781 4990 967 5057 crucis,
991 4997 1037 5045 et
1061 4989 1263 5062 quidem
1284 4988 1451 5059 majus
1480 4995 1574 5053 est,
1598 4997 1702 5042 etc.
1723 4986 1925 5062 Cruces
1947 5002 2045 5062 no-

453 5060 543 5119 bis
565 5060 920 5133 reliquuntur,
953 5062 1109 5118 nobis
1135 5061 1457 5133 ﬂgunﬁtur,at
1500 5075 1565 5115 ex
1595 5074 1662 5115 eo
1700 5060 2044 5133 magimusin

454 5149 554 5190 nos
595 5129 765 5190 honos
810 5133 1092 5189 redundat.
1136 5129 1292 5203 Apud
1329 5141 1536 5188 veteres
1566 5133 1762 5202 quippe
1785 5129 2046 5203 Christia-

455 5220 557 5263 nos
584 5221 717 5263 crux
743 5220 957 5276 semper
986 5204 1146 5261 rebus
1188 5201 1245 5269 in
1275 5204 1526 5259 omnibus
1553 5201 1940 5276 adhibebatur,
1970 5201 2047 5257 si-

494 5292 728 5349 numque
766 5274 907 5333 illitis
933 5286 1058 5332 ante
1094 5290 1203 5349 res
1221 5291 1408 5349 omnes
1453 5274 1875 5349 imprimebatnr.
1930 5275 2049 5349 Ipse

494 5294 728 5349 numque
766 5294 907 5333 unus
933 5294 1058 5332 ante
1100 5294 1191 5332 res
1221 5294 1408 5332 omnes
1453 5294 1875 5343 nnprnnenamr.
1930 5294 2049 5343 ipse

453 5294 660 5405 g‘ertul.
692 5349 761 5405 de
785 5363 982 5404 corona
1013 5348 1123 5402 mil.
1165 5345 1398 5420 Cyrillus
1434 5345 1641 5402 catecb.
1682 5346 1718 5401 4
1781 5362 1793 5399 :
1846 5350 1985 5400 Ποιεῖ
2000 5348 2049 5400 δὲ

454 5428 598 5477 τοῦτο
622 5429 681 5477 τὸ
708 5425 918 5490 σημεῖον,
939 5428 1097 5477 ἐσθίων
1122 5423 1205 5473 uati
1229 5429 1392 5479 πίνων,
1414 5426 1690 5487 “arma”,
1707 5420 2060 5486 κοηαςόμινσς,

458 5498 837 5562 “anni/5:90;,
858 5501 1028 5558 λαλῶν,
1041 5508 1336 5564 περιπατῶν,
1356 5496 1650 5564 ἁπαξαπλῶς
1672 5497 1717 5546 ἓν
1738 5493 1883 5545 παντὶ
1907 5495 2061 5562 πρᾶγ·

457 5587 604 5635 μιτι.
624 5564 733 5618 Fac
747 5565 875 5620 illud
886 5565 1109 5634 signum,
1124 5563 1387 5619 comedens
1405 5573 1448 5616 et
1471 5563 1640 5635 bibens
1659 5604 1674 5628 ,
1693 5566 1893 5635 sedens,
1908 5577 2056 5614 recu-

460 5633 609 5701 bans,
629 5645 843 5699 erectus,
860 5633 1089 5704 loquens,
1102 5634 1389 5699 ambulans,
1404 5649 1505 5688 uno
1517 5633 1665 5687 verba
1678 5635 1731 5687 in
1753 5633 1893 5687 omni
1915 5648 2062 5687 occa-

459 5710 624 5763 sione.
649 5707 878 5779 Basilius
895 5707 1033 5779 Mag.
1058 5708 1095 5762 l.
1128 5706 1197 5779 de
1221 5707 1279 5761 S.
1307 5704 1450 5775 Spir.
1482 5704 1655 5779 c227,
1690 5705 1820 5779 illud
1847 5705 2062 5779 reponit

461 5778 606 5837 inter
633 5775 948 5838 traditiones
977 5775 1298 5855 apostolicas
1320 5789 1427 5834 non
1457 5775 1707 5847 scriptas.
1735 5775 1813 5833 Le
1853 5775 1949 5834 Pa.

2221 4980 2300 5057 (b)
2332 4981 2459 5037 Cum
2480 4978 2579 5057 illo
2592 4977 2777 5057 sedilis
2794 4992 3023 5057 excessu.
3047 4972 3228 5057 Sedile
3251 4970 3438 5029 Crucis
3468 4968 3623 5043 palus
3653 4969 3753 5028 fuit

2150 5045 2383 5120 brevior,
2442 5052 2620 5108 medio
2658 5049 2823 5119 stipiti
2871 5050 3152 5120 impactus.
3183 5045 3481 5120 Excessum
3514 5058 3642 5120 vero
3666 5058 3753 5120 se-

2152 5127 2276 5183 dilis
2300 5115 2464 5190 dicit,
2495 5124 2622 5194 quia
2654 5115 2811 5194 pol—us
2834 5115 3020 5194 iste—in
3051 5134 3157 5189 quo
3182 5116 3442 5194 sedebant
3467 5115 3751 5194 cruciarii,

2152 5198 2421 5255 eminebat
2453 5186 2723 5250 in'med'io
2749 5193 2928 5264 stipite
2957 5191 3021 5245 ad
3051 5186 3204 5244 risum
3234 5186 3518 5264 sedilisJ-zv
3542 5198 3611 5257 τῷ
3628 5191 3757 5257 ptas»

2152 5276 2437 5343 πγηρνὺμενον
2451 5272 2582 5335 Eb)”
2612 5274 2671 5327 ὡς
2700 5259 2856 5343 stipare,
2880 5274 2961 5343 κςιὶ
2989 5266 3301 5343 ιῦτξσὲξεχον,
3331 5259 3759 5343 {falsi-£10821“:

2165 5329 2580 5414 οῖ’ἓτιὶυροὺμὶενοι,
2598 5329 2768 5414 inquit
2788 5329 3756 5414 Jlustinus,llialogoa‘dversll‘rypbo-

2168 5432 2289 5470 nem
2317 5401 2582 5469 .l'udieum.
2615 5401 2850 5463 Irenzctts
2879 5406 2972 5461 lib.
3003 5404 3076 5470 II,
3108 5401 3234 5475 cap.
3257 5403 3347 5459 42.
3381 5401 3500 5475 Ipse
3547 5402 3760 5475 habitus

2164 5485 2341 5543 crucis
2368 5487 2498 5555 lines
2525 5490 2578 5537 et
2599 5480 2935 5555 summitates
2958 5476 3118 5541 habet
3139 5473 3395 5555 quinque,
3415 5474 3552 5527 duos
3640 5473 3760 5555 Ion:

2161 5557 2442 5630 gitudine_,
2469 5552 2687 5630 duosin
2717 5550 2997 5630 latitudiue
3021 5556 3119 5630 ,-et
3156 5543 3319 5630 unum
3361 5548 3435 5628 in.
3463 5543 3642 5630 medio
3669 5543 3762 5630 ubi

2164 5616 2489 5701 requiescit,
2541 5626 2629 5701 qui
2665 5621 2871 5701 .clavis
2910 5618 3166 5701 anigitur:
3224 5619 3392 5701 Palus
3421 5616 3523 5673 iste
3563 5616 3765 5701 media-

2163 5687 2266 5757 nus
2308 5699 2399 5754 lib.
2425 5687 2797 5754 advIJudteos
2819 5687 3036 5762 dicitur,
3066 5690 3351 5750 Unicornis
3378 5688 3434 5746 in
3456 5687 3637 5745 medio
3662 5687 3762 5746 sti—

2161 5780 2284 5847 pata
2311 5768 2450 5829 BIG.
3456 5774 3467 5783 ‘
