4136 6358
462 296 580 360 $79

1814 289 2279 354 ἹῈΒΉΠΜἈΝ

3665 291 3786 352 580

485 432 676 476 cruces
740 424 897 472 erunt
948 413 1198 471 intestina
1273 410 1665 484 quodammodo
1713 399 2066 484 ti-Opaéorum.
2096 409 2349 481 Acapite
2385 415 2442 465 et
2484 407 2699 466 leonino
2746 407 2895 466 etde
2925 407 3064 468 bove
3110 417 3166 470 et
3217 409 3286 468 de
3311 411 3478 470 ariete
3538 420 3594 471 et
3621 413 3780 472 hirco

482 508 669 582 Itaque
692 509 746 564 in
774 506 1022 565 Victoriis
1059 514 1115 562 et
1139 520 1328 562 cruces
1362 505 1491 560 colit
1533 504 1823 560 castrensis
1847 503 2065 574 religio,

477 603 630 674 signa
656 600 864 667 adorat,
892 599 1042 672 signa
1078 597 1312 670 deierat,
1344 597 1492 670 signa
1523 597 1625 669 ipsi
1665 597 1784 654 Ιονί
1816 596 2063 669 praefert.

471 694 578 752 Sed
629 695 720 750 ille
773 693 1063 765 imaginum
1119 701 1404 764 suggestus
1445 699 1503 748 et
1539 693 1704 747 totius
1754 691 1868 746 auri
1899 691 2112 747 cultus‘

463 785 694 843 annitilia
739 801 959 842 crucum
1001 794 1146 842 sunt.
1171 783 1261 842 Sic
1283 785 1448 840 etiam
1500 784 1553 839 in
1595 783 1867 840 cantabris
1915 793 2075 855 atque

471 881 704 948 vexillis,
737 896 858 952 quae
885 896 992 938 non
1021 882 1233 937 minore
1271 880 1556 936 sauctitate
1586 878 1775 934 militia
1815 877 2070 944 custodit,

463 973 692 1044 siphara
713 973 808 1028 illa
837 981 1018 1030 vestes
1038 987 1256 1029 crucum
1287 981 1433 1028 sunt.
1463 970 1819 1039 Erubescitis,
1851 971 2068 1042 Opinor,

471 1063 702 1121 incultas
727 1065 972 1121 etenudas
995 1079 1187 1120 cruces
1211 1064 1414 1121 colere.

545 1158 636 1213 αδ.
670 1157 772 1212 Alii
801 1157 961 1229 plane
992 1158 1275 1213 humanius
1301 1157 1472 1213 solem
1499 1156 1862 1213 Christianum
1909 1157 2070 1213 deum

473 1252 784 1319 mstimant,
835 1251 979 1324 quod
1027 1252 1318 1308 innoulerit
1349 1252 1424 1306 ad
1471 1252 1692 1307 orientis
1734 1261 1940 1322 partem
1995 1249 2074 1322 (ιι)

474 1343 655 1400 facere
691 1359 792 1401 nos
819 1345 1180 1416 precationem
1205 1344 1289 1400 vel
1319 1343 1566 1400 diesolis
1597 1344 1836 1399 laatitiam
1861 1359 2072 1400 curare.

475 1435 614 1505 Quid
643 1452 738 1492 vos
794 1438 973 1492 minus
1019 1436 1224 1492 facitis?
1271 1436 1388 1492 Non
1442 1436 1684 1508 plerique
1739 1437 2078 1492 affectatione

477 1526 735 1583 adorandi
777 1527 1064 1598 aliquando
1093 1529 1252 1584 etiam
1295 1528 1535 1585 caelestia
1579 1529 1646 1584 ad
1691 1529 1821 1584 solis
1867 1529 2076 1584 initium

466 1619 628 1675 .labra
653 1621 900 1676 vibratis?
927 1620 1031 1677 Vos
1047 1629 1197 1677 certe
1219 1622 1372 1689 estis,
1403 1622 1494 1697 qui
1509 1621 1668 1676 etiam
1687 1621 1740 1676 in
1761 1621 2077 1678 laterculum

477 1723 684 1783 septem
713 1712 923 1768 dierum
950 1714 1122 1770 solem
1161 1715 1464 1786 recepistis,
1496 1725 1548 1769 et
1570 1729 1640 1770 ex
1667 1714 1857 1772 diebus.
1904 1714 2075 1784 ipsum

2175 503 2386 560 cornuti
2413 502 2508 571 dii,
2554 504 2854 576 caprigenae
2875 504 2962 561 vel
3001 505 3218 578 anguini
3247 514 3304 589 et
3348 507 3506 563 alites
3559 508 3773 578 planta,

2177 595 2352 652 fronte
2405 608 2460 653 et
2495 604 2647 669 tergo
2683 595 2780 670 (c).
2825 595 2967 667 Quid
3013 597 3194 672 itaque
3247 606 3494 656 nosuum
3525 600 3777 656 'unicum

2179 687 2448 745 denotatis
2468 689 2494 742 ἲ

2255 783 2343 839 15.
2375 783 2562 840 Plures
2589 782 2863 842 Onoctnta:
2903 798 3074 855 penes
3119 799 3217 841 vos
3271 784 3778 859 deprehenduntur.

2175 875 2236 933 Si
2268 877 2319 931 in
2349 875 2468 933 deis
2493 876 2798 948 mqualitate
2822 877 3218 946 concurrimus,
3248 879 3584 950 scquitur,ut
3605 882 3782 938 sacri-

2183 969 2290 1027 ﬁcii
2322 971 2408 1027 vel
2455 971 2596 1027 sacri
2633 987 2846 1044 quoque
2883 972 3033 1028 inter
3060 987 3162 1028 nos
3195 973 3480 1030 diversitas
3505 975 3648 1032 nulla
3677 975 3776 1044 sit,

2181 1071 2242 1118 ut
2263 1079 2328 1120 ex
2359 1063 2462 1120 alia
2489 1063 2674 1135 specie
2695 1066 3113 1136 comparationis
3131 1066 3263 1122 satis
3281 1065 3392 1124 ﬁat.
3416 1066 3525 1124 Nos
3552 1067 3777 1124 infanti-

2177 1157 2322 1213 cidio
2374 1158 2589 1212 litamus
2627 1158 2744 1214 sive
2789 1159 3105 1215 iuitiamus?
3129 1159 3241 1216 Vos
3273 1203 3290 1230 ,
3322 1163 3370 1239 si
3419 1161 3487 1218 de
3516 1164 3784 1219 memoria

2183 1248 2449 1316 abierunt,
2507 1265 2626 1322 quae
2665 1249 2814 1306 czcde
2843 1249 3110 1321 hominis,
3158 1269 3386 1327 quaeque
3431 1255 3783 1314 infanticidiis

2183 1340 2524 1411 transegisse,
2567 1343 2963 1414 recognoscetis
3017 1334 3384 1413 suo'ordine;
3440 1362 3581 1405 nunc
3628 1349 3779 1406 enim

2179 1432 2479 1489 diﬂ‘erimos
2525 1433 2801 1505 pleraque,
2830 1431 2899 1491 ne
2935 1435 3123 1501 eadem
3155 1436 3436 1493 videamur
3461 1440 3657 1512 ubique
3681 1455 3775 1497 re-

2155 1533 2433 1582 .-tractare.
2480 1526 2736 1593 Interim,
2799 1527 3014 1596 utdixi,
3047 1545 3112 1585 ex
3169 1530 3272 1585 alia
3314 1539 3466 1602 parte
3493 1548 3599 1588 non
3625 1532 3782 1590 deest

2179 1617 2504 1688 aquuatio.
2523 1615 2658 1673 Nam
2691 1619 2789 1674 etsi
2817 1635 2917 1676 nos
2953 1620 3108 1676 aliter
3151 1620 3250 1695 (ιι),
3294 1637 3451 1680 amen
3481 1640 3588 1680 non
3628 1625 3789 1682 aliter

2184 1724 2280 1767 vos
2311 1709 2382 1780 (ε)
2409 1726 2625 1782 quoque
2653 1711 3001 1780 infanticidte,
3051 1713 3138 1785 qui
3179 1713 3408 1771 infantes
3453 1715 3624 1773 editos
3647 1731 3785 1773 ene-

469 1809 818 1880 .praelcgistis,
865 1825 974 1880 quo
1019 1809 1108 1866 die
1147 1810 1419 1865 lavacrum
1463 1807 1842 1876 substrahatis,
1888 1819 1981 1862 aut
2026 1809 2076 1862 in
2112 1839 2158 1901 Β
2185 1813 2370 1858 cantes
2401 1802 2611 1875 legibus
2636 1803 2850 1875 quidem
2880 1805 3258 1876 prohibemini,
3295 1807 3390 1863 sed
3421 1809 3579 1864 nulla:
3605 1810 3782 1882 magis

477 1919 759 1975 vesperam
807 1904 1086 1974 d'ill'eratis,
1111 1915 1202 1961 aut
1239 1907 1406 1962 otimn
1441 1913 1498 1962 et
1546 1905 1824 1977 prandium
1855 1907 2077 1962 curetis.

479 2000 634 2068 Quod
657 2000 873 2072 quidem
904 1999 1078 2057 facitis
1099 2001 1465 2057 exorbitantes
1491 2009 1546 2055 et
1587 2000 1688 2070 ipsi
1734 2015 1763 2054 a
1786 1999 1986 2056 vestris
2014 1998 2082 2055 ad

483 2091 688 2147 alienas
752 2092 1058 2162 religiones.
1113 2091 1286 2148 Judrei
1335 2093 1480 2148 enim
1532 2093 1690 2156 festi,
1739 2091 1960 2148 sabbata
1989 2094 2084 2161 {et

477 2198 631 2240 cena
672 2198 827 2256 pura,
875 2194 930 2240 et
975 2183 1177 2255 judaici
1223 2184 1360 2240 ritus
1411 2184 1752 2240 lucernarum
1783 2193 1838 2239 et
1875 2182 2078 2253 jejunia

477 2293 598 2334 cum
621 2279 823 2350 azymis
847 2287 900 2333 et
919 2279 1190 2333 orationes
1217 2278 1476 2344 litorales,
1501 2293 1620 2349 qua:
1659 2277 1844 2348 utique
1899 2277 2077 2332 aliena

479 2383 606 2428 sunt
635 2389 664 2425 a
695 2372 798 2427 diis
821 2373 1031 2427 vestris.
1055 2371 1254 2438 Quare,
1309 2381 1366 2426 ut
1411 2371 1480 2426 ab
1526 2385 1756 2426 excessu
1815 2379 2076 2436 revertar,

479 2464 570 2534 qui
593 2464 760 2519 solem
780 2473 834 2518 et
879 2463 1022 2518 diem
1061 2464 1179 2533 ejus
1207 2461 1364 2518 nobis
1387 2462 1747 2532 exprobratis,
1799 2463 2084 2532 agnoscite

481 2557 832 2624 vicinitatem;
873 2571 980 2613 non
1009 2556 1166 2628 longe
1185 2571 1218 2611 a
1249 2556 1485 2613 Saturno
1530 2566 1586 2613 et
1613 2556 1849 2616 sabbatis
1879 2555 2076 2612 vestris

481 2663 546 2708 su
551 2665 602 2704 ηι
609 2667 669 2705 IIS
677 2691 690 2704 .

569 2745 656 2799 M.
680 2743 832 2798 Nova
851 2745 960 2814 jam
990 2742 1059 2798 de
1085 2743 1194 2798 Deo
1234 2751 1420 2799 nostro
1447 2741 1590 2798 fama
1619 2743 1908 2815 suggessit.
1941 2740 2090 2796 Adeo

492 2851 665 2907 nuper
697 2834 910 2906 quidam
953 2835 1346 2906 perditissimus
1399 2835 1452 2890 in
1503 2834 1603 2890 ista
1657 2833 1894 2903 civitate,
1926 2835 2087 2890 etiam

487 2945 602 2986 suae
651 2928 926 3000 religionis
978 2929 1243 2997 desertor,
1295 2929 1410 2983 solo
1457 2927 1782 2984 detrimento
1810 2929 1950 2984 cutis
1987 2927 2090 2984 Ju-

486 3021 775 3095 da:us(b)r
807 3023 994 3092 utique
1019 3021 1190 3094 magis
1222 3030 1342 3092 post
1385 3019 1681 3076 bestiarum
1731 3035 1963 3086 morsus,
2013 3020 2078 3074 ad

493 3131 626 3188 quas
654 3130 714 3172 se
750 3115 978 3174 locando
999 3112 1241 3185 quotidie
1277 3121 1390 3169 toto
1434 3113 1542 3182 jam
1591 3127 1820 3184 corpore
1862 3112 2086 3180 decutit,

507 3223 630 3264 cum
657 3207 874 3273 incedit,
902 3207 1166 3278 picturam
1199 3205 1250 3260 in
1282 3219 1382 3261 nos
1411 3205 1690 3276 proposuit
1704 3203 1916 3260 subista
1940 3219 2090 3275 pros-

505 3299 804 3370 criptione:
835 3295 1282 3352 ωνοκωΤιιΖ
1307 3296 1410 3368 (3).
1464 3295 1516 3350 ls
1557 3305 1675 3352 erat.
1715 3296 1935 3351 auribus
1959 3310 2090 3350 can-

487 3393 770 3458 teriorum,
791 3401 846 3447 et
867 3391 918 3446 in
945 3400 1064 3462 toga
1087 3432 1104 3458 ,
1135 3405 1256 3445 cum
1275 3388 1434 3457 libro,
1465 3389 1635 3444 altero
1655 3387 1788 3459 pede
1809 3387 2088 3460 ungulato.

485 3484 553 3540 Et
589 3482 816 3540 credidit
871 3482 1060 3554 vulgus
1082 3481 1284 3553 judico.
1332 3479 1487 3550 Quod
1534 3479 1678 3536 enim
1719 3479 1864 3536 aliud
1919 3495 2090 3552 genus

2188 1895 2334 1967 leges
2371 1905 2476 1952 tam
2523 1897 2764 1968 impune,
2821 1907 2928 1954 tam
2963 1913 3154 1954 secure
3209 1899 3312 1956 sub
3357 1902 3596 1956 omnium
3627 1917 3790 1958 cons-

2188 1988 2401 2044 cientite
2425 1988 2584 2044 unius
2609 2005 2655 2044 te
2875 1989 3082 2046 tabellis
3105 1990 3411 2047 eluduntur.
3453 1992 3563 2049 Sed
3591 2009 3692 2050 nec
3718 2009 3788 2052 eo
3832 2010 3846 2022 ο

2186 2082 2416 2148 distant,
2455 2081 2502 2138 si
2541 2096 2635 2137 vos
2671 2097 2776 2138 non
2809 2083 2916 2138 ritu
2955 2083 3092 2139 sacri
3115 2124 3128 2149 ,
3169 2097 3347 2156 neque
3397 2083 3501 2140 deo
3542 2087 3772 2142 necatis.

2185 2176 2386 2246 Atquin
2416 2175 2470 2230 in
2502 2175 2605 2232 hoc
2647 2175 2909 2246 asperius,
2961 2175 3105 2246 quod
3149 2175 3348 2248 frigore
3377 2187 3430 2233 et
3469 2177 3628 2246 fame,
3683 2187 3780 2234 aut

2191 2267 2637 2324 bestiis...........
2673 2270 2760 2336 tis,
2793 2277 2884 2324 aut
2912 2267 3154 2340 longiore
3193 2271 3244 2324 in
3294 2271 3445 2342 aquis
3473 2280 3646 2328 morte
3691 2271 3793 2329 de-

2191 2360 2450 2431 mergitis.
2486 2363 2555 2414 At
2599 2369 2655 2416 et
2690 2361 2735 2416 si
2785 2375 3076 2432 quo........
3105 2360 3418 2418 dissimilius
3473 2379 3638 2436 penes
3664 2379 3762 2422 vos

2193 2452 2271 2518 fit,
2299 2467 2364 2506 eo
2391 2451 2642 2519 addicite,
2691 2467 2798 2522 quo
2838 2461 3014 2510 vestra
3045 2454 3266 2524 pignora
3286 2469 3373 2510 ex.
3399 2497 3412 2510 .
3437 2497 3450 2510 .
3477 2495 3490 2509 .
3510 2493 3524 2510 .
3547 2495 3561 2510 .
3581 2493 3624 2510 ..
3645 2495 3661 2511 .
3684 2496 3698 2510 .
3720 2471 3747 2512 s
3768 2496 3788 2527 ,

2191 2554 2268 2602 et”
2289 2545 2644 2616 supplebitur.
2675 2543 2787 2600 lmo
2825 2547 3332 2616 snperacervabitur
3364 2548 3414 2603 in
3446 2549 3598 2605 vobis
3623 2549 3785 2622 quid-

2191 2639 2440 2710 quid....
2471 2677 2486 2692 .
2523 2639 2733 2694 ratione
2783 2637 3062 2695 defecerit.
3113 2639 3224 2696 Sed
3269 2640 3338 2696 de
3383 2655 3450 2696 ea
3497 2641 3792 2713 impietatis

2193 2733 2368 2789 hostia
2420 2733 2666 2789 dicimur.
2691 2773 2704 2788 .
2723 2773 2738 2788 .
2756 2774 2770 2788 .
2792 2774 2805 2788 .
2829 2733 2956 2790 dum
2989 2735 3060 2790 ita
3086 2750 3297 2808 quoque
3327 2736 3381 2792 in
3406 2738 3559 2794 vobis
3583 2753 3774 2811 recog-

2189 2828 2451 2894 noscitur,
2491 2827 2588 2884 -ubi
2627 2827 2980 2901 opportunius
3028 2830 3260 2901 positum
3316 2839 3436 2899 est,
3467 2847 3577 2888 non
3618 2833 3790 2891 multo

2191 2921 2522 2976 secernimur
2546 2937 2575 2975 a
2599 2930 2771 2976 vestra
2815 2921 3127 2988 voracitate,
3155 2923 3202 2977 si
3249 2921 3338 2977 illa
3369 2923 3636 2995 impudica
3662 2931 3768 2994 est,

2192 3021 2372 3068 nostra
2410 3027 2538 3068 vero
2563 3013 2814 3079 crudelis,
2865 3014 3263 3088 conjungimur‘
3287 3016 3334 3072 si
3383 3015 3522 3074 forte
3563 3030 3773 3088 natura,

2196 3123 2298 3178 qua
2323 3122 2541 3177 semper
2567 3109 2768 3163 saevitia
2797 3123 2918 3164 cum
2940 3108 3266 3179 impudicitia
3288 3109 3598 3167 concordat.

2268 3199 2357 3255 16.
2393 3200 2704 3271 Quanquam
2725 3203 2850 3274 quid
2879 3203 3075 3272 minus,
3107 3205 3215 3260 imo
3239 3203 3366 3276 quid
3409 3219 3516 3260 non
3547 3203 3782 3275 amplius

2195 3290 2394 3349 facitis?
2417 3309 2600 3365 parum
2650 3295 2852 3352 scilicet
2906 3295 3152 3352 humanis
3201 3297 3495 3353 visceribus
3541 3296 3790 3365 initiatis,

2195 3387 2320 3462 quia
2363 3387 2515 3442 vivos
2560 3396 2614 3444 et
2633 3387 2889 3459 -puberes
2918 3389 3212 3445 devoratis?
3261 3405 3446 3461 parum
3491 3389 3787 3448 humanum

2197 3480 2510 3550 sanguinem
2559 3479 2795 3536 lambitis
2824 3523 2838 3545 ,
2885 3481 3138 3552 quoniam
3189 3479 3428 3538 futurum
3468 3474 3785 3555 sanguinem

481 3577 832 3636 seminarium
855 3585 942 3632 est
960 3575 1188 3630 infamiae
1207 3575 1431 3631 nostra)?
1448 3562 1632 3646 itaque
1658 3574 1712 3630 in
1739 3583 1850 3630 tota
1869 3573 2086 3631 civitate
2114 3574 2160 3638 C
2191 3573 2428 3630 elicitis?
2478 3589 2666 3644 parum
2711 3575 2914 3632 infante
2969 3577 3252 3633 vescimini
3277 3618 3292 3644 ,
3351 3577 3474 3648 quia
3521 3577 3782 3634 infantem

485 3674 725 3732 διμοιρίτης
760 3669 1098 3738 prmdicatur.
1121 3669 1230 3726 Sed
1259 3679 1313 3725 et
1344 3669 1446 3726 hoc
1473 3679 1688 3741 tamque
1729 3679 2014 3726 externum
2033 3679 2091 3726 et

485 3764 800 3820 auctoritate
831 3761 1086 3834 temporis
1111 3762 1480 3820 destitututum
1511 3765 1820 3836 etqualitate
1845 3766 2086 3822 auctoris

486 3855 758 3914 inﬁrmum
785 3899 800 3924 ,
869 3857 1099 3914 libenter
1141 3857 1404 3929 excipiam
1457 3859 1636 3916 studio
1701 3860 2074 3932 retorquendi.

491 3949 782 4005 Videamus
809 3948 992 4020 igitur,
1018 3965 1084 4004 an
1105 3948 1203 4004 .hic
1227 3964 1440 4021 quoque
1467 3951 1744 4008 nobiscum
1773 3950 2082 4022 deprehen-

489 4040 712 4098 damini.
741 4043 927 4115 Neque
954 4045 1098 4099 enim
1125 4044 1348 4100 interest
1369 4059 1472 4116 qua
1504 4043 1693 4113 forma,
1737 4045 1866 4102 dum
1893 4044 2089 4103 defor-

496 4137 604 4196 mia
645 4137 927 4194 simulacra
971 4137 1249 4194 curemus?
1301 4138 1439 4195 Sunt
1489 4154 1652 4211 penes
1693 4155 1790 4196 vos
1815 4151 1870 4196 et
1895 4139 2090 4197 canino

2197 3677 2364 3724 totum
2391 3683 2732 3740 praecoquum
2762 3669 3106 3741 perhauritis?
3133 3671 3358 3728 Ventum
3385 3681 3472 3728 est
3499 3672 3567 3728 ad
3597 3673 3785 3732 horam

2189 3762 2529 3818 lucernarum
2565 3774 2618 3819 et
2647 3764 2898 3819 caninum
2924 3764 3277 3821 ministerium
3307 3775 3358 3822 et
3389 3766 3602 3836 ingenia
3627 3775 3778 3824 tene-

2191 3854 2433 3911 brarum.
2461 3855 2578 3924 Quo
2625 3855 2680 3912 in
2729 3855 2846 3912 loco
2889 3867 3069 3914 metuo
3111 3873 3182 3915 ne
3220 3858 3432 3916 cedam.
3461 3859 3602 3928 Quid
3637 3861 3784 3917 enim

2193 3950 2300 4005 tale
2322 3952 2373 4005 in
2415 3951 2562 4007 vobis
2579 3949 2855 4008 detinebo?
2879 3949 3082 4007 'Verum
3095 3951 3206 4022 jam
3234 3952 3447 4010 laudate
3477 3954 3706 4010 consiliu
3733 3968 3788 4011 m

2193 4045 2382 4101 incesti
2412 4043 2722 4111 verecundi,
2752 4044 2892 4116 quod
2919 4044 3216 4102 adulteram
3254 4057 3607 4104 noctemcom
3623 4047 3791 4105 menti

2195 4154 2398 4204 sumus,
2429 4153 2497 4194 ne
2531 4148 2620 4194 aut
2643 4138 2814 4195 lucem
2833 4179 2849 4206 ,
2879 4148 2970 4194 aut
2998 4155 3179 4196 veram
3207 4151 3420 4200 noctem
3450 4141 3789 4202 contamina-

1725 4252 2104 4311 LECTIONES
2139 4251 2228 4311 VA
2236 4251 2555 4310 RIANTES.

578 4369 627 4431 1)
657 4377 780 4431 Hau.
803 4370 1182 4431 contignatione.

578 4370 600 4420 1
657 4377 775 4419 Hau.
803 4370 1182 4431 contignatione.

541 4370 627 4500 δ’·ὶῖ
651 4430 973 4484 Scribendum
997 4445 1099 4485 esse
1135 4446 1323 4494 ὀνοιοῑτης
1375 4444 1440 4484 ea:
1461 4426 1701 4496 ΛροΜϐ.
1725 4439 1964 4500 apparet;
1983 4431 2086 4501 περ.

2190 4373 2237 4420 et
2257 4367 2346 4420 hoc
2365 4366 2419 4419 in
2449 4365 2484 4418 ι.
2517 4368 2631 4421 etin
2651 4365 2900 4435 Apologet.
2923 4382 3022 4423 scr.
3065 4369 3400 4426 Onochoetes.

1867 4563 2426 4626 COMMENTARIUS.

561 4681 640 4754 (τι)
662 4681 741 4736 Ad
762 4679 982 4759 Orientis
1003 4689 1197 4752 partem
1221 4685 1385 4759 facete
1407 4697 1501 4759 nos
1528 4683 1880 4759 precationem.
1909 4682 2086 4738 Yeris-
2111 4687 2164 4749 D
2191 4687 2334 4758 ipsas
2358 4689 2701 4750 affectatione
2727 4688 3094 4759 descendunt,
3127 4702 3188 4752 et
3219 4693 3288 4751 de
3317 4695 3585 4754 morsibus
3627 4705 3682 4754 et
3707 4658 3776 4754 de

491 4751 684 4810 simum
716 4751 1184 4822 certissimumque
1209 4761 1292 4806 est
1317 4751 1638 4808 christianos
1673 4753 1935 4809 orientem
1959 4771 2082 4810 ver-

489 4839 581 4882 sus
607 4839 794 4896 preces
821 4839 946 4880 suas
969 4838 1276 4894 nuncupare
1303 4823 1526 4896 solitos;
1557 4825 1697 4896 illius
1729 4835 1907 4880 autem
1947 4841 2074 4882 con-

489 4894 786 4952 suetudinis
817 4896 931 4951 hzcc
971 4904 1088 4951 erat
1115 4897 1270 4950 ratio.
1295 4894 1540 4951 Christus
1565 4895 1814 4951 dominus
1836 4895 1888 4951 iu
1916 4912 2075 4954 cruce

490 4969 814 5023 constitutus
852 4967 916 5023 ad
963 4966 1222 5038 Occasum
1265 4967 1618 5038 reSpiciebat,
1646 4967 1772 5022 inde
1799 4967 2076 5026 christiani

492 5048 743 5110 tanquam
792 5039 982 5094 dctixis
1009 5040 1060 5093 in
1089 5037 1369 5094 Christum
1399 5039 1568 5094 oculis
1598 5055 1786 5096 versus
1811 5039 2072 5096 orientem

488 5123 550 5165 se
579 5110 958 5183 obvertebant,
993 5110 1053 5166 S.
1101 5111 1462 5183 Hieronymus
1490 5111 1559 5164 ad
1588 5127 1685 5181 cap
1715 5111 1766 5166 6.
1803 5112 2074 5182 prophetae

489 5184 684 5238 Amos:
709 5181 738 5235 Ι
743 5201 777 5236 ιι
801 5183 1050 5254 mysteriis
1075 5181 1670 5253 primunt’renuntiamas
1693 5184 1737 5237 ei
1763 5225 1777 5250 ,
1803 5184 1892 5252 qui
1917 5185 1968 5238 in
1989 5201 2074 5240 oc-

487 5254 686 5309 cidente
711 5264 784 5308 est
809 5299 822 5317 ,
853 5256 1332 5326 nobisquemoritur
1355 5270 1472 5326 curn
1495 5255 1712 5322 peccatis
1731 5297 1745 5320 ,
1775 5265 1822 5310 et
1847 5259 1920 5323 sic
1945 5258 2073 5310 versi

489 5327 558 5379 ad
589 5325 843 5380 Orientem
869 5325 1068 5395 pactum
1088 5325 1274 5380 inimus
1295 5343 1410 5380 cum
1434 5325 1561 5380 Sole
1585 5327 1792 5389 iustitia:
1808 5367 1824 5393 ,
1847 5337 1894 5382 et
1919 5329 1966 5382 ei
1984 5345 2074 5382 nos

489 5399 759 5470 servituros
800 5413 908 5470 esse
955 5399 1314 5468 promittimus.
1359 5397 1568 5453 Profani
1615 5409 1670 5454 et
1691 5399 1955 5469 gentiles,
1985 5401 2075 5470 qui

493 5469 744 5543 veritaiis
764 5469 982 5543 oiiiuinn
1011 5479 1166 5543 erant
1192 5479 1444 5543 expertes
1498 5471 1909 5543 obvertebantur
1945 5469 2077 5543 quo-

491 5554 594 5608 que
618 5541 684 5596 ad
709 5539 1140 5597 Orientem.sed
1183 5539 1454 5597 Orientem
1498 5541 1669 5598 solem
1713 5542 1873 5598 deum
1917 5539 2076 5598 suum

489 5609 624 5664 falso
652 5612 934 5668 credentes
991 5611 1068 5666 La
1105 5612 1202 5668 Pa.

563 5681 643 5756 (b)
668 5683 864 5758 Utique
883 5686 1043 5758 magis
1064 5695 1181 5758 post
1215 5685 1484 5758 bestiarum
1505 5701 1712 5758 morsus
1741 5725 1754 5750 ,
1781 5684 1850 5739 ad
1869 5702 1995 5758 quas
2023 5700 2080 5758 se

491 5751 726 5826 (esuritio.
775 5751 890 5826 Ipse
935 5751 1074 5812 libro
1117 5757 1182 5826 ad
1237 5756 1532 5826 Martyres:
1579 5757 1720 5822 Quot
1763 5751 1966 5813 otiosos
1991 5757 2074 5812 af-

491 5821 706 5882 fectatio
752 5821 1028 5884 armorum
1069 5825 1138 5883 ad
1175 5821 1409 5898 gladium
1449 5821 1630 5884 locati
1654 5827 1815 5886 Certe
1837 5829 1906 5886 ad
1929 5827 2076 5887 feras

2187 4761 2526 4818 cicatricibus
2555 4762 2901 4818 formosiores
2925 4764 3028 4820 sibi
3057 4764 3323 4822 videntur.
3351 4767 3473 4827 Βία.

2251 4833 2726 4916 (c)‘{_tlites‘plan‘ta
2757 4835 2935 4916 fronte
2961 4846 3007 4889 et
3028 4845 3188 4908 tergo.
3219 4837 3276 4916 In
3315 4841 3774 4916 exemplariiegi-

2181 4909 2268 4985 iur
2286 4922 2298 4956 :
2315 4906 2473 4985 Alites
2487 4905 2642 4976 plana
2655 4905 2892 4985 [remeet
2918 4915 3057 4985 (ergo
3077 4948 3091 4972 ,
3106 4905 3377 4985 'mendose
3392 4930 3420 4985 ;7
3440 4905 3724 4985 legendum
3753 4933 3768 4970 :

2175 4972 2563 5055 Plantajronte
2578 4989 2622 5055 et
2640 4972 2804 5055 tergo.
2814 4972 3140 5055 Mercurium
3157 4983 3298 5055 enim
3313 4972 3575 5055 designat.
3593 4985 3620 5040 Ι
3628 4986 3766 5042 dem.

2248 5047 2326 5121 (d)
2354 5047 2490 5103 Nam
2519 5051 2611 5105 etsi
2633 5047 2727 5104 nos
2753 5051 2920 5104 aliter.
2949 5049 3062 5104 Nos
3088 5047 3586 5121 infanticidefcum
3615 5057 3765 5114 infan

2176 5125 2256 5192 tes
2283 5121 2347 5174 ad
2379 5121 2638 5176 sacrilicia
2670 5131 2851 5177 nostra
2879 5121 3089 5178 caedere
3117 5123 3378 5192 dicimur;
3411 5143 3504 5183 vos
3537 5129 3763 5185 infanti—

2175 5189 2310 5245 cid.c
2329 5234 2347 5270 ,_
2371 5194 2485 5270 qui_
2494 5195 2726 5270 infantes
2769 5208 2962 5250 recens
2979 5195 3183 5270 .editos
3207 5213 3311 5270 pro
3341 5189 3562 5256 arbitrio
3591 5211 3774 5258 vestro

2177 5266 2432 5343 necatis_:_
2463 5265 2573 5343 N_os
2611 5280 2710 5336 pro
2747 5275 2928 5343 nostra
2952 5307 2967 5332 ,
2997 5277 3054 5343 ut
3079 5265 3271 5343 dicitis
3295 5314 3310 5331 .
3331 5273 3619 5343 religione.
3675 5272 3788 5328 Vos
3863 5299 3872 5303 -

2181 5349 2276 5401 pro
2320 5337 2542 5414 arbitrio
2580 5348 2782 5414 vestro.
2815 5337 2925 5396 Vos
2965 5340 3184 5410 quidem
3235 5337 3496 5414 infantes,
3527 5346 3684 5400 aliter
3713 5359 3778 5401 ac

2178 5420 2296 5482 nos
2321 5408 2528 5482 exedere
2567 5410 2815 5473 dicimur,
2853 5408 3056 5470 caaditis
3082 5432 3102 5482 ;
3131 5408 3500 5476 verumtamen
3545 5418 3770 5476 creditis.

2176 5477 2446 5558 Eoligitur
2471 5481 2610 5550 quod
2636 5484 2879 5558 ceditis,
2899 5502 3064 5558 aeque
3084 5477 3219 5546 estis
3249 5490 3603 5550 .infanticidre.
3634 5489 3777 5549 mc.

2257 5550 2345 5622 (ei
2369 5550 2560 5608 Tamen
2581 5571 2682 5609 non
2703 5557 2852 5612 aliter
2873 5550 2993 5614 υοδῖ
3017 5558 3340 5618 infanticidii
3366 5566 3571 5622 crimen
3595 5575 3650 5622 et
3674 5576 3781 5621 cte-

2183 5621 2296 5677 tera
2315 5621 2520 5695 ﬂagitia
2553 5627 2606 5681 in
2625 5628 2850 5704 geniiles
2877 5639 3176 5703 retorquet,
3203 5634 3291 5704 qui
3330 5621 3651 5692 christianos
3677 5652 3772 5693 ea-

2175 5708 2298 5780 rum
2321 5693 2498 5780 rerum
2521 5693 2861 5780 postulabant
2879 5693 3102 5780 quarum
3121 5693 3274 5760 erant
3293 5708 3495 5780 conscii
3519 5749 3535 5775 ,
3558 5719 3612 5766 et
3633 5721 3767 5780 quas

2177 5764 2280 5824 soli
2318 5764 2546 5842 gnostici
2582 5764 2921 5844 perpetrasse
2949 5773 3283 5836 dicebantur.
3311 5775 3390 5835 Ls
3419 5778 3518 5836 Pa.
