4150 6352
474 249 584 311 585

1901 238 2365 302 TEBTULLIANI
3327 246 3354 285 θ

3676 222 3795 309 ω

478 369 565 424 tia:
593 363 859 437 ejusmodi
882 362 1144 422 scelerum
1176 359 1608 420 delitescentinm
1640 360 1693 418 in
1720 360 1895 418 vobis.
1926 359 2068 415 Nihil
2097 362 2149 423 Λ
2176 360 2277 429 tis,
2310 361 2452 433 quod
2482 376 2656 433 neque
2679 362 2888 436 gladios
2922 377 3097 437 neque
3137 378 3327 424 cruces
3357 380 3536 441 neque
3572 366 3782 425 bestias

476 459 840 517 semelevenit
890 458 942 512 in
990 457 1151 512 rebus
1194 456 1465 521 humanis,
1526 454 1693 511 semel
1751 454 1906 524 plane
1955 453 2072 508 erui

478 562 671 626 potest.
698 553 775 609 De
795 549 1149 606 sacramentis
1175 560 1373 604 nostra‘.
1394 547 1668 618 religionis
1691 545 2070 617 opinorinten-
2121 580 2127 594 .

478 648 621 712 tatis,
653 657 707 703 et
733 658 857 727 sunt
890 645 1034 717 paria
1065 644 1260 700 chtris
1286 644 1446 699 etiam
1478 658 1582 697 non
1614 641 1985 697 sacramentis.

547 786 638 845 17.
670 786 743 841 De
768 783 1230 841 Obstinationibtts
1255 797 1385 838 vero
1413 780 1497 838 vel
1529 777 2033 851 przesumptionibus
2054 818 2068 842 ,

478 879 523 935 si
554 880 674 949 qua'
697 877 998 948 proponitis
1017 918 1032 942 ,
1069 890 1136 932 ne
1162 876 1278 931 ista:
1304 874 1518 947 quidem
1548 872 1614 927 ad
1642 873 2073 928 communionem

483 970 902 1042 comparationis
943 969 1212 1024 absistunt
1256 966 1356 1040 (a).
1404 966 1581 1022 Prima
1624 963 1913 1021 obstinatio
1950 971 2070 1031 est,

477 1078 599 1136 qua}
647 1061 882 1119 secunda
926 1061 996 1117 ab
1027 1061 1106 1116 eis
1148 1059 1335 1132 religio
1374 1058 1717 1119 constituitur
1756 1056 2074 1112 Caesariana:

479 1157 801 1229 majestatis,
829 1156 970 1228 quod
1000 1154 1284 1227 irreligiosi
1308 1152 1553 1210 dicamur
1578 1157 1629 1209 in
1657 1151 1932 1220 Cmsares,
1967 1167 2077 1208 ne—

479 1265 587 1323 que
614 1250 873 1322 imagines
897 1265 1085 1306 eorum
1117 1248 1537 1320 repropiliando,
1571 1263 1743 1319 neque
1767 1246 1954 1318 genios
1980 1245 2078 1302 de-

474 1345 703 1418 ierando
733 1347 913 1401 hostes
940 1344 1119 1415 populi
1150 1357 1538 1413 nuncnpamur.
1569 1340 1645 1395 Ita
1676 1355 1806 1396 vero
1835 1340 1926 1407 sit,
1955 1342 2105 1394 cum'

479 1455 549 1497 ex
578 1440 729 1496 vobis
760 1438 1064 1494 nationibus
1092 1434 1333 1507 quotidie
1360 1434 1621 1501 Caesares,
1651 1442 1706 1488 et
1738 1431 1993 1496 Parthici,
2025 1440 2079 1486 et

416 1580 419 1585 ,
479 1531 693 1600 Medici,
716 1541 771 1588 et
794 1530 1120 1588 Germanici.
1152 1528 1265 1584 Hoc
1295 1526 1414 1583 loco
1440 1526 1678 1583 Romana
1704 1540 1837 1597 gens
1861 1523 2075 1592 viderit,

480 1626 539 1684 in
567 1626 759 1699 quibus
784 1624 1056 1680 indomitae
1084 1630 1139 1678 et
1162 1632 1430 1677 extraneae
1464 1619 1726 1675 nationes.
1763 1617 1868 1674 Vos
1899 1626 2077 1673 tamen

480 1717 550 1775 de
575 1716 773 1773 nostris
799 1715 1055 1772 adversus
1098 1724 1312 1769 nostros
1348 1711 1688 1782 conspiratis.
1722 1711 2078 1782 Agnoseimus

480 1827 611 1870 sane
674 1825 949 1867 romanam
1011 1809 1066 1864 in
1122 1806 1364 1865 Caesares
1417 1806 1598 1863 fidem.
1651 1804 1805 1861 Nulla
1852 1819 2078 1875 unquam

2190 1768 2437 1825 duritiam
2466 1768 2751 1840 deputatis.

479 1905 779 1978 coniuratio
805 1904 1005 1976 erupit,
1031 1902 1207 1957 nullus
1232 1901 1284 1956 in
1317 1909 1503 1956 senatu
1526 1898 1609 1955 vel
1637 1898 1690 1953 in
1723 1897 1931 1968 palatiis
1955 1896 2086 1967 ipsis

479 2000 698 2071 sanguis
735 1998 817 2072 (Ι)
854 1997 1085 2053 Ctesaris
1114 2006 1297 2052 notam
1331 1993 1444 2049 ﬁxit
1470 1992 1581 2067 (b);
1611 1992 1754 2047 nulla
1786 1992 1839 2046 in
1868 1992 2086 2061 provin-

477 2093 577 2149 ciis
606 2091 850 2147 affectata
878 2089 1152 2160 majestas.
1183 2086 1372 2143 Adhuc
1405 2085 1575 2159 Syria:
1604 2072 1935 2140 cadaverum
1950 2082 2083 2139 odo—

479 2183 627 2241 ribus
651 2184 886 2251 spirant;
915 2181 1091 2237 adhuc
1113 2179 1299 2237 Galli-.1:
1332 2178 1596 2235 Rhodano
1622 2193 1723 2234 suo
1749 2192 1855 2233 non
1881 2177 2078 2233 lavant.

479 2275 587 2333 Sed
619 2277 810 2331 omitto
836 2274 1069 2332 vesaniae
1094 2273 1337 2338 crimina,
1374 2272 1497 2344 quia
1526 2286 1626 2326 nec
1653 2271 1752 2325 ista
1780 2269 2083 2325 Romanum

478 2382 675 2425 nomen
704 2368 1019 2422 admittunt;
1044 2365 1308 2421 Vanitatis
1330 2363 1614 2435 sacrilegia
1645 2365 1961 2419 conveniam
1986 2404 2000 2428 .
2028 2370 2084 2416 et

478 2461 648 2533 ipsius
678 2459 977 2516 vernacula:
1006 2460 1184 2530 gentis
1213 2459 1625 2514 irreverentiam
1660 2470 2042 2527 recognoscam
2064 2496 2080 2523 ,

478 2566 537 2612 ct
578 2555 798 2611 festivos
841 2553 1049 2610 libellos
1073 2596 1089 2622 ,
1120 2566 1256 2625 quos
1297 2561 1490 2608 statua:
1536 2552 1713 2608 sciunt
1752 2549 1861 2623 (c),
1892 2558 1948 2606 et
1993 2547 2083 2604 illa

478 2649 695 2719 obliqua
723 2663 1103 2720 nonnunquam
1125 2647 1263 2703 dicta
1292 2662 1322 2702 a
1344 2646 1573 2703 cencilio
1592 2654 1754 2717 atque
1770 2642 2073 2710 maledicta,

477 2757 600 2814 qua:
640 2741 770 2798 circi
799 2750 1010 2796 sonant.
1040 2739 1096 2793 Si
1126 2754 1234 2794 non
1267 2739 1462 2806 armis,
1494 2738 1683 2793 saltem
1711 2737 1889 2808 lingua
1934 2750 2076 2792 sem-

479 2850 583 2907 per
610 2834 839 2891 rebelles
863 2834 1013 2890 estis.
1039 2831 1145 2889 Sed
1172 2831 1340 2899 aliud,
1371 2831 1586 2903 Opinor,
1614 2840 1722 2898 est,
1753 2846 1858 2885 non
1890 2829 2075 2900 jurare

479 2944 576 3001 per
599 2930 812 3001 genium
830 2927 1079 2984 Caesaris.
1120 2926 1402 2982 Dubitatur
1424 2927 1568 2982 enim
1591 2926 1658 2981 de
1674 2925 1904 2997 perjuris
1924 2925 2070 2996 jure,

477 3037 601 3079 cum
646 3038 714 3080 ne
762 3038 856 3093 per
899 3021 1032 3078 deos
1073 3020 1290 3092 quidem
1317 3030 1619 3076 vestrosex
1662 3018 1769 3075 ﬁde
1797 3017 2071 3088 dejeretis.

476 3114 586 3173 Sed
608 3131 711 3172 non
732 3115 961 3172 dicimus
979 3114 1138 3171 deum
1163 3114 1541 3184 imperatorem
1561 3131 1575 3179 ;
1595 3128 1757 3185 super
1782 3112 1885 3170 hoc
1906 3115 2072 3183 enim,
2102 3108 2148 3173 C

476 3211 622 3282 quod
649 3209 806 3281 vulgo
831 3210 999 3274 aiunt,
1030 3223 1255 3265 sannam
1285 3206 1509 3263 facimus
1528 3206 1633 3279 (ά).

549 3347 638 3402 18.
673 3346 784 3401 lmo
823 3346 916 3417 qui
956 3345 1115 3402 deum
1158 3347 1424 3403 Caesarem
1454 3345 1652 3411 dicitis,
1688 3355 1742 3402 et
1780 3346 2073 3418 deridetis,

475 3438 705 3497 dicendo
727 3442 871 3511 quod
902 3454 1006 3495 non
1034 3449 1116 3496 est
1140 3482 1155 3506 ,
1183 3448 1239 3495 et
1269 3439 1409 3496 male
1434 3438 1612 3496 dicitis
1631 3482 1647 3507 ,
1672 3441 1794 3512 quia
1825 3458 1931 3498 non
1965 3442 2079 3498 vult

474 3549 597 3592 esse
639 3534 780 3605 quod
823 3534 1033 3601 dicitis;
1079 3536 1277 3591 mavult
1321 3534 1466 3591 enim
1503 3536 1720 3604 vivere,
1748 3552 1909 3608 quam
1941 3537 2075 3594 deus

475 3628 614 3686 ﬁeri.
643 3628 926 3700 Reliquum
959 3628 1336 3686 obstinationis
1372 3630 1423 3685 in
1454 3629 1544 3686 illo
1571 3630 1803 3703 capitulo
1831 3632 2067 3688 colloca-

2177 466 2387 513 vestras
2407 499 2423 525 ,
2454 473 2560 513 non
2597 458 2770 536 ignem
2790 502 2806 528 ,
2840 475 2945 515 non
2977 469 3242 518 tormenta
3262 504 3276 529 ,
3306 462 3378 518 ob
3401 462 3689 520 duritatem
3720 474 3789 518 ac

2177 560 2541 623 contemptum
2582 553 2800 621 mortis,
2828 553 3009 609 animo
3037 567 3367 610 recusemus.
3402 557 3472 611 At
3496 556 3639 611 enim
3668 556 3790 611 lucc

2177 647 2354 702 omnia
2379 647 2518 718 apud
2553 648 2757 718 priores
2783 647 3121 719 majoresque
3147 659 3357 705 vestros
3378 662 3485 706 non
3505 650 3788 706 contemni

2179 742 2361 807 modo,
2392 742 2485 798 sed
2513 744 2671 798 etiam
2698 758 2886 815 magna
2914 742 3071 799 laude
3095 743 3312 815 pensari
3341 759 3404 799 ac
3432 745 3627 800 virtute
3647 743 3794 799 didi-

2179 846 2388 894 cerunt.
2431 835 2654 893 Gladius
2698 847 2829 908 quot
2876 847 2931 893 et
2972 847 3205 911 quantos
3236 837 3380 892 viros
3410 836 3785 892 voluntarios!

2179 934 2324 1005 piget
2372 931 2647 1004 prosequi.
2698 930 2888 988 Crucis
2943 948 3072 988 vero
3120 931 3415 987 novitatem
3479 944 3789 987 numerosae

2178 1026 2441 1081 abstrusa:
2484 1016 2722 1097 Regnltis
2764 1033 2942 1081 vester
2981 1023 3213 1080 libenter
3254 1023 3539 1080 dedicavit.
3580 1021 3790 1095 Regina

2180 1117 2399 1192 Egypti
2430 1118 2618 1174 bestiis
2644 1118 2757 1174 suis
2788 1134 2881 1173 usa
2911 1130 3012 1175 est.
3043 1117 3197 1190 Ignes
3242 1127 3367 1191 post
3394 1106 3792 1190 Carthaginen-

2181 1229 2297 1270 sem
2350 1212 2600 1269 feminam
2647 1211 2947 1268 Asdrubale
2993 1212 3186 1267 marito
3228 1210 3284 1266 in
3316 1209 3574 1266 extremis
3605 1209 3793 1282 patriae

2183 1307 2601 1364 constantiorem
2638 1304 2896 1361 docuerat
2939 1303 3192 1360 invadere
3235 1305 3349 1376 ipsa
3390 1303 3543 1359 Dido.
3587 1301 3694 1360 Sed
3737 1312 3794 1359 et

2182 1406 2449 1455 tormenta
2481 1396 2675 1453 mulier
2701 1395 2877 1452 Attica
2907 1394 3145 1467 fatigavit
3175 1404 3405 1468 tyranno
3436 1409 3658 1465 negans,
3694 1407 3792 1466 po-

2181 1500 2419 1558 stremo,
2443 1506 2511 1546 ne
2558 1488 2774 1546 cederet
2800 1502 2999 1560 corpus
3034 1498 3088 1543 et
3130 1502 3294 1543 sexus
3317 1528 3333 1555 ,
3364 1487 3600 1557 linguam
3634 1500 3790 1542 suam

2183 1593 2388 1655 pastam
2424 1581 2637 1654 exspuit
2659 1622 2676 1649 ,
2710 1590 2880 1637 totum
2908 1579 3195 1637 eradicata:
3223 1578 3579 1636 confessionis
3626 1579 3792 1635 mini-

2183 1676 2427 1731 sterium.
2472 1674 2577 1730 Sed
2626 1676 2824 1730 vestris
2882 1673 2981 1728 ista
3028 1672 3093 1727 ad
3140 1671 3405 1744 gloriam,
3460 1669 3659 1727 nostris
3718 1668 3792 1726 ad

2777 1767 3045 1843 Destruite
3076 1782 3215 1822 nunc
3245 1766 3468 1839 gloriam
3496 1765 3789 1835 majorum,

2190 1878 2298 1935 quo
2326 1877 2424 1918 nos
2446 1876 2661 1933 quoque
2686 1860 2995 1916 destruatis.
3022 1857 3278 1916 Contenti
3308 1862 3481 1915 estote
3502 1855 3793 1913 detrahere

2189 1956 2349 2011 etiam
2395 1954 2539 2010 laudi
2571 1965 2851 2025 parentum
2878 1953 2944 2009 ad
2980 1967 3217 2023 praesens
3243 1995 3259 2021 ,
3304 1968 3373 2009 ne
3412 1952 3566 2007 nobis
3612 1950 3791 2007 locum

2186 2046 2346 2104 detis.
2376 2048 2449 2103 De
2489 2048 2571 2102 his
2602 2047 2821 2103 forsitan
2849 2056 2904 2102 et
2930 2056 3227 2116 temporum
3256 2046 3487 2116 qualitas
3516 2043 3796 2100 robustio-

2186 2139 2263 2196 ris
2306 2138 2640 2211 antiquitatis
2689 2141 2930 2210 exegerit
2979 2139 3190 2211 ingenia
3240 2139 3501 2204 duriora,
3535 2147 3589 2193 at
3646 2151 3791 2193 nunc

2187 2232 2550 2303 tranquillitas
2582 2232 2727 2304 pacis
2766 2242 2821 2287 et
2857 2231 3068 2302 ingenia
3113 2231 3325 2287 mitiora
3365 2241 3420 2288 ct
3447 2240 3654 2286 mentes
3685 2230 3791 2286 ho-

2186 2325 2390 2379 minum
2418 2326 2577 2379 etiam
2606 2324 2659 2379 in
2696 2332 2981 2380 extraneos
3010 2321 3151 2392 (e)...
3183 2322 3343 2393 Ergo,
3375 2322 3613 2392 inquitis,
3645 2326 3796 2377 vete-

2186 2406 2457 2474 ribus'vos
2491 2426 2797 2489 comparate
2821 2434 2835 2484 ;
2866 2419 3017 2473 nobis
3042 2432 3261 2475 necesse
3290 2426 3372 2472 est
3400 2417 3451 2472 in
3480 2416 3632 2471 vobis
3661 2416 3793 2473 odio

2188 2512 2439 2585 prosequi
2484 2511 2625 2584 quod
2659 2527 2687 2566 a
2724 2513 2879 2567 nobis
2906 2526 3011 2566 non
3039 2512 3290 2583 probatur
3310 2552 3325 2576 ,
3351 2509 3474 2581 quia
3502 2524 3603 2573 nec
3631 2509 3793 2566 inve-

2186 2608 2332 2664 nitur
2356 2608 2408 2663 in
2438 2608 2610 2663 nobis.
2641 2606 2980 2676 Respondete
3009 2608 3169 2677 igitur
3193 2604 3261 2661 ad
3290 2606 3528 2676 singulas
3550 2604 3789 2677 species.

2179 2701 2297 2759 Non
2340 2702 2528 2760 eadem
2578 2717 2711 2759 voce
2757 2701 3002 2772 exempla
3052 2700 3309 2771 deposco.
3365 2700 3422 2756 Si
3472 2707 3787 2771 contemptu

2181 2797 2387 2854 scilicet
2415 2796 2604 2852 mortis
2635 2795 2840 2866 gladius
2865 2794 2933 2851 de
2960 2794 3253 2866 majoribus
3287 2793 3491 2872 fabulas
3514 2792 3658 2859 fecit,
3685 2790 3793 2848 uti-

2178 2904 2284 2961 que
2314 2903 2420 2943 non
2449 2887 2569 2942 vita:
2596 2901 2778 2943 amore
2808 2885 2986 2957 gladio
3011 2900 3108 2940 vos
3127 2884 3194 2939 ad
3218 2884 3438 2939 lanistas
3464 2882 3780 2949 auctoratis,

2180 2980 2273 3037 sed
2314 2981 2501 3037 mortis
2531 2995 2724 3035 nomen
2766 2979 2970 3035 militia:
2995 2978 3135 3033 datis
3173 2977 3275 3050 (f).
3307 2979 3363 3033 Si
3394 2977 3605 3033 feminae
3633 2976 3791 3032 alicui

2180 3072 2249 3129 de
2296 3072 2483 3128 bestiis
2530 3070 2731 3128 famosa
2776 3086 2923 3127 mors
2969 3082 3086 3136 est,
3134 3070 3312 3126 medio
3344 3052 3595 3141 \qttotidie
3638 3070 3786 3140 pacis

2181 3175 2373 3237 sponte
2418 3165 2583 3220 libera
2625 3164 2691 3220 ad
2728 3164 2930 3221 bestias
2973 3164 3082 3218 itis.
3113 3162 3169 3218 Si
3197 3177 3411 3218 crucem
3436 3203 3453 3230 ,
3485 3161 3790 3233 conligendi

2183 3257 2425 3328 Corporis
2464 3257 2764 3312 machinam
2788 3296 2803 3321 ,
2838 3254 3018 3309 nullus
3064 3252 3238 3309 adhuc
3264 3269 3329 3309 ex
3358 3254 3509 3309 vobis
3552 3252 3789 3325 Regulus

2183 3351 2407 3423 pepigit,
2439 3359 2676 3406 attamen
2698 3350 2809 3420 jam
2844 3348 2981 3420 ignis
3011 3356 3350 3419 contemptus
3378 3349 3547 3404 evasit
3574 3349 3686 3420 (g),
3719 3363 3790 3405 ex

2182 3460 2290 3517 quo
2320 3461 2378 3501 se
2405 3444 2618 3513 quidam
2653 3443 2896 3515 proxime
2921 3441 3254 3497 vestiendum
3285 3441 3568 3497 inecndiali
3601 3440 3784 3497 tunica

2182 3541 2247 3597 ad
2279 3549 2486 3595 certum
2520 3552 2902 3608 usquequaque
2948 3536 3126 3591 locum
3155 3536 3472 3590 auctoravit.
3516 3534 3573 3590 Si
3594 3534 3786 3604 'llagris

2184 3634 2378 3690 mulier
2409 3631 2680 3687 insultavit
2708 3672 2723 3699 ,
2759 3629 2861 3685 hoc
2887 3641 3099 3702 quoque
3129 3629 3371 3700 proxime
3402 3628 3540 3685 inter
3566 3634 3785 3684 venato-

1716 3746 2099 3808 LECTIONES
2138 3749 2552 3807 VABIANTES.

537 3862 612 3929 (ί)
649 3870 721 3915 Ita
745 3872 889 3925 Han;
920 3864 1031 3914 cod.
1055 3873 1147 3914 ms.
1166 3864 1434 3927 sanguinis.

1845 3968 2406 4029 COMMENTARIUS.

477 4084 809 4145 naliciarium
853 4102 960 4144 non
1003 4101 1125 4143 esse
1164 4094 1515 4143 mercatorem
1536 4127 1551 4150 ,
1584 4084 1677 4143 sed
1708 4100 2066 4157 mangonem;

479 4174 769 4228 mangones
784 4160 927 4215 enim
952 4161 1163 4229 proprie
1184 4174 1289 4214 non
1307 4158 1560 4213 dicuntur
1574 4165 1920 4217 mercatores.
1946 4159 2068 4227 quia

483 4230 687 4286 venalia
715 4231 977 4299 mancipia
1006 4246 1113 4285 non
1140 4240 1266 4285 sunt
1293 4231 1344 4283 in
1381 4244 1558 4285 merce
1587 4229 2072 4299 discernunturqua

477 4317 689 4357 merces
708 4320 736 4355 a
762 4299 1039 4357 venalibus
1057 4344 1072 4366 ,
1095 4313 1147 4356 et
1179 4310 1446 4357 meri-atus
1463 4315 1493 4355 a
1516 4300 1783 4357 venalitiis
1806 4302 1846 4357 ι.
1871 4300 1912 4355 1.
1938 4299 2067 4357 Cod.

478 4373 543 4427 de
574 4371 756 4428 Nund.
788 4384 835 4429 et
862 4384 1071 4429 mereat.
1104 4373 1365 4441 Mancipia
1392 4373 1600 4428 venalia
1633 4388 1737 4428 non
1766 4373 2071 4429 referuntur

477 4444 543 4499 ad
577 4460 663 4499 res
702 4445 925 4501 mobiles
956 4444 1168 4515 proprie
1194 4487 1210 4507 ,
1234 4460 1355 4500 nam
1397 4446 1523 4501 licet
1564 4461 1651 4501 res
1681 4445 1941 4501 vendatur
1964 4461 2070 4501 non

481 4525 658 4571 tamen
699 4516 925 4572 traditur
966 4517 1057 4587 qui
1098 4516 1343 4587 exceptio
1371 4517 1509 4583 apud
1540 4515 1958 4573 Iurisconsultus
1988 4532 2077 4572 so-

480 4586 692 4644 lcmnis.
737 4586 930 4644 Mercis
965 4586 1144 4643 autem
1175 4586 1461 4658 appellatio
1488 4588 1555 4658 ad
1596 4606 1681 4643 res
1722 4599 1926 4644 tantum
1959 4604 2072 4645 mo-

480 4659 638 4786 {1:05P
642 4661 873 4731 pertinet
902 4668 961 4714 ut
1008 4657 1333 4729 habeturil.
1368 4658 1458 4731 69.
1489 4657 1556 4713 ο.
1586 4660 1653 4714 de
1692 4658 1843 4716 Verb.
1871 4661 2075 4733 signif.)

640 4747 692 4785 ιι.

527 4746 559 4785 Ε
596 4746 692 4785 PR.

553 4848 632 4922 (a)
673 4849 756 4907 Ne
798 4850 910 4906 ioue
935 4850 1137 4921 quidem
1162 4849 1231 4903 ad
1254 4851 1657 4905 communionem
1682 4850 2077 4921 comparationis

480 4920 748 4977 obsistunt.
781 4920 1097 4978 Emendatio
1127 4922 1180 4977 in
1209 4931 1456 4991 promptu
1481 4923 1737 4977 videatur.
1766 4920 1807 4977 Α
1831 4939 2073 4993 commu-

481 4994 644 5066 nione
674 4995 1107 5066 comparationis
1132 4994 1398 5066 absistunt
1426 5012 1437 5047 :
1464 4993 1663 5050 Verum
1697 4996 1767 5066 ita
1795 4994 2075 5063 scripsisse

482 5062 870 5121 Tertullianuin
889 5066 1161 5130 existimo,
1194 5064 1688 5119 adcommunionem.
1706 5062 1915 5120 Etenim
1936 5078 2077 5119 amat

482 5136 849 5205 hujuscemodi
870 5139 1290 5206 compositiOnes
1315 5178 1330 5202 ,
1361 5136 1767 5192 Adstudcndnm
1791 5179 1805 5197 .
1827 5137 2076 5192 Adsacri-

483 5208 661 5263 ficium
686 5250 703 5275 ,
736 5209 1161 5266 Adla'derentnr.
1193 5207 1289 5263 Hic
1320 5209 1477 5279 igitur
1506 5210 1608 5271 ait,
1640 5225 1708 5264 ne
1733 5209 1831 5262 ista
1860 5206 2075 5276 quidem

480 5294 601 5349 qua:
640 5281 905 5351 objicitis,
932 5283 1199 5337 absistunt
1237 5281 1740 5336 adcommunionem
1794 5293 2078 5348 Compara-

482 5360 661 5408 tionis.
693 5350 794 5407 hoc
837 5363 958 5419 est,
990 5368 1095 5415 non
1152 5351 1451 5423 impediunt
1490 5367 1596 5423 quo
1626 5353 1802 5406 minus
1839 5350 1993 5405 sistat
2020 5365 2080 5405 se

479 5422 857 5479 adcommunio
884 5425 1319 5493 comparationis.
1350 5422 1487 5480 RIG.

554 5515 634 5590 (b)
648 5515 737 5572 Vel
752 5520 805 5573 in
828 5517 1192 5588 palatiisipsis.
1222 5518 1590 5575 Romanorum
1618 5516 1991 5573 crudelitatem
2016 5517 2068 5590 in

480 5588 991 5661 suos'imperatores
1010 5593 1186 5659 arguit
1210 5591 1342 5661 ,qni
1369 5591 1420 5646 in
1451 5591 1592 5661 regia
1614 5632 1629 5657 ,
1663 5590 1714 5645 in
1745 5590 1988 5658 palatiis,
2016 5588 2069 5644 in

481 5660 600 5730 ipso
653 5662 851 5716 Senatu
908 5659 1186 5731 Principes
1236 5659 1667 5718 confodiebant:
1716 5675 1838 5717 cum
1891 5670 2070 5715 tamen

480 5732 624 5805 nulla
655 5746 825 5802 neque
848 5731 1039 5805 seditio
1066 5747 1096 5786 a
1131 5731 1441 5805 christianis
1477 5735 1860 5802 concitaretur,
1899 5747 2075 5805 neque

479 5802 638 5860 novis
665 5818 897 5876 unquam
926 5804 1089 5862 rebus
1114 5802 1334 5873 studere
1354 5805 1452 5863 visi
1478 5806 1695 5863 fuerint.
1724 5805 1815 5867 LE
1851 5804 1962 5866 PR.

2245 4085 2324 4157 (c)
2366 4084 2507 4159 Quos
2534 4093 2717 4159 stature
2740 4084 2925 4142 sciunt.
2958 4085 3167 4143 Adﬁxis
3207 4094 3297 4142 aut
3314 4084 3568 4159 apponsis
3587 4084 3654 4143 ad
3679 4094 3791 4143 sta-

2179 4168 2299 4214 tuas
2328 4157 2540 4213 tabellis
2592 4157 2728 4214 RIG.
3355 4157 3361 4159 '
3392 4157 3398 4158 ’
3768 4176 3773 4183 .

2249 4230 2327 4299 (d)
2371 4229 2527 4303 Quod
2548 4230 2697 4300 vulgo
2741 4230 3156 4303 aiunt,_sannam
3182 4231 3423 4303 facimus.
3445 4230 3622 4287 Sanna
3648 4228 3792 4285 deri-

2175 4303 2343 4357 sionis
2387 4301 2595 4370 species
2641 4310 2725 4357 est
2764 4317 2884 4372 quae
2911 4300 3072 4357 flebat
3100 4300 3195 4358 ore
3225 4303 3456 4358 distorto
3481 4303 3747 4372 vultuque
3771 4344 3788 4368 ,

2176 4384 2264 4429 aut
2305 4383 2452 4429 certa
2501 4372 2790 4443 digitorum
2841 4389 3166 4430 mannumve
3206 4375 3670 4439 conformatione,
3696 4383 3793 4428 aut

2176 4445 2337 4517 ductu
2368 4445 2629 4499 Iabiorum
2658 4445 2776 4500 sine
2804 4444 2914 4517 ullo
2940 4446 3104 4500 verbo
3123 4486 3137 4510 ,
3166 4446 3345 4501 Sanna
3379 4459 3553 4517 grzece
3584 4454 3751 4512 In;va
3771 4485 3788 4517 ,

2177 4516 2462 4572 Adhibitus
2491 4517 2653 4573 fuisse
2698 4517 2816 4571 illas
2860 4515 3072 4571 Sannas
3095 4527 3149 4571 et
3177 4516 3289 4572 oris
3330 4515 3686 4571 distorsioties
3721 4516 3790 4571 ad

2180 4587 2598 4658 lerrefaclendos
2625 4589 2899 4657 plorantes
2927 4603 3122 4657 pueros
3155 4598 3302 4658 patet
3327 4604 3392 4643 ex
3422 4588 3660 4643 Arnobio
3686 4585 3786 4658 lib.

2177 4657 2246 4714 ν.
2281 4658 2451 4728 Usque
2477 4660 2672 4714 adeone
2689 4660 2926 4714 mortales
2942 4660 3118 4714 amuli
3138 4661 3277 4714 illius
3297 4676 3359 4713 ac
3384 4658 3621 4728 temporis
3633 4657 3792 4713 corde

2100 4761 2156 4822 Β
2182 4732 2400 4822 Ῑιιεξγιηρι
2429 4732 2572 4814 rami
2612 4772 2641 4822 ,Ι
2659 4732 2968 4822 rationisque
3033 4747 3310 4822 sensusque
3359 4731 3553 4814 nullius
3581 4771 3596 4794 ,
3623 4739 3676 4783 ut
3723 4728 3791 4783 ab

2126 4801 2154 4843 τ’
2182 4801 2423 4858 actionib.
2454 4804 2698 4874 improbis
2738 4813 2980 4874 tanquam
3025 4801 3265 4872 paruuli,
3300 4805 3538 4870 pmiones
3562 4842 3578 4867 ,
3607 4815 3789 4874 perso-

2181 4890 2364 4929 narum
2390 4871 2854 4929 "tonitrum-inium
2878 4871 3109 4930 torvitate
3140 4875 3315 4929 sannis
3342 4878 3494 4928 etiam
3525 4871 3786 4926 constrin-

2179 4956 2437 5018 gerentur,
2468 4956 2513 5000 et
2541 4947 2724 5000 maniis
2753 4946 2777 5000 ?
2810 4945 2961 5001 Unde
2990 4944 3293 5018 Sanniones
3336 4944 3464 5018 dicti
3491 4943 3737 5018 homines
3770 4983 3787 5009 ,

2179 5013 2327 5072 vultu
2357 5018 2526 5087 magis
2551 5034 2709 5088 quam
2737 5018 2941 5073 facetiis
2963 5028 3054 5071 aut
3080 5016 3320 5088 dicteriis
3345 5016 3574 5072 ridiculi.
3604 5013 3789 5088 Genus

2179 5091 2343 5145 etiam
2372 5086 2865 5160 Santuc'qunddam
2892 5098 3009 5145 erat
3029 5131 3042 5151 ,
3076 5087 3227 5160 quod,
3244 5088 3453 5143 ciconia
3481 5086 3786 5160 dicebatur,

2179 5176 2302 5216 cum
2338 5176 2530 5231 nempe
2555 5157 2778 5216 ciconia:
2825 5160 3022 5215 collum
3071 5157 3318 5214 manibus
3368 5159 3689 5231 fingebatur,
3716 5157 3791 5211 de

2185 5232 2383 5289 Sannis
2409 5229 2850 5288 ct'derisionibus
2895 5231 3035 5303 apud
3080 5232 3368 5303 plerosque
3405 5229 3572 5286 multa
3596 5229 3744 5300 legas
3768 5269 3787 5298 ,

2184 5304 2323 5375 apud
2358 5304 2601 5375 Persium
2632 5305 2745 5361 Sat.
2782 5306 2807 5360 1
2834 5344 2850 5371 ,
2881 5302 2941 5359 et
2962 5304 3018 5362 5.
3049 5302 3137 5360 LE
3171 5303 3279 5358 Pii.

2255 5376 2333 5446 (c)
2376 5374 2550 5431 Etiam
2587 5377 2641 5429 in
2680 5386 2961 5449 estraneus.
3014 5373 3597 5449 lpsejn_Apologetico
3627 5371 3791 5428 Chri-

2180 5443 2387 5503 stianus
2412 5457 2466 5502 et
2497 5457 2645 5502 extra
2672 5446 2843 5502 fidelis
2872 5443 3109 5502 vocatur.
3146 5443 3305 5504 RIGI
3426 5443 3445 5447 ⁷
3483 5489 3504 5504 .
3858 5443 3873 5453 “

2255 5519 2321 5589 (f)
2363 5518 2469 5574 Sed
2495 5518 2667 5572 mortis
2691 5535 2873 5572 nomen
2910 5518 3107 5574 militiis
3133 5520 3289 5575 dalis.
3326 5517 3530 5590 Nempe
3552 5515 3795 5590 armido-

2176 5602 2356 5647 ctores
2387 5600 2442 5645 ct
2484 5597 2509 5645 ὁ
2560 5594 2958 5661 «insitas-natm
3014 5592 3300 5661 appellatis
3332 5589 3592 5658 lanistas,
3623 5589 3791 5645 ducto

2178 5662 2247 5718 dc
2273 5663 2481 5716 laniena
2509 5662 2790 5716 vocabulo.
2822 5660 2991 5716 Idem.
3054 5660 3059 5661 7
3088 5660 3099 5661 ί
3770 5706 3799 5717 ,μ

2252 5732 2329 5805 (g)
2373 5731 2567 5790 Evasit.
2588 5732 2813 5806 _E_xarsit
2836 5774 2851 5802 ,
2882 5748 3087 5806 perque
3112 5733 3291 5791 omnia
3318 5734 3567 5793 membra
3617 5729 3791 5792 evasit

2180 5802 2543 5863 concremata.
2577 5802 2750 5862 Idem.
