4150 6352
387 318 505 383 585

1694 319 1788 378 AD
1822 311 2168 380 NATIONES
2195 314 2327 378 LIB.
2367 317 2434 378 II.

3575 319 3688 384 586

387 440 504 497 rios
525 438 598 511 (a)
619 435 809 495 ordine
833 442 1141 494 transcurso
1167 445 1448 494 remensus
1472 442 1580 506 est,
1604 442 1662 494 ut
1693 443 1898 493 taceam
1919 435 1988 494 de
2013 439 2070 500 Α
2093 435 2330 492 ltesimus
2349 477 2364 503 ,
2397 434 2598 508 pariter
2630 431 3050 509 indignationem
3086 451 3274 494 eorum
3316 452 3696 511 provocamus.

387 531 654 590 Laconica
683 531 850 604 gloria
873 530 970 604 (b).

469 625 555 684 I9.
605 625 928 696 Hucusque,
975 624 1204 697 opinor,
1256 624 1526 682 horrenda
1572 626 1995 684 obstinationum

385 717 847 784 Christianarum;
898 732 1018 789 qua:
1063 720 1108 774 si
1160 718 1434 776 vobiscum
1497 720 1990 788 communicamus,

387 818 640 880 superest
665 807 956 865 deridenda
994 824 1346 880 personarum
1389 809 1761 878 conferamus;
1799 827 1991 883 quam-

386 915 552 973 quam
580 899 650 958 de
675 901 1109 973 persuasionibus
1135 903 1311 959 omnis
1330 903 1618 960 obstinatio
1647 913 1829 962 nostra
1858 921 1994 976 prmi

386 995 659 1050 struitur:
688 1003 1022 1051 mortuorum
1049 996 1192 1052 enim
1221 998 1598 1067 praesumimus
1623 999 1994 1055 resurrectio-

388 1103 540 1142 nem.
570 1086 708 1158 Spes
728 1088 1142 1145 resurrectionis
1167 1088 1436 1146 fastidium
1463 1099 1547 1146 est
1565 1092 1777 1148 mortis.
1802 1091 1994 1149 Ridete

387 1180 554 1252 igitur
580 1181 972 1251 quantumlibet
1014 1181 1409 1253 stupidissimas
1447 1193 1656 1241 mentes
1679 1226 1694 1252 ,
1728 1201 1846 1257 quae
1873 1200 1992 1241 mo-

387 1275 603 1330 riuntur
626 1283 687 1329 ut
715 1274 934 1341 vivant;
962 1272 1057 1330 sed
1089 1289 1195 1345 quo
1221 1273 1434 1331 facilius
1456 1275 1674 1332 rideatis
1702 1285 1759 1332 et
1789 1276 1994 1333 resolu-

391 1367 500 1422 tius
525 1366 951 1435 decachinnetis,
975 1377 1189 1439 arrepta
1215 1369 1440 1440 spongia
1468 1369 1552 1426 vel
1578 1370 1790 1426 interim
1812 1370 1990 1441 lingua

389 1460 567 1516 delete
595 1461 803 1518 litteras
845 1461 1057 1518 interim
1105 1469 1328 1529 vestras,
1359 1477 1478 1534 qum
1507 1462 1754 1520 similiter
1778 1478 1995 1522 asseve-

389 1562 517 1607 rant
559 1552 768 1608 animas
812 1554 865 1609 in
911 1567 1141 1624 corpora
1181 1553 1468 1610 redituras.
1497 1555 1750 1612 Attamen
1793 1565 1993 1628 quanto

389 1645 771 1716 acceptabilior
799 1654 985 1703 nostra
1014 1646 1362 1717 praesumptio
1388 1655 1510 1714 est,
1553 1663 1674 1719 qua:
1703 1647 1757 1703 in
1802 1647 1991 1704 eadem

391 1752 620 1809 corpora
679 1736 946 1795 redituras
1008 1737 1284 1795 defendit?
1329 1738 1483 1794 vobis
1543 1749 1723 1796 autem
1788 1749 1990 1811 quanto

2101 529 2320 585 Habetis
2351 539 2406 585 et
2433 543 2531 586 vos
2555 531 2770 587 tertium
2796 546 2986 602 genus,
3009 533 3112 588 etsi
3137 548 3241 588 non
3267 532 3334 589 de
3364 536 3522 590 tertio
3546 537 3652 592 ritu
3677 578 3696 604 ,

2097 632 2335 678 attamen
2377 621 2446 678 de
2491 622 2650 679 tertio
2686 638 2820 679 sexu
2855 625 2958 695 (ά).
2984 624 3116 682 Illud
3159 625 3334 697 aptius
3371 627 3440 682 de
3485 627 3600 682 viro
3642 635 3698 685 ct

2095 714 2336 785 fmmina,
2365 717 2491 774 viris
2512 727 2566 773 et
2587 716 2824 773 foeminis
2857 715 3121 789 junctum.
3155 721 3260 775 Aut
3294 721 3550 792 numquid
3577 721 3696 791 ipso

2094 822 2192 862 vos
2223 807 2450 878 collegio
2475 808 2835 864 offendimus?
2858 808 3009 866 Solet
3035 811 3309 882 aequalitas
3335 812 3696 868 aemulationis

2096 903 2376 958 materiam
2405 903 2832 959 subministrare.
2859 902 2949 960 Sic
2983 903 3177 974 figulus
3204 905 3368 976 ligqu
3391 947 3405 972 ,
3432 904 3580 961 faber
3609 905 3692 961 fa-

2096 993 2194 1050 hro
2219 994 2444 1050 invidet.
2476 993 2591 1051 lmo
2614 995 2728 1066 jam
2753 995 2820 1052 de
2849 996 2956 1052 line
2985 996 3230 1052 simulata
3256 997 3528 1053 confessio
3551 997 3698 1055 redi-

2096 1089 2173 1161 git
2218 1090 2604 1146 conscientiam
2655 1089 2722 1146 ad
2781 1091 3062 1147 veritatem
3113 1099 3169 1146 et
3219 1089 3286 1145 ad
3338 1092 3701 1148 constantiam

2098 1181 2340 1238 veritatis
2363 1224 2379 1250 ,
2407 1183 2555 1252 (nam
2581 1182 2762 1238 omnia
2814 1183 2914 1238 ista
2956 1183 3009 1238 in
3055 1182 3209 1239 nobis
3261 1183 3392 1240 solis
3426 1194 3612 1253 erunt,
3645 1194 3704 1241 et

2097 1293 2128 1333 a
2177 1277 2332 1333 nobis
2369 1278 2500 1333 solis
2528 1279 2878 1334 revincuntur
2899 1319 2916 1346 ,
2944 1278 3139 1350 quibus
3168 1277 3313 1334 illata
3346 1280 3527 1350 sunt;)
3549 1279 3702 1349 agni-

2096 1369 2244 1427 tione
2273 1371 2479 1426 scilicet
2506 1370 2733 1427 diversa:
2779 1371 2980 1442 partis,
3015 1370 3156 1426 unde
3191 1371 3413 1428 scientia
3444 1372 3705 1428 instructa

2097 1475 2154 1522 et
2203 1465 2490 1522 consilium
2536 1466 2763 1536 inspirat
2805 1477 2861 1521 et
2895 1463 3156 1536 judicium
3197 1465 3480 1536 gubernat.
3511 1464 3706 1521 Vestra

2068 1557 2330 1626 «lenique
2368 1555 2632 1611 sententia
2677 1565 2802 1622 est,
2832 1571 2900 1612 ne
2939 1570 3185 1611 caussam
3226 1557 3347 1626 quis
3372 1555 3577 1626 judicet
3605 1556 3703 1626 (c),

2097 1648 2200 1703 nisi
2241 1646 2451 1703 duobus
2493 1647 2711 1705 auditis.
2757 1646 2912 1716 Quod
2952 1647 3008 1702 in
3036 1647 3191 1702 nobis
3221 1647 3350 1702 solis
3383 1647 3654 1718 negligitis
3678 1689 3698 1717 ,

2095 1748 2300 1795 natum
2317 1738 2446 1794 vitio
2466 1737 2875 1807 satisfacitis,‘_ut
2893 1753 3012 1808 qua:
3039 1739 3091 1792 in
3121 1739 3402 1808 nobis;non
3424 1737 3692 1804 refutetis,

393 1834 580 1889 vanius
627 1832 882 1889 traditum
926 1841 1048 1900 est,
1082 1832 1316 1888 hominis
1362 1832 1609 1904 spiritum
1647 1833 1702 1888 in
1742 1848 1877 1889 cane
1903 1833 1990 1890 vel
2019 1811 2067 1870 Β
2095 1833 2152 1890 in
2178 1833 2296 1887 aliis
2436 1832 2524 1898 tis,
2557 1841 2650 1886 aut
2680 1846 2910 1902 quorum
2934 1839 3141 1886 reatum
3169 1831 3222 1885 in
3248 1830 3400 1886 vobis
3427 1829 3696 1885 memine-

394 1927 538 1984 mulo
562 1937 654 1983 aut
680 1942 887 1999 pavone
916 1926 1251 1984 rediturum?
1271 1925 1404 1983 Item
1425 1927 1683 1998 judicium
1707 1928 1992 1983 annuntia-

394 2036 514 2077 mus
544 2037 575 2076 a
602 2020 713 2077 Deo
737 2034 836 2092 pro
857 2019 1118 2092 cujusque
1143 2019 1350 2076 meritis
1376 2027 1496 2090 post
1520 2019 1792 2076 interitum
1819 2019 1990 2076 desti-

396 2122 601 2168 natum.
654 2111 713 2167 Id
759 2126 856 2168 vos
902 2111 1065 2168 Minoi
1115 2121 1170 2167 et
1224 2110 1598 2166 Radamantho
1643 2109 1988 2179 adscribitis,

402 2204 630 2276 justiore
675 2204 890 2260 interim
933 2204 1168 2260 Aristide
1209 2211 1480 2260 recusato.
1529 2202 1609 2259 Eo
1643 2202 1846 2274 judicio
1886 2204 1990 2258 ini-

394 2310 530 2367 quos
572 2304 775 2352 aeterno
822 2296 964 2368 igni,
1001 2295 1120 2367 pios
1164 2305 1220 2352 et
1255 2295 1496 2352 insontes
1535 2309 1750 2351 amoeno
1787 2295 1843 2351 in
1873 2294 1992 2351 loco

395 2385 622 2443 dicimus
643 2389 1054 2458 perpetuitatem
1078 2395 1462 2443 transacturos.
1484 2385 1638 2457 Apud
1666 2401 1829 2444 vos...
1851 2401 1990 2459 quo-

394 2465 500 2546 que
543 2479 1069 2553 Pyriphlegethontis
1115 2490 1172 2537 et
1218 2480 1389 2553 Elysii
1445 2494 1556 2538 non
1604 2481 1707 2537 alia
1750 2482 1992 2538 conditio

395 2572 715 2644 disponitur.
753 2573 866 2630 Nec
903 2574 1125 2646 mythici
1153 2589 1215 2628 ac
1244 2572 1439 2644 poetici
1467 2574 1567 2630 soli
1597 2573 1722 2629 talia
1749 2584 1948 2630 canunt
1971 2616 1987 2642 ,

394 2665 491 2722 sed
520 2674 574 2722 et
611 2666 919 2738 philosophi
952 2666 1028 2738 (ε)
1055 2665 1124 2722 de
1153 2667 1458 2722 animorum
1483 2668 1907 2738 reciprocatione
1935 2679 1991 2724 et

390 2758 577 2831 judicii
637 2759 1014 2817 distributione
1077 2760 1417 2816 confirmant.
1497 2759 1762 2829 Quoniam
1827 2761 1988 2832 igitur

367 2848 599 2924 'usque,
643 2853 991 2926 iniquissima:
1040 2854 1322 2924 nationes,
1365 2870 1473 2910 non
1521 2855 1847 2926 agnoscitis,
1878 2855 1988 2910 imo

394 2945 614 3018 insuper
640 2947 994 3004 exsecramini
1016 2957 1244 3014 vestros,
1275 2948 1320 3004 si
1346 2947 1481 3005 nihil
1511 2950 1652 3006 inter
1680 2963 1780 3005 vos
1803 2948 1983 3005 diver-
2033 3017 2038 3022 η

391 3039 521 3095 sitas
565 3039 764 3109 habet,
804 3039 849 3096 si
895 3055 1058 3096 unum
1113 3050 1170 3096 et
1215 3039 1390 3097 eidem
1438 3056 1657 3110 sumus;
1706 3042 1829 3114 quia
1875 3055 1982 3096 non

393 3131 584 3189 odistis
627 3133 770 3204 quod
807 3132 1121 3190 estiszdate
1151 3133 1382 3200 dextras
1420 3135 1628 3206 potius,
1657 3134 1983 3206 compingite

391 3224 608 3291 oscula,
651 3224 878 3282 miscete
918 3225 1268 3297 complexus,
1307 3227 1516 3284 cruenti
1555 3243 1680 3284 cum
1721 3228 1978 3296 cruentis,

391 3315 582 3373 incesti
610 3330 732 3372 cum
774 3316 1027 3388 incestis,
1054 3317 1319 3389 conjurati
1346 3332 1470 3374 cum
1508 3319 1839 3390 conjuratis,
1880 3321 1982 3376 ob-

391 3409 573 3468 stinati
596 3420 651 3469 et
674 3399 796 3470 vani
811 3425 933 3470 cum
953 3412 1267 3484 tequalibus.
1289 3412 1499 3472 Pariter
1518 3411 1742 3472 deorum
1761 3411 1982 3471 numina

2093 1924 2234 1991 ritis,
2257 1938 2318 1978 ea
2341 1922 2394 1978 in
2418 1922 2554 1978 alios
2575 1925 2788 1993 jactetis
2933 1936 3100 1993 opere
3127 1921 3498 1991 occupatiores
3525 1920 3704 1991 eritis,

2093 2017 2148 2074 in
2179 2023 2466 2073 extraneos
2491 2016 2645 2083 casti,
2665 2016 2720 2071 in
2752 2015 3109 2086 vosmetipsos
3135 2013 3346 2081 incesti,
3370 2015 3700 2072 exsertiores

2090 2113 2242 2179 foris,
2273 2110 2500 2182 subjecti
2545 2109 2711 2166 domi.
2739 2109 2867 2166 Haec
2909 2118 2994 2165 est
3029 2109 3283 2180 iniquitas
3306 2150 3321 2177 ,
3347 2117 3406 2163 ut
3440 2108 3593 2180 gnari
3629 2107 3702 2164 ab

2095 2206 2317 2277 ignaris,
2345 2204 2576 2260 absoluti
2603 2219 2634 2259 a
2669 2203 2779 2260 reis
2813 2203 3137 2274 judicemur.
3179 2201 3402 2257 Auferte
3443 2200 3697 2273 stipulam

2093 2299 2162 2356 de
2188 2297 2344 2354 oculo
2370 2306 2550 2353 vestro
2571 2337 2585 2364 ,
2613 2305 2705 2352 aut
2735 2295 2944 2352 trabem
2974 2293 3044 2350 de
3072 2293 3230 2350 oculo
3269 2303 3450 2349 vestro
3468 2335 3484 2362 ,
3511 2302 3568 2348 ut
3599 2293 3700 2349 sti-

2094 2393 2275 2466 pulam
2315 2389 2384 2447 de
2431 2391 2610 2448 alieno
2649 2389 2944 2447 extrahatis
2974 2388 3076 2460 (I).
3111 2388 3412 2444 Emendate
3442 2389 3697 2443 vosmeti-

2093 2503 2222 2560 psos
2249 2490 2418 2561 prius,
2452 2493 2510 2542 ut
2537 2484 2860 2541 christianos
2890 2481 3121 2553 puniatis
3148 2497 3162 2548 ;
3196 2481 3299 2536 nisi
3341 2480 3486 2552 quod
3514 2495 3698 2537 emen-

2093 2583 2379 2649 daveritis,
2410 2595 2518 2636 non
2547 2577 2778 2649 punietis
2799 2619 2815 2645 ,
2846 2576 2954 2632 imo
2978 2575 3130 2631 eritis
3169 2573 3480 2641 christiani,
3505 2572 3614 2630 imo
3652 2575 3701 2630 si

2092 2675 2303 2732 fueritis
2348 2671 2666 2739 christiani,
2726 2669 2878 2726 eritis
2939 2667 3246 2745 emendati:
3295 2666 3496 2722 Discite
3552 2665 3698 2736 quod

2092 2770 2149 2828 in
2187 2770 2342 2826 nobis
2380 2765 2666 2831 accusetis,
2697 2772 2753 2820 et
2785 2779 2892 2819 non
2919 2760 3261 2818 accusabitis.
3306 2759 3699 2830 Recognoscite

2091 2860 2220 2933 quid
2264 2861 2318 2916 in
2360 2859 2514 2915 vobis
2565 2872 2673 2913 non
2708 2855 2973 2912 accusetis
2997 2895 3014 2922 ,
3055 2863 3109 2909 et
3149 2852 3487 2908 accusabitis.
3543 2853 3701 2907 Patet

2089 2953 2255 3010 etiam
2289 2951 2417 3008 hinc
2468 2948 2643 3016 vobis,
2701 2955 2957 3019 quantum
2999 2945 3210 3017 aperire
3253 2944 3586 3016 potuerimus
3620 2944 3640 3015 (
3663 2960 3698 3002 e

2087 3045 2274 3117 paucis
2304 3045 2422 3101 istis
2455 3041 2710 3100 Iibellulis
2734 3039 2777 3112 ),
2809 3039 3011 3097 erroris
3052 3039 3318 3110 inspectio
3361 3047 3416 3093 et
3455 3038 3699 3095 veritatis

2087 3138 2405 3210 recognitio.
2428 3135 2690 3192 Damnate
2727 3134 3034 3200 veritatem,
3057 3131 3152 3188 sed
3182 3132 3476 3202 inspectam
3519 3131 3566 3187 si
3602 3145 3698 3202 po-

2087 3231 2241 3288 testis
2264 3271 2281 3298 ,
2307 3238 2363 3286 et
2391 3228 2614 3300 probate
2641 3241 2886 3284 errorem
2905 3268 2920 3293 ,
2958 3223 3054 3280 sed
3089 3231 3362 3294 repertum
3385 3225 3429 3278 si
3468 3223 3690 3293 putatis.

2084 3321 2288 3392 Quodsi
2316 3319 2682 3392 praescribitur
2707 3317 2868 3386 vobis
2910 3329 3150 3374 errorem
3191 3328 3375 3370 amare
3421 3321 3476 3368 et
3514 3313 3694 3369 odisse

2084 3414 2366 3473 veritatem
2391 3427 2406 3480 ;
2433 3426 2528 3470 cur
2554 3410 2698 3483 quod
2724 3409 2918 3467 amatis
2943 3416 2999 3465 et
3022 3405 3232 3475 odistis,
3256 3420 3365 3462 non
3389 3403 3691 3462 noveritis?

1627 3615 2011 3681 LECTIONES
2045 3618 2457 3681 VARIANTES.

457 3730 532 3800 (1)
563 3732 771 3786 Haverc.
796 3731 863 3785 ad
887 3733 1095 3799 Apolog.
1137 3731 1218 3786 39.
1254 3732 1445 3786 emend.
1467 3733 1676 3788 Auferte
1707 3737 1900 3788 trabem
1923 3738 1990 3790 de

2097 3737 2243 3790 oculo
2264 3740 2449 3799 vestro,
2468 3738 2524 3786 ut
2540 3732 2770 3800 stipulam
2788 3731 2854 3784 de
2873 3729 3036 3784 alieno
3058 3730 3348 3784 extrahatis.

3321 3819 3352 3838 Ι

1747 3842 2313 3904 COMMENTARIUS.

459 3958 536 4033 (a)
564 3957 706 4015 Inter
728 3960 1032 4034 senatorios.
1062 3958 1224 4018 Libro
1245 3957 1314 4018 ad
1334 3959 1614 4034 Martyres.
1647 3960 1794 4019 Inter
1816 3975 1976 4019 vena-

389 4030 561 4087 torum
599 4040 831 4088 taureas.
875 4030 1099 4087 RIGAL'I‘.

458 4102 538 4175 (b)
583 4101 652 4178 (It
681 4103 963 4178 taceamde
991 4101 1260 4178 Laconica
1281 4105 1464 4178 gloria.
1492 4104 1582 4162 Sic
1610 4105 1752 4177 apud
1782 4106 1975 4163 Petro-

383 4173 568 4250 nium,
599 4173 924 4250 Eumolpus,
948 4184 998 4250 et
1022 4191 1113 4250 ego
1141 4173 1342 4248 quidem
1373 4187 1472 4234 tres
1501 4173 1683 4250 plagas
1715 4178 1979 4250 Spartana

384 4244 645 4300 nobilitate
681 4245 914 4301 concoxi.
947 4245 1024 4301 Ls
1052 4244 1163 4303 ‘Pn.

453 4336 528 4410 (c)
570 4337 746 4415 Sed_et_
768 4338 1084 4415 philosophi.
1102 4339 1216 4395 Non
1234 4340 1407 4415 solum
1425 4352 1600 4415 poetae
1624 4343 1820 4415 quibus
1850 4359 1970 4400 om-

381 4407 474 4462 nia
491 4407 938 4481 comminiscendi
963 4407 1199 4480 potestas
1223 4413 1345 4469 data
1367 4407 1480 4481 est,
1500 4407 1740 4471 vana'illa
1763 4417 1972 4472 somnia

381 4489 436 4551 et
458 4479 860 4551 vacuircerebri
907 4479 1250 4537 deliramenta
1298 4479 1652 4551 invexerunt;
1683 4486 1779 4542 sed
1804 4488 1966 4542 etiam

379 4549 704 4629 philosophi,
725 4553 877 4629 iique
901 4553 1161 4629 majorum
1191 4555 1432 4629 gentium
1462 4567 1520 4614 ut
1547 4549 1722 4627 Plato,
1742 4558 1834 4629 qui
1853 4572 1969 4615 me-

382 4621 776 4694 tempsychosin
805 4623 970 4679 tuitus
988 4621 1097 4680 est.
1127 4621 1216 4681 Ln'
1231 4625 1330 4682 Pa.
1433 4647 1437 4652 τ

2080 3963 2118 4020 Γ
2157 3958 2240 4032 (d)
2281 3957 2496 4032 Habetis
2511 3968 2662 4032 etuas
2679 3959 2878 4032 tertium
2898 3972 3073 4028 genus.
3091 3955 3399 4032 Alexander
3420 3956 3680 4032 Severus,

2079 4029 2332 4088 narrante
2361 4029 2668 4100 Lampridio
2692 4072 2707 4096 ,
2741 4030 2953 4085 tertium
2983 4043 3152 4099 genus
3183 4029 3458 4084 hominum
3486 4030 3671 4086 Eunu-

2077 4103 2212 4158 chos
2235 4117 2357 4158 esse
2378 4099 2622 4165 dicebat.
2654 4116 2755 4157 nec
2783 4099 3102 4164 videndum.
3131 4115 3231 4155 nec
3260 4101 3315 4154 in
3345 4115 3442 4155 usu
3473 4101 3679 4160 haben-

2081 4175 2208 4231 dum
2235 4189 2264 4228 a
2292 4173 2422 4228 viris
2441 4213 2456 4238 ,
2479 4173 2572 4228 sed
2604 4172 2690 4226 vix
2718 4189 2747 4226 a
2775 4171 2990 4226 feminis
3029 4172 3314 4226 nobilibus.
3348 4171 3469 4228 Rm.

2155 4245 2232 4319 (e)
2273 4244 2356 4299 Ne
2368 4260 2582 4319 causam
2601 4245 2712 4315 quis
2727 4242 2946 4319 judicet.
2970 4241 3199 4319 Justitiae
3214 4244 3358 4319 leges
3372 4245 3668 4319 postulant,

2080 4327 2137 4372 ut
2162 4314 2337 4372 causm
2358 4315 2448 4371 ﬁat
2467 4314 2817 4386 disceptatio,
2847 4322 3134 4386 antequam
3157 4314 3413 4386 judicium
3441 4315 3668 4380 feratur,

2079 4388 2221 4444 unde
2237 4387 2374 4457 apud
2392 4383 2672 4453 Senecam,
2692 4384 2895 4452 Medea,
2911 4394 3016 4442 act.
3044 4383 3111 4454 II,
3126 4399 3204 4440 sc.
3217 4385 3272 4441 2.
3287 4387 3365 4442 sic
3381 4385 3671 4446 Creontem

2076 4460 2366 4532 alloquitur
2389 4473 2404 4512 :

2267 4575 2360 4637 Qui
2383 4573 2551 4637 statuit
2575 4572 2774 4637 aliquid,
2788 4576 2928 4636 parte
2951 4573 3163 4624 inaudita
3188 4572 3362 4635 altera,

2271 4636 2476 4700 Equum
2495 4636 2618 4686 licet
2633 4634 2884 4698 statuerit,
2904 4637 3032 4686 haud
3050 4649 3223 4700 aequus
3245 4634 3354 4686 fuit.
3398 4635 3467 4685 La
3487 4634 3580 4686 Pn.

379 4754 3674 4781 mm

1257 4836 1730 4951 LIBER
1810 4837 2707 4950 SECUNDUS.

1826 5054 2209 5092 “Op——

447 5170 500 5227 1.
523 5168 674 5228 Nunc
701 5171 771 5228 de
793 5169 911 5229 deis
935 5171 1161 5241 vestris,
1189 5171 1508 5229 miseranda:
1538 5171 1802 5240 nationes,
1833 5186 1969 5230 con-

374 5262 527 5333 gredi
554 5263 828 5321 vobiscum
854 5263 1097 5320 defensio
1122 5271 1307 5321 nostra
1335 5264 1644 5335 desiderat,
1670 5279 1968 5337 provocans

373 5353 546 5424 ipsam
568 5345 960 5413 'conscientiam
986 5365 1242 5426 vestram,
1271 5357 1337 5413 ad
1365 5357 1714 5423 censendum,
1746 5373 1967 5428 an‘vere

374 5445 485 5514 dei,
512 5457 570 5502 ut
602 5447 788 5516 vultis,
806 5463 876 5505 an
903 5446 1062 5515 falso,
1082 5457 1140 5504 ut
1166 5448 1306 5506 scire
1330 5465 1438 5506 non
1468 5448 1650 5505 vultis.
1673 5448 1799 5504 Haec
1824 5449 1967 5504 enim

372 5542 597 5602 materia
641 5553 726 5601 est
775 5542 977 5602 erroris
1012 5541 1230 5601 humani
1272 5557 1366 5615 per
1409 5543 1674 5600 artificem
1719 5543 1867 5614 ejus,
1897 5557 1968 5599 ne

2074 5170 2372 5243 ignorantia
2411 5169 2611 5227 erroris
2637 5170 2714 5245 (a)
2849 5185 2958 5244 quo
2992 5172 3182 5244 magis
3201 5173 3280 5230 rei
3309 5174 3445 5232 sitis.
3475 5174 3667 5233 Patent

2071 5264 2252 5333 oculi,
2305 5278 2406 5321 nec
2445 5263 2661 5331 vident;
2711 5263 2863 5320 hiant
2902 5279 3059 5320 aures
3083 5305 3100 5333 ,
3146 5281 3245 5322 nec
3284 5267 3538 5334 audiunt;
3574 5283 3669 5324 cor

2071 5365 2252 5427 stupet
2287 5356 2520 5422 saliens,
2551 5356 2723 5413 nescit
2761 5357 2971 5412 animus
3007 5357 3149 5429 quod
3203 5360 3462 5430 agnoscit.
3503 5360 3667 5416 Denio

2072 5465 2177 5521 que
2206 5491 2222 5516 ,
2269 5449 2316 5505 si
2368 5457 2570 5505 tantam
2626 5449 3034 5521 perversitatem
3096 5467 3200 5508 una
3268 5454 3670 5525 praescriptione

2070 5541 2263 5599 discuti
2289 5545 2512 5614 liceret,
2544 5543 2598 5600 in
2623 5543 2876 5616 expedito
2901 5554 3045 5603 esset
3073 5547 3336 5606 nuntiatio
3356 5590 3370 5616 ,
3400 5564 3522 5606 cum
3549 5563 3667 5606 om-

1743 5657 2300 5718 COMMENTARIUS.

444 5775 521 5849 (a)
557 5775 859 5850 Ignorantia
899 5777 1246 5834 erroris.......
1313 5777 1678 5849 supplendum,
1712 5778 1953 5847 tollatur,

867 5894 1330 5956 Tauruuam.
1367 5892 1419 5955 I.

2062 5787 2150 5838 aut
2173 5776 2370 5849 aliquid
2399 5776 2581 5835 simile.
2608 5777 2728 5839 Bm.

3045 5898 3445 5981 (Βία-κενῇ)
