4150 6352
464 347 574 411 889
1085 347 1101 375 ’

1736 338 1829 397 AD
1863 333 2206 408 NATIGMS
2243 334 2375 397 LIB.
2406 335 2471 394 ll.

3660 335 3767 395 tea
3832 416 3837 419 _

466 465 629 532 item,
654 477 725 519 an
750 461 838 520 dei
862 459 1086 520 essent?
1113 457 1305 517 Nescio
1330 498 1345 525 ,
1376 456 1555 529 inquit
1572 498 1587 523 ,
1616 454 1721 513 nisi
1742 463 1805 517 ut
1830 454 1940 510 sint
1961 468 2056 510 εις
2082 452 2139 529 ᾼ
2162 451 2457 519 divinitatis
2474 495 2491 521 ,
2523 452 2575 513 id
2602 460 2684 523 est
2710 454 3013 510 aeternitate
3035 495 3050 522 ,
3082 467 3203 526 quae
3228 452 3346 527 sine
3376 454 3532 512 initio
3558 463 3613 512 et
3651 457 3760 517 line

467 559 672 632 pedire.
714 556 913 613 Thales
955 552 1193 612 Milesius
1216 595 1230 621 ,
1263 550 1453 613 Croeso
1481 548 1809 613 sciscitanti,
1835 546 1962 619 quid
1991 544 2060 605 de

467 653 583 712 deis
608 652 962 709 arbitraretur
986 691 1003 717 ,
1030 657 1155 721 post
1180 647 1386 721 aliquot
1419 642 1759 712 deliberandi
1792 655 2063 697 commea-

467 754 554 803 tus
577 787 593 815 ,
624 744 759 801 nihil
787 741 1136 801 renuntiavit.
1169 738 1424 805 Socrates
1453 737 1569 809 ipse
1595 734 1730 791 deos
1755 734 1887 790 istos
1909 730 2062 804 quasi

467 848 647 899 certus
691 836 938 909 negabat.
969 834 1116 892 Idem
1147 832 1457 904 Esculapio
1494 830 1847 903 gallinaceum
1890 825 2061 883 secari

464 929 618 1003 quasi
646 937 826 987 certus
850 927 1095 1000 iubebat.
1124 926 1187 983 Et
1229 924 1351 985 ideo
1378 937 1502 979 eum
1532 931 1640 979 tam
1664 922 1863 979 incerta
1891 926 1946 975 et
1974 917 2062 974 in-

467 998 720 1085 cantatam
756 998 1048 1076 definiendi
1076 1018 1146 1075 de
1191 1018 1304 1073 Deo
1330 1014 1664 1088 philosophia
1707 1009 2063 1084 deprehendi-
2110 998 2118 1003 ’

466 1123 571 1181 tur,
594 1130 754 1187 quem
779 1113 954 1185 potuit
977 1127 1175 1177 ......re
1199 1111 1338 1183 ejus,
1366 1125 1527 1182 quem
1550 1123 1658 1167 non
1684 1106 1886 1178 liquido
1914 1115 2062 1161 tene-

464 1208 555 1266 bat
580 1206 948 1266 determinare
967 1205 994 1259 .9
1017 1205 1095 1263 De
1118 1203 1323 1267 mundo
1472 1200 1718 1261 dicimus.
1745 1197 1897 1255 Hunc
1917 1197 2060 1252 enim

465 1299 750 1372 physicum
801 1297 1086 1369 theologia:
1139 1310 1309 1368 genus
1364 1302 1561 1365 cogunt
1608 1310 1624 1348 :
1675 1299 1887 1362 q......ta
1931 1287 2064 1345 deos

469 1392 838 1461 tradiderunt,
889 1400 947 1448 ut
1010 1390 1299 1463 Dionysius
1363 1388 1567 1446 unicus
1614 1383 1874 1441 trifariam
1931 1381 2065 1437 deos

468 1465 670 1549 dividat
691 1530 705 1556 ,
736 1502 897 1545 unam
922 1486 1040 1543 vult
1062 1484 1296 1557 Speciem
1321 1525 1338 1552 ,
1361 1496 1483 1553 qua:
1508 1480 1561 1536 in
1588 1485 1838 1551 promptu
1869 1476 1941 1533 sit
1962 1518 1976 1541 ,
2007 1482 2068 1532 ut

466 1584 658 1651 solem,
704 1583 885 1639 lunam
1083 1579 1266 1643 aliam,
1313 1592 1435 1648 qua:
1481 1589 1591 1633 non
1632 1578 1959 1645 compareat,
2007 1576 2069 1625 ut

468 1676 770 1748 Neptunum
792 1716 809 1743 ,
838 1674 1121 1746 reliquam,
1147 1687 1267 1743 qua:
1286 1670 1355 1728 de
1380 1666 1689 1726 hominibus
1724 1664 1789 1721 ad
1814 1663 2065 1723 divinita-

468 1779 573 1828 tem
618 1769 877 1842 transisse
926 1766 1162 1834 dicitur,
1202 1773 1263 1820 ut
1315 1762 1641 1829 Herculem,
1698 1758 2064 1829 Amphiaram.

2164 556 2434 603 censetur.
2476 545 2532 603 Si
2568 559 2698 603 vero
2726 546 3005 604 institutus
3042 546 3265 613 omnino
3291 561 3401 605 non
3427 557 3510 604 est
3536 563 3600 605 ac
3636 563 3763 620 pro-

2164 650 2351 713 pterea
2385 640 2520 698 deus
2565 639 2865 708 habendus,
2897 640 3043 713 quod
3069 650 3133 697 ut
3158 642 3299 698 Deus
3337 656 3515 715 neque
3551 643 3761 701 initium

2165 751 2341 808 neque
2383 736 2543 793 linem
2579 736 2664 792 sui
2708 735 2945 806 patitur:
2969 736 3240 808 quomodo
3274 737 3492 809 quidam
3528 738 3765 810 assignat

2165 828 2465 896 clementis,
2484 843 2604 900 quae
2624 827 2754 886 deos
2774 829 2978 894 volunt,
3006 828 3428 901 generationem,
3454 846 3574 887 cum
3608 831 3765 887 stoici

2167 931 2364 994 negent
2384 922 2666 995 quicquam
2700 922 2810 978 Deo
2838 922 3029 978 nasci?
3053 921 3208 988 Item,
3233 923 3505 993 quomodo
3532 922 3722 980 volunt
3742 966 3761 993 ,

2166 1029 2300 1086 quos
2342 1015 2411 1071 de
2437 1014 2716 1071 elementis
2747 1023 2902 1071 natos
2946 1015 3156 1083 lerunt,
3202 1014 3334 1072 deos
3370 1015 3592 1084 baberi,
3638 1032 3763 1079 cum

2167 1106 2335 1175 Deum
2380 1117 2575 1181 negent
2620 1108 2813 1165 nasci?
2854 1108 3039 1181 Itaque
3084 1107 3226 1181 quod
3262 1109 3445 1165 mundi
3486 1111 3627 1179 erit,
3664 1110 3766 1168 hoc

2167 1200 2447 1258 elementis
2488 1196 2865 1271 adscribetur,
2904 1201 3043 1258 ccelo
3085 1201 3205 1258 dico
3243 1211 3299 1259 et
3338 1212 3494 1259 terra:
3537 1212 3594 1259 et
3628 1203 3767 1260 side-

2166 1293 2318 1351 ribus
2344 1304 2396 1350 et
2421 1294 2528 1366 igni
2556 1337 2571 1363 ,
2600 1309 2719 1366 quae
2743 1294 2875 1353 deos
2899 1302 2953 1352 et
2976 1294 3201 1353 deorum
3231 1305 3483 1367 parentes
3508 1296 3770 1354 adversus

2167 1393 2414 1457 negatam
2434 1386 2837 1459 generationem
2861 1387 2955 1443 Dei
2969 1397 3025 1445 et
3043 1388 3374 1447 nativitatem
3400 1388 3598 1446 frustra
3623 1389 3771 1449 credi

2170 1478 2450 1549 proposuit
2490 1477 2679 1551 varro.
2710 1478 2779 1534 Et
2823 1479 2915 1550 qui
2946 1478 3116 1535 Varro
3159 1478 3489 1536 iudicaverat
3520 1479 3772 1537 animalia

2170 1585 2290 1627 esse
2319 1570 2513 1627 cmlum
2543 1581 2598 1628 et
2622 1580 2785 1627 astra.
2818 1570 2971 1640 Quod
3006 1570 3059 1627 si
3080 1572 3151 1626 ita
3177 1579 3261 1627 cst
3282 1613 3298 1641 ,
3326 1574 3486 1628 etiam
3526 1572 3773 1629 mortalia

2170 1663 2280 1718 sint
2322 1676 2547 1719 necesse
2586 1671 2708 1731 est,
2732 1662 3025 1720 secundum
3067 1662 3316 1721 animalis
3353 1663 3620 1732 formam;
3647 1679 3774 1725 nam

2169 1755 2271 1812 etsi
2296 1755 2655 1811 immortalem
2682 1755 3169 1823 constatanimam,
3193 1754 3299 1826 ipsi
3318 1755 3420 1813 hoc
3441 1756 3545 1814 soli
3572 1757 3771 1826 licebit,

470 1861 647 1934 Eque
691 1860 1001 1917 Arcesilaus
1044 1859 1238 1915 trinam
1279 1856 1507 1913 formam
1550 1851 1846 1909 divmitatis
1883 1848 2062 1918 ducit,
2093 1873 2143 1936 Β
2172 1864 2278 1905 non
2325 1849 2484 1905 etiam
2527 1848 2605 1905 illi
2653 1849 3071 1906 cui’adnectitur
3095 1890 3109 1917 ,
3141 1849 3195 1936 id
3223 1859 3308 1906 est
3333 1851 3569 1923 corpori.
3600 1851 3772 1909 Nemo

469 1953 781 2026 Olympios,
808 1952 966 2009 Astra
991 1994 1007 2018 ,
1055 1950 1309 2006 Titaneos
1333 1965 1348 2014 ;
1376 1947 1444 2003 de
1479 1945 1629 2004 (Icelo
1672 1954 1727 2001 et
1764 1944 1967 2011 Terra,
1995 1957 2063 1999 ex

474 2049 581 2115 liis,
609 2047 842 2104 Saturno
868 2055 923 2102 et
946 2044 1060 2117 Ope
1082 2084 1098 2111 ,
1130 2042 1453 2113 Neptunum,
1486 2039 1673 2097 Jovem
1704 2046 1759 2094 et
1781 2034 1978 2092 Orcum
2007 2044 2066 2094 et

467 2151 719 2198 cazteram
745 2136 1165 2195 successionem.
1186 2132 1522 2191 Xenocrates
1550 2129 1903 2189 Academicus
1928 2127 2062 2185 bifa-

468 2235 604 2291 riam
644 2232 813 2299 facit,
850 2228 1130 2301 Olympios
1169 2236 1226 2284 et
1262 2225 1535 2293 Titanius,
1573 2223 1665 2296 qui
1707 2222 1775 2279 de
1815 2221 1967 2279 Caelo
2010 2229 2067 2277 et

470 2325 658 2382 Terra.
686 2320 1065 2394 Egyptiorum
1102 2318 1344 2390 plerique
1381 2315 1777 2389 quatuor'deos
1799 2313 2063 2383 credunt,

469 2417 652 2477 Solem
692 2425 749 2472 et
772 2413 979 2470 Lunam
1001 2454 1018 2481 ,
1046 2410 1257 2470 Caelum
1297 2424 1365 2473 ac
1403 2408 1648 2466 Terram.
1686 2408 1822 2464 Cum
1861 2408 2069 2477 relique

468 2508 577 2581 igni
602 2519 841 2583 superno
859 2504 991 2562 deos
1011 2511 1162 2561 ortos
1192 2500 1533 2559 Democritus
1560 2499 1886 2573 suspicatur,
1915 2497 2070 2569 cujus

470 2602 638 2659 instar
663 2598 780 2656 vult
805 2612 928 2657 esse
956 2605 1200 2655 naturam
1225 2590 1398 2651 Zeno.
1429 2592 1585 2651 Unde
1613 2601 1669 2650 et
1691 2591 1865 2650 Varro
1891 2592 2099 2663 ignem-

471 2691 658 2750 mnndi
677 2691 919 2748 animum
942 2689 1087 2756 facit,
1113 2698 1170 2745 ut
1190 2687 1415 2760 perinde
1435 2686 1489 2744 in
1510 2684 1712 2743 mundo
1735 2686 1872 2757 ignis
1891 2685 2090 2743 omnia

469 2787 769 2860 gubernet,
801 2785 944 2841 sicut
988 2784 1201 2840 animus
1247 2783 1304 2837 in
1342 2781 1518 2838 nobis.
1560 2780 1723 2852 Atqui
1758 2778 2071 2838 vanissime.

468 2879 602 2936 Nam
635 2893 758 2936 cum
802 2886 922 2945 est,
962 2875 1171 2947 inquit,
1201 2874 1257 2932 in
1301 2873 1499 2942 nobis,
1527 2871 1631 2946 ipsi
1677 2888 1900 2940 sumus;
1948 2888 2072 2931 cum

470 2970 674 3039 exivit,
705 2969 1018 3026 emorimur.
1051 2966 1194 3038 Ergo
1225 2974 1283 3024 et
1323 2966 1461 3038 ignis
1485 2980 1610 3022 cum
1650 2964 1719 3023 de
1748 2965 1952 3024 mundo
1975 2982 2075 3039 per

468 3065 677 3136 fulgura
704 3061 1089 3134 proﬁciscitur,
1119 3059 1350 3118 mundus
1377 3059 1653 3116 emoritur.

2170 1950 2347 1996 autem
2377 1940 2597 2015 negabit
2619 1941 2857 2000 mortale
2876 1957 3073 2014 corpus
3095 1932 3236 2009 esse,
3260 1958 3384 1999 cum
3414 1954 3469 1999 et
3492 1946 3770 2016 continga-

2167 2048 2286 2090 mus
2311 2048 2375 2090 ea
2398 2042 2453 2090 ct
2478 2036 2862 2105 contingamur
2889 2035 2958 2092 ab
2987 2035 3090 2102 eis,
3122 2046 3269 2093 certa
3295 2051 3521 2109 corpora
3553 2053 3618 2094 ex
3661 2040 3768 2098 illis

2167 2125 2419 2187 decidere
2448 2126 2747 2187 videamus.
2774 2127 2917 2200 Ergo
2944 2128 2994 2184 si
3021 2129 3270 2187 animalia
3295 2130 3538 2201 deposita
3566 2129 3776 2197 ratione

2168 2220 2363 2278 animae
2387 2264 2404 2290 ,
2431 2236 2536 2295 qua
2563 2237 2855 2294 corporum
2894 2223 3134 2281 conditio
3166 2267 3182 2292 ,
3210 2227 3457 2285 mortalia
3476 2269 3492 2293 ,
3520 2242 3629 2285 non
3671 2229 3777 2293 uti-

2170 2330 2295 2386 que,
2345 2315 2420 2371 dii
2472 2316 2764 2373 elementa.
2813 2317 2881 2374 Et
2914 2326 3108 2393 tamen
3164 2320 3307 2379 unde
3351 2323 3606 2383 animalia
3647 2324 3778 2383 Var-

2173 2409 2295 2471 roni
2315 2408 2389 2482 (ὁ)
2417 2408 2664 2469 videntur
2678 2412 2979 2471 elementa?
2998 2412 3262 2482 Quoniam
3280 2426 3585 2475 moventur.
3609 2418 3688 2476 Ac
3703 2435 3776 2478 ne

2132 2546 2137 2551 .
2173 2514 2239 2557 ex
2270 2500 2482 2560 diverso
2509 2514 2861 2579 preponatur,
2883 2507 3051 2564 multa
3072 2508 3174 2566 alia
3196 2510 3421 2579 moveri,
3446 2521 3503 2567 ut
3528 2519 3691 2583 rotas,
3717 2523 3777 2571 ut

2175 2593 2439 2666 plaustra,
2462 2603 2522 2652 ut
2545 2596 2825 2654 machinas
2843 2607 3089 2667 caeteras,
3112 2601 3251 2659 ultro
3277 2604 3539 2674 praevenit
3560 2604 3768 2682 dicens,

2175 2701 2242 2743 eo
2268 2687 2521 2746 animalia
2545 2689 2772 2759 credita,
2797 2691 2939 2763 quod
2968 2708 3063 2762 per
3084 2694 3373 2766 semetipsa
3399 2708 3767 2767 moverentur,

2180 2781 2328 2838 nullo
2378 2785 2713 2841 extrinsecus
2764 2794 3064 2856 apparente
3116 2797 3381 2848 mutatura
3437 2806 3627 2848 eorum
3681 2802 3775 2850 aut

2166 2874 2487 2951 minatore,
2533 2876 2672 2932 sicut
2716 2887 2938 2948 apparet
2967 2918 2982 2944 ,
3027 2880 3116 2952 qui
3170 2889 3342 2938 rotam
3367 2883 3679 2955 compellit,
3718 2895 3776 2944 et

2183 2967 2420 3040 plaustra
2448 2968 2647 3040 volvit,
2683 2979 2740 3029 et
2783 2971 3085 3029 machinam
3137 2983 3423 3047 temperat.
3459 2978 3624 3049 Igitur
3667 2980 3773 3037 nisi

2181 3060 2428 3119 animalia
2447 3101 2463 3130 ,
2486 3077 2592 3119 non
2624 3062 2837 3121 mobilia
2883 3081 2977 3137 per
2999 3082 3080 3123 se.
3110 3067 3279 3135 Porro
3317 3071 3555 3142 allegans
3574 3116 3590 3141 ,
3639 3075 3767 3146 quid

539 3159 595 3215 5.
622 3156 716 3215 llis
738 3155 814 3211 ita
838 3153 1103 3227 expeditis
1129 3152 1232 3227 (α),
1258 3152 1507 3210 videmus
1526 3149 1809 3225 physicum
1833 3152 1976 3210 istud
2003 3153 2071 3210 ad
2178 3167 2293 3209 non
2313 3164 2573 3224 appareat
2591 3196 2613 3224 ,
2644 3155 2882 3213 ostendit
2916 3158 3043 3229 quid
3079 3161 3340 3231 quaesisse
3385 3162 3684 3236 debuerat,
3716 3167 3772 3223 id

469 3249 573 3309 hoc
600 3248 953 3308 subornatum
977 3287 993 3312 ,
1025 3254 1085 3302 ut
1125 3244 1260 3302 deos
1293 3245 1559 3303 elementa
1603 3244 1922 3315 contendat,
1949 3261 2072 3303 eum
2097 3239 2143 3305 C
2176 3257 2257 3305 est
2281 3289 2296 3314 ,
2333 3248 2595 3309 artiﬁcem
2618 3258 2673 3308 et
2700 3250 2960 3309 arbitrum
2986 3264 3203 3323 motus;
3235 3271 3410 3326 neque
3431 3259 3575 3316 enim
3592 3261 3774 3318 statim

470 3343 560 3400 bis
592 3343 758 3401 etiam
800 3341 939 3398 alios
963 3338 1096 3397 deos
1122 3349 1276 3396 nates
1297 3338 1528 3411 alleget;
1559 3338 1657 3395 Dei
1689 3338 1834 3396 enim
1863 3340 2076 3396 nontiisi

471 3436 541 3494 de
569 3436 686 3493 deis
711 3440 1084 3492 nascerentur.
1119 3432 1269 3502 Quos
1295 3433 1557 3504 quoniam
1582 3432 1635 3489 in
1669 3432 1911 3506 mythico
1932 3433 2075 3506 apud

472 3536 660 3599 poetas
702 3526 910 3598 plenius
951 3540 1052 3582 suo
1076 3526 1196 3583 loco
1223 3524 1652 3583 examinabimus
1671 3567 1687 3596 ,
1723 3535 1903 3583 tamen
1929 3526 2075 3599 quod

474 3618 547 3679 de
592 3618 728 3691 ipsis
766 3617 979 3677 interim
1001 3617 1404 3677 retractandum
1426 3626 1512 3677 est
1530 3660 1547 3687 ,
1574 3618 1717 3690 quod
1742 3619 1811 3676 ad
1836 3633 2075 3691 praesen-

477 3723 586 3772 ωω
629 3711 861 3785 speciem
902 3710 1052 3783 facit,
1092 3712 1251 3770 simul
1295 3721 1350 3770 et
1377 3712 1464 3783 .de
1504 3714 1756 3785 praesenti
1794 3713 1977 3785 specie
2004 3714 2075 3771 ad

473 3804 623 3878 ipsos
646 3820 851 3862 ......an
873 3805 1143 3863 ostensuri
1168 3819 1375 3873 sumus,
1396 3803 1529 3861 deos
1551 3804 1699 3862 nullo
1721 3805 1884 3862 modo
1905 3804 2074 3863 videri

474 3913 665 3972 posse,
691 3899 784 3971 qui
823 3898 896 3956 de
937 3897 1225 3975 elementis
1259 3896 1373 3955 nati
1409 3897 1657 3955 dicuntur
1677 3941 1692 3967 ,
1717 3907 1777 3956 ut
1798 3898 1912 3970 jam
1946 3898 2072 3956 hinc

471 3990 879 4064 prsejudicatum
909 3990 1018 4060 sit,
1044 3990 1176 4051 deos
1202 3990 1466 4048 elementa
1492 4006 1601 4048 non
1628 4007 1782 4062 esse,
1809 4006 1934 4051 cum
1977 3992 2073 4065 qui

473 4082 542 4145 de
577 4083 861 4141 elementis
886 4082 995 4138 nati
1034 4082 1286 4157 dicuntur
1307 4125 1324 4151 ,
1351 4082 1447 4141 Dei
1477 4098 1587 4140 non
1611 4092 1738 4141 sunt
1759 4101 1775 4152 ;
1801 4100 1954 4156 atque
1977 4084 2073 4142 de,-

470 4173 845 4239 monstrando,
873 4181 995 4231 orta
1015 4173 1146 4232 deos
1170 4189 1280 4231 non
1306 4187 1452 4243 esse,
1481 4175 1553 4231 ad
1576 4175 1722 4233 illam
1753 4185 2070 4248 agnatorum

472 4268 708 4340 speciem
749 4277 1135 4339 praestruemus
1177 4279 1330 4326 recte
1358 4283 1465 4325 non
1503 4283 1627 4327 esse
1660 4269 1874 4328 delendi
1894 4313 1909 4339 ,
1937 4286 2073 4344 quo.

473 4352 896 4432 rumpat-entes,
924 4358 979 4423 id
996 4370 1083 4418 est
1099 4359 1386 4418 clementia
1413 4360 1499 4419 dei
1525 4377 1635 4419 non
1663 4376 1810 4420 sunt.
1838 4363 2067 4436 Scitum,

474 4452 635 4517 deum
669 4468 701 4509 e
726 4452 829 4511 deo
874 4454 1043 4520 nasci,
1084 4453 1535 4525 quemadmodum
1572 4454 1641 4512 de
1678 4470 1787 4513 non
1818 4456 1922 4515 deo
1961 4472 2070 4515 non

2180 3358 2289 3401 non
2318 3350 2428 3409 est,
2460 3343 2637 3415 quod,
2684 3346 2808 3416 quia
2860 3362 2969 3404 non
3018 3348 3295 3420 videmus,
3350 3368 3456 3410 non
3507 3356 3778 3415 credimus

2177 3449 2318 3493 esse.
2348 3434 2464 3493 Imo
2500 3451 2568 3493 eo
2594 3436 2756 3495 altius
2784 3440 3213 3513 investigandum
3244 3453 3360 3513 est',
3390 3446 3532 3517 quod
3564 3462 3669 3504 non
3694 3451 3773 3507 vi-

2178 3528 2368 3587 deatur
2391 3571 2406 3598 ,
2436 3530 2667 3602 utquod
2691 3531 2937 3609 videatur
2985 3534 3145 3606 quale
3183 3536 3255 3592 sit
3298 3538 3439 3595 scire
3477 3540 3766 3613 possimus.

2177 3622 2428 3693 Alioquin
2472 3623 2521 3680 si
2566 3630 2774 3681 tantum
2815 3641 2913 3693 ea,
2959 3643 3079 3698 qua:
3118 3640 3462 3702 comparent,
3511 3634 3621 3691 deo
3651 3652 3773 3695 esse

2176 3715 2485 3785 creduntur,
2513 3718 2635 3788 quia
2662 3721 3014 3789 comparent?
3035 3721 3313 3789 Quomodo
3334 3725 3466 3781 deos
3485 3728 3646 3784 etiam
3675 3746 3774 3789 eos

2175 3810 2414 3881 recipitis
2438 3811 2529 3883 qui
2556 3826 2665 3868 non
2702 3815 3060 3884 comparent?
3085 3814 3141 3872 Si
3171 3828 3348 3875 autem
3380 3819 3627 3879 videntur
3649 3839 3773 3882 esse

2175 3901 2399 3973 quinon
2442 3912 2603 3971 sunt,
2649 3918 2746 3960 cur
2787 3922 2895 3962 non
2934 3909 3042 3965 sint
3071 3916 3127 3966 et
3170 3910 3261 3981 qui
3312 3927 3421 3969 non
3469 3913 3768 3973 videntur?

2174 3992 2493 4051 Motatorem
2514 3995 2635 4052 dico
2659 3995 2965 4054 caelestium
2989 4015 3192 4058 rerum.
3241 4002 3363 4059 Sint
3394 4020 3524 4076 ergo
3551 4015 3611 4064 et
3649 4009 3768 4065 ani-

2175 4086 2333 4145 malia
2357 4129 2373 4156 ,
2403 4088 2527 4159 quia
2556 4088 2773 4145 mobilia
2802 4104 2898 4161 per
2934 4106 2996 4148 se
3017 4134 3033 4160 ,
3064 4094 3227 4150 etiam
3271 4096 3485 4154 mobilia
3532 4112 3628 4171 per
3667 4116 3730 4159 se
3749 4143 3767 4173 ,

2174 4180 2297 4252 quia
2324 4197 2428 4238 non
2453 4198 2547 4254 per
2567 4184 2727 4240 alium
2752 4199 2770 4251 ;
2800 4195 2975 4243 tamen
3003 4188 3093 4244 illa
3124 4204 3231 4247 non
3272 4193 3451 4249 statim
3479 4194 3572 4252 Dei
3600 4239 3615 4264 ,
3644 4199 3767 4270 quia

2173 4273 2421 4331 animalia
2446 4315 2462 4341 ,
2516 4274 2589 4331 ita
2630 4291 2732 4334 nec
2774 4276 2898 4336 ideo
2926 4322 2941 4349 ,
2989 4282 3111 4353 quia
3150 4296 3248 4354 per
3276 4298 3337 4340 se
3378 4286 3631 4355 mobilia;
3676 4300 3769 4348 aut

2173 4369 2305 4441 quid
2327 4378 2472 4427 vetat
2493 4370 2739 4428 universa
2766 4373 3037 4444 animalia,
3072 4384 3130 4432 ut
3156 4378 3371 4451 mobilia
3401 4395 3497 4452 per
3527 4396 3606 4452 se,
3634 4382 3771 4443 deos

2174 4460 2514 4522 baberi‘l.....
2544 4464 2616 4520 lia
2644 4480 2775 4523 sane
2800 4468 3037 4526 vanitate
3086 4470 3359 4544 Egyptiis
3401 4475 3547 4532 licet.

475 4546 660 4609 deum.
687 4544 1020 4642 Igiturjquod
1064 4547 1331 4642 elementa
1359 4548 1632 4607 contineat
1667 4550 1900 4608 mundus
1923 4550 2026 4611 iste
2047 4594 2066 4622 ,
2094 4608 2148 4642 ῃ
2243 4559 2298 4614 4.
2330 4556 2497 4615 Aiunt
2519 4558 2734 4630 quidam
2765 4570 3050 4633 propterea
3081 4550 3211 4622 deos
3249 4566 3419 4625 fuisse
3440 4571 3762 4642 appellatos,

478 4649 538 4694 ut
565 4639 899 4696 summaliter
928 4650 1150 4698 tractem
1179 4641 1246 4698 de
1270 4641 1620 4700 universitate
1641 4682 1659 4711 ,
1684 4644 1926 4716 partibus
1954 4648 2071 4717 ejus
2094 4639 2148 4670 υ
2174 4647 2319 4719 quod
2368 4657 2485 4705 θέειν
2524 4658 2590 4706 ἐι
2638 4660 2861 4721 σείεσθαι,
2890 4669 3207 4725 procurrere
3255 4673 3319 4716 ac
3360 4639 3552 4718 metari
3590 4639 3765 4721 inter;

477 4730 935 4831 prmmitiistrans;
963 4748 1089 4789 nam
1109 4748 1230 4805 quae
1254 4733 1491 4790 conditio
1514 4735 1654 4807 ejus,
1679 4736 1868 4793 eadem
1892 4738 2073 4810 utique
2177 4744 2405 4814 pretatio
2430 4754 2535 4801 est.
2580 4746 2723 4805 Sane
2750 4749 3066 4829 vocabulum
3105 4753 3245 4809 istud
3273 4770 3377 4811 non
3409 4766 3492 4813 est
3539 4758 3766 4831 alicujus

475 4825 582 4881 erit
624 4832 679 4881 ct
711 4825 1100 4883 elementorum
1147 4835 1201 4883 ct
1239 4827 1624 4896 membrorum,
1652 4840 1744 4885 aut
1788 4830 1856 4887 ab
1893 4832 2074 4904 aliquo
2177 4837 2506 4908 maiestatis;
2535 4854 2565 4895 a
2587 4855 2747 4896 cursu
2775 4826 2918 4898 enim
2948 4854 3002 4900 et
3028 4854 3208 4912 motu,
3239 4862 3345 4902 non
3376 4849 3444 4904 ab
3468 4825 3765 4911 divinitatis

478 4919 756 4975 institutus
776 4920 847 4976 sit
870 4934 1094 4977 necesse
1120 4928 1224 4987 est,
1249 4936 1350 4993 qua
1372 4921 1613 4979 Platonis
1636 4922 1957 4993 humanitas,
1981 4936 2078 4991 aut
2176 4932 2613 4992 denominatione
2629 4933 2917 4992 formatum
2939 4946 3039 4993 est.
3065 4937 3171 4993 Sed
3201 4953 3320 4994 cum
3346 4941 3506 4996 etiam
3525 4942 3616 4999 ille
3632 4960 3771 5003 unus

477 5027 508 5067 a
535 5012 681 5071 nullo
703 5029 808 5085 qua
834 5012 1051 5087 Epicuri
1088 5014 1304 5070 duritia.
1346 5015 1417 5072 Et
1454 5017 1507 5083 si
1542 5017 1811 5074 institutus
1837 5029 1954 5088 est,
1980 5021 2075 5078 ba-
2181 5027 2326 5085 Deus
2352 5042 2510 5102 quem
2559 5028 2819 5099 colimus,
2848 5033 3399 5104 ertgcognominetur,
3451 5045 3553 5094 nec
3590 5046 3774 5096 tamen

477 5104 656 5199 bendo
690 5105 917 5199 initium
940 5106 1167 5199 habebit
1205 5115 1260 5165 et
1288 5108 1448 5165 linem
1472 5149 1490 5199 ,
1513 5110 1590 5165 ita
1618 5110 1761 5183 quod
1788 5112 2077 5185 aliquando
2182 5130 2272 5186 aut
2296 5129 2473 5176 motus
2496 5119 2641 5177 ullus
2667 5131 2758 5178 aut
2799 5137 2990 5178 cursus
3019 5124 3136 5194 ejus
3178 5135 3460 5195 appareat,
3507 5128 3631 5199 quia
3672 5147 3776 5189 nec

454 5186 589 5284 non
630 5195 729 5253 fuit
769 5207 896 5255 ante
934 5198 1181 5266 initium,
1209 5207 1265 5256 et
1304 5197 1627 5273 quandoque
1667 5217 1777 5260 non
1817 5206 1923 5262 erit
1955 5214 2080 5278 post
2181 5212 2409 5271 visibilis
2435 5205 2685 5285 cuiquam
2714 5216 2819 5285 sit,
2866 5186 3155 5286 palam'est
3180 5186 3306 5286 [in
3345 5186 3779 5282 vocabulumis;

482 5289 650 5349 tinem
672 5306 686 5347 :
710 5304 825 5375 non
839 5290 987 5364 capit
1003 5290 1191 5364 utique
1211 5290 1385 5352 videri
1404 5291 1540 5353 deus
1557 5308 1753 5353 carens
1778 5297 2079 5356 substantia
2181 5304 2314 5362 tud.
2338 5342 2354 5360 .
2381 5345 2393 5360 .
2428 5347 2443 5361 .
2475 5342 2491 5361 .
2517 5346 2531 5361 .
2561 5346 2574 5363 .
2606 5314 2876 5379 sumptum
2905 5308 3285 5383 propriumque
3306 5354 3322 5383 ,
3363 5314 3488 5386 quia
3530 5329 3589 5372 se
3627 5318 3770 5376 nati-

1853 5438 2410 5502 COMMENTARIUS.

558 5569 647 5665 ξιξ)
1335 5576 1545 5665 turbam
1562 5576 1707 5665 illam
1726 5577 2087 5665 philosoplio-
2263 5580 2364 5665 μδ)-
2385 5579 2447 5635 Et
2472 5587 2639 5665 tanien
2659 5578 3086 5665 unde‘animalia.
3120 5580 3417 5655 Varronem
3444 5585 3790 5665 bue_attingit

484 5654 606 5699 rum
622 5682 644 5724 ι,
672 5643 762 5714 qui
791 5643 997 5728 dell-eo
1040 5657 1131 5728 aut
1174 5646 1407 5728 pessime
1455 5643 1780 5728 senserunt,
1812 5662 1904 5709 aut
1946 5643 2090 5710 Deos
2192 5643 2297 5723 qui
2320 5643 2583 5728 elementa
2622 5654 2871 5728 animalia
2915 5653 3204 5728 docuerat,
3238 5650 3301 5713 ex
3328 5672 3394 5713 eo
3423 5643 3567 5728 quod
3594 5643 3781 5716 move?

488 5714 712 5796 omnino
765 5714 1130 5797 sustulertmt,
1157 5717 1503 5797 validissimis
1547 5721 1844 5797 rationibus
1895 5733 2095 5797 pugnat
2195 5714 2402 5781 rentur.
2428 5724 2481 5778 In
2502 5738 2610 5797 quo
2634 5724 2780 5779 illum
2806 5714 3321 5797 argttitimperilim;
3354 5714 3781 5788 detinet-etenim

487 5797 554 5838 ex
583 5786 794 5861 ipsare
813 5786 881 5843 dc
906 5802 1013 5857 qua
1032 5797 1155 5861 erat
1179 5791 1405 5861 qumstio
1431 5832 1446 5856 ,
1472 5789 1542 5846 de
1560 5800 1682 5848 ortu
1711 5786 1923 5850 scilicet
1952 5786 2094 5855 Deo-

761 5795 1015 5876 egdequa
1032 5795 1446 5876 emtyqumstio,
1472 5795 1542 5846 de
1560 5800 1682 5876 ortu
1711 5795 1923 5876 scilicet
1952 5796 2094 5855 Deo-
2196 5804 2472 5876 motorein
2500 5795 2818 5876 investigare
2839 5837 2853 5862 ,
2878 5795 3135 5876 atque-ad
3157 5798 3390 5876 primum
3424 5802 3552 5859 illud
3580 5803 3782 5876 princi-

491 5867 614 5917 ruiu
639 5896 656 5931 ,
685 5856 1213 5937 de'iinmonalitate,
1239 5861 1514 5929 «canone
1537 5901 1553 5941 ,
1579 5872 1687 5927 etc.
1727 5864 1807 5929 Ls
1851 5865 1951 5932 Pa.

2198 5868 2347 5940 piunt
2376 5866 2600 5929 rationis
2628 5868 2681 5928 vi
2707 5866 3018 5931 ascendere.
3047 5867 3125 5926 Ls
3156 5868 3256 5927 Pa.
