4150 6352
339 413 341 415 .
423 336 526 405 591
1832 329 2009 395 TERT

2111 334 2292 398 LlANl
3439 337 3442 342 ’
3616 339 3724 404 592

429 478 558 521 vom
587 503 602 530 ,
634 455 926 518 divinitatis
969 455 1263 514 inventum.
1297 489 1313 508 .
1348 490 1362 507 .
1397 492 1410 508 .
1443 494 1457 508 .
1494 495 1505 509 .
1543 495 1555 508 .
1588 494 1602 508 .
1637 453 2036 525 interpretatio-
2059 454 2114 514 A
2139 455 2249 525 quii
2273 455 2500 512 artificio
2527 444 2871 514 adornatum?
2893 455 3086 516 Merito
3113 471 3241 531 ergo
3267 459 3504 517 Milesius
3529 461 3728 523 Thales

428 559 519 613 nis
543 555 660 626 ejus
684 552 875 611 astutia
892 593 909 620 ,
934 547 1279 607 verisimilius
1309 556 1393 604 est
1419 561 1528 606 non
1555 562 1587 605 a
1612 562 1774 604 cursu
1794 556 1848 605 et
1878 557 2028 604 motu
2130 546 2205 618 (c)
2233 546 2360 603 dum
2386 558 2555 605 totum
2584 551 2777 608 ecelum
2801 552 3074 608 examinat
3105 561 3159 608 et
3182 553 3424 609 ambulat
3448 554 3639 621 oculis,
3671 557 3725 611 in

429 659 560 711 θεοὺς
585 648 792 713 dictos,
818 643 915 703 sed
943 643 1012 702 de
1039 642 1396 715 appellatione
1421 643 1535 699 veri
1581 643 1668 700 dei
1706 652 2026 711 mutuatum,
2129 650 2345 710 puteum
2375 643 2590 700 cecidit.
2623 686 2637 700 .
2666 686 2679 699 .
2714 685 2729 700 .
2763 687 2776 700 .
2807 688 2821 703 .
2847 662 2875 701 r
2897 687 2913 714 ,
2969 647 3194 702 multum
3239 648 3429 705 irrisus
3471 649 3728 722 Egyptio

429 744 509 798 uti
529 754 665 813 quos
689 753 844 810 aeque
863 736 995 794 deos
1014 736 1388 803 excudissetis,
1408 745 1532 799 θεοὺς
1557 737 2022 808 cognominaretis.

431 834 675 906 Denique
712 846 873 904 quam
894 831 966 887 ita
993 831 1099 899 sit,
1130 829 1378 902 probatio
1401 831 1674 900 suppetit,
1713 844 1834 886 cum
1862 830 2024 886 etiam

425 929 712 987 universos
736 926 869 984 deos
899 934 1106 982 vestros
1128 967 1143 992 ,
1170 925 1224 980 in
1253 925 1446 996 quibus
1469 925 1664 980 nullius
1692 939 1882 980 cursus
1931 933 2024 981 aut

425 1031 606 1081 motus
621 1019 859 1078 officium
883 1018 1188 1086 denotatur,
1203 1026 1328 1079 θεοὺς
1342 1017 1698 1074 communiter
1717 1017 2019 1089 appelletis.

423 1115 610 1186 Itaque
640 1114 685 1169 si
711 1127 863 1184 aeque
889 1120 1017 1172 θεοὺς
1045 1125 1199 1182 mque
1240 1109 1546 1165 immobiles
1572 1151 1585 1174 ,
1613 1108 1905 1167 disceditur
1929 1126 2021 1167 vo-

425 1205 606 1263 cabuli
635 1203 1076 1276 interpretatione
1105 1200 1308 1272 pariter
1346 1209 1403 1257 et
1425 1200 1719 1258 divinitatis
1745 1202 2018 1273 opinione,

425 1315 546 1373 quae
577 1314 606 1355 a
631 1313 792 1356 cursu
840 1305 896 1353 et
931 1304 1080 1355 motu
1118 1295 1390 1350 modulata
1420 1295 1758 1352 rescinditur.
1791 1295 1944 1363 Quod
1975 1295 2021 1351 si

423 1373 626 1449 n'omen
656 1388 799 1445 istud
830 1387 1107 1460 proprium
1128 1385 1421 1442 divinitatis
1445 1395 1500 1442 et
1521 1387 1775 1457 simplex,
1810 1403 1909 1444 nec
1937 1387 2021 1443 in-

421 1481 860 1556 terpretatorium
890 1481 944 1538 in
976 1479 1071 1536 illo
1115 1479 1218 1537 deo
1243 1477 1648 1550 reprehensum,
1698 1481 1751 1537 in
1783 1491 1976 1539 caetera
1997 1521 2014 1551 ,

421 1595 546 1652 qure
583 1577 716 1634 deos
746 1576 908 1631 vultis
933 1615 948 1642 ,
975 1573 1166 1630 docete
1205 1573 1369 1630 etiam
1415 1575 1688 1645 qualitatis
1714 1575 1856 1632 inter
1897 1577 2018 1633 illos

422 1685 546 1728 esse
573 1669 928 1732 consortium,
958 1674 1017 1722 ut
1038 1665 1160 1736 jure
1181 1667 1440 1722 consistat
1469 1667 1753 1738 collegium
1785 1670 2018 1726 nominis

420 1761 800 1818 communione
823 1757 1154 1815 substantia.
1170 1756 1338 1814 Porro
1352 1765 1510 1812 ΘΕΟΣ
1523 1757 1612 1815 ille
1623 1759 1732 1829 jam
1753 1759 1856 1816 hoc
1876 1760 2015 1828 solo,

418 1851 565 1924 quod
593 1867 698 1908 non
727 1851 799 1906 sit
823 1851 876 1905 in
905 1857 1157 1921 promptu
1180 1889 1195 1915 ,
1242 1860 1398 1905 vacat
1432 1865 1459 1903 a
1498 1852 1897 1921 comparatione
1927 1867 2020 1931 θοὴ

415 1959 572 2012 rum,
600 1959 719 2016 quae
743 1943 798 1998 in
843 1951 1094 2013 promptu
1138 1949 1265 1997 sunt
1302 1949 1355 1997 et
1391 1942 1528 1998 visui
1572 1952 1627 1998 et
1670 1945 1891 2012 sensui;
1923 1946 2017 2002 sed

416 2037 601 2093 sensui
626 2035 798 2101 satis,
857 2032 1000 2105 quod
1055 2043 1136 2089 est
1189 2033 1480 2089 testimonii
1531 2034 1597 2090 ad
1650 2035 2015 2093 diversitatem

416 2127 614 2184 occulti
657 2136 712 2184 et
745 2125 1014 2182 manifesti
1055 2125 1425 2192 renuntiatio;
1475 2126 1518 2180 si
1546 2127 1812 2184 elementa
1839 2129 2015 2200 palam

412 2219 690 2293 proposita
711 2217 990 2284 omnibus,
1020 2217 1065 2273 si
1089 2225 1273 2273 contra
1300 2216 1435 2273 deus
1476 2218 1678 2274 nemini
1703 2260 1718 2285 ,
1745 2221 2016 2291 quomodo

401 2314 617 2385 poteris
641 2327 707 2368 ex
737 2326 799 2368 ea
820 2321 973 2383 parte
994 2351 1010 2378 ,
1054 2324 1214 2381 quam
1260 2325 1364 2365 non
1408 2309 1622 2376 vidisti,
1669 2327 1789 2383 quae
1825 2312 1974 2370 vides
1998 2357 2014 2383 ,

415 2406 712 2480 congredi?
738 2403 871 2462 Cum
898 2419 1028 2476 ergo
1049 2418 1156 2459 non
1184 2403 1350 2459 habes
1370 2403 1693 2476 conjungere
1709 2419 1889 2461 sensu.
1917 2445 1930 2462 .
1957 2446 1971 2461 .
1993 2447 2007 2463 .

400 2501 651 2567 ratione,
682 2498 812 2571 quid
833 2497 1096 2555 vocabulo
1126 2486 1424 2568 cnnjungis,
1455 2507 1512 2554 ut
1535 2499 1828 2572 conjungas
1851 2501 2012 2558 etiam

412 2594 726 2668 potestate?
773 2591 914 2648 Ecce
961 2589 1106 2647 enim
1152 2590 1298 2647 Zeno
1343 2589 1424 2663 (a)
1465 2606 1682 2663 quoque
1731 2595 2010 2651 materiam

411 2685 740 2744 mundialem
757 2699 788 2739 a
808 2683 922 2740 Deo
938 2690 1171 2753 separat,
1195 2682 1277 2740 vel
1305 2697 1428 2739 eum
1446 2697 1542 2753 per
1559 2682 1725 2751 illam,
1753 2694 2005 2757 tanquam

412 2779 524 2836 mel
552 2795 646 2850 per
671 2777 822 2836 favos
848 2776 1109 2833 transisse
1134 2775 1282 2832 dicit.
1330 2777 1512 2847 Itaque
1541 2778 1765 2834 materia
1787 2787 1842 2835 et
1869 2779 2011 2836 Deus

409 2873 522 2931 duo
543 2871 833 2937 vocabula,
865 2868 987 2926 dum
1011 2884 1120 2926 res.
1150 2869 1258 2926 Pro
1286 2868 1596 2926 discrimine
1628 2872 2010 2930 vocabulorum

411 2965 577 3023 etiam
611 2979 702 3021 res
725 2970 1042 3034 separantur
1060 3003 1076 3030 ,
1123 2961 1283 3018 etiam
1309 2962 1551 3019 materiae
1578 2963 1816 3021 conditio
1844 2981 2010 3022 voca-

395 3055 600 3114 ’bulum
629 3055 889 3125 sequitur.
918 3052 1070 3123 Quod
1094 3053 1140 3108 si
1169 3054 1392 3109 materia
1421 3069 1528 3110 non
1558 3063 1663 3122 est,
1696 3057 1820 3127 quia
1851 3057 1929 3113 sic
1956 3066 2011 3114 et

411 3147 703 3220 appellatio
727 3145 1066 3242 praescribit,
1093 3144 1364 3242 quomodo
1389 3161 1508 3217 quae
1530 3155 1656 3204 sunt
1674 3147 1727 3204 in
1757 3150 2002 3242 materia,
2033 3178 2080 3242 ρ

405 3241 468 3298 id
508 3247 596 3295 est
639 3237 939 3305 elementa,
969 3235 1057 3293 dei
1101 3235 1476 3302 habebuntur,
1528 3252 1650 3293 cum
1693 3240 1934 3297 membra
1976 3255 2008 3296 a

409 3344 640 3402 corpore
681 3328 808 3401 alig.
838 3369 852 3384 .
884 3367 898 3383 .
925 3369 940 3385 .
991 3343 1112 3385 esse
1151 3343 1258 3384 non
1297 3327 1541 3399 possint?
1591 3329 1696 3387 Sed
1740 3332 1868 3404 quid
1908 3348 2009 3406 ego

407 3439 534 3482 eum
578 3421 1131 3495 argumentationibus
1174 3419 1600 3493 physiologicis?
1649 3422 1706 3480 S.
1738 3463 1752 3479 .
1781 3463 1799 3480 .
1828 3465 1842 3480 .
1877 3465 1891 3482 .
1923 3440 2009 3482 as-

409 3518 644 3578 cendere
663 3516 850 3575 debuit
868 3515 935 3572 de
969 3524 1114 3572 statu
1142 3515 1364 3584 mundi,
1412 3531 1520 3572 non
1567 3518 1769 3575 incerta
1808 3519 2004 3578 descen

409 3654 428 3670 .
458 3653 472 3670 .
504 3652 520 3670 .
549 3653 566 3670 .
595 3651 609 3668 .
642 3650 659 3668 .
695 3649 711 3664 .
740 3651 755 3666 .
790 3610 844 3666 lo
871 3608 1137 3681 platonica
1179 3609 1350 3664 forma
1389 3609 1705 3680 quadratum
1756 3627 1880 3669 eum
1909 3629 2004 3669 an-

405 3708 754 3782 gulatumque
805 3719 947 3762 com.
975 3743 992 3762 .
1024 3742 1039 3759 .
1070 3742 1084 3757 .
1119 3746 1132 3760 .
1160 3741 1175 3758 .
1207 3742 1222 3758 .
1269 3701 1339 3759 do
1409 3703 1612 3760 circino
1659 3705 1884 3761 rotunda
1932 3707 2004 3764 ita

407 3801 664 3873 collegit,
697 3797 839 3870 quod
870 3801 986 3853 sine
1009 3796 1187 3867 capite
1230 3795 1402 3851 solum
1440 3796 1588 3853 credi
1618 3797 1848 3854 laborat.
1895 3798 2003 3856 Sed

408 3895 672 3966 Epicurus
694 3934 710 3960 ,
741 3889 830 3962 qui
856 3888 1100 3956 dixerat,
1130 3904 1250 3960 qua:
1275 3901 1437 3959 super
1466 3903 1562 3944 nos
1583 3929 1598 3956 ,
1631 3889 1765 3946 nihil
1785 3891 1852 3946 ad
1879 3906 2000 3960 nos,

407 4005 534 4047 cum
563 3997 618 4043 et
643 3987 759 4057 ipse
779 3984 974 4041 coelum
999 3981 1264 4053 inspicere
1288 3981 1596 4049 desiderat,
1643 3983 1773 4039 solis
1815 3984 2000 4042 orbem

407 4079 488 4152 (ὁ)
535 4076 781 4149 pedalem
829 4073 1200 4146 deprehendit.
1243 4072 1432 4129 Adhuc
1483 4073 1689 4130 Scilicet
1727 4074 2004 4147 frugalitas

406 4181 466 4228 et
500 4171 553 4225 in
581 4168 731 4225 caelis
755 4165 1033 4238 agebatur.
1066 4165 1310 4235 Denique
1357 4172 1416 4219 ut
1459 4164 1681 4220 ambitio
1730 4166 1999 4237 profecit,

408 4264 573 4322 etiam
599 4261 680 4318 sol
711 4259 880 4315 aciem
908 4273 1057 4313 suam
1086 4257 1324 4314 extendit
1351 4297 1366 4324 ,
1401 4257 1471 4311 ita
1504 4257 1650 4312 illum
1681 4259 1865 4316 orbem
1891 4277 2005 4318 ma-

399 4358 579 4432 jorem
607 4351 941 4426 peripatetici
970 4351 1376 4408 denotaverunt.
1410 4350 1517 4409 Oro
1546 4367 1640 4408 vos
1662 4394 1679 4420 ,
1708 4354 2007 4428 quid.sapit

405 4448 840 4519 conjecturarum
884 4442 1089 4500 libido?
1128 4443 1266 4511 Quid
1314 4444 1504 4514 probat
1554 4453 1699 4501 tanta
1746 4463 2005 4518 prmsum-

406 4543 596 4617 ptione
618 4535 1031 4598 asseverationis
1063 4537 1228 4593 otium
1256 4535 1516 4595 affectata:
1542 4541 1868 4600 morositatis
1892 4543 2003 4600 elo-

2128 730 2208 787 illi
2237 748 2250 786 :
2279 732 2336 788 In
2385 742 2552 802 terra,
2585 735 2790 808 inquit,
2822 737 2955 793 nihil
2986 739 3347 809 perspiciebas
3367 782 3382 807 ,
3413 740 3609 796 coelum
3633 740 3726 796 tibi

2126 827 2512 898 speculandum
2532 829 2846 887 existimas?
2890 831 3072 903 Itaque
3109 847 3267 888 casus
3293 832 3408 903 ejus
3451 849 3549 904 per
3589 834 3726 905 figu-

2125 931 2382 975 ram......
2407 936 2433 976 s
2461 929 2647 991 notat,
2679 923 2883 980 scilicet
2908 939 3002 980 eos
3037 925 3127 996 qui
3153 925 3417 997 stupidam
3439 936 3731 984 exerceant

2124 1011 2510 1067 curiositatem.
2538 1053 2553 1068 .
2585 1053 2599 1068 .
2627 1053 2644 1069 .
2671 1053 2686 1069 .
2708 1025 2916 1071 naturae
2938 1058 2953 1085 ,
2982 1030 3140 1087 quam
3169 1017 3316 1088 prius
3364 1017 3416 1072 in
3463 1017 3727 1077 artificem

2123 1103 2241 1174 ejus
2261 1113 2314 1161 et
2339 1104 2644 1176 praesidem,
2676 1109 2728 1164 in
2777 1124 3023 1165 vacuum.
3048 1148 3063 1163 .
3087 1150 3100 1164 .
3131 1149 3142 1162 .
3174 1148 3190 1165 .
3212 1125 3246 1165 n
3272 1109 3400 1165 dum
3428 1110 3728 1175 habituros.

2195 1194 2250 1250 5.
2297 1195 2438 1264 Quin
2484 1211 2614 1270 ergo
2659 1199 2726 1254 ad
2771 1199 3143 1256 humaniorem
3192 1201 3464 1272 aliquanto
3493 1202 3594 1273 (ιι).
3621 1242 3637 1258 .
3665 1241 3723 1258 ..

2123 1287 2264 1342 imur
2288 1288 2594 1358 Opinionem
2620 1331 2637 1360 ,
2665 1306 2785 1362 quae
2810 1292 2877 1347 de
2906 1292 3176 1353 communi
3204 1293 3454 1364 {omnium
3484 1307 3646 1350 sensu
3671 1305 3730 1352 et

2124 1378 2353 1451 simplici
2383 1396 2502 1451 cog.
2529 1423 2542 1438 .
2567 1421 2582 1438 .
2609 1421 2623 1435 .
2649 1382 2879 1440 deducta
2907 1383 3150 1440 videatur
3178 1384 3300 1458 (1)?
3326 1384 3456 1440 Nam
3482 1396 3536 1442 et
3555 1386 3728 1443 Varro

2123 1467 2368 1528 mé'minit
2389 1473 2528 1544 ejus,
2557 1475 2816 1532 creditam
2846 1485 3104 1546 pra-terea
3133 1475 3318 1533 dicens
3335 1478 3726 1536 elementorum

2121 1563 2479 1635 divinitatem,
2504 1566 2649 1638 quod
2677 1567 2809 1623 nihil
2840 1569 3062 1624 omnino
3090 1569 3208 1626 sine
3235 1568 3490 1642 suffragio
3511 1571 3724 1630 illorum

2120 1656 2263 1727 gigni
2290 1698 2305 1724 ,
2336 1657 2406 1712 ali
2435 1700 2449 1727 ,
2482 1659 2706 1729 provehi
2734 1660 2904 1730 possit
2931 1661 2998 1716 ad
3027 1661 3147 1716 vita:
3174 1661 3424 1718 humana:
3469 1675 3526 1721 et
3545 1675 3726 1736 .terrae

2121 1749 2385 1806 sationem
2411 1792 2426 1816 ,
2460 1751 2674 1822 quando
2715 1767 2783 1808 ne
2823 1753 2938 1824 ipsa
2977 1754 3195 1825 quidem
3220 1771 3444 1827 corpora
3477 1767 3570 1816 aut
3607 1760 3726 1816 ani-

2124 1855 2240 1896 mas
2285 1841 2534 1899 sufficere
2572 1843 2812 1902 licuisset
2849 1845 2968 1901 sine
3010 1847 3402 1904 elementorum
3451 1857 3723 1922 tempera-

2121 1942 2306 1990 mento
2329 1977 2344 2003 ,
2375 1950 2483 2006 quo
2513 1935 2775 1992 habitatio
2807 1937 2908 1992 ista
2949 1938 3136 1994 mundi
3167 1939 3490 1997 circulorum
3529 1942 3722 2000 condi-

2120 2028 2355 2083 tionibus
2377 2027 2635 2085 fmderata
2666 2039 2951 2100 praestatur
2971 2072 2986 2098 ,
3016 2031 3118 2086 nisi
3146 2032 3289 2104 quod
3334 2035 3609 2092 hominum
3638 2037 3721 2094 in-

2119 2119 2319 2176 colatui
2348 2119 2949 2192 denegavitenormitas
2994 2124 3207 2195 frigoris
3232 2134 3325 2182 aut
3349 2127 3563 2184 caloris.
3615 2129 3718 2186 ita-

2118 2228 2224 2285 que
2262 2213 2392 2271 deos
2435 2215 2582 2272 credi
2617 2216 2827 2274 :solem
2857 2259 2875 2287 ,
2919 2218 3009 2290 qui
3039 2218 3145 2274 diei
3185 2219 3254 2276 de
3295 2236 3394 2276 suo
3435 2224 3716 2295 cumulet,

2118 2305 2301 2378 fruges
2326 2308 2623 2378 caloribus,
2651 2325 2708 2380 p.
2731 2351 2747 2366 .
2772 2351 2786 2365 .
2816 2348 2829 2365 .
2864 2354 2876 2366 .
2905 2351 2918 2366 .
2945 2322 2999 2367 et
3021 2326 3221 2368 annum
3251 2315 3569 2372 stationibus
3594 2331 3712 2374 ser-

2115 2409 2242 2466 vet;
2294 2400 2510 2469 lunam,
2564 2402 2815 2459 solatium
2843 2405 3117 2474 noctium,
3165 2408 3522 2477 patrocinium
3567 2426 3715 2467 men-

2116 2492 2254 2548 sium
2284 2493 2690 2564 gubernaculis,
2721 2498 2849 2551 item
2880 2496 3055 2552 sidera
3077 2538 3092 2564 ,
3145 2498 3418 2569 signacula
3469 2502 3710 2572 quaedam

2077 2607 2092 2620 -
2115 2596 2414 2658 temporum
2440 2588 2508 2644 ad
2539 2589 2888 2646 mutationem
2918 2591 3274 2647 notandorum
3305 2611 3319 2660 ;
3350 2594 3525 2664 ipsum
3555 2596 3711 2653 deni-

2113 2694 2218 2751 que
2260 2680 2455 2736 ccelum
2481 2723 2496 2748 ,
2544 2679 2645 2736 sub
2687 2697 2794 2752 quo
2836 2684 3044 2749 omnia;
3081 2693 3279 2738 terram
3305 2727 3319 2749 ,
3355 2701 3520 2756 super
3552 2702 3711 2759 quam

2113 2771 2324 2840 omnia,
2352 2779 2407 2826 et
2437 2771 2693 2843 quicquid
2726 2773 2936 2828 illorum
2964 2774 3103 2830 inter
3126 2789 3185 2830 se
3215 2775 3280 2830 ad
3309 2777 3586 2833 commoda
3613 2779 3714 2834 hu-

2113 2878 2270 2920 mana
2300 2865 2590 2935 conspirat.
2621 2863 2732 2922 Nec
2761 2874 2970 2921 tantum
3002 2865 3276 2924 beneficiis
3324 2868 3477 2925 fidem
3513 2870 3709 2927 divini-

2112 2956 2236 3013 tatis
2281 2957 2564 3013 elementis
2607 2958 2940 3023 convenire,
2984 2957 3079 3014 sed
3125 2958 3285 3014 etiam
3327 2959 3395 3016 de
3443 2961 3708 3031 diversis,

2112 3064 2232 3121 quae
2260 3058 2510 3120 tanquam
2540 3048 2608 3105 de
2635 3049 2714 3104 ira
2766 3060 2822 3105 et
2870 3049 3072 3107 offensa
3120 3066 3308 3109 eorum
3353 3053 3591 3112 incidere
3619 3069 3710 3112 so-

2113 3141 2260 3198 leant
2282 3181 2296 3209 ,
2324 3153 2385 3196 ut
2415 3141 2629 3197 fulmina
2657 3182 2673 3209 ,
2707 3149 2766 3197 ut
2789 3141 3079 3213 grandines
3101 3186 3118 3212 ,
3148 3154 3205 3200 ut
3229 3145 3482 3212 ardores,
3533 3159 3592 3204 ut
3619 3164 3711 3205 au-

2111 3249 2188 3291 rae
2213 3234 2522 3306 pestilentes
2544 3275 2559 3302 ,
2591 3234 2719 3291 item
2745 3234 2941 3291 diluvia
2969 3279 2984 3304 ,
3027 3236 3154 3292 item
3205 3237 3380 3294 hiatus
3428 3249 3711 3313 motusque

2112 3339 2398 3386 terrarum.
2431 3328 2502 3384 Et
2521 3330 2644 3400 jure
2670 3328 2820 3386 credi
2849 3329 2982 3386 deos
3001 3371 3016 3396 ,
3045 3346 3272 3402 quorum
3301 3342 3490 3390 natura
3534 3333 3709 3391 hono-

2109 3421 2278 3480 randa
2309 3423 2381 3477 sit
2401 3423 2452 3477 in
2485 3421 2764 3492 secundis,
2790 3423 3075 3480 metuenda
3098 3425 3169 3479 sit
3197 3425 3250 3480 in
3286 3425 3525 3484 adversis
3555 3427 3586 3497 ,'
3616 3429 3709 3485 do-

2109 3516 2254 3573 mina
2270 3514 2474 3572 scilicet
2497 3515 2720 3586 juvandi
2751 3525 2804 3571 et
2833 3517 3082 3572 nocendi.
3113 3517 3312 3586 Porro,
3370 3520 3416 3575 si
3467 3521 3539 3576 ita
3581 3535 3709 3578 sen-

2112 3607 2317 3664 tiuntur
2362 3608 2439 3664 in.
2471 3647 2484 3662 .
2509 3649 2523 3662 .
2549 3647 2562 3662 .
2594 3648 2607 3664 .
2650 3609 3058 3665 conversatione
3081 3648 3099 3678 ,
3141 3624 3247 3666 non
3293 3611 3518 3681 perinde
3546 3613 3710 3670 rebus

2109 3701 2242 3772 ipsis
2260 3743 2274 3768 ,
2304 3701 2496 3773 quibus
2515 3701 2770 3773 juvantur
2799 3701 2912 3758 sive
2938 3701 3208 3758 laeduntur
3231 3714 3329 3759 aut
3355 3704 3553 3776 gratias
3576 3705 3709 3763 refe-

2107 3797 2236 3849 runt
2262 3802 2357 3850 aut
2381 3794 2628 3865 querelas
2669 3794 2994 3863 intendunt,
3041 3795 3139 3852 sed
3173 3795 3290 3863 his,
3335 3798 3434 3853 sub
3474 3813 3702 3870 quorum

2106 3883 2305 3942 ducatu
2333 3894 2388 3941 et
2423 3894 2692 3958 potestate
2718 3888 2961 3958 Operatio
2997 3903 3177 3944 rerum
3208 3889 3462 3947 decurrit.
3492 3891 3623 3948 Nam
3653 3893 3708 3950 in

2106 3980 2467 4051 voluptatibus
2487 3982 2679 4037 vestris
2707 3997 2814 4038 non
2838 3981 2980 4038 tibia:
3007 3992 3100 4038 aut
3126 3983 3345 4041 citharae
3361 3973 3621 4042 coronam
3639 3973 3708 4044 ad

2109 4073 2390 4143 praemium
2420 4071 2771 4143 adjudicatis,
2804 4072 2898 4129 sed
2919 4072 3110 4129 artifici
3134 4115 3150 4140 ,
3196 4074 3288 4145 qui
3317 4075 3498 4132 tibiam
3540 4085 3596 4133 et
3631 4078 3708 4134 ci-

2108 4163 2318 4220 tharam
2348 4165 2628 4221 suavitatis
2658 4174 2926 4238 temperet
2951 4167 3024 4222 vi.
3048 4166 3226 4239 Eque
3251 4184 3372 4224 cum
3411 4170 3528 4241 quis
3563 4171 3708 4230 vale-

2107 4258 2293 4316 tudine
2321 4259 2461 4315 male
2487 4268 2570 4315 est
2590 4301 2605 4326 ,
2639 4274 2748 4316 non
2789 4260 2926 4316 lanis
2953 4275 3053 4317 nec
3078 4261 3334 4318 antidotis
3371 4272 3463 4319 aut
3501 4265 3706 4336 malag-

2106 4355 2268 4410 matis
2295 4353 2424 4424 ipsis
2445 4353 2670 4425 gratiam
2693 4353 3042 4420 meministis,
3079 4353 3174 4410 sed
3201 4354 3444 4426 medicis,
3474 4371 3702 4427 quorum

2109 4462 2272 4520 opera
2293 4457 2453 4518 atque
2480 4445 2761 4519 prudentia
2800 4445 3038 4503 remedia
3081 4448 3422 4518 proveniunt.
3469 4449 3601 4504 item
3645 4449 3702 4506 in

2107 4540 2347 4599 adversis
2373 4540 2463 4612 qui
2489 4540 2630 4599 ferro
2670 4539 2972 4610 sociantur,
3001 4553 3109 4599 non
3128 4539 3362 4612 gladium
3393 4541 3566 4614 ipsum
3611 4551 3703 4599 aut

1634 4674 2020 4738 LECTIONES
2060 4673 2468 4736 VARIANTES.

473 4793 542 4861 ll)
579 4793 642 4844 le
662 4785 825 4844 Prior.
847 4781 1082 4852 supplevit
1105 4797 1122 4837 .'
1145 4787 1478 4838 convertimur
1491 4814 1546 4826 --
1565 4793 1876 4853 cognatione.

2025 4800 2078 4860 D

1772 4920 2337 4998 COMMENTARIUS.

479 5063 554 5136 (a)
581 5057 716 5115 Ecce
734 5056 869 5136 enim
893 5052 1033 5136 Zeno
1067 5069 1282 5136 quoque.
1314 5051 1584 5136 Zenonem
1621 5056 1868 5136 intelligit
1889 5059 2001 5136 _Cit-

404 5124 596 5199 teium,
622 5129 891 5201 egregium
910 5125 1057 5201 illum
1077 5124 1477 5197 philosophum,
1498 5129 1586 5198 qui
1613 5129 1681 5201 ab
1707 5124 2000 5188 Athenien-

401 5205 556 5262 sibus
582 5196 976 5270 aurea'corona
1021 5196 1252 5252 donatus
1281 5196 1400 5270 est,
1425 5207 1478 5270 et
1501 5196 1749 5269 sepulcro
1788 5202 1998 5270 magni-

404 5277 510 5331 fico
531 5275 600 5329 ab
625 5271 812 5328 iisdem
839 5267 1125 5341 decoratus
1146 5310 1160 5334 ,
1181 5277 1238 5341 ut
1256 5268 1422 5341 refert
1445 5267 1708 5339 Diogenes
1729 5267 1996 5341 Laertius,

402 5347 567 5418 idque
605 5342 819 5418 publico
845 5339 1064 5418 decreto
1085 5338 1346 5418 sancitum
1377 5337 1759 5418 decretumque
1787 5337 1993 5418 c_olum¥

400 5409 496 5474 nis'
535 5409 742 5472 duabus
771 5427 800 5466 a
831 5409 1003 5466 scriba
1033 5409 1249 5479 publico
1303 5410 1635 5478 inscriptum.
1670 5409 1767 5468 'Ls
1800 5413 1896 5468 Pu.

472 5488 554 5560 (li)
592 5486 732 5560 Solis
750 5483 918 5536 orbem
936 5479 1353 5560 pedalemzlnter.
1361 5481 1692 5560 problemata
1709 5499 1738 5538 a
1756 5484 1987 5556 discipu-

391 5551 724 5620 lis'Zenonis
743 5551 1100 5646 pg'Oposita'et
1126 5551 1298 5646 soluta
1339 5553 1467 5607 illud
1512 5563 1838 5646 recensetur‘
1869 5551 1910 5610 εὶ
1940 5563 1989 5646 ,ὁ

394 5645 526 5696 ἥλιος
571 5627 847 5690 τηλικοῦτέὃς
878 5631 985 5696 Δἔτει-,ι
1018 5631 1177 5696 ἤλυε-ὂς
1205 5635 1423 5696 φαίνεται
1469 5642 1535 5679 an
1577 5633 1746 5681 lautus
1774 5627 1838 5681 sit
1875 5629 1954 5682 sol
1976 5667 1990 5692 ,

391 5692 614 5773 quantus
638 5694 898 5768 apparet?
925 5692 1067 5773 Idem
1100 5692 1167 5745 de
1206 5692 1328 5773 luna
1375 5696 1786 5773 proponebant;
1821 5699 1989 5754 multa

391 5763 538 5829 enim
568 5787 597 5826 a
626 5763 956 5842 praeceptore
975 5763 1277 5842 hauserant
1294 5766 1345 5820 in
1367 5763 1601 5842 physicis
1615 5769 1841 5842 aliisque
1862 5785 1988 5841 par-

393 5843 541 5906 tibus
567 5858 600 5904 a
627 5834 898 5902 communi
929 5834 1181 5910 Opinione
1211 5834 1405 5896 aliena.
1437 5834 1516 5895 Ls
1533 5839 1630 5897 Pa.

2178 5059 2255 5131 (c)
2280 5057 2624 5136 Δμενὶιορξνςμρ
2654 5056 3120 5136 Milesiusj'haler.
3149 5059 3505 5136 _Phys_icorum
3540 5064 3694 5136 prin-

2103 5146 2232 5207 ceps
2260 5131 2456 5207 dicitur
2481 5131 2707 5207 Apolog.
2739 5146 2860 5207 cap.
2882 5132 2971 5186 46.
2999 5131 3250 5207 quoniam
3278 5131 3694 5207 deArebus'phy-

2102 5201 2229 5257 sicis
2256 5216 2318 5256 ac
2345 5201 2512 5272 cmlo,
2543 5203 2750 5271 primus
2781 5201 3084 5272 disputasse
3108 5201 3298 5260 fertur.
3328 5203 3482 5272 Quod
3513 5201 3691 5263 autem

2099 5275 2168 5330 ab
2197 5273 2452 5344 Egyptio
2481 5271 2669 5345 irrisus
2699 5271 3123 5345 fuerit’traditur
3161 5274 3266 5331 hoc
3303 5271 3539 5345 inloco,
3568 5293 3693 5335 cum

2098 5353 2276 5425 tamen
2326 5358 2356 5398 a
2389 5344 2576 5425 vetula
2621 5345 2864 5425 quadam
2907 5344 3292 5425 reprehensum
3334 5345 3501 5425 fuisse
3526 5344 3694 5405 dicat

2098 5415 2342 5472 Laertius
2389 5411 2473 5468 his
2521 5411 2747 5471 verbis:
2789 5423 2850 5468 Σὺ
2900 5411 2991 5486 ’γὰρ
3018 5457 3033 5481 ,
3085 5419 3121 5468 ὧ
3173 5423 3330 5484 Θαλῆ,
3359 5424 3422 5475 τὰ
3463 5427 3508 5475 ἰν
3553 5426 3694 5475 ποσὶν

2097 5492 2149 5543 οὗ
2198 5490 2448 5554 δυνάμενος
2497 5488 2717 5561 ξεῖν-τᾶ
2778 5489 2855 5540 ἐπὶ
2906 5493 2994 5541 τοῦ
3040 5491 3374 5561 cupatrio?”
3419 5499 3692 5561 γνώσεσθαι.

2097 5557 2387 5632 Tit-quipp?
2405 5597 2419 5619 ,
2443 5571 2473 5609 ο
2496 5553 2681 5612 Thales
2699 5598 2715 5624 ,
2737 5573 2850 5611 cum
2873 5558 2942 5612 ad
2965 5553 3118 5628 pedes
3137 5560 3386 5628 respicere
3399 5553 3484 5616 vix
3498 5565 3686 5632 possit,

2094 5628 2274 5701 etaiam
2314 5637 2467 5701 putas
2499 5635 2546 5680 te
2585 5643 3070 5701 possecognoscere.
3103 5631 3352 5701 Antiquis
3379 5628 3558 5688 autem
3586 5647 3690 5688 ex-

2094 5686 2346 5774 celluisse
2368 5699 2419 5752 in
2445 5686 2783 5774 AstrOnomia
2804 5686 3083 5774 Thaletem
3101 5686 3307 5774 certu'm
3330 5686 3688 5774 est,prOD—al-

2093 5784 2200 5843 que
2215 5770 2539 5843 epigramma
2564 5770 2704 5843 iconi
2729 5771 2896 5840 ipsius
2916 5771 3261 5843 insculptum.
3277 5773 3355 5830 LE
3376 5770 3474 5830 Pn.

2168 5841 2264 5913 (a)«;
2281 5840 2414 5908 Quin
2444 5855 2562 5912 ergo
2592 5841 2660 5897 ad
2684 5841 3035 5902 humaniorem
3055 5840 3280 5916 aliquant
3290 5861 3319 5904 ο
3345 5862 3440 5904 con
3466 5886 3531 5906 ...
3555 5846 3694 5905 Ora-
