4150 6352
414 307 526 368 595

1682 318 1776 375 AD
1811 315 2156 377 NATIONES
2192 318 2321 377 LIB.
2367 321 2430 377 ll.

3614 327 3724 388 594

411 427 653 494 lanceam
681 433 957 495 accusant,
988 426 1083 485 sed
1114 425 1325 486 hostem
1351 431 1437 488 vel
1466 432 1752 490 latronem.
1780 433 1847 490 Et
1875 449 2012 506 quos
2039 433 2092 496 Α
2118 443 2227 489 tum
2260 435 2535 503 amiserit,
2565 433 2686 492 cum
2731 437 2976 496 resumit.
3018 437 3135 496 Jam
3165 438 3368 512 majora
3399 439 3517 513 ejus
3542 441 3714 500 detri-

517 521 599 592 (1)
625 520 830 592 tegulas
859 528 951 576 aut
973 521 1221 577 imbrices
1249 535 1498 595 arguunt,
1527 524 1622 581 sed
1649 535 1969 582 vetustatem
1995 543 2011 593 ;

412 611 552 667 sicut
581 612 901 681 ct.naufragi
932 627 1037 667 non
1066 614 1231 684 petris
1257 613 1576 671 etlluctibus
1606 617 1890 687 imputant,
1919 617 2015 673 sed

410 703 682 775 procellae.
728 703 938 759 Merito.
966 704 1184 760 Certum
1212 707 1354 762 enim
1377 717 1481 776 est,
1513 708 1886 780 quodcumque
1909 719 2012 777 est,

410 796 462 852 ei
483 794 922 863 adscribendum,
952 811 1057 851 non
1087 812 1181 867 per
1202 797 1342 868 quod
1372 798 1449 866 lit,
1477 800 1571 856 sed
1599 816 1626 854 a
1650 815 1756 870 quo
1788 800 1867 866 fit,
1893 802 2014 872 quia

410 887 457 941 is
477 896 560 942 est
583 896 744 958 caput
767 887 914 954 t‘acti,
935 888 1093 959 quiet
1121 897 1178 943 ut
1195 889 1280 944 flat
1301 898 1352 944 et
1371 905 1466 960 per
1483 892 1608 962 quid
1630 892 1740 956 ﬁat,
1761 893 2009 950 instituit.

410 976 480 1033 Et
501 969 625 1033 sunt
649 979 700 1034 in
729 980 976 1035 omnibus
997 981 1158 1036 rebus
1181 991 1287 1037 tres
1314 984 1451 1038 tituli
1483 985 1761 1057 istiaquod
1791 997 1891 1054 est,
1914 1003 2012 1058 per

409 1069 557 1142 quod
583 1081 697 1137 est,
729 1079 782 1126 et
810 1087 837 1125 a
868 1087 974 1142 quo
1003 1082 1121 1139 est;
1158 1074 1281 1143 quia
1315 1075 1462 1147 prius
1488 1084 1590 1145 est,
1622 1078 1711 1148 qui
1733 1078 1858 1149 quid
1885 1079 2012 1136 velit

410 1161 527 1217 ﬁeri
549 1203 566 1230 ,
595 1170 648 1218 et
674 1162 815 1234 quod
847 1164 1034 1234 possit,
1067 1165 1312 1222 inveniri.
1344 1166 1413 1222 Et
1442 1168 1512 1223 ita
1544 1178 1690 1226 recte
1717 1170 1768 1225 in
1798 1172 2010 1228 caeteris

408 1254 584 1326 agitis,
615 1262 889 1310 auctorem
917 1256 1342 1313 considerantes.
1373 1258 1441 1314 At
1470 1260 1521 1314 in
1562 1259 1797 1333 physicis
1824 1273 2009 1318 contra

409 1359 654 1403 naturam
683 1349 863 1420 regula
885 1359 1085 1418 vestra,
1111 1363 1213 1421 qua
1244 1352 1296 1406 in
1332 1354 1542 1409 caeteris
1569 1355 1884 1425 sapientiam
1923 1357 2010 1427 ju-

407 1441 600 1497 dicatis
621 1483 637 1510 ,
660 1441 957 1497 auferendo
979 1458 1248 1498 summum
1286 1445 1507 1515 gradum
1550 1447 1784 1502 auctoris
1811 1458 1864 1504 et
1887 1465 2008 1519 quae

409 1533 572 1600 fiunt,
621 1549 728 1590 non
759 1550 787 1589 a
811 1551 918 1606 quo
947 1535 1061 1591 fieri
1081 1573 1094 1589 .
1123 1575 1137 1589 .
1169 1573 1185 1591 .
1214 1537 1285 1592 ita
1324 1539 1545 1596 credere
1591 1524 1852 1613 contingit
1895 1544 2006 1598 ele-

410 1635 713 1682 mentorum
751 1635 1046 1697 potestates
1073 1636 1129 1684 et
1163 1643 1312 1684 ar...
1342 1645 1462 1686 esse
1482 1673 1496 1698 ,
1525 1646 1644 1702 quae
1682 1644 1806 1688 sunt
1833 1634 2008 1689 servi-

410 1729 551 1775 tutcs
577 1728 632 1776 et
656 1719 851 1778 ofﬁcia.
877 1720 993 1776 Non
1027 1721 1078 1777 in
1124 1722 1225 1777 ista
1271 1723 1680 1795 investigatione
1703 1727 1794 1782 ali.
1824 1768 1838 1784 .
1863 1770 1875 1784 .
1903 1766 1917 1781 .
1945 1743 2010 1783 us

2117 536 2296 584 menta
2322 528 2507 586 soletis
2536 529 2589 585 in
2620 545 2771 602 aquae
2801 532 3022 602 speculo
3045 533 3424 601 considerare,
3473 543 3531 591 ut
3575 536 3714 592 nihil

2117 623 2347 694 amplius
2371 623 2556 679 ullam.
2586 663 2598 678 .
2622 661 2637 677 .
2666 667 2678 679 .
2707 663 2722 678 .
2751 625 2971 682 credam
3000 627 3142 697 quod
3170 629 3308 700 magi
3343 635 3560 685 norunt.
3591 629 3712 700 Ipse

2118 717 2279 771 etiam
2301 716 2380 772 sol
2410 731 2554 787 saepe
2582 716 2888 774 defectione
2919 726 3155 775 tentatus
3181 727 3284 776 est.
3321 719 3530 793 Fingite
3551 735 3712 794 quas-

2117 809 2247 866 libet
2267 811 2502 866 rationes
2531 797 2832 867 cmlestium
2862 825 3081 868 casuum
3109 851 3124 877 ,
3156 828 3262 868 non
3287 814 3434 871 volet
3456 815 3590 872 deus
3619 825 3717 870 aut

2119 904 2294 960 minor
2321 904 2435 960 fieri
2463 945 2476 969 ,
2507 914 2600 959 aut
2628 919 2750 961 esse
2793 904 3060 961 desinere.
3113 904 3360 962 Viderint
3409 903 3570 979 igitur
3614 908 3716 964 hu-

2118 1011 2290 1052 manae
2317 995 2576 1064 doctrinae
2600 995 2893 1066 patrocinia
2918 1038 2935 1064 ,
2967 1011 3087 1067 qua:
3112 997 3450 1068 conjectandi
3483 998 3714 1057 artiﬁcio

2115 1088 2431 1159 sapientiam
2469 1087 2801 1143 mentiuntur
2828 1097 2882 1142 et
2906 1088 3210 1145 veritatem.
3253 1088 3389 1145 Nam
3432 1089 3567 1146 alias
3614 1078 3733 1147 nat--~

2115 1188 2231 1235 tura
2262 1179 2339 1235 sic
2363 1186 2483 1246 est,
2511 1188 2571 1234 ut
2599 1179 2689 1250 qui
2721 1179 2909 1235 melius
2937 1178 3155 1248 dixerit,
3187 1179 3277 1238 hic
3303 1181 3486 1238 verius
3509 1181 3712 1240 dixisse

2116 1273 2359 1330 videatur
2380 1314 2395 1339 ,
2429 1287 2533 1328 non
2556 1274 2643 1345 qui
2671 1274 2946 1340 verius,,is
2974 1274 3188 1330 melius.

2186 1365 2240 1419 7.
2281 1363 2544 1420 Caeterum
2607 1364 2695 1418 cui
2743 1378 2828 1420 res
2882 1364 3314 1431 examinabitur,
3367 1363 3712 1424 verisimilius

2115 1459 2297 1530 utique
2325 1457 2468 1514 dicet
2490 1457 2757 1513 elementa
2810 1456 2909 1514 ista
2937 1457 3004 1513 ab
3047 1459 3225 1529 aliquo
3258 1460 3369 1532 regi
3389 1501 3403 1526 ,
3443 1475 3602 1531 quam
3632 1461 3714 1516 ul-

2115 1561 2267 1606 tro...
2298 1549 2460 1622 igitur
2496 1564 2602 1604 non
2631 1548 2766 1604 deos
2787 1590 2801 1617 ,
2833 1564 2954 1620 quae
2981 1549 3080 1606 sub
3107 1551 3309 1621 aliquo.
3354 1551 3425 1606 At
3452 1552 3497 1607 si
3526 1541 3578 1607 in
3609 1552 3715 1607 isto

2112 1649 2349 1706 erratur,
2376 1641 2571 1696 melius
2592 1650 2674 1697 est
2697 1640 3014 1712 simpliciter
3033 1683 3050 1709 ,
3079 1657 3240 1713 quam
3269 1651 3327 1698 ut
3349 1643 3598 1715 physici,
3629 1643 3715 1699 dio

2121 1733 2367 1804 ligenter.
2393 1731 2502 1788 Sed
2525 1734 2668 1788 enim
2696 1733 2740 1787 si
2767 1731 2833 1787 ad
2867 1733 3237 1806 mythic...tes
3258 1732 3359 1806 (5),
3391 1734 3580 1791 melius
3598 1734 3711 1804 jam
3788 1779 3790 1781 .

407 1813 629 1870 artiticis
656 1813 800 1869 intus
826 1824 881 1870 et
908 1815 1148 1882 domini,
1183 1816 1458 1872 servitutis
1484 1827 1665 1874 autem
1694 1834 1800 1874 non
1843 1821 2010 1877 tendi-
2039 1848 2087 1910 Β
2115 1826 2169 1881 in
2199 1825 2424 1897 physico
2454 1824 2754 1879 mortalitas
2781 1833 2961 1892 errat,
3020 1825 3098 1882 eis
3139 1825 3472 1882 divinitatem
3503 1823 3707 1882 adscri-

427 1920 548 1959 mus
574 1905 963 1962 elementorum
1005 1947 1018 1960 .
1048 1943 1064 1960 .
1087 1945 1100 1960 .
1129 1945 1142 1960 .
1171 1909 1350 1977 operis
1380 1924 1568 1964 eorum
1595 1925 1732 1981 quas
1756 1912 1885 1968 facis
1913 1929 2010 1985 po-

412 1998 643 2054 testatis.
680 1998 787 2054 Sed
819 2000 913 2055 Dei
941 2015 1047 2055 non
1092 2001 1362 2068 serviunt;
1409 2017 1470 2057 ea
1511 2002 1705 2073 igitur,
1734 2020 1853 2075 quae
1892 2020 2009 2063 ser-

411 2091 561 2145 viunt
582 2132 597 2155 ,
631 2091 725 2146 Dei
755 2105 862 2146 non
893 2100 1035 2147 sunt.
1060 2092 1170 2148 Aut
1205 2093 1433 2149 doceant
1462 2096 1619 2166 vulgo
1657 2096 1770 2153 ﬁeri
1796 2140 1811 2165 ,
1859 2109 1918 2153 ut
1945 2099 2014 2156 de

410 2183 626 2239 licentia
661 2184 983 2255 passivitatis
1007 2185 1227 2242 libertas
1247 2187 1573 2259 approbetur
1595 2229 1612 2256 ,
1657 2190 1726 2248 de
1766 2192 2014 2251 libertate

413 2275 705 2333 dominatio
727 2278 794 2334 de
815 2279 1181 2335 dominatione
1211 2281 1462 2337 divinitas
1503 2283 1852 2356 intelligatur.
1877 2288 2014 2345 Nam

414 2370 457 2425 si
476 2371 651 2425 omnia
675 2370 792 2426 haec
813 2386 974 2442 super
1002 2371 1280 2440 nosfcertis
1301 2375 1600 2443 curriculis,
1624 2377 1873 2449 legitimis
1915 2380 2014 2437 de-

415 2462 681 2530 cursibus,
720 2463 952 2534 propriis
995 2465 1220 2534 spatiis,
1273 2467 1442 2536 :equis
1491 2467 1697 2525 vicibus
1739 2471 1839 2525 sub
1882 2471 2014 2542 legis

416 2555 584 2610 instar
623 2557 912 2611 constituta
935 2557 1213 2613 volvendis
1237 2560 1564 2630 temporibus
1602 2571 1656 2618 et
1701 2566 2014 2624 exercendis

415 2649 746 2718 temporibus
769 2661 820 2707 et
840 2653 1158 2710 exercendis
1180 2663 1476 2726 temporum
1519 2657 1799 2715 ducatibus
1819 2676 2012 2719 occur-

418 2756 540 2796 rere
568 2743 956 2812 meminerunt,
982 2762 1050 2802 ex
1079 2747 1190 2818 ipsa
1233 2748 1609 2806 observatione
1644 2752 2014 2811 conditionum

415 2848 633 2890 suarum
660 2844 713 2890 et
739 2836 842 2892 fide
865 2852 1088 2908 operum
1117 2848 1170 2894 et
1200 2840 1475 2894 instantia.
1503 2880 1548 2898 ..
1571 2884 1586 2898 .
1615 2881 1628 2897 .
1654 2881 1670 2896 .
1695 2881 1710 2897 .
1737 2881 1752 2897 .
1798 2854 1852 2900 et
1887 2860 2014 2903 cura

416 2925 878 2997 demutationum,
929 2932 1188 2986 memoria
1252 2933 1738 3003 reciprocatorum,
1779 2937 2013 3008 aliquam

415 3018 836 3075 dominationem
879 3020 978 3075 sibi
1021 3037 1255 3092 praeesse
1296 3025 1655 3095 persuadeant
1693 3028 1880 3096 vobis,
1927 3032 2011 3086 cui

415 3125 677 3182 apparere
705 3112 952 3168 videatur
974 3115 1223 3170 universa
1250 3117 1540 3188 negotiatio
1570 3119 1857 3178 mundialis
1886 3137 2011 3192 per-

2115 1919 2312 1984 hendo,
2335 1935 2453 1990 quae
2477 1933 2639 1990 super
2654 1918 2927 1975 hominem
2959 1925 3113 1991 putat
3132 1919 3236 1974 situ
3268 1927 3324 1976 et
3347 1918 3401 1973 vi
3420 1927 3476 1974 et
3501 1918 3710 1990 magni-

2117 2015 2298 2070 tudine
2326 2024 2381 2070 et
2403 2013 2683 2069 divinitate
2711 2013 2934 2078 sentiri;
2967 2011 3116 2084 quod
3166 2013 3313 2068 enim
3343 2025 3506 2083 super
3531 2011 3712 2068 homi-

2115 2121 2238 2161 nem
2261 2147 2278 2173 ,
2308 2103 2501 2160 credas
2527 2103 2640 2160 Deo
2669 2103 2993 2175 proximum.
3023 2103 3291 2159 Caeterum
3321 2113 3378 2158 ut
3419 2102 3486 2159 ad
3514 2102 3714 2175 mythi-

2116 2210 2240 2250 cum
2280 2202 2645 2260 transeamus,
2698 2193 2841 2264 quod
2871 2192 3042 2264 poetis
3070 2195 3378 2262 deputatur,
3430 2193 3613 2248 nescio
3642 2208 3712 2248 an

2119 2296 2544 2343 tantum.........
2577 2285 2937 2341 mediocritati
2989 2294 3222 2350 nostrae,
3252 2300 3320 2340 an
3347 2286 3481 2341 tanti
3505 2284 3574 2341 de
3615 2284 3713 2340 do-

2119 2380 2384 2437 cumentis
2407 2378 2700 2434 divinitatis
2726 2378 3040 2433 conf........
3092 2386 3152 2432 ut
3177 2377 3392 2448 Mopsus
3420 2375 3710 2433 Africanus

2119 2481 2175 2529 et
2195 2472 2415 2527 Boeotus
2438 2471 2793 2541 Amphiaraus
2823 2469 2919 2541 (b).
2950 2468 3238 2525 Delibanda
3283 2469 3429 2524 enim
3457 2483 3601 2524 nunc
3628 2477 3715 2524 est

2119 2565 2329 2636 species
2358 2563 2458 2618 ista
2486 2603 2502 2630 ,
2551 2562 2704 2632 cujus
2753 2576 2852 2617 suo
2868 2561 2987 2618 loco
3023 2562 3161 2617 ratio
3185 2560 3463 2618 reddetur.
3493 2560 3710 2618 Interim

2121 2654 2219 2710 hos
2245 2664 2396 2710 certe
2432 2653 2680 2708 homines
2703 2652 2872 2708 fuisse
2895 2653 2979 2708 vel
3003 2667 3069 2708 eo
3096 2653 3274 2724 palam
3301 2661 3406 2720 est,
3434 2653 3578 2724 quod
3607 2668 3714 2708 non

2118 2753 2428 2802 constanter
2468 2743 2601 2799 deos
2641 2743 2764 2798 illos
2789 2785 2803 2808 ,
2854 2743 2948 2799 sed
2985 2742 3180 2798 heroas
3222 2743 3523 2814 appellatis.
3570 2742 3707 2811 Quid

2119 2852 2247 2910 ergo
2283 2835 2699 2892 contendimus?
2750 2835 2804 2892 Si
2844 2835 3143 2890 addicenda
3184 2834 3413 2891 mortuis
3461 2833 3710 2892 divinitas

2117 2937 2253 2997 erat,
2285 2943 2392 2983 non
2419 2927 2603 2998 utique
2631 2927 2862 2981 talibus?
2891 2925 3036 2982 Ecce
3059 2940 3156 2981 vos
3182 2939 3304 2981 cum
3331 2925 3522 2982 eadem
3544 2927 3710 2984 licen-

2118 3023 2188 3077 tia
2221 3018 2657 3092 praesumptionis
2686 3017 2950 3088 sepulcris
2969 3032 3156 3089 regum
3181 3026 3483 3074 vestrorum
3517 3019 3714 3075 caelum

2117 3115 2383 3170 infamatis
2405 3156 2419 3182 ,
2451 3128 2630 3168 nonne
2674 3112 2928 3183 probatos
2953 3126 3195 3182 quosque
3210 3111 3441 3181 iustitia,
3471 3113 3669 3168 virtute
3692 3155 3708 3179 ,

415 3207 638 3263 veniens
667 3207 734 3264 ad
765 3209 981 3263 humani
1000 3211 1210 3280 generis
1231 3212 1513 3268 utilitatem
1535 3223 1590 3268 et
1619 3253 1631 3267 .
1659 3256 1673 3270 .
1699 3253 1712 3268 .
1734 3253 1748 3270 .
1773 3254 1786 3269 .
1814 3219 2010 3273 onem?

2121 3208 2315 3280 pietate
2339 3217 2393 3262 et
2421 3207 2567 3261 omni
2595 3205 2737 3260 bono
2763 3204 3030 3276 ejusmodi
3060 3205 3484 3261 consecrationis
3519 3207 3714 3263 solatio

421 3298 498 3372 (9.)
528 3300 644 3356 Non
671 3301 818 3358 enim
846 3309 1023 3372 potest
1049 3303 1233 3360 dicere
1255 3345 1271 3373 ,
1303 3319 1365 3360 ea
1391 3305 1492 3360 sibi
1521 3321 1681 3377 agere
1708 3309 1807 3363 ista
1829 3325 1892 3365 ac
1911 3310 2014 3367 sibi

415 3408 605 3450 curare
654 3409 755 3450 nec
799 3395 1085 3466 quicquam
1132 3396 1410 3453 hominum
1449 3412 1638 3453 caussa
1683 3398 2010 3470 disponere,

416 3500 539 3541 cum
563 3496 842 3557 propterea
865 3487 1122 3544 defendas
1147 3487 1429 3544 elementis
1460 3487 1793 3546 divinitatem
1825 3535 1839 3559 ,
1870 3493 2014 3563 quod

418 3579 488 3633 ab
516 3579 633 3634 aliis
659 3590 750 3636 aut
789 3580 962 3651 juvari
1011 3590 1061 3638 te
1089 3589 1182 3637 aut
1219 3581 1342 3638 laedi
1381 3583 1620 3651 sentias;
1650 3599 1773 3640 nam
1821 3587 1866 3641 si
1912 3587 2012 3644 sibi

418 3680 697 3741 praestant,
727 3672 859 3727 nihil
888 3672 966 3728 eis
994 3673 1181 3729 debes.

491 3761 544 3816 6.
588 3763 699 3834 Age
731 3763 841 3840 jam
868 3806 883 3832 ,
911 3764 1283 3822 conceditisne
1323 3765 1656 3824 divinitatem
1704 3784 1809 3824 non
1852 3769 2014 3828 modo

418 3869 524 3909 non
554 3845 824 3911 serviliter
852 3873 1070 3912 currere
1095 3900 1110 3924 ,
1152 3858 1246 3914 sed
1279 3859 1542 3928 imprimis
1584 3862 1785 3934 integre
1824 3873 1968 3920 stare
1993 3906 2010 3934 ,

418 3962 593 4019 neque
620 3949 787 4004 minui
820 3965 993 4020 neque
1020 3950 1264 4023 intercipi
1290 3967 1462 4022 neque
1501 3955 1773 4025 corrumpi
1795 3955 2012 4013 debere.

417 4041 682 4099 Caeterum
704 4043 834 4099 abiit
855 4045 1032 4119 omnis
1054 4036 1282 4102 felicitas
1309 4045 1446 4116 ejus,
1478 4048 1522 4102 si
1553 4048 1679 4119 quid
1709 4049 1906 4119 patitur
1926 4067 2018 4107 un-

419 4149 599 4206 quam.
632 4135 774 4191 Ecce
812 4116 1002 4192 autenl'
1019 4146 1074 4192 et
1101 4147 1245 4192 astra
1275 4116 1601 4194 intercidunt
1633 4182 1647 4206 ,
1701 4116 1755 4196 et
1802 4141 2020 4199 interci-

418 4209 612 4283 cidisse
640 4241 700 4282 se
728 4236 1052 4284 attestantur
1089 4267 1101 4282 .
1140 4226 1438 4284 Conﬁtetur
1469 4239 1524 4286 et
1550 4229 1674 4286 luna
1704 4232 1813 4307 (τι),
1843 4255 2017 4310 quan-

2119 3299 2416 3355 honestatis
2452 3298 2690 3354 contenti
2736 3311 2834 3367 pro
2861 3296 3058 3352 talibus
3096 3297 3259 3352 etiam
3306 3297 3518 3352 irrideri
3561 3298 3712 3368 peje-

2117 3402 2320 3450 rantes.
2349 3393 2420 3447 At
2441 3407 2473 3447 e
2500 3390 2772 3446 contrario
2799 3389 2993 3460 impios
3021 3430 3035 3452 ,
3071 3398 3255 3458 turpes
3280 3389 3438 3443 etiam
3470 3389 3712 3460 pristinis

2119 3487 2366 3542 humana:
2401 3485 2586 3556 gloriae
2615 3484 2850 3554 praemiis
2879 3481 3097 3537 aufertis
3127 3524 3143 3550 ,
3171 3483 3390 3538 decreta
3427 3496 3613 3538 eorum
3645 3494 3703 3539 et

2116 3580 2299 3634 titulos
2323 3577 2627 3644 lancinatis,
2657 3575 2918 3646 imagines
2931 3573 3229 3642 detrahitis,
3252 3583 3521 3630 monetam
3534 3590 3714 3645 reper-

2115 3674 2316 3732 cutitis.
2346 3671 2440 3728 Ille
2472 3671 2544 3743 (ο)
2570 3678 2746 3726 autem
2769 3677 3090 3740 conspector
3111 3667 3371 3733 omnium,
3396 3667 3714 3739 comproba-

2119 3778 2236 3836 tor,
2276 3768 2384 3823 imo
2426 3765 2649 3837 largitor
2679 3765 2943 3820 bonorum
2967 3803 2982 3830 ,
3018 3771 3178 3818 tantae
3216 3761 3557 3833 indulgentiae
3599 3777 3715 3818 suae

2117 3860 2507 3917 ordinationem
2539 3858 2697 3928 vulgo
2726 3856 3008 3926 prostituet
3027 3864 3081 3909 et
3098 3854 3215 3923 plus
3236 3853 3527 3924 diligentiae
3549 3859 3713 3924 atque

2114 3952 2335 4025 iustitiae
2364 3949 2671 4005 hominibus
2709 3947 2890 4004 licebit
2947 3947 3000 4001 in
3046 3946 3431 4001 distribuendis
3470 3945 3717 3999 divinita-

2121 4046 2263 4102 tibus
2284 4040 2516 4113 sapere?
2543 4040 2852 4098 Mundiores
2897 4047 3058 4093 erunt
3095 4052 3280 4108 regum
3329 4045 3384 4092 et
3413 4035 3715 4107 principum

2120 4139 2347 4197 comites
2365 4151 2527 4208 quam
2552 4137 2746 4191 summi
2777 4132 2906 4188 Dei?
2929 4131 3126 4203 Atquin
3157 4130 3390 4186 horretis
3413 4139 3469 4187 et
3494 4145 3682 4186 aversa
3699 4159 3714 4171 -

2124 4233 2284 4302 mini,
2304 4246 2467 4303 vagos
2487 4269 2503 4298 ,
2533 4227 2750 4286 exsules
2771 4267 2786 4292 .
2991 4224 3196 4284 debiles
3219 4265 3236 4292 ,
3269 4224 3485 4282 sordide
3509 4232 3667 4280 natos
3697 4265 3713 4291 ,

1647 4371 2029 4441 LECTIONES
2065 4371 2474 4440 VARIANTES.

419 4478 782 4601 lasjlgtclvigalt.
820 4473 979 4548 suppl.
1018 4481 1080 4535 Et
1101 4495 1224 4548 quos
1261 4435 1836 4551 tecta.0pprimunt,non
1859 4501 2008 4560 tegu-

485 4606 558 4680 (2)
594 4607 915 4674 Gothofredus
931 4608 1190 4661 utilitatem
1212 4622 1305 4660 seu
1321 4613 1654 4664 accessionem
1665 4615 1689 4664 ?
1706 4617 1755 4666 II
1757 4630 1918 4670 avere.
1945 4622 2012 4673 ad
2036 4603 2092 4665 Ῑ)

2116 4493 2261 4562 Apol.
2285 4494 2344 4562 t_5
2372 4505 2384 4540 :
2407 4488 2515 4561 util.
2539 4490 2594 4538 et
2615 4486 2933 4562 laesionem‘li.

2179 4559 2252 4623 (5)
2286 4557 2352 4605 Le
2370 4551 2514 4604 Prior
2531 4548 2691 4614 suppl.
2714 4548 2773 4599 ad
2789 4547 3018 4612 mythicas
3033 4553 3184 4600 artes.

1785 4747 2348 4809 COMMENTARIUS.

425 4888 588 4961 tionis
620 4887 789 4944 series
814 4886 1048 4961 postulat
1076 4895 1134 4942 ut
1162 4885 1265 4961 sit,
1293 4887 1680 4961 convertimur,
1705 4898 1796 4945 aut
1821 4893 2022 4961 aliquid

355 4969 364 4982 '
423 4960 601 5033 simile
621 5001 637 5025 ,
660 4968 972 5033 et_s_equen_s
999 4959 1190 5033 lacuna
1211 4957 1291 5013 sic
1309 4957 1520 5014 videtur
1545 4961 1876 5033 supplenda:
1901 4957 2023 5022 sim-

422 5032 552 5103 plici
582 5030 904 5103 cognitione.
937 5029 1137 5103 Le_Pn.

501 5103 578 5174 (τι)
618 5099 900 5174 conﬁtetur
927 5111 974 5174 et
1004 5099 1171 5157 Luna.
1204 5100 1454 5158 Defectus
1481 5102 1613 5159 solis
1637 5113 1688 5160 ct
1709 5105 1851 5161 lunae
1871 5107 2022 5164 labo-

425 5171 518 5231 res
559 5171 646 5230 hic
671 5171 919 5241 attingit;
952 5171 1078 5227 luna
1111 5188 1304 5243 nempe
1332 5174 1662 5231 incrementa
1690 5191 1786 5232 sua
1817 5177 2025 5236 habeta

425 5245 706 5300 novilunio
749 5259 852 5315 seu,
889 5245 1171 5315 neomenia
1223 5244 1288 5298 ad
1331 5245 1682 5314 plenilunium
1715 5288 1730 5315 ,
1757 5259 1814 5306 et
1858 5249 2026 5307 detri-

424 5325 607 5372 menta
638 5333 664 5368 τι
697 5314 988 5386 plenilunio
1017 5315 1083 5368 ad
1124 5316 1472 5370 novilunium.
1506 5317 1582 5373 Le
1609 5318 1708 5374 Pn.

502 5388 585 5462 (h)_
613 5385 708 5462 Et
738 5385 941 5462 Boeotus
986 5387 1344 5462 Amphiargts.
1372 5387 1706 5462 Alemannis
1749 5401 1899 5462 pater
1927 5392 2025 5449 fuit

430 5456 822 5529 Amphiaraus,
856 5456 1009 5526 cujus
1048 5457 1200 5527 jussu
1242 5457 1532 5528 Eriphilem
1566 5456 1791 5518 matrem
1823 5463 2024 5520 intere-

429 5531 567 5596 mit,
599 5539 967 5598 conceptoquc
996 5543 1061 5583 ex
1105 5529 1195 5584 illo
1235 5531 1440 5585 scelere
1479 5533 1700 5587 immani
1727 5534 1908 5591 furore
1934 5551 2022 5590 cr-

429 5601 706 5682 rabu_ud_us
728 5609 889 5682 atque
909 5600 1439 5682 amensvagabatur;
1462 5617 1584 5658 cum
1611 5619 1742 5661 vero
1771 5605 1838 5660 ad
1868 5622 2028 5682 unam
2059 5674 2069 5682 ι

431 5687 501 5728 ex
550 5670 917 5728 Echinadibus
973 5671 1159 5729 insulis
1193 5670 1572 5740 pervenisset.
1600 5691 1667 5731 ex
1715 5678 1914 5732 oraculi
1945 5693 2032 5734 re-

431 5743 726 5812 sponsione
757 5741 938 5798 furore
963 5741 1220 5797 liberatus
1243 5752 1344 5797 est.
1380 5743 1532 5800 Unde
1557 5745 1613 5803 S.
1643 5746 1872 5804 Basilius
1898 5750 2031 5804 scri-

435 5813 570 5872 bens
619 5814 688 5874 ad
731 5813 793 5870 B.
842 5812 1157 5884 Gregorium
1197 5813 1445 5871 Nazianz.
1497 5833 1512 5871 :
1567 5825 1749 5883 πάντως
1796 5825 1892 5892 γὰρ
1932 5824 2036 5877 osa:

2124 4890 2382 4964 Ᾱλκμαιων
2435 4894 2674 4961 Εχινὲδσς
2741 4892 2882 4964 ὥρων
2909 4929 2924 4955 ,
2952 4897 3051 4964 ,ἔρ-ι
3072 4957 3084 4964 Δ
3101 4896 3186 4950 τὴ
3240 4891 3414 4964 aliam
3433 4957 3443 4964 _
3469 4891 3720 4964 ἦοιοιγῖσλχιειιιρΓ

2125 4914 2382 4964 Altaman
2435 4914 2674 4961 ιχινιοσς
2741 4914 2882 5014 ευϐων
2909 4929 2924 4955 ,
2980 4914 3051 4945 ετι
3101 4914 3186 4950 frg
3240 4914 3414 4948 aruum;
3433 4957 3443 4968 Ι
3469 4914 3716 4968 mutam-ro:

2125 4967 2250 5022 Illos
2281 4976 2460 5021 autem
2485 4964 2676 5018 heroas
2698 4975 2762 5015 ac
2833 4976 2924 5016 eos
2947 4957 3239 5014 fabularum
3258 4956 3478 5012 audacra
3500 4956 3716 5011 defendi

2129 5048 2356 5094 testatur
2381 5033 2672 5105 Gregorius
2696 5031 2944 5087 Nazianz.
2971 5039 3107 5086 orat.
3138 5028 3210 5083 20
3239 5029 3290 5083 in
3319 5031 3504 5084 funere
3531 5028 3592 5083 B.
3622 5028 3723 5083 Ba-

2126 5109 2252 5165 silii.
2281 5109 2359 5164 LE
2379 5107 2476 5162 Pu.

2156 5230 2158 5233 .
2202 5178 2278 5252 (ο)
2295 5179 2564 5253 Monetam
2585 5169 3480 5253 repercutitis._Eonllatam_scilicet,
3500 5169 3726 5253 alterius

2129 5243 2393 5322 Principis
2420 5259 2548 5322 typo
2587 5243 2888 5318 percutitis.
2917 5243 3053 5322 Nam
3074 5244 3292 5322 reprobi
3326 5243 3564 5322 nummi,
3593 5243 3724 5322 quia

2129 5323 2287 5394 pretii
2316 5311 2566 5394 'nullius,
2590 5311 2649 5374 et
2689 5314 3036 5394 commerciis
3073 5311 3321 5394 inutiles,
3355 5312 3421 5394 ad
3457 5326 3552 5394 eos
3577 5311 3730 5394 defe-

2131 5382 2390 5466 rebantur
2418 5382 2612 5464 quibus
2637 5396 2753 5443 erat
2778 5388 2940 5466 auri;
2957 5386 3162 5466 argenti
3181 5427 3197 5449 ,
3227 5383 3352 5466 aeris
3381 5382 3540 5466 flandi
3572 5392 3627 5440 et
3628 5382 3730 5466 “fc-

2129 5465 2306 5520 rinndi
2351 5454 2492 5519 cura'
2514 5470 2568 5516 et
2611 5469 2866 5528 potestas.
2897 5454 3058 5513 Tales
3087 5455 3255 5512 fuisse
3279 5454 3602 5528 glaudianos
3628 5455 3728 5510 Dio

2133 5537 2331 5600 tradit,
2362 5535 2456 5589 lib.
2490 5534 2562 5588 lx.
2603 5525 2710 5606 sed
2729 5530 2796 5606 de
2820 5528 3055 5606 conﬂatis
3076 5528 3247 5606 [asas
3271 5525 3566 5606 Messalinae
3582 5527 3733 5606 jussu

2137 5596 2383 5663 Mnesteri
2410 5613 2603 5660 statuas
2645 5596 2968 5671 indignatus.
2998 5599 3045 5653 Is
3073 5596 3170 5654 fuit
3197 5597 3386 5671 histrio
3411 5639 3424 5661 ,
3453 5611 3611 5666 quem
3641 5596 3733 5663 illa

2135 5677 2434 5748 deperibat.
2481 5675 2641 5748 Tales
2685 5669 2900 5748 quoque
2941 5670 3105 5726 fuisse
3153 5669 3478 5726 neronianos
3502 5677 3734 5748 arguunt

2137 5739 2256 5805 Ιιίῑῖο
2282 5747 2491 5802 Arriani
2523 5739 2823 5822 Epicte'tiea’
2838 5761 2850 5796 :
2868 5751 3184 5822 «(mixta-1'69
3201 5755 3487 5822 χαρακτῆρσι.
3510 5739 3734 5822 σι’,οῧττξξτὸ

2137 5827 2474 5892 τετράσσειρον,
2489 5809 2718 5888 Νξρωνος.
2733 5809 2882 5885 ῥῖψον
2892 5824 3000 5882 ἔξω·
3015 5809 3247 5880 ’ἀδόκψῦν
3268 5809 3387 5882 ἔστι,
3402 5809 3580 5881 σαπρόν
3616 5809 3741 5867 Βισ.
