4136 6358
436 307 542 364 535

1856 295 2315 358 TERTULLIANI

3629 292 3738 352 596

442 425 724 478 inhoneste
749 421 1054 485 institutos;
1084 426 1266 474 contra
1295 417 1562 484 incestos,
1594 415 1890 480 adulteros,
1911 430 2033 485 rap—
2059 415 2111 474 Α
2137 413 2265 468 dant
2285 409 2587 482 probationi
2614 423 2756 467 vera:
2785 409 3078 466 divinitatis
3102 448 3117 477 ,
3179 416 3379 480 quanto
3409 408 3577 480 magis
3603 409 3732 478 isti,

444 528 609 582 tores,
638 515 930 586 parricidas
959 515 1118 570 etiam
1146 511 1351 584 legibus
1372 510 1704 568 exserendis.
1728 511 2033 567 Ridendum

442 625 509 665 an
539 607 875 666 irascendum
907 608 1011 672 sit,
1041 606 1176 662 tales
1204 605 1336 662 deos
1361 605 1543 673 credi,
1571 605 1759 676 quales
1786 604 2036 660 homines

443 716 564 758 esse
585 717 692 756 non
715 697 990 758 debeant?
1027 697 1132 757 Sed
1159 699 1302 756 enim
1340 698 1394 753 in
1423 700 1528 753 isto
1557 697 1798 772 mythico
1815 711 2032 769 genere,

444 792 588 864 quod
611 803 790 864 poeta:
823 792 999 848 ferunt
1023 832 1038 858 ,
1097 807 1255 862 quam
1303 789 1492 846 incerti
1520 790 1674 860 agitis
1714 790 1856 844 circa
1899 803 2035 844 con-

441 881 680 942 scientia:
713 881 977 955 pudorem
1004 891 1059 939 et
1083 883 1302 953 pudoris
1324 880 1723 938 defensionem!
1757 880 1890 935 Nam
1912 894 2039 951 quo-

444 976 586 1032 tiens
613 975 868 1043 misc....,
904 975 1082 1048 turpia
1107 1017 1122 1043 ,
1151 975 1235 1031 vel
1260 976 1458 1031 atrocia
1490 973 1714 1029 deorum
1740 973 2035 1044 exprobra-

438 1083 589 1134 mus;
617 1068 989 1139 allegationem
1012 1067 1155 1138 poeti
1185 1082 1357 1123 ......e
1375 1075 1430 1121 ut
1457 1065 1698 1121 fabulosa
1727 1064 2033 1121 defenditis!

439 1161 688 1232 quotiens
711 1159 854 1216 ultro
880 1160 1068 1216 siletur
1089 1159 1156 1216 de
1181 1159 1446 1230 ejusmodi
1481 1158 1711 1228 poetica,
1741 1173 1849 1213 non
1871 1156 2034 1212 modo

439 1271 546 1311 non
577 1255 827 1320 horretis,
859 1253 954 1310 sed
982 1255 1201 1325 insuper
1230 1252 1527 1317 honoratis,
1560 1260 1724 1322 utque
1755 1251 1805 1305 in
1836 1265 2034 1306 neces-

440 1349 597 1403 sariis
617 1347 822 1404 artibus
849 1348 1076 1404 habetis.
1131 1346 1369 1417 Denique
1401 1361 1497 1416 per
1524 1347 1662 1400 hanc
1688 1343 2032 1400 initiatricem

441 1441 761 1496 litteraturae
801 1439 1149 1511 ingenuitatis
1194 1438 1368 1495 studia
1414 1435 1730 1508 producitis.
1763 1435 2034 1491 Crimina-

444 1541 593 1588 tores
621 1532 846 1588 deorum
877 1541 1060 1603 poetas
1089 1531 1354 1587 eliminari
1383 1529 1534 1585 Plato
1578 1530 1789 1585 censuit
1819 1570 1834 1595 ,
1860 1529 2033 1600 ipsum

439 1623 732 1680 Homerum
750 1637 876 1678 sane
897 1633 1206 1679 coronatum
1225 1622 1441 1678 civitate
1466 1620 1790 1691 pellendum.
1827 1623 1893 1675 At
1910 1635 2034 1675 cum

440 1715 722 1786 excipiatis
744 1714 866 1770 illos
889 1724 943 1770 et
965 1716 1266 1781 retineatis,
1294 1729 1390 1769 cur
1417 1728 1524 1768 non
1546 1711 1775 1768 credatis
1799 1711 1920 1765 talia
1952 1725 2037 1767 re-

439 1805 744 1861 texentibus
769 1805 836 1860 de
864 1805 979 1861 deis
1017 1806 1256 1861 vestris?
1286 1804 1450 1876 Igitur
1493 1803 1536 1858 si
1573 1803 1795 1859 creditis
1827 1805 2025 1872 poetis,
2064 1835 2112 1895 Β

437 1911 536 1951 cur
555 1897 765 1952 laudem
810 1897 1159 1953 mendacibus
1193 1896 1345 1953 fertis
1369 1939 1384 1966 ,
1429 1911 1529 1952 nec
1549 1895 1752 1950 cavetis
1775 1910 1843 1950 ne
1865 1895 2038 1951 oﬂ‘en-

434 1989 574 2045 datis
591 2003 704 2056 eos,
735 2005 960 2061 quorum
982 1991 1368 2046 detrectatores
1387 1990 1662 2045 honoratis
1689 1987 1874 2045 ?Sanc
1898 1987 2036 2044 fides

439 2099 469 2138 a
494 2083 668 2154 poetis
718 2099 824 2140 non
857 2083 1137 2155 exigenda.
1185 2083 1372 2139 Nonne
1414 2083 1502 2153 qui
1529 2081 1704 2138 dicitis
1733 2081 1866 2138 deos
1913 2090 2037 2152 post

437 2184 668 2231 mortem
717 2175 886 2231 factos
907 2217 920 2241 ,
979 2175 1225 2231 homines
1253 2173 1583 2232 conﬁtemini
1613 2182 1738 2230 ante
1766 2174 2035 2229 mortem?

435 2268 572 2336 Quid
591 2282 719 2339 ergo
747 2267 891 2334 novi,
929 2268 974 2323 si
1000 2310 1015 2335 ,
1038 2269 1128 2339 qui
1152 2267 1394 2322 homines
1422 2266 1638 2331 fuerint,
1668 2266 1914 2322 humanis
1939 2274 2034 2321 aut

437 2360 653 2415 casibus
681 2368 772 2414 aut
810 2359 1124 2415 criminibus
1160 2368 1252 2414 aut
1290 2357 1481 2413 fabulis
1521 2356 1872 2428 polluuntur?
1911 2355 2033 2412 Non

437 2450 657 2507 creditis
682 2450 875 2520 poetis,
907 2464 1029 2505 cum
1058 2450 1124 2506 de
1155 2449 1510 2506 relationibus
1531 2463 1720 2505 eorum
1755 2449 1918 2505 etiam
1948 2463 2034 2503 sa-

436 2559 529 2599 era
557 2558 801 2615 quaenam
819 2543 1235 2613 disposueritisl
1277 2542 1384 2598 Cur
1413 2543 1616 2614 rapitur
1653 2541 1908 2598 sacerdos
1930 2541 2034 2598 Ce-

439 2635 598 2702 reris,
623 2634 668 2690 si
697 2650 804 2689 non
835 2634 939 2690 tale
965 2633 1130 2691 Ceres
1157 2648 1314 2706 passa
1335 2642 1419 2690 est
1437 2633 1461 2688 ‘i
1482 2633 1592 2689 Cur
1621 2633 1855 2690 Saturno
1871 2633 2033 2689 alieni

435 2729 592 2785 liberi
621 2729 998 2795 immolantur,
1043 2729 1090 2783 si
1134 2729 1221 2785 ille
1265 2728 1377 2785 suis
1418 2726 1702 2800 pepercit?
1743 2728 1854 2784 Cur
1893 2727 2033 2786 ldete

434 2820 710 2878 masculus
729 2829 1056 2892 amputatur,
1082 2822 1127 2878 si
1159 2822 1338 2877 nullus
1373 2822 1448 2877 illi
1480 2821 1808 2878 fastidiosior
1826 2823 2036 2880 adoles-

434 2930 568 2972 cens
617 2915 857 2972 libidinis
926 2915 1166 2971 frustatce
1214 2914 1401 2971 dolore
1447 2925 1711 2971 castratus
1761 2917 1882 2972 est?
1927 2917 2035 2974 Cur

439 3007 759 3064 Herculeum
813 3007 1106 3078 polluctum
1153 3007 1230 3079 (α)
1283 3007 1535 3063 mulieres
1577 3007 1867 3065 Lanuvinis:
1920 3025 2030 3066 non

438 3106 696 3169 gustant,
737 3093 916 3154 sinon
961 3099 1243 3155 mulierum
1273 3112 1462 3154 caussa
1502 3099 2036 3171 p......_Mentiuntur

2138 520 2272 575 quos
2301 519 2370 559 ne
2400 504 2500 572 ipsi
2529 503 2745 575 quidem
2769 502 3069 573 municipes
3094 503 3177 558 sui
3199 501 3433 558 norunt?
3454 501 3585 556 Nam
3613 517 3740 572 qua:

2137 600 2328 654 idonea
2364 597 2655 653 auctoritas
2702 597 3055 667 praecucurrit
3097 593 3362 665 ejusmodi
3409 592 3732 662 theologiae,

2139 707 2300 762 quam
2328 691 2489 747 etiam
2519 690 2661 745 fama
2687 689 2972 746 destituit?
3015 688 3213 756 Quanti
3236 696 3392 754 sunt,
3422 688 3513 759 qui
3558 691 3741 743 norint

2139 783 2257 840 visu
2287 783 2368 840 vel
2398 782 2583 838 auditu
2610 783 2886 853 Atagartin
2925 782 3186 854 Syrorum
3211 821 3225 846 ,
3272 780 3559 837 Caelestem
3583 781 3743 836 Afro-

2140 892 2294 945 rum,
2342 877 2686 932 Varsutinam
2716 875 3021 932 Maurorum
3048 918 3064 943 ,
3110 873 3335 933 Obodan
3389 885 3445 932 et
3495 875 3742 932 Dusaren

2140 971 2401 1036 Arabum,
2433 971 2693 1028 Belenum
2717 969 2973 1026 Noricum
2995 1013 3011 1037 ,
3041 971 3124 1026 vel
3148 1013 3163 1038 ,
3194 985 3328 1042 quos
3349 970 3526 1027 Varro
3544 971 3699 1042 ponit
3721 1011 3741 1040 ,

2140 1064 2532 1121 Casiniensium
2555 1064 2958 1131 Delventinum,
2981 1063 3355 1120 Narniensium
3382 1063 3738 1130 Visidianurn,

2141 1156 2554 1212 Atheniensium
2602 1155 2988 1211 Numentinum
3011 1197 3026 1223 ,
3057 1155 3473 1211 Esculanorum
3521 1157 3740 1211 Ancha-

2141 1249 2276 1302 riam
2296 1289 2309 1312 ,
2341 1257 2396 1304 et
2421 1262 2581 1318 quam
2614 1247 2968 1318 pmvenerim
3009 1246 3112 1319 (l),
3145 1245 3563 1303 Volsiniensium
3591 1245 3739 1302 Nor-

2142 1340 2290 1405 tiam,
2323 1354 2553 1410 quorum
2581 1353 2647 1395 ne
2678 1339 2953 1394 nominum
2979 1340 3195 1411 quidem
3217 1340 3458 1411 dignitas
3486 1340 3738 1396 humanis

2140 1432 2550 1502 cognominibus
2576 1431 2776 1488 distat?
2827 1432 2970 1489 Satis
3019 1433 3170 1489 rideo
3208 1433 3368 1489 etiam
3416 1432 3547 1490 deos
3572 1433 3740 1490 decu-

2140 1525 2321 1580 riones
2349 1525 2610 1596 cujusque
2632 1524 2940 1595 municipii,
2970 1525 3161 1593 quibus
3191 1524 3364 1580 honor
3387 1527 3522 1580 intra
3551 1540 3741 1582 muros

2140 1632 2267 1674 suos
2291 1617 2700 1674 determinatur.
2734 1618 2861 1674 Hrec
2907 1619 3126 1674 libertas
3153 1619 3575 1690 adoptandorum
3603 1620 3739 1676 deo-

2139 1729 2256 1767 rum
2286 1728 2564 1783 quousque
2587 1712 2893 1783 profecerit,
2915 1712 3292 1784 Egyptiorum
3324 1714 3738 1784 superstitiones

2140 1805 2368 1871 docent,
2399 1806 2492 1876 qui
2519 1807 2680 1862 etiam
2711 1806 2911 1862 bestias
2941 1807 3176 1876 privatas
3199 1807 3412 1872 colunt,
3460 1821 3584 1876 p....
3619 1822 3743 1863 cro-

2141 1897 2349 1954 codilos
2388 1908 2442 1954 et
2463 1913 2693 1969 anguem
2723 1915 2900 1954 suum.
2956 1899 3152 1954 Parum
3179 1908 3261 1954 est
3290 1899 3334 1953 si
3374 1900 3534 1954 etiam
3563 1898 3742 1954 homi-

2141 2008 2263 2048 nem
2292 2002 2691 2048 consecrarunt.
2728 1992 2880 2049 Illum
2912 1993 3055 2061 dico,
3088 2009 3250 2064 quem
3279 2008 3384 2048 non
3407 1994 3518 2064 jam
3539 1991 3735 2065 JEgvp-

2141 2092 2226 2139 tus
2256 2093 2346 2140 aut
2374 2084 2580 2140 Graecia
2603 2130 2617 2150 ,
2651 2101 2838 2140 verum
2865 2093 3012 2140 totus
3037 2086 3329 2140 orbis......
3364 2085 3479 2140 Afri
3521 2085 3737 2155 jurant;

2139 2173 2209 2232 de
2238 2178 2392 2245 cujus
2413 2185 2553 2231 statu
2593 2177 2719 2246 quid
2749 2176 2940 2245 conjici
2979 2185 3152 2246 potest
3176 2175 3314 2246 apud
3345 2186 3561 2232 nostras
3590 2177 3739 2234 litte-

2140 2279 2228 2321 ras
2255 2274 2312 2320 ut
2340 2266 2634 2322 verisimile
2680 2265 2891 2322 videtur
2923 2267 3152 2334 positum
3179 2276 3279 2323 est.
3335 2267 3472 2324 Nam
3520 2267 3739 2338 Serapis

2134 2356 2238 2412 iste
2286 2356 2500 2428 quidam
2527 2357 2652 2412 olim
2697 2356 2896 2427 Ioseph
2947 2357 2966 2430 (
2998 2358 3026 2411 ὑ
3056 2357 3075 2430 )
3292 2357 3394 2414 {uit
3430 2359 3498 2416 de
3541 2375 3740 2431 genere

2136 2457 2444 2504 sanctorum
2470 2490 2486 2517 ,
2511 2448 2692 2519 junior
2719 2449 2858 2504 inter
2883 2459 3111 2505 caeteros
3138 2449 3331 2506 fratres
3360 2492 3374 2515 ,
3415 2451 3510 2507 sed
3536 2452 3718 2508 excel-

2137 2541 2248 2597 sior
2615 2541 2808 2598 iisdem
2838 2541 3097 2598 fratribus
3139 2558 3234 2614 per
3273 2543 3498 2600 livorem
3544 2560 3740 2601 venum

2137 2635 2190 2690 in
2224 2634 2528 2707 {Egyptum
2562 2635 2739 2703 datus,
2773 2636 3030 2692 saaviebat
3059 2637 3110 2690 in
3133 2636 3337 2693 familia
3370 2639 3512 2710 regis
3538 2638 3742 2711 Egyp-

2141 2736 2321 2783 torum
2349 2728 2422 2799 (ε)
2450 2728 2680 2795 Pharao,
2704 2743 2734 2782 a
2761 2728 3140 2800 reginajminus
3163 2728 3355 2800 pudica
3381 2729 3735 2799 desideratus,

2137 2819 2233 2874 sed
2263 2821 2386 2890 quia
2411 2835 2517 2875 non
2539 2820 2966 2890 obsequebatur,
2997 2836 3028 2875 e
3056 2823 3330 2880 contrario
3351 2823 3418 2879 ab
3437 2823 3623 2879 eadem
3651 2824 3741 2880 de-

2138 2912 2279 2967 latus
2299 2954 2313 2980 ,
2332 2926 2364 2968 a
2384 2925 2510 2982 rege
2541 2913 2594 2966 in
2623 2926 2893 2968 carcerem
2917 2912 3096 2968 datur.
3136 2913 3247 2969 lllic
3284 2915 3493 2970 somnia
3521 2915 3741 2986 quibus;

2137 3003 2260 3061 dam
2303 3006 2408 3059 non
2441 3018 2721 3075 perperam
2771 3004 3191 3075 interpretatus,
3243 3005 3351 3060 vim
3403 3006 3622 3076 spiritus
3652 3008 3734 3063 sui

2137 3096 2390 3153 ostendit.
2417 3095 2626 3152 luterea
2667 3111 2763 3152 rex
2812 3109 3026 3167 quoque
3057 3097 3269 3151 somnia
3301 3098 3559 3152 terribilia
3591 3114 3739 3169 qua:-

444 3205 574 3246 sane
601 3192 805 3261 poetae!
841 3190 934 3248 sed
969 3206 1074 3247 non
1120 3190 1238 3246 ideo
1260 3189 1399 3262 quod
1429 3191 1550 3247 talia
1577 3193 1908 3262 gesserint...
1937 3193 2038 3250 ho-
2065 3200 2111 3265 c
2146 3189 2269 3244 dam
2301 3189 2414 3257 illi,
2446 3187 2697 3244 detractis
2723 3203 2859 3258 quos
2883 3196 3276 3244 convocaverat
3307 3230 3322 3256 ,
3366 3189 3535 3245 voluit
3573 3205 3738 3262 expo-

439 3285 614 3340 mines
637 3300 770 3356 quas
811 3285 1075 3341 defuerint
1103 3301 1202 3342 nec
1223 3284 1366 3356 quod
1411 3285 1623 3341 divinas
1650 3287 2035 3360 adscripserint

436 3376 584 3434 fo....
615 3377 929 3446 divinitatis,
965 3393 1086 3434 cum
1110 3377 1324 3433 interim
1350 3377 1501 3434 vobis
1524 3377 1833 3436 credibilius
1860 3381 2031 3440 visum

439 3480 523 3525 est
549 3469 681 3527 deos
707 3470 873 3527 fuisse
893 3513 910 3540 ,
937 3471 1032 3526 sed
1063 3485 1168 3526 non
1196 3470 1330 3526 tales
1349 3513 1364 3538 ,
1412 3486 1572 3542 quam
1602 3474 1773 3541 tales,
1803 3472 1898 3530 sed
1925 3491 2032 3532 non

437 3564 588 3621 deos.

509 3655 565 3712 8.
606 3657 864 3729 Superest
896 3657 1093 3730 gentile
1122 3657 1250 3713 illttd
1293 3670 1462 3730 genus
1481 3657 1627 3714 inter
1655 3659 1882 3729 populos
1903 3659 2031 3716 deo-

437 3757 596 3815 rum,
637 3751 772 3820 quos
798 3749 1018 3806 libidine
1041 3759 1287 3822 sumptos
1315 3792 1329 3816 ,
1367 3765 1470 3806 non
1505 3765 1600 3821 pro
1621 3751 1807 3807 notitia
1835 3754 2032 3809 verita-

439 3844 510 3897 tis
529 3885 543 3910 ,
567 3844 724 3900 docet
745 3843 947 3914 privata
975 3843 1184 3899 notitia.
1219 3843 1385 3899 Deum
1409 3858 1538 3915 ergo
1562 3843 1816 3900 existimo
1836 3845 2034 3917 ubique

440 3940 648 4000 notum,
679 3934 877 4006 ubique
907 3943 1248 4005 praesentem,
1277 3933 1473 4004 ubique
1507 3933 1894 4002 dominantem,
1920 3952 2036 3992 om.

440 4022 598 4078 nibus
627 4023 930 4088 colendum,
954 4025 1203 4080 omnibus
1223 4024 1629 4082 demerendum.
1653 4027 1723 4082 At
1749 4029 1892 4084 enim
1911 4044 2034 4085 cum

441 4113 519 4170 illi
547 4129 782 4187 quoque,
813 4129 948 4187 quos
975 4125 1119 4174 totus
1135 4116 1280 4174 orbis
1307 4116 1664 4175 communiter
1691 4118 1858 4188 colit,
1890 4123 2037 4177 exci-

2140 3299 2290 3340 ncre.
2332 3283 2532 3354 Joseph
2562 3281 2936 3354 expedimenta
2973 3281 3044 3336 de
3073 3296 3291 3338 carcere
3320 3283 3574 3350 edocuit,
3597 3298 3740 3340 som-
3831 3291 3836 3294 '

2141 3381 2288 3434 nium
2320 3378 2432 3448 regi
2477 3377 2648 3449 aperit
2691 3393 2704 3430 :
2737 3376 2857 3432 illos
2887 3376 3054 3432 boves
3077 3385 3288 3447 septem
3330 3377 3696 3448 Opimissimos
3720 3421 3738 3446 ,

2139 3474 2470 3539 defluentes,
2503 3471 2726 3527 totidem
2771 3483 3033 3525 annorum
3067 3469 3370 3526 ubertatem
3402 3471 3737 3545 signiﬁcare;

2146 3567 2476 3638 posteriores
2525 3577 2678 3636 aeque
2713 3573 2918 3634 septem
2971 3563 3181 3633 ineptos
3215 3605 3230 3630 ,
3298 3563 3739 3634 subsequentium

2139 3669 2347 3729 septem
2373 3671 2636 3712 annorum
2674 3655 2940 3726 in0piam.
2972 3655 3273 3712 Praedicare
3295 3655 3474 3727 itaque
3499 3672 3643 3728 saepe
3670 3657 3740 3714 de

2138 3749 2496 3808 recondendis
2543 3748 2808 3819 praesidiis
2853 3748 2906 3804 in
2939 3747 3172 3804 futuram
3225 3749 3422 3812 famem
3461 3749 3530 3807 de
3572 3753 3726 3822 copia

2137 3844 2315 3914 priore
2343 3885 2357 3908 ,
2402 3841 2781 3912 credidit_rex;
2838 3841 3010 3896 exitus
3039 3855 3218 3896 rerum
3250 3851 3305 3896 et
3325 3841 3638 3912 prudentem
3669 3848 3724 3896 et

2140 3945 2383 3993 sanctum
2413 3951 2626 4007 semper
2659 3935 3020 3991 necessarium
3061 3935 3328 4005 probavit.
3359 3935 3538 4006 Itaque
3577 3934 3724 3990 Pha-

2139 4043 2237 4084 rao
2280 4028 2544 4084 universae
2569 4026 2804 4099 Egypto
2827 4035 2882 4083 et
2908 4026 3300 4083 frumentandre
3324 4037 3378 4082 et
3413 4027 3606 4084 exinde
3635 4043 3730 4084 cn-

2139 4121 2323 4178 randre
2343 4137 2466 4177 eum
2497 4120 2756 4193 praefecit.
2774 4119 2927 4178 Hunc
2946 4119 3258 4194 Serapidem
3279 4137 3346 4179 ex
3367 4120 3735 4194 suggestu(d),

1680 4227 2061 4295 LECTIONES
2097 4233 2505 4294 VARIANTES.

511 4325 580 4390 (l)
620 4323 794 4390 Rigalt.
819 4324 1108 4376 Praeverim.

1805 4431 2379 4499 COMMENTARIUS.

519 4553 597 4623 (a)
637 4550 946 4623 Herculeum
980 4551 1279 4621 polluctum.
1329 4548 1625 4623 Polluctum
1648 4547 1893 4623 Herculis
1909 4563 2025 4610 erat

447 4621 858 4680 Esculentorum
904 4622 1106 4679 decima
1157 4637 1278 4692 pars
1306 4662 1320 4686 ,
1353 4637 1472 4692 quae
1517 4621 1731 4678 Herculi
1778 4621 2025 4681 dabatur.

448 4696 599 4765 Apud
635 4697 898 4760 Plautum,
925 4693 1133 4765 Herculi
1186 4693 1764 4765 pollueeredceimam
1805 4706 2033 4764 partem.

448 4763 714 4822 Putabant
755 4767 1007 4822 nimirum
1055 4763 1108 4818 id
1159 4764 1342 4819 felices
1370 4779 1434 4820 ac
1463 4763 1762 4826 fortunatos
1792 4763 2037 4825 homines

448 4837 696 4911 reddere.
727 4835 1145 4911 Apndeumdem
1173 4836 1437 4911 Plautum,
1457 4835 1722 4911 obsonare
1753 4841 2037 4911 pollucibi-

445 4909 608 5035 iisteri
627 4905 795 5034 idpest
813 4905 1096 4980 splendide
1120 4916 1175 4962 et
1200 4908 1440 4978 opipare;
1468 4905 1547 4963 sic
1571 4923 1724 4966 cena
1754 4905 2040 4983 pollucibi-

469 4997 480 5032 ι
519 5021 531 5034 .
611 4995 643 5034 ε
715 4996 768 5035 n.

469 4992 531 5034 l8.
564 4992 643 5035 LE
673 4992 768 5036 PR.

522 5049 602 5122 (b)
643 5051 852 5122 Serapis
888 5050 982 5122 iste
1006 5050 1213 5122 quidam
1239 5049 1360 5104 olim
1380 5047 1597 5122 Ioseph.
1627 5051 1870 5112 Bullinus
1895 5055 2034 5111 Hist.

449 5120 540 5194 μέ
559 5122 646 5194 ubi
672 5123 741 5179 de
766 5120 938 5177 Statua
963 5120 1258 5194 Serapidis.
1276 5121 1502 5188 Quidam
1523 5124 1572 5178 in
1591 5126 1845 5183 honorem
1865 5128 2035 5194 nostri

447 5191 646 5264 Ioseph
676 5194 984 5264 formatum
1017 5192 1300 5262 perhibent
1319 5194 1682 5264 simulacrum,
1719 5199 1790 5254 ob
1815 5192 2033 5254 divisio-

449 5263 589 5338 nem
660 5263 917 5338 frumenti
948 5305 964 5330 ,
1048 5278 1156 5338 quo
1233 5264 1388 5319 famis
1435 5263 1711 5338 Atempore
1785 5272 2034 5326 subvenit

422 5333 752 5408 aEgyptiis.
807 5337 885 5392 Ex
920 5351 1001 5408 _eo
1041 5335 1258 5408 igitur,
1308 5336 1451 5408 quod
1504 5333 1645 5408 apud
1697 5342 2033 5398 Christianos

447 5405 666 5483 set-apis
703 5408 867 5478 ﬁgura
911 5406 1008 5483 fuit
1033 5405 1254 5483 Iosephi
1283 5405 1348 5483 _et_
1376 5405 1642 5483 Iosephus
1683 5413 1850 5483 figura
1878 5413 2033 5468 Chri-

450 5478 552 5544 sti,
582 5480 634 5533 in
687 5477 928 5534 errorem
981 5477 1228 5534 inductus
1277 5478 1442 5534 fuisse
1505 5477 2030 5540 videtur'Adrianus

451 5549 586 5619 Aug.
619 5551 670 5623 in
702 5548 1184 5623 epistola‘quadam
1205 5549 1336 5623 ,_ubi
1361 5549 1429 5604 de
1455 5550 1690 5623 Egypto
1716 5555 1785 5610 ad
1815 5555 2027 5610 Servia-

448 5617 578 5673 num
606 5617 1008 5689 Cos.’scripsit,
1041 5617 1132 5692 Illi
1163 5620 1248 5690 qui
1275 5619 1497 5691 Sarapin
1531 5617 1706 5679 colunt
1729 5667 1744 5692 ,
1768 5625 2031 5680 christiani

446 5699 562 5766 sunt
585 5707 603 5744 :
631 5702 685 5766 et_
701 5692 865 5766 devoti
911 5700 1028 5766 sunt
1072 5689 1263 5766 Serapi
1281 5733 1300 5758 ,
1325 5689 1418 5757 qui
1436 5710 1489 5747 se
1512 5692 1699 5751 Christi
1729 5689 2031 5766 Episcopo:

446 5762 645 5835 dicunt.
665 5761 809 5835 ldetn
830 5761 1028 5835 Ioseph
1047 5803 1061 5826 ,
1088 5764 1208 5835 quia
1235 5764 1383 5835 Surge
1415 5779 1676 5835 pronepos
1700 5809 1716 5835 ,
1743 5761 1882 5824 Jtilio
1910 5761 2032 5822 Fir-

446 5833 586 5886 miso
615 5831 848 5903 Serapis.
879 5833 997 5889 lito.
1033 5859 1101 5872 --
1135 5833 1272 5888 Nam
1317 5831 1528 5903 Serapis
1583 5831 1710 5893 iste.
1733 5839 2033 5898 Monuimus

2128 4555 2258 4628 alibi
2278 4557 2402 4614 lsim
2418 4565 2473 4613 et
2485 4555 2726 4628 Serapim
2744 4555 2882 4612 idola
2903 4554 3068 4612 fuisse
3088 4554 3356 4628 Algyptiis
3391 4555 3694 4613 veneranda
3721 4598 3736 4624 ,

2143 4627 2232 4684 hic
2275 4640 2476 4684 tantum
2503 4627 2649 4700 addo
2670 4628 3076 4700 detestationem
3116 4627 3420 4700 aegyptiacze
3445 4628 3738 4700 impietatis

2140 4715 2259 4769 qua:
2276 4700 2501 4756 habetur
2517 4699 2655 4769 apud
2674 4698 2836 4770 Greg.
2850 4698 2978 4753 Naz.
2999 4699 3238 4753 orat.24.
3259 4699 3373 4754 haec
3399 4698 3579 4754 omnia
3601 4714 3741 4754 com-

2140 4772 2303 4842 plecti
2339 4771 2657 4835 luculenter,
2712 4785 2937 4840 eamque
3000 4785 3149 4826 more
3196 4770 3344 4826 Beati
3401 4770 3544 4826 illius
3575 4772 3740 4841 patris

2141 4843 2521 4912 conscriptam.
2542 4842 2617 4896 Ls
2648 4843 2744 4897 Pn.

2219 4913 2291 4984 (c)
2311 4909 2376 4967 In
2403 4913 2603 4982 [milia
2621 4914 2752 4984 regis
2783 4910 3173 4983 {Egyptiorunu
3203 4909 3314 4969 luto
3341 4911 3392 4967 in
3410 4911 3610 4968 familia
3633 4912 3740 4968 Pu-

2147 4985 2372 5054 tipharis
2400 4984 2643 5040 Eunuchi
2673 4985 2964 5038 Pharaonis
2987 5025 3001 5046 ,
3027 4985 3128 5039 nisi
3155 4984 3398 5039 dicamus
3424 4985 3599 5054 ipsum
3631 4985 3738 5040 Eu-

2149 5053 2382 5112 nuchum
2422 5057 2475 5112 in
2514 5056 2712 5110 familia
2738 5055 2883 5126 regis
2901 5053 3094 5126 fuisse.
3125 5054 3230 5110 Sed
3266 5055 3318 5111 in
3361 5053 3459 5111 bac
3485 5057 3740 5125 deinceps

2143 5127 2365 5183 historia
2390 5127 2610 5197 Josephi
2640 5125 2855 5182 aberrat
2879 5125 3241 5182 Tertullianus
3271 5129 3466 5183 iterum
3493 5141 3557 5182 ac
3577 5129 3736 5183 tertio

2140 5199 2209 5254 ab
2240 5199 2304 5254 iis
2330 5214 2450 5268 quae
2478 5198 2696 5254 tradidit
2722 5197 2895 5252 Moses
2935 5197 3134 5254 Genes.
3167 5198 3262 5252 xli.
3293 5209 3348 5253 et
3375 5199 3513 5255 libro
3537 5198 3735 5254 adver—

2139 5284 2232 5324 sus
2272 5267 2522 5336 Judzeos,
2553 5283 2671 5340 cap.
2705 5270 2761 5333 5.
2809 5267 3085 5324 historiam
3135 5269 3318 5326 Abelis
3346 5279 3402 5326 et
3425 5270 3578 5326 Caini
3618 5279 3730 5326 tra-

2135 5342 2304 5396 ctavit
2327 5342 2712 5412 indiligentius.
2742 5341 2819 5397 Ls
2852 5340 2950 5396 Pa.

2210 5413 2290 5484 (d)
2321 5412 2474 5466 llum:
2488 5410 2798 5485 Serapidem
2819 5427 2884 5467 ex
2911 5421 3174 5485 suggestu.
3197 5410 3479 5468 Cumulum
3502 5421 3736 5485 etracer-

2137 5483 2276 5556 vutn'
2308 5485 2603 5556 intelligere
2632 5483 2892 5556 'videtur,
2933 5483 3310 5556 quem_Grarci
3333 5493 3482 5556 Σωρδν
3524 5483 3732 5550 dicunt,

2136 5555 2412 5611 Frumenti
2438 5554 2643 5612 scilicet
2662 5555 2937 5611 cumulum
2958 5595 2974 5622 ,
2999 5554 3159 5610 modii
3179 5554 3344 5624 ﬁgura
3366 5555 3726 5624 designatum.

2137 5627 2412 5692 Ruftinus,
2444 5626 2604 5698 Cujus
2629 5635 2782 5696 caput
2825 5625 3025 5698 modius
3049 5626 3396 5698 superpositas
3419 5627 3620 5698 indicet
3647 5627 3728 5680 oio

2135 5707 2239 5752 tam
2265 5696 2560 5770 mortalibus
2590 5702 2794 5770 frugum
2822 5697 3058 5770 largitate
3083 5697 3313 5766 praberi.
3343 5696 3517 5752 Julius
3537 5698 3734 5752 Firmi-

2133 5783 2237 5842 cus
2259 5808 2276 5834 ,
2313 5769 2553 5842 Modius,
2581 5786 2680 5835 quo
2725 5769 3060 5842 esurientibus
3087 5780 3134 5842 e_t
3165 5771 3446 5842 rotantibus
3475 5769 3732 5842 [ramenta

2136 5839 2373 5896 diviserat
2395 5881 2411 5910 ,
2440 5841 2595 5910 capiti
2623 5840 2969 5913 superpositus
2997 5850 3087 5899 est.
3109 5839 3189 5898 LI:
3212 5841 3306 5897 Pn.
