4150 6352
415 329 522 397 397

1709 340 1801 396 ao
1839 298 2180 401 sartosss
2218 341 2346 402 LIB.
2379 349 2445 405 ιι.

3627 357 3734 416 598

415 469 525 528 quo
540 463 698 527 caput
721 453 842 527 ejus
870 461 1142 523 ornatum,
1175 464 1522 526 vocaverunt,
1554 457 1706 529 cujus
1731 459 2015 530 suggestus
2042 455 2094 523 Α
2121 463 2165 520 si
2195 464 2404 523 Atticos
2425 476 2672 541 stupores
2697 470 2941 544 recipere
2961 471 3268 530 voluerunt.
3302 471 3434 528 Nam
3474 479 3530 531 et
3553 473 3726 532 Athe-

418 548 666 605 modiaiis
718 547 886 622 figura
915 549 1348 607 frumentationis
1387 551 1703 608 memoriam
1733 553 2014 624 obsignat,

419 655 473 703 et
499 655 684 702 curam
713 643 926 716 frugum
952 659 1112 716 super
1142 655 1301 716 caput
1331 646 1445 716 ejus
1469 644 1652 711 fuisse,
1683 646 1812 716 ipsis
1830 645 2014 716 spicis,

416 739 612 812 quibus
640 749 734 809 per
765 738 1024 794 ambitum
1054 747 1266 794 notatur
1296 781 1310 804 ,
1363 748 1605 809 apparet.
1632 739 1921 810 Pr0pterea
1963 743 2018 796 cl.

419 843 633 898 canem,
652 842 810 900 quem
840 827 979 899 apud
1009 827 1207 886 inferos
1233 826 1507 900 deputant,
1535 828 1634 885 sub
1659 828 1876 886 dextera
1901 831 2016 898 ejus

416 924 750 991 dicaverunt,
778 923 920 995 quod
947 922 1048 979 sub
1075 938 1234 979 manu
1253 922 1368 994 ejus
1393 932 1793 995 compressatur
1823 923 2013 995 (l)~(a‘)

416 1017 794 1090 Egyptiorum
820 1060 836 1085 ,
866 1024 917 1073 et
947 1015 1158 1071 Furiam
1181 1015 1475 1086 adjongunt
1504 1057 1518 1083 ,
1551 1029 1710 1086 quam
1740 1013 1902 1070 ﬁliam
1931 1029 2018 1070 re-

422 1115 506 1186 gis
536 1111 746 1168 Pharao
781 1110 1044 1167 derivatio
1092 1109 1324 1166 nominis
1353 1123 1472 1166 esse
1502 1109 1863 1176 demonstrat;
1894 1124 2017 1164 nam

416 1217 473 1265 et
493 1217 620 1263 tunc
647 1205 858 1262 Pharao
890 1247 903 1272 ,
937 1205 1079 1260 inter
1107 1212 1299 1260 caetera
1324 1204 1590 1259 honorum
1622 1212 1676 1258 et
1701 1215 2019 1259 remunera-

416 1300 622 1356 tionum
650 1341 664 1368 ,
692 1295 858 1354 ﬁliam
892 1311 1105 1369 quoque
1132 1297 1188 1352 in
1215 1297 1614 1352 matrimonium
1661 1296 1710 1352 ei
1759 1295 2010 1351 dederat.

418 1393 525 1451 Sed
577 1393 699 1464 quia
747 1389 798 1448 et
844 1391 985 1447 feras
1024 1399 1080 1447 et
1129 1389 1378 1446 homines
1403 1389 1585 1446 colere
1629 1397 2015 1460 susceperant,

416 1497 701 1556 utramque
728 1485 919 1540 faciem
945 1485 998 1539 in
1029 1483 1426 1540 unumAnubin
1445 1483 1811 1550 contulerunt,
1836 1484 1888 1537 in
1909 1495 2019 1554 quo

422 1590 630 1638 natura:
661 1580 1094 1649 conditionisque
1140 1591 1251 1634 sua:
1281 1575 1459 1648 potius
1498 1583 1812 1647 argumenta
1851 1575 2030 1631 videri

417 1683 602 1748 posset
626 1686 974 1730 consecrasse
1017 1685 1149 1742 gens
1198 1671 1412 1738 rixosa',
1445 1669 1556 1726 suis
1585 1661 1804 1740 regibus
1831 1685 2022 1726 recon-

418 1777 565 1823 trans
604 1766 713 1838 (b),
753 1766 804 1820 in
839 1764 1106 1820 extraneis
1149 1761 1376 1832 dejecta,
1415 1775 1545 1818 sane
1566 1771 1619 1818 et
1639 1763 1759 1833 gula
1777 1771 1830 1818 et
1851 1775 2012 1835 Spur-

417 1861 684 1917 citia......
708 1859 870 1930 etiam
896 1857 1039 1912 servi
1071 1859 1208 1928 ipsa.

490 1952 545 2009 9.
585 1948 712 2007 Haec
759 1948 1053 2006 secundum
1107 1947 1426 2018 tripertitam
1496 1946 2014 2018 dispositionem

420 2043 714 2101 divinitatis
742 2051 834 2097 aut
871 2043 1080 2096 notiora
1107 2047 1197 2094 aut
1223 2039 1514 2110 insigniora
1542 2039 1864 2111 digessimus
1886 2083 1901 2108 ,
1958 2051 2017 2097 ut

419 2137 590 2210 possit
612 2137 722 2207 jam
753 2135 920 2192 videri
950 2135 1080 2190 satis
1108 2148 1427 2204 responsum
1470 2132 1538 2188 de
1591 2133 1814 2206 physico
1843 2149 2009 2204 gene-

419 2247 509 2297 rc,
543 2229 612 2286 de
639 2230 885 2300 poetico,
917 2227 982 2284 de
1035 2227 1303 2299 gentibus.
1354 2227 1419 2282 Et
1447 2227 1698 2298 quoniam
1728 2229 1904 2284 omnis
1930 2242 2020 2284 su-

423 2317 669 2394 perstitio
703 2319 779 2392 (2)
804 2362 819 2387 ,
847 2333 956 2375 non
983 2318 1094 2389 jam
1137 2315 1580 2389 philosophorum
1610 2333 1707 2373 nec
1734 2328 2015 2388 poetarum

432 2434 536 2477 nec
563 2415 882 2488 populorum
909 2457 924 2483 ,
973 2430 1002 2468 a
1033 2413 1223 2486 quibus
1255 2410 1446 2467 tradita
1473 2418 1555 2467 est
1577 2454 1590 2478 ,
1623 2411 1717 2468 sed
1738 2411 2020 2469 dominan-

424 2511 559 2566 tium
585 2509 978 2572 Romanorum,
1013 2503 1206 2573 quibus
1224 2512 1480 2574 occupata
1509 2511 1612 2570 est,
1637 2505 2018 2560 auctoritatem

421 2602 523 2658 sibi
555 2599 822 2654 exstruxit
854 2640 868 2665 ,
912 2597 1014 2652 alia
1061 2595 1171 2666 jam
1217 2595 1372 2650 nobis
1400 2593 1630 2650 ineunda
1674 2604 1757 2650 est
1800 2593 2018 2651 humani

424 2694 626 2752 erroris
651 2692 874 2748 latitudo
902 2734 915 2756 ,
955 2689 1064 2745 imo
1091 2686 1224 2744 silva
1270 2687 1522 2743 caedenda
1556 2729 1572 2754 ,
1619 2703 1738 2759 qua:
1785 2689 2018 2760 undique

421 2785 697 2856 conceptis
720 2783 1160 2872 superstitionum
1176 2780 1470 2836 seminibus
1488 2779 1601 2836 vitii
1631 2782 1913 2851 pueritiam
1931 2782 2012 2856 (5)

422 2878 786 2935 obumbravit.
807 2875 914 2932 Sed
940 2882 993 2930 et
1019 2871 1384 2928 Romanorum
1405 2871 1536 2928 deos
1575 2871 1745 2928 Varro
1770 2873 2016 2930 bifariam

423 2973 684 3044 diSposuit
709 2971 942 3027 incertos
969 2973 1023 3025 et
1037 2966 1260 3024 electos.
1281 2963 1504 3021 Tantam
1528 2966 1853 3022 vanitatem!
1879 2965 2016 3037 Quid

422 3068 564 3125 enim
591 3074 705 3125 erat
723 3065 828 3121 illis
858 3078 980 3120 eum
1020 3059 1238 3118 incertis
1259 3103 1273 3129 ,
1307 3060 1350 3117 si
1374 3069 1550 3118 certos
1581 3061 1848 3118 habebant
1867 3063 1890 3116 ?
1910 3062 2012 3119 nisi

2049 1880 2098 1941 B

2123 556 2205 611 nis
2253 571 2342 614 ara
2373 569 2454 616 est
2500 561 2750 634 inscripta
2787 561 3030 635 :iguotis
3075 565 3218 621 deis.
3262 565 3404 622 Colit
3448 579 3578 637 ergo
3605 567 3728 638 quis

2121 649 2265 720 quod
2292 650 2539 722 ignorat?
2559 654 2694 711 Tum
2723 655 2768 710 si
2787 669 2960 712 certos
3002 658 3304 728 habebant,
3337 660 3575 715 contenti
3605 674 3729 717 esse

2121 739 2442 814 debuerunt,
2472 759 2572 802 nec
2589 746 2788 803 electos
2817 747 3148 806 desiderare.
3178 749 3238 805 in
3269 765 3373 822 quo
3395 751 3557 806 etiam
3585 751 3724 806 irre-

2120 829 2293 903 iigiosi
2310 833 2800 906 deprehenduntur.
2822 839 2880 896 Si
2911 841 3051 896 enim
3081 840 3165 896 dei
3215 853 3272 896 ut
3311 840 3456 898 bulbi
3503 841 3574 915 (c)
3630 857 3725 898 se-

2103 922 2382 996 liguntur,
2413 929 2502 1000 qui
2527 945 2634 986 non
2667 931 2998 1004 seiiguntur,
3035 934 3253 1003 reprobi
3288 935 3718 1006 pronuntiantur.

2122 1015 2232 1073 Nos
2259 1033 2388 1075 vero
2410 1021 2654 1078 bifariam
2684 1024 3055 1082 Romanorum
3085 1026 3217 1083 deos
3245 1029 3687 1100 recognoscimus
3709 1069 3726 1096 ,

2124 1126 2436 1171 communes
2462 1126 2515 1171 et
2553 1119 2804 1188 proprios
2833 1161 2846 1185 ,
2895 1119 2947 1174 id
2989 1128 3073 1176 est
3101 1161 3115 1188 ,
3149 1135 3285 1191 quos
3309 1136 3429 1177 cum
3479 1123 3729 1180 omnibus

2125 1203 2354 1275 habent,
2387 1216 2442 1262 et
2468 1224 2600 1279 quos
2627 1210 2728 1279 ipsi
2757 1219 2882 1266 sunt
2925 1214 3237 1269 commenti.
3270 1214 3336 1269 Et
3363 1215 3622 1286 numquid
3652 1216 3715 1272 hi

2125 1308 2250 1353 sunt
2279 1301 2476 1369 publici
2505 1311 2558 1357 et
2578 1303 3039 1361 adventitiidicti?
3071 1307 3182 1362 lioc
3210 1307 3352 1363 enim
3377 1324 3486 1363 erae
3505 1298 3724 1377 docent,

2123 1387 2535 1448 ‘adventitiorum
2582 1393 2649 1449 ad
2679 1393 2858 1450 fanum
2888 1397 3079 1452 Carnze
3099 1439 3114 1465 ,
3157 1399 3496 1470 publicorum
3527 1401 3578 1454 in
3605 1402 3722 1471 ipa-

2124 1477 2270 1534 iatio.
2305 1480 2481 1550 Quare
2501 1499 2622 1539 cum
2643 1499 2956 1543 communes
2983 1488 3090 1555 dei,
3110 1504 3267 1561 quam
3298 1490 3542 1562 physico,
3563 1507 3723 1562 quam

2125 1571 2179 1627 in
2203 1573 2439 1645 mythico
2468 1577 3014 1647 comprehendantur,
3044 1588 3223 1635 actum
3253 1589 3334 1636 est
3358 1581 3468 1650 jam
3509 1582 3578 1637 de
3607 1583 3727 1639 istis

2124 1667 2427 1736 speciebus.
2465 1670 2538 1725 De
2568 1672 2801 1742 propriis
2829 1672 3182 1730 dicere....et.
3217 1674 3296 1730 De
3320 1675 3580 1731 Romanis
3605 1684 3721 1731 stu-

2127 1775 2346 1828 peamus
2378 1805 2393 1828 ,
2445 1764 2661 1819 tertium
2694 1765 2831 1820 illud
2854 1782 3022 1836 genus
3061 1766 3334 1822 hostilium
3375 1767 3603 1825 deorum

2126 1864 2191 1905 eo
2213 1852 2354 1922 quod
2381 1854 2526 1910 nulla
2568 1870 2699 1926 gens
2727 1857 2828 1911 alia
2867 1866 3071 1914 tantum
3101 1859 3202 1915 sibi
3223 1860 3624 1930 superstitionis
3648 1862 3724 1919 in-

2127 1943 2331 1997 venerit
2474 1946 2606 2001 duas
2640 1948 2849 2018 species
2879 1949 3160 2021 dirigimus
3185 1993 3200 2020 ,
3231 1952 3365 2008 alios
3393 1952 3461 2008 de
3489 1951 3724 2009 homini-

2121 2033 2220 2090 bus
2241 2047 2568 2108 assumptos,
2600 2039 2734 2095 alios
2776 2039 2902 2097 inde
2923 2053 3233 2113 conceptos.
3277 2043 3441 2114 igitur
3467 2047 3722 2116 quoniam

2122 2125 2264 2182 idem
2310 2128 2416 2184 illis
2443 2130 2595 2185 color
2621 2132 2860 2202 suppetit
2889 2135 3315 2192 consecrationis
3341 2147 3682 2193 mortuorum
3707 2181 3724 2208 ,

2080 2303 2082 2306 τ
2121 2229 2368 2290 tanquam
2383 2221 2452 2276 ob
2483 2225 2668 2278 merita
2687 2223 2831 2290 vitae,
2849 2225 3093 2282 eamdem
3114 2236 3167 2282 et
3189 2242 3288 2284 nos
3309 2229 3722 2300 responsionem

2122 2327 2454 2384 opponamus
2510 2330 2755 2372 necesse
2788 2327 2906 2384 est,
2952 2320 3225 2375 neminem
3277 2335 3340 2375 ex
3392 2320 3474 2376 his
3513 2337 3728 2394 quoque

2124 2406 2256 2460 tanti
2283 2405 2467 2461 fuisse.
2497 2405 2708 2464 Patrem
2738 2407 3048 2480 diligentem
3097 2407 3306 2466 Enean
3337 2412 3722 2483 crediderunt,

2123 2495 2350 2552 militem
2408 2512 2682 2570 nunquam
2731 2498 3070 2570 gloriosum,
3121 2501 3297 2573 lapide
3340 2502 3719 2571 debilitatum;

2121 2590 2262 2661 quod
2291 2591 2455 2647 telum
2487 2602 2743 2662 quantum
2775 2594 3017 2666 vulgare,
3046 2603 3207 2666 atque
3236 2597 3488 2651 caninum
3522 2639 3537 2663 ,
3570 2607 3740 2656 tanta“

2122 2681 2358 2754 ignobile
2383 2683 2577 2738 vulnus
2598 2684 2611 2740 !
2631 2684 2735 2741 Sed
2757 2693 2810 2742 et
2837 2686 3077 2757 proditor
3105 2687 3288 2759 patrize
3315 2688 3520 2745 Eneas
3542 2691 3623 2762 (ἁ)
3648 2691 3728 2748 ἰη-

2122 2777 2360 2844 venitur;
2391 2786 2496 2832 tam
2518 2775 2740 2846 Encas,
2767 2795 2926 2850 quam
2955 2782 3310 2838 Antenor.Ac
3331 2782 3376 2838 si
3405 2781 3510 2838 hoc
3535 2799 3724 2840 verum

2117 2871 2325 2937 nolunt,
2368 2868 2569 2926 Encas
2587 2881 2732 2927 certe
2757 2873 2928 2943 patria
2954 2871 3213 2945 flagrante
3239 2871 3524 2946 dereliquit
3549 2877 3725 2932 socios

2118 2963 2355 3020 foeminze
2383 2963 2596 3020 Punica:
2616 2961 2975 3034 subjiciendus
3007 2965 3074 3038 (ε)
3102 3008 3115 3032 ,
3145 2981 3263 3036 quae
3305 2968 3554 3022 maritum
3582 2967 3718 3023 Has-

2119 3056 2396 3115 drubalem
2451 3053 2641 3113 Euece
2689 3056 2975 3114 timiditate
3021 3057 3412 3130 supplicantem
3438 3059 3582 3116 hosti
3605 3075 3716 3116 non

1647 3178 2031 3238 LECTIONES
2062 3173 2479 3236 VARIANTES.

485 3300 561 3428 Et}
594 3296 777 3374 »ξίν-παπ
794 3299 884 3350 hoc
906 3313 952 3374 ιζ.
980 3300 1044 3350 Le
1067 3300 1224 3354 Prior.
1247 3295 1446 3354 mutavit
1477 3295 1529 3349 in
1552 3300 1930 3362 uolutat-essetne.

511 3364 539 3414 3
593 3362 766 3428 Rigalt.
782 3364 1080 3416 substitutio.

511 3362 560 3426 2)
593 3362 766 3431 Rigalt.
782 3364 1080 3416 substitutio.

2053 3295 2098 3359 ί]
2195 3291 2270 3357 (3)
2306 3291 2425 3344 Cod.
2452 3303 2544 3341 ms.
2563 3287 2696 3341 vitiis
2719 3290 3041 3354 pueritatem,
3075 3287 3250 3355 Rigalt.
3274 3291 3380 3343 vitii
3413 3291 3730 3356 pueritatem.

1796 3463 2356 3525 COMMENTARIUS.

500 3583 581 3656 (a)
610 3583 758 3652 Quod
780 3585 872 3640 sub
899 3601 1054 3641 manu
1076 3585 1186 3656 ejus
1212 3589 1581 3651 compressam:
1622 3578 2016 3656 Egyptiorugt.

425 3654 490 3712 In
513 3652 619 3710 nis.
649 3657 841 3728 legitur
865 3699 878 3721 ,
909 3658 1058 3723 Quod
1083 3652 1174 3714 sub
1202 3675 1357 3712 manu
1386 3658 1502 3728 eius
1522 3652 1895 3728 compressatur
1915 3652 2020 3708 ΧΕ-

430 3725 735 3801 gyptioruui.
770 3729 826 3782 in
872 3739 1123 3800 promptu
1171 3728 1272 3801 fuit
1315 3726 1654 3801 emendatio,
1687 3725 2016 3801 Compressa-

431 3796 531 3854 ius.
568 3797 705 3854 Nihil
736 3796 1095 3857 enim'deesse
1136 3800 1266 3856 mihi
1299 3799 1508 3854 videtur
1531 3815 1548 3860 ;
1575 3803 1667 3850 aut
1694 3797 1738 3851 si
1769 3796 1894 3866 quid
1925 3797 2019 3851 de-

428 3886 609 3926 rasum
641 3871 802 3926 fuerit
830 3874 883 3926 in
914 3883 1152 3927 extrema
1186 3873 1324 3927 linea
1355 3879 1472 3940 post
1501 3869 1826 3940 dictionem,
1863 3868 2014 3936 Ejus,

429 3943 561 3998 nihil
583 3942 725 3998 aliud
742 3941 903 3998 fuerit
923 3959 1080 4014 quam
1101 3942 1226 3998 Esse
1249 3985 1265 4011 ,
1294 3939 1383 3998 aut
1405 3939 1532 4012 quid
1554 3939 1837 4014 ejusmodi.
1856 3940 2018 3994 Com-

430 4023 732 4084 pressatum
761 4015 888 4070 dicit
913 4012 1277 4070 Tertullianus
1296 4057 1310 4081 ,
1343 4029 1440 4084 pro
1461 4012 1744 4084 vexatione
1772 4026 1888 4084 qua:
1919 4026 2019 4084 op-

431 4074 683 4157 pressura
731 4095 845 4158 erat
874 4085 1160 4158 Egyptum
1184 4128 1197 4152 ,
1232 4074 1476 4158 ιὶιἸτήὺᾳι
1518 4082 1681 4158 latina
1713 4074 1889 4136 Versio
1918 4074 2021 4137 Ge-

432 4154 549 4212 nes.
579 4171 698 4226 cap.
731 4157 821 4212 41.
855 4154 1026 4213 Sic—in
1053 4160 1240 4229 Scorp.
1276 4171 1392 4226 cap.
1423 4154 1842 4229 3._1l_luuus_erat
1869 4163 2023 4224 super

431 4229 549 4283 illos
579 4229 632 4281 in
651 4225 796 4282 mala
816 4269 830 4293 ,
857 4238 904 4284 et
930 4225 1252 4298 compressuti
1281 4225 1396 4283 sunt
1420 4227 1586 4282 ualde.
1614 4226 1689 4279 LE.
1707 4225 1804 4298 Pin.

505 4298 584 4370 (b)
618 4299 840 4371 Regibus
860 4302 966 4355 suis
996 4294 1310 4355 recenti-aus.
1342 4300 1677 4371 Recontrans
1705 4296 1854 4360 dicit,
1879 4294 2022 4371 quod

434 4369 575 4426 (elati
630 4369 740 4426 sui:
791 4371 1017 4442 proximi
1071 4373 1379 4442 scriptores;
1412 4369 1638 4442 dixere,
1679 4369 2018 4442 contrariam.

434 4442 587 4510 Quod
642 4438 820 4498 autem
875 4442 961 4498 hic
991 4441 1059 4498 de
1105 4438 1305 4499 Judmis
1354 4440 1673 4510 Septimius,
1705 4438 1757 4493 id
1802 4440 2023 4510 omnino

434 4508 772 4584 Lampridius
797 4514 867 4570 de
896 4514 1186 4570 Gallicanis
1213 4508 1481 4568 mentibus
1509 4512 1563 4566 in
1595 4509 1898 4584 Alexandro
1928 4508 2024 4564 Se-

2121 3597 2234 3640 rem
2265 3583 2455 3640 feceris
2482 3581 2807 3652 superﬂuam
2840 3588 3002 3654 atque
3021 3581 3275 3654 inutilem
3294 3623 3308 3650 ,
3331 3591 3521 3638 verum
3554 3589 3610 3639 et
3633 3581 3716 3639 di-

2121 3656 2328 3726 vinitati
2363 3669 2583 3724 prorsus
2625 3653 2956 3711 indecorant.
2989 3653 3103 3709 Hoc
3129 3655 3364 3726 primum
3392 3665 3716 3726 argumento

2123 3725 2412 3798 Septimius
2453 3734 2653 3798 noster_
2684 3727 2916 3798 Deorum
2963 3727 3170 3780 turbam
3199 3725 3485 3798 proﬂigati;
3510 3742 3635 3782 mox
3663 3736 3720 3782 et

2125 3796 2418 3853 Varronem
2449 3813 2513 3852 ex
2551 3796 2706 3851 turba
2737 3797 3047 3865 seligentem
3090 3796 3389 3866 praecipuos
3409 3839 3423 3863 ,
3455 3797 3720 3867 irreligio-

2123 3884 2242 3924 sum
2270 3883 2390 3925 esse
2415 3869 2568 3934 dicit;
2596 3869 2697 3923 hoc
2722 3868 2864 3939 enim
2893 3867 3147 3939 nongsine
3172 3868 3501 3939 reliquorum
3527 3868 3727 3939 injuria

2123 3940 2350 4006 fecisse,
2381 3956 2518 4012 quos
2568 3954 2691 3995 esse
2733 3938 2952 4010 quidem
3000 3938 3139 3995 Deos
3176 3938 3485 4012 censuerit,
3529 3938 3722 3996 verum

2124 4011 2748 4083 dignitate’inl‘eriores,
2779 4021 2871 4064 aut
2919 4019 3206 4083 potestate.
3256 4011 3366 4083 llos
3418 4013 3580 4082 igitur
3610 4027 3721 4067 non

2126 4081 2330 4138 tantum
2374 4083 2653 4138 inofliciosi
2679 4125 2692 4145 ,
2723 4097 2909 4154 verum
2954 4091 3012 4136 et
3051 4082 3218 4154 iresze
3241 4081 3542 4138 divinitatis
3584 4099 3722 4154 que-

2125 4156 2237 4210 rela
2263 4169 2458 4226 agere:
2489 4157 2748 4209 adversus
2795 4153 3065 4226 hominem
3097 4153 3165 4208 de
3190 4151 3304 4226 Diis
3343 4153 3586 4223 judicare
3606 4151 3717 4209 'au-

2126 4241 2278 4297 sum,
2308 4225 2464 4296 'quasi
2495 4226 2634 4280 Deus
2678 4241 2796 4297 non_
2834 4225 2905 4278 sit
2923 4226 3069 4297 ,_nisi
3117 4225 3201 4279 cui
3251 4226 3413 4279 homo
3453 4226 3716 4297 propitius

2126 4296 2310 4362 fuerit;
2331 4295 2483 4368 quod
2510 4310 2640 4351 sane
2666 4305 2750 4351 est
2774 4295 2912 4368 Deos
2939 4295 3139 4368 habere
3165 4305 3422 4366 tanquam
3457 4295 3724 4368 fungos...

2126 4365 2464 4439 pratensibus
2527 4369 2728 4433 Optima
2778 4365 2962 4439 fungis
2990 4365 3201 4439 _Natura
3249 4365 3361 4436 est,
3391 4369 3532 4439 aliis
3556 4365 3721 4424 'male

2124 4436 2384 4506 creditur,
2425 4439 2502 4495 ait
2548 4439 2820 4494 Horatius.
2866 4436 3006 4506 Quid
3051 4447 3228 4493 autem
3261 4438 3402 4494 aliud
3431 4440 3568 4494 velle
3594 4455 3718 4495 cum

2126 4510 2327 4567 Electis
2355 4511 2466 4566 suis
2486 4509 2784 4566 Varronem
2801 4550 2817 4576 ,
2841 4511 2944 4564 nisi
2971 4509 3158 4565 electis
3181 4510 3289 4566 illis
3315 4511 3573 4581 optimam
3595 4523 3722 4566 esse

435 4581 584 4674 vero.
618 4585 1158 4674 Gallicauw'mentes,
1184 4594 1239 4674 ult
1267 4601 1321 4639 se
1347 4584 1529 4637 habent
1555 4582 1738 4674 ,ndura:
1775 4597 1836 4634 ac
1863 4589 2026 4636 retro-
2048 4612 2104 4674 Β
2129 4583 2364 4674 numinis
2393 4591 2635 4674 naturam
2660 4597 2676 4646 ;
2704 4581 2826 4635 aliis
2856 4582 2995 4674 male
3032 4581 3228 4674 credi]
3257 4581 3411 4649 Quod
3440 4596 3571 4674 vero
3591 4583 3720 4674 atti-

435 4657 635 4728 grada’,
665 4665 711 4710 et
740 4655 1301 4728 swpeglmperatoribus
1333 4669 1532 4728 graues.
1563 4652 1681 4728 lito.

508 4728 584 4798 (c)
623 4729 686 4783 Si
709 4721 843 4783 enim
871 4727 970 4783 Dei
986 4721 1052 4781 ἰιι
1091 4727 1227 4782 bulbi
1251 4721 1696 4798 _seliguntm_°.iloc
1711 4721 2025 4798 Tertulliani

437 4793 642 4872 dictum
667 4799 739 4872 ab,
761 4800 1061 4872 Augustino
1090 4793 1500 4872 reprehenditur
1529 4795 1580 4848 in
1614 4793 2026 4872 principioiibri

437 4870 549 4926 VII.
582 4870 649 4926 de
686 4863 973 4926 Civithei
995 4912 1010 4936 ,
1036 4878 1094 4926 ut
1137 4863 1386 4929 facetius.
1415 4881 1572 4936 quam
1615 4863 1816 4920 verius.
1857 4863 2028 4936 Video

438 4943 583 4997 enim
609 4984 624 5005 ,
652 4942 862 5012 inquit,
892 4935 1055 4997 etiam
1103 4955 1170 4996 cx
1209 4935 1574 5005 selectis’eligi
1603 4937 1810 5012 aliquos
1833 4935 1899 4990 ad
1931 4937 2028 4990 ali-

438 5013 566 5085 quid
604 5009 777 5085 majus
820 5025 980 5085 atque
1008 5012 1387 5085 prtestan‘tius;
1420 5009 1767 5085 quamobrem
1813 5023 1919 5085 non
1958 5023 2026 5062 ex

437 5079 543 5140 hoc
565 5079 709 5153 quod
739 5085 817 5139 Dii
849 5079 912 5140 ei
949 5079 1134 5138 multis
1162 5082 1376 5153 quidam
1420 5079 1604 5153 selecti
1633 5086 1786 5153 sunt,
1818 5079 2024 5153 vitupeg

437 5150 596 5211 randi
618 5165 745 5211 sunt
771 5170 787 5222 ;
809 5156 905 5211 sed
934 5150 1464 5210 animadvertendum
1491 5152 1667 5221 potius
1696 5152 1912 5222 quinam
1937 5150 2024 5204 isti

437 5229 549 5282 sint
571 5236 628 5283 et
654 5228 721 5282 ad
754 5241 914 5298 quam
957 5241 1074 5281 rem
1099 5226 1289 5298 selecti
1335 5221 1820 5298 videantu_r.__Qu:e
1837 5235 2025 5290 reprc-

440 5299 661 5365 hensio,
687 5299 732 5354 si
771 5290 1079 5369 diligentius
1112 5297 1488 5369 examinetur,
1521 5293 1766 5369 subtilior
1793 5290 2026 5369 fortasse

436 5364 784 5441 iudicabitur.
814 5364 948 5441 Nam
987 5367 1128 5441 quod
1169 5365 1698 5441 animadvertendum
1722 5364 2023 5441 praecipit,

441 5435 658 5512 quinam
706 5441 794 5496 isti
833 5440 914 5496 Dii
957 5435 1096 5507 sint,
1117 5449 1174 5512 et
1213 5439 1279 5495 ad
1323 5454 1480 5511 quam
1519 5452 1633 5512 rem
1658 5436 1873 5512 selecti,
1905 5435 2030 5512 fecit

444 5507 549 5568 hoc
591 5527 722 5568 sane
765 5513 1062 5568 luculenter
1107 5507 1428 5582 Septimius,
1457 5520 1514 5565 et
1537 5507 1906 5582 Apologetico
1931 5507 2023 5582 illo

442 5583 716 5650 nobili,et
759 5585 908 5638 hisce
953 5582 1166 5652 quidem
1183 5577 1261 5637 'ad
1304 5581 1558 5637 Nationes
1590 5577 1759 5635 libris.
1803 5577 1910 5634 Sed
1939 5579 2024 5634 hic

446 5657 640 5710 merito
669 5654 806 5710 ridet
826 5651 1210 5709 Varronianam
1241 5654 1468 5710 Deorum
1493 5651 1836 5707 selectionem
1860 5691 1875 5718 ,
1901 5665 2024 5704 cum

446 5728 551 5790 uici
585 5726 724 5781 Deus
746 5741 850 5781 non
879 5727 1106 5788 debeat,
1130 5739 1308 5794 neque
1333 5739 1452 5779 esse
1472 5725 1641 5793 possit
1663 5763 1677 5786 ,
1709 5723 1810 5776 nisi
1837 5722 1928 5792 qui
1955 5722 2027 5777 sit

425 5799 599 5854 'solus
636 5799 974 5869 omnipotens
998 5838 1013 5861 ,
1046 5805 1278 5869 aeternus
1298 5796 1675 5869 ,immeusus,
1701 5794 2022 5869 indel'essus.

453 5870 590 5927 Huic
617 5884 744 5927 vero
771 5864 1022 5929 comitem
1068 5867 1127 5931 si.
1159 5867 1372 5926 dederis
1419 5876 1512 5924 aut
1550 5866 1804 5925 vicarium
1825 5901 1842 5935 ,
1871 5864 2028 5937 plane

2130 4661 2222 4708 net
2245 4653 2311 4708 ad
2339 4652 2582 4721 exempla
2609 4667 2728 4722 quae
2755 4652 3163 4721 reprehensioni
3189 4666 3300 4707 suae
3336 4651 3723 4707 conﬁrmandm

2128 4723 2286 4780 affert
2333 4724 2697 4794 Augustinus,
2727 4723 3014 4779 videndum
3055 4737 3123 4778 an
3161 4723 3479 4779 conveniant
3525 4722 3719 4794 divini-

2129 4797 2260 4862 tati,
2293 4796 2407 4852 sive
2426 4793 2548 4850 Deo
2565 4835 2582 4860 ,
2609 4794 2695 4851 cui
2722 4797 2996 4865 proprium
3017 4803 3100 4850 est
3127 4794 3340 4850 unicum
3367 4808 3488 4848 esse
3517 4793 3718 4848 solum.

2130 4865 2314 4937 Itaque
2341 4882 2408 4922 ex
2440 4866 2698 4921 militibus
2749 4866 2964 4935 quidem
3009 4866 3278 4936 eliguntur
3315 4865 3404 4937 qui
3437 4865 3565 4918 ﬁant
3583 4879 3723 4937 Acen-

2131 4935 2411 5004 turioues;
2443 4951 2510 4992 ex
2540 4937 2818 5002 fidelibus,
2850 4937 2940 5006 qui
2972 4935 3102 4992 fiant
3138 4936 3411 5006 praepositi
3444 4953 3459 4988 :
3487 4951 3553 4990 ex
3582 4935 3722 5006 lapi-

2129 5009 2316 5074 dibus,
2344 5010 2432 5080 qui
2465 5010 2592 5064 liant
2633 5007 2947 5080 angulares,
2971 5021 3081 5080 nec
3109 5017 3391 5077 propterea
3422 5014 3600 5062 tamen
3627 5022 3719 5063 re-

2129 5082 2256 5152 liqui
2287 5079 2540 5136 dicuntur
2557 5079 2864 5152 reprobari,
2891 5079 3016 5145 quia
3047 5093 3238 5150 nempe
3261 5080 3449 5152 horum
3477 5080 3722 5134 omnium.

2129 5145 2410 5222 disciplina
2437 5159 2521 5207 est
2543 5193 2558 5220 ,
2587 5145 2647 5206 ut
2684 5149 2876 5222 ordine
2908 5163 2972 5204 ac
3012 5145 3272 5217 potestate
3297 5145 3718 5222 distinguantur.

2129 5225 2200 5280 At
2223 5219 2388 5280 Deum
2410 5219 2556 5289 esse,
2589 5238 2694 5278 non
2717 5221 2906 5291 recipit
2927 5230 2980 5275 τὸ
2999 5229 3175 5288 μᾶλλον
3204 5225 3287 5274 καὶ
3313 5231 3365 5276 τὸ
3387 5227 3550 5283 ἧττον.
3596 5219 3723 5277 Rm.

2201 5315 2511 5390 (d)_§edﬂet
2551 5316 2781 5390 proditor
2805 5313 2986 5390 putria:
3004 5311 3226 5390 _/_E_neas.
3259 5313 3464 5390 Encas
3499 5315 3589 5371 ille
3637 5314 3732 5390 qui

2131 5383 2269 5461 pius'
2297 5387 2517 5460 Virgilio
2537 5383 2560 5461 ,⁷
2581 5387 2668 5442 hic
2699 5384 2959 5461 proditor
2987 5383 3223 5461 dicitur,
3262 5383 3722 5461 Statimque‘rat'io

2133 5457 2433 5531 subjicitur,
2465 5459 2588 5530 quia
2619 5457 2896 5531 ardentem
2925 5457 3151 5531 patriam
3178 5457 3442 5525 deseruit,
3475 5467 3528 5513 et
3561 5457 3720 5531 Dido-

2127 5526 2248 5587 neni
2294 5526 2499 5587 Sichcei
2536 5530 2690 5602 regis
2719 5526 2954 5602 viduam.
2977 5526 3187 5602 Caetera
3216 5531 3413 5602 quaxrin
3444 5530 3718 5602 sequenti-5

2126 5604 2226 5660 bus
2268 5603 2554 5672 habentur,
2583 5599 2764 5656 multis
2803 5607 2970 5654 tracta
2995 5609 3120 5655 sunt
3149 5601 3200 5676 in
3223 5599 3456 5673 Apolog.‘
3493 5599 3614 5670 cap.
3644 5599 3716 5656 25

2127 5685 2182 5731 et
2207 5676 2297 5731 50.
2324 5673 2401 5730 Lr:
2425 5675 2520 5727 Pn.
3191 5679 3193 5683 ·

2127 5685 2182 5732 et
2207 5685 2297 5731 50.
2325 5685 2401 5730 LP:
2425 5685 2520 5727 i’n.

2202 5767 2276 5840 (ε)
2301 5764 2778 5844 remotarum
2795 5765 3302 5838 subjiciendusdnfra
3327 5753 3604 5826 {caminum
3632 5781 3732 5844 puv

2129 5838 2303 5899 nicain
2329 5838 2650 5899 censendus.
2689 5839 2812 5898 Rm.
