4150 6352
429 329 538 388 599

1831 309 2297 374 TERTULLJANI

3624 315 3732 376 600

433 458 543 501 non
570 443 820 500 comitata
849 480 864 506 ,
897 436 1064 511 raptis
1089 449 1274 496 secum
1301 433 1446 505 ﬁliis,
1477 431 1707 492 formam
1737 439 1792 490 et
1819 441 2028 505 patrem
2056 429 2112 492 A
2133 428 2346 487 Editus
2371 441 2580 488 ctenam
2619 429 2837 489 Herculi
2879 427 3166 505 dependit,
3205 438 3446 490 scortum
3488 431 3734 491 Larenti-

443 536 549 593 sihi
579 534 776 590 habere
800 547 905 588 non
936 532 989 587 in
1019 529 1198 602 fugam
1226 529 1385 600 sapit,
1407 528 1500 585 sed
1540 529 1593 584 in
1616 527 1767 600 ignes
1795 524 2034 582 ardentis

436 627 776 698 Carthaginis
799 634 858 681 ut
883 625 936 680 in
962 624 1242 695 amplexus
1268 621 1453 694 patria:
1473 621 1744 692 pereuntis
1768 617 2032 675 incubuit.

435 721 564 778 Pius
591 719 792 775 Aineas
812 718 882 774 ob
899 718 1111 772 unicum
1143 730 1366 786 puerum
1398 722 1454 770 et
1473 712 1801 783 decrepitum
1822 725 2031 779 senem,

434 813 654 868 Priamo
691 821 747 867 et
802 811 1126 882 Astyanacte
1166 807 1459 864 destitutis.
1517 806 1712 878 Atquin
1773 805 2031 862 Romanis

435 905 609 976 magis
637 903 1021 970 detestandus,
1052 903 1142 974 qui
1171 918 1268 975 pro
1295 902 1466 958 salute
1504 900 1805 973 principum
1836 909 1893 957 et
1933 900 2031 956 do-

434 981 558 1054 mus
585 1011 771 1053 eorum
799 995 1056 1053 adversus
1085 996 1285 1052 liberos
1325 1005 1379 1050 et
1403 995 1658 1066 conjuges
1686 1002 1742 1049 et
1769 1007 1928 1050 omne
1955 994 2033 1064 pi-

434 1105 573 1161 gnus
603 1104 758 1145 suum
790 1081 1052 1160 dejerant.
1075 1087 1365 1145 Consecrat
1391 1087 1560 1143 ﬁlium
1591 1087 1831 1150 Veneris,
1861 1086 2034 1145 ethoc

437 1182 711 1238 Vulcanus
737 1181 914 1236 sciens
935 1181 1134 1251 patitur
1150 1188 1204 1235 et
1230 1178 1369 1235 Juno
1392 1177 1657 1234 concedit.
1685 1177 1934 1234 Siveredi
1953 1178 2032 1250 (a)

435 1281 717 1345 parentum
732 1272 786 1327 in
803 1272 944 1328 coelo
963 1271 1172 1336 sedent,
1191 1285 1287 1326 cur
1303 1286 1407 1325 non
1429 1269 1602 1338 potius
1617 1269 2033 1340 Argivijuvenes

438 1367 527 1424 dei
557 1365 746 1435 habiti,
775 1366 919 1438 quod
951 1375 1202 1431 matrem,
1233 1378 1300 1420 ne
1326 1363 1378 1418 in
1406 1364 1576 1418 sacris
1607 1363 1872 1434 piaculum
1895 1377 2037 1418 com-

437 1459 854 1530 mitteret,’plus
875 1472 1033 1529 quam
1058 1457 1291 1512 humano
1321 1469 1471 1510 more
1516 1455 1724 1526 jugales
1772 1469 2036 1524 provexe-

436 1553 602 1610 runt?
628 1567 726 1608 cur
755 1567 860 1606 non
893 1551 1062 1622 magis
1088 1551 1207 1615 dea,
1231 1565 1350 1620 qua:
1381 1550 1550 1619 magis
1568 1549 1674 1619 pia,
1701 1549 1788 1602 illa
1817 1549 1920 1603 ﬁlia
1945 1563 2037 1619 pa-

436 1646 538 1701 tris
563 1645 614 1699 in
655 1658 875 1699 carcere
906 1644 1043 1698 fame
1070 1641 1262 1697 defecti
1289 1641 1548 1696 uberibus
1573 1641 1686 1696 suis
1716 1641 1988 1696 cducatrix
2013 1641 2036 1696 ?

435 1734 576 1804 Quid
601 1734 746 1790 aliud
779 1733 967 1790 Eneti:
1004 1735 1295 1805 gloriosum
1317 1777 1333 1800 ,
1371 1734 1474 1788 nisi
1505 1733 1646 1804 quod
1697 1734 1884 1803 prtelio
1917 1735 2032 1789 lau-

435 1828 650 1884 reutino
696 1840 960 1897 nusquam
999 1825 1336 1896 comparuit?
1379 1824 1589 1881 Rursus
1618 1823 1841 1879 forsitan
1873 1824 2034 1881 solito
2061 1849 2111 1910 Β

434 1937 589 1978 more
619 1921 770 1992 quasi
801 1921 1048 1976 desertor
1075 1936 1106 1976 e
1132 1919 1318 1990 proelio
1349 1919 1560 1989 fugerit.
1588 1918 1854 1974 Romulus
1883 1935 2036 1990 aeque

435 2022 563 2087 post
587 2021 818 2070 mortem
843 2012 1000 2078 deus,
1030 2013 1076 2068 si
1107 2012 1229 2082 quia
1250 2013 1438 2068 urbem
1480 2011 1719 2067 condidit
1745 2011 1899 2078 deus,
1943 2026 2034 2066 us-

438 2121 544 2177 que
573 2107 628 2162 in
656 2106 926 2173 foeminas,
968 2104 1180 2160 urbium
1197 2114 1463 2160 auctores.
1492 2103 1635 2161 Sane
1676 2103 1938 2160 Romulus
1981 2114 2038 2161 et

434 2197 660 2254 fratrem
692 2197 960 2254 interfecit
986 2205 1043 2254 et
1071 2198 1274 2252 alienas
1291 2197 1522 2266 virgines
1538 2196 1663 2254 dolo
1684 2197 1876 2267 rapuit.
1899 2197 2025 2254 Ideo

432 2289 686 2358 Quirinus
725 2299 836 2354 est,
868 2289 990 2358 quia
1015 2296 1141 2343 tunc
1169 2288 1479 2358 parentibus
1499 2288 1813 2358 quiritatum
1843 2297 1926 2345 est
1940 2304 2037 2360 per

431 2378 606 2435 illum.
651 2380 790 2449 Quid
838 2380 1118 2435 Sterculus
1143 2379 1220 2449 (ὁ)
1261 2379 1459 2434 meruit
1478 2378 1545 2434 ad
1575 2378 1910 2435 divinitatem
1935 2381 1958 2435 ?
1979 2381 2036 2438 Si

431 2488 591 2544 agros
611 2473 943 2530 stercoribus
967 2472 1212 2529 Juvando
1241 2472 1473 2543 diligens
1501 2472 1621 2540 fuit,
1646 2471 1768 2543 plus
1795 2471 1901 2526 ﬁmi
1927 2473 2036 2528 Au-

428 2564 546 2636 gias
568 2563 898 2620 conferebat.
917 2561 974 2618 Si
1003 2561 1222 2618 Faunus
1247 2561 1362 2618 Pici
1389 2561 1532 2618 ﬁlius
1572 2562 1624 2617 in
1648 2561 1738 2631 jus
1763 2561 1834 2635 (ο)
1862 2563 2034 2635 agita-

432 2655 593 2711 batur
621 2665 802 2710 mente
826 2655 984 2721 ictus,
1008 2655 1183 2710 curari
1199 2669 1322 2709 eum
1350 2655 1522 2724 magis
1547 2669 1707 2724 quam
1727 2655 2032 2711 consecrari

431 2747 676 2804 decebat.
707 2749 764 2804 Si
790 2748 958 2803 Fauni
1008 2748 1116 2802 ﬁlia
1163 2748 1419 2816 pudicitia
1447 2747 1823 2818 praecellebat,
1877 2757 2034 2806 utne

432 2850 846 2897 conversaretur
885 2841 1101 2912 quidem
1148 2841 1288 2896 inter
1316 2840 1491 2906 viros,
1524 2849 1618 2895 aut
1659 2839 1906 2896 barbaria
1943 2851 2034 2898 aut

432 2932 762 2987 conscientia
790 2931 1144 2987 deformitatis
1188 2941 1279 2986 aut
1302 2930 1502 2987 rubore
1523 2930 1746 2987 insania;
1773 2941 2030 3002 paternae,

443 3033 646 3096 quanto
674 3023 888 3095 dignior
917 3023 1056 3079 bona
1079 3024 1180 3080 dea
1209 3023 1475 3095 Penelopa
1499 3065 1514 3091 ,
1541 3040 1662 3095 quae
1687 3025 1828 3080 inter
1855 3027 2032 3082 utilis-

433 3116 602 3172 simos
623 3125 892 3171 amatores
908 3115 1198 3181 diversata,
1225 3115 1504 3172 obsessam
1522 3117 1822 3172 castitatem
1850 3127 2033 3175 tenere

432 3209 708 3279 protexit?
738 3208 836 3263 Est
883 3217 938 3264 et
985 3219 1205 3264 sanctus
1232 3250 1247 3276 ,
1305 3217 1523 3280 prepter
1558 3209 1973 3282 hospitalitatem
2000 3226 2032 3266 a

431 3313 562 3370 rege
601 3299 777 3355 Plotio
821 3299 1004 3356 fanum
1053 3309 1408 3356 consecutus:
1446 3300 1620 3372 potuit
1655 3310 1712 3357 et
1753 3301 1938 3359 Ulixes
1963 3302 2033 3360 de

433 3391 826 3448 humanissimo
846 3392 1070 3448 Alcinoo
1092 3407 1256 3450 unum
1284 3383 1516 3464 amplius
1543 3392 1703 3450 deum
1724 3393 1877 3450 vobis
1909 3407 2034 3451 con-

429 3485 636 3542 tulisse.

501 3577 594 3633 10.
621 3576 704 3659 Ad
747 3576 969 3635 foediora
1017 3579 1233 3635 festino.
1281 3577 1398 3634 Non
1439 3578 1626 3650 puduit
1651 3587 1897 3637 auctores
1938 3595 2031 3637 vc-

429 3677 573 3725 stros
593 3667 660 3725 de
679 3669 967 3726 Larentina
986 3670 1066 3744 (l)
1110 3673 1283 3742 palam
1312 3672 1489 3729 facere
1514 3670 1617 3746 (ά).
1646 3673 1892 3730 Scortum
1916 3674 2031 3732 haec

428 3765 764 3820 meritorium
786 3764 907 3832 fuit,
925 3765 1042 3822 sive
1064 3765 1190 3822 dum
1211 3767 1426 3823 Romuli
1443 3767 1644 3836 nutrix,
1664 3776 1716 3823 et
1739 3768 1862 3824 ideo
1881 3769 2026 3841 lupa,

425 3856 552 3925 quia
589 3865 863 3920 scortum;
891 3858 1005 3913 sive
1037 3857 1162 3912 dum
1201 3857 1446 3914 Herculis
1474 3859 1644 3915 amica
1685 3869 1805 3928 est,
1829 3870 1883 3916 et
1917 3861 2028 3930 jam

426 3949 627 4004 mortui
658 3948 924 4016 Herculis,
953 3950 1004 4006 id
1021 3959 1122 4016 est,
1143 3950 1252 4021 jam
1277 3951 1383 4006 dei.
1404 3951 1536 4006 Nam
1560 3951 1756 4021 ferunt,
1775 3953 2030 4010 aedituum

427 4040 548 4109 ejus
573 4041 746 4097 solum
779 4041 920 4100 forte
942 4043 994 4098 in
1028 4044 1144 4099 aede
1167 4043 1387 4100 calculis
1407 4045 1678 4101 ludentem
1708 4054 1766 4100 ut
1793 4047 1895 4102 sibi
1918 4047 2031 4102 col-

427 4131 689 4198 lusorem,
712 4147 873 4203 quem
895 4149 1001 4190 non
1023 4134 1273 4201 habebat,
1298 4145 1846 4206 repraesentaret,una
1868 4151 2030 4192 manu

427 4221 676 4278 Herculis
701 4223 952 4292 nomine,
985 4224 1089 4280 alia
1115 4240 1181 4280 ex
1225 4241 1319 4280 sua
1365 4240 1599 4296 persona
1643 4225 1819 4281 lusum
1843 4228 2026 4297 inisse,

424 4317 475 4372 si
506 4316 621 4386 ipse
642 4315 858 4371 vicisset
885 4357 897 4382 ,
923 4318 1203 4384 '_coenulam
1234 4329 1289 4374 et
1328 4319 1620 4374 scortulum
1651 4334 1717 4375 ex
1760 4319 2029 4390 stipitibus

423 4408 673 4465 Herculis
720 4420 990 4477 sumeret;
1024 4412 1070 4465 si
1105 4426 1235 4467 vero
1282 4411 1573 4480 Hercules,
1622 4412 1676 4468 id
1710 4422 1793 4468 est
1840 4428 2029 4471 manus

2138 537 2263 579 nam
2292 523 2580 580 conducit:
2610 533 2792 581 cernat
2814 524 2952 598 ignis
2970 567 2984 591 ,
3012 525 3103 597 qui
3132 523 3224 582 Sol
3247 566 3264 594 ,
3301 532 3358 581 et
3395 525 3564 597 ipsius
3592 526 3732 583 Her-

2136 617 2272 674 culis
2299 617 2624 675 co.......nia
2669 633 2761 674 ara
2789 617 3143 688 consumpsit.
3182 617 3471 674 Larentina
3518 617 3575 674 in
3614 618 3732 676 :rde

2135 711 2250 767 sola
2294 710 2705 768 dormit......de
2743 711 2962 768 lenonio
3008 709 3135 766 ludo
3169 709 3378 780 jactitat
3412 724 3474 767 se
3507 712 3733 768 somniis

2138 802 2350 859 Herculi
2372 801 2632 870 functam,
2654 812 2709 858 et
2733 803 2922 875 potuit,
2954 802 3081 858 dum
3107 803 3287 859 animo
3315 803 3730 874 contemplatur,

2137 897 2348 952 somnio
2375 896 2502 966 pati.
2534 894 2668 951 Eam
2697 895 2766 952 de
2785 895 2901 952 aede
2921 894 3354 969 progredientem
3379 911 3537 953 mane
3557 899 3734 967 primo

2137 985 2353 1057 quidam
2382 985 2721 1055 adolescens,
2748 985 2936 1042 tertius
2960 986 3102 1058 quod
3143 987 3292 1042 aiunt
3318 986 3581 1044 Hercules
3601 1003 3733 1046 con-

2136 1079 2396 1150 cupiscit,
2426 1079 2492 1135 ad
3315 1080 3369 1137 id
3402 1080 3601 1138 dictum
3631 1084 3733 1140 sibi

2137 1173 2206 1230 ab
2244 1172 2505 1238 Hercule,
2528 1174 3015 1245 utique.............
3047 1183 3288 1230 ceautur.
3319 1173 3436 1230 Non
3458 1175 3600 1231 enim
3628 1175 3733 1231 im-

2139 1281 2282 1339 pune
2967 1268 3090 1323 dem
3118 1282 3332 1339 quoque
3358 1267 3576 1336 scribit;
3603 1283 3730 1326 mox

2139 1359 2229 1414 illa
2256 1373 2390 1430 prop
2829 1375 2926 1430 per
2951 1359 3234 1416 Herculem
3258 1359 3434 1416 fuerat
3458 1350 3724 1426 insecuta,

2139 1463 2737 1520 agrum.................
2760 1450 3088 1506 divinitatem
3114 1458 3169 1506 et
3196 1450 3408 1506 filiabus
3433 1451 3544 1506 suis
3567 1492 3582 1517 ,
3604 1468 3739 1522 quas

2141 1553 2198 1598 ut
2225 1544 2366 1614 ipsas
2969 1544 3114 1599 dium
3146 1559 3177 1598 a
3205 1543 3586 1600 Larentiniana
3617 1545 3733 1601 Ro-

2139 1649 2422 1690 manorum
2451 1636 2666 1690 numina
2691 1635 3096 1707 digni...........
3124 1636 3237 1690 sola
3264 1635 3334 1692 de
3363 1644 3441 1690 tot
3479 1636 3735 1693 uxoribus

2141 1726 2354 1784 Herculi
2384 1741 2528 1790 cara,
2556 1727 2671 1783 sola
2694 1727 2839 1782 enim
2876 1726 3269 1783 dives..........
3300 1741 3364 1782 or
3388 1727 3588 1783 Cerere
3615 1744 3736 1796 qua:

2139 1829 2352 1876 mortuo
2374 1821 2588 1892 placuit.
2620 1819 2724 1875 Tot
2742 1820 3001 1891 exemplis
3022 1827 3076 1875 et
3105 1834 3462 1875 vo............
3486 1820 3607 1889 quis
3628 1835 3735 1876 non

2141 1914 2274 1968 deus
2299 1912 2553 1968 afflrmari
2582 1912 2793 1984 potuit?
2817 1913 2950 1980 Qttis
2987 1911 3221 1983 denique
3244 1911 3477 1967 Antinoo
3521 1921 3740 1968 contro-

2141 2007 2372 2064 versiam
2398 2005 2696 2061 divinitatis
2729 2005 2967 2077 agitavit,
3012 2003 3155 2076 quod
3193 2003 3444 2060 decorior
3464 2003 3738 2077 Ganyme-

2139 2100 2236 2156 des
2270 2100 2342 2172 (e)
2371 2111 2460 2155 aut
2488 2099 2666 2156 carior
2689 2113 2788 2156 suo
2804 2097 3256 2170 amatori....(2)?
3282 2097 3438 2169 Apud
3465 2112 3561 2153 vos
3592 2114 3738 2154 mor-

2137 2193 2248 2249 tuis
2271 2192 2502 2260 cmlum,
2533 2192 2676 2248 viam
2707 2191 2776 2247 ab
2811 2191 2994 2247 inferis
3020 2191 3088 2246 ab
3126 2198 3270 2246 astra
3296 2189 3580 2262 subigitur.
3611 2190 3742 2247 l’as-

2140 2295 2460 2342 s..........ta
2483 2285 2795 2342 ascendunt.
2815 2284 2894 2340 Ne
2905 2283 3127 2340 multum
3143 2283 3341 2356 putetis
3353 2298 3451 2340 vos
3479 2291 3740 2356 praestare

2139 2378 2354 2450 regibus
2384 2377 2596 2433 vestris.

2211 2469 2326 2524 Non
2348 2468 2580 2525 contenti
2597 2481 2691 2524 eos
2707 2467 2840 2525 deos
2857 2481 3190 2533 asseverare,
3219 2467 3310 2539 qui
3327 2465 3426 2522 visi
3452 2475 3615 2532 retro,
3641 2481 3738 2521 au.

2139 2561 2237 2618 diti
2267 2560 2692 2632 contrectatique
2717 2569 2862 2624 sunt,
2894 2573 3122 2630 quorum
3167 2558 3374 2630 efﬁgies
3412 2558 3734 2629 descriptm,

2141 2653 2354 2724 negotia
2400 2652 2645 2723 digesta,
2695 2651 2957 2706 memoria
2995 2659 3318 2722 propagata,
3369 2649 3587 2706 umbras
3608 2664 3736 2706 nes-

2137 2747 2225 2803 cio
2249 2743 2789 2816 quasincorporales,
2827 2742 3167 2809 inanimales,
3205 2752 3260 2797 et
3304 2741 3524 2797 nomina
3552 2740 3624 2797 de
3648 2756 3736 2796 re-

2138 2838 2242 2895 bus
2265 2838 2559 2909 efllagitant
2595 2837 2835 2909 deosque
2879 2837 3129 2893 sanciunt
3150 2877 3166 2902 ,
3196 2835 3496 2892 dividentes
3519 2849 3736 2892 omnem

2138 2941 2337 2988 statum
2365 2931 2600 2987 hominis
2637 2930 2861 3002 singulis
2898 2929 3251 3001 potestatibus
3278 2929 3344 2984 ab
3373 2929 3490 3000 ipso
3518 2928 3734 2999 quidem

2140 3025 2276 3080 uteri
2311 3031 2604 3094 conceptu,
2630 3032 2690 3078 ut
2740 3023 2785 3077 si
2831 3022 2965 3078 deus
3003 3019 3305 3077 Conscvius
3346 3019 3596 3092 quidam,
3644 3020 3737 3090 qui

2139 3115 2543 3174 consationibus
2595 3112 3026 3171 concubitalibus
3076 3113 3301 3184 prtesit,
3330 3120 3387 3166 et
3438 3111 3732 3174 Fluvioua,
3782 3171 3798 3182 .

2137 3223 2256 3281 quas
2277 3207 2535 3262 infantem
2561 3206 2614 3261 in
2636 3215 2789 3262 utero
3015 3204 3141 3261 hinc
3169 3205 3455 3260 Vitumnus
3474 3243 3490 3269 ,
3513 3212 3570 3258 et
3595 3202 3732 3258 Sen-

2137 3303 2302 3367 tinns,
2327 3315 2423 3371 per
2447 3314 2606 3370 quem
2627 3297 2852 3354 viviscat
2881 3297 3058 3352 infans
3077 3307 3134 3352 et
3157 3296 3372 3352 sentiat.
3389 3312 3512 3351 :
3541 3294 3738 3350 dehinc

2135 3393 2442 3463 Diespiter,
2488 3389 2579 3462 qui
2625 3405 2849 3462 puerum
2899 3389 3157 3460 perducat
3209 3387 3278 3444 ad
3322 3397 3556 3459 partum.
3597 3386 3736 3442 Cum

2134 3488 2518 3559 prin...........
2559 3491 2617 3540 et
2667 3483 3040 3552 Candelifera,
3095 3482 3350 3555 quoniam
3403 3479 3468 3536 ad
3495 3479 3737 3536 candela:

2133 3584 2337 3640 lumina
2367 3582 2662 3654 pariebant,
2695 3588 2750 3636 et
2796 3594 3236 3651 qtue.............
3271 3590 3502 3632 ...-....us
3552 3573 3758 3629 dicta-

2135 3678 2396 3734 Perverse
2419 3683 2573 3731 natos
2605 3681 2898 3729 ..........to
2927 3672 3110 3728 Prosae
3138 3669 3432 3726 carmentis
3460 3681 3584 3724 esse
3605 3681 3734 3737 pro-

2735 3767 2882 3824 etab
2918 3766 3078 3822 effatu
3109 3765 3356 3830 Farmus,
3387 3770 3442 3818 et.
3481 3761 3600 3817 aliis
3627 3776 3656 3814 a
3685 3760 3738 3815 lo

2496 3877 2621 3918 nem
2651 3860 2717 3916 ad
2749 3859 3044 3916 cavendum
3073 3856 3464 3913 sumministrat

2135 3957 2216 4013 rix
2243 3966 2299 4012 et
2322 3955 2562 4017 Albana,
2594 3963 2650 4010 et
2688 3968 2790 4009 una
2841 3951 3089 4007 Rucinia.
3125 3949 3314 4004 Mirum
3625 3960 3734 4000 non

2135 4063 2258 4104 esse
2297 4047 2564 4118 provisos.
2624 4044 2832 4101 Exinde
2867 4053 2922 4101 et
2953 4043 3113 4114 primi
3137 4041 3242 4096 cibi
3283 4055 3404 4096 sum

2135 4139 2323 4194 Patina
2351 4146 2406 4192 et
2436 4136 2605 4192 Eluda
2625 4177 2640 4204 ,
2668 4145 2724 4191 et
2752 4134 3021 4191 statuendi
3071 4132 3288 4188 infantis
3316 4129 3691 4186 sta.........do
3717 4169 3733 4193 ,

2135 4231 2354 4286 Aheona
2372 4269 2387 4294 ,
2411 4237 2466 4283 et
2493 4227 2837 4283 Domiducam
2859 4267 2874 4294 ,
2913 4234 2969 4281 et
3011 4224 3207 4281 habent
3231 4220 3658 4278 Edeam.......a:
3681 4229 3737 4275 et

2133 4323 2350 4378 malam.
2373 4322 2505 4378 Item
2534 4322 2821 4378 voluntatis
2845 4362 2860 4385 ,
2888 4319 3238 4383 Volumnum,
3267 4317 3732 4373 Voletam.........

2134 4419 2500 4484 Paventinam,
2521 4416 2758 4482 Pavoris,
2782 4416 2930 4487 Spei,
2959 4413 3265 4479 Venilliam;
3291 4410 3598 4484 voluptatis,
3635 4410 3737 4465 \"o~

425 4499 618 4566 altera,
651 4499 842 4555 eadem
871 4499 1084 4556 Herculi
1112 4502 1412 4559 exhiberet.
1439 4502 1582 4558 Vicit
1605 4519 1794 4560 manus
1817 4505 2023 4562 Hercu-
2048 4516 2102 4576 ])
2128 4510 2575 4582 lupiam.....n|i:n
2599 4551 2612 4576 ,
2641 4509 2999 4573 Praestitiam;
3032 4521 3186 4576 aeque
3223 4505 3291 4560 ab
3319 4513 3442 4560 actu
3461 4544 3477 4572 ,
3509 4503 3738 4574 Perage-

427 4589 785 4665 lis(quoque
830 4593 1004 4664 potuit
1055 4591 1339 4649 duodecim
1366 4594 1533 4650 titulis
1583 4597 1702 4666 ejus
1727 4596 2020 4670 adscribi).

2132 4621 2320 4663 norem
2351 4623 2364 4660 :
2396 4619 2426 4659 a
2458 4603 2701 4660 consiliis
2726 4601 2999 4666 Consum;
3022 4599 3298 4671 juventam
3319 4639 3335 4667 ,
3363 4599 3625 4654 novorum
3651 4605 3733 4652 to-

1661 4708 2047 4775 LECTIONES
2086 4717 2493 4778 VARIANTES.

427 4838 432 4841 _
484 4798 560 4873 (hu
595 4797 1327 4873 Εἱαᾳιιιῐιεειιιιθῃιίαιςεῖαίροι,
1355 4800 1433 4852 15.

2131 4812 2370 4866 amatori?
2392 4812 2543 4863 Patet
2577 4810 2705 4876 apud
2733 4823 2820 4862 vos
2848 4833 2910 4848 -—
2932 4808 3180 4874 subigitis.
3199 4808 3392 4862 Passim
3429 4809 3497 4860 ita
3520 4808 3738 4860 catamiti

492 4860 583 4928 (2)_
602 4860 920 4928 Gothofredus
943 4860 1255 4928 husrtac'zmas
1277 4863 1346 4928 sic
1366 4863 1604 4928 expiarit:
1622 4869 1821 4918 amatori
1842 4867 2028 4922 fuerit?
2130 4860 2418 4926 asceuduut:

430 4945 490 4960 -
510 4923 761 4987 subigitisl
781 4925 965 4976 Passim
990 4923 1070 4975 alii
1089 4928 1153 4976 ita
1168 4923 1454 4977 ascendunt.
1476 4936 1676 4980 Haverc.
1696 4929 1762 4980 ad
1778 4931 1919 4996 Apol.
1943 4935 2019 4984 l3.

1799 5014 2353 5080 COMMENTARIUS.

505 5119 587 5194 (a)
627 5115 694 5178 Si
714 5120 880 5180 veredi
927 5133 1220 5197 parentum.
1245 5123 1306 5180 In
1334 5124 1504 5197 Agob.
1533 5123 1629 5180 lib.
1651 5123 1865 5197 legitur,
1892 5131 1937 5183 si
1961 5132 2035 5186 bi-

430 5202 578 5263 septe
621 5204 909 5263 parentum.
929 5195 1104 5251 'Forte
1125 5211 1195 5250 an
1237 5195 1516 5266 scripSerit
1559 5195 1877 5266 Septimius,
1906 5202 2035 5257 vice-

433 5274 601 5340 porta:
627 5275 913 5340 parentum.
941 5267 1059 5325 Hoc
1083 5275 1199 5334 est,
1230 5267 1321 5336 qui
1350 5274 1599 5335 parentes
1624 5282 1653 5319 a
1683 5269 1876 5340 quibus
1902 5286 2029 5340 por-

430 5335 532 5409 tati
558 5337 967 5409 suntLvieissim
1003 5345 1213 5407 portant
1237 5335 1391 5394 Senio
1413 5351 1603 5409 graves
1627 5354 1642 5402 ;
1670 5335 1812 5408 quod
1839 5335 2029 5399 fecisse

427 5403 626 5460 dicitur
649 5405 872 5462 Encas.
903 5403 1027 5466 th'.

497 5474 583 5549 (b)
609 5477 909 5549 _Sterculus.
935 5477 1104 5549 ,Vetus
1129 5479 1412 5549 scriptura,
1433 5479 1722 5536 Slercolus.
1749 5481 1864 5536 th.

498 5545 572 5621 (e)
599 5545 672 5621 In
677 5548 768 5618 jus
783 5548 1091 5619 agitabatur.
1111 5545 1304 5604 Contra
1331 5545 1417 5621 jus
1440 5552 1642 5621 fasque.
1676 5552 1796 5607 th.

497 5617 581 5687 (d)
622 5617 743 5671 Neu
779 5617 1207 5687 puduitauctores
1239 5617 1424 5675 vestros
1461 5625 1524 5675 de
1539 5617 1887 5676 Laurentino.
1920 5624 2016 5679 Ea-

426 5687 828 5764 demlizccerat
853 5689 1176 5764 propudiosa
1200 5691 1393 5764 mulier
1419 5707 1540 5764 cum
1560 5691 1721 5764 Flora
1750 5693 1837 5747 illa
1860 5710 1890 5748 a
1911 5711 2012 5764 qua

422 5757 627 5832 f_loralia
657 5759 798 5832 dicta
843 5757 991 5832 sunt.
1035 5758 1255 5832 Variant
1301 5760 1389 5832 hic
1440 5762 1661 5832 Critici:
1694 5763 1877 5832 legunt
1924 5757 2015 5821 alii

421 5827 738 5886 Laurentina
761 5868 779 5900 ,
807 5843 904 5888 seu
941 5829 1217 5886 Laurentio
1236 5845 1255 5900 ;
1294 5830 1386 5888 alii
1425 5845 1554 5890 vero
1596 5827 1878 5899 Lareﬁtia;
1921 5836 2014 5894 alii

2137 5137 2299 5210 etiam
2326 5137 2665 5210 distinguunt
2691 5138 2832 5196 inter
2856 5137 3070 5195 Floram
3099 5147 3155 5196 et
3182 5139 3485 5197 Larentiam
3511 5182 3526 5207 ,
3558 5139 3738 5198 Minu-

2113 5207 2194 5263 ⁵ῑὶί
2244 5209 2412 5264 felicis
2454 5207 2777 5281 Atestitnouio
2817 5210 2936 5265 fulti
2984 5211 3074 5281 qui
3104 5213 3212 5269 ait:
3243 5212 3384 5268 Sane
3406 5213 3606 5267 etAcca
3631 5212 3743 5268 La-

2134 5281 2330 5350 rentia,
2365 5290 2413 5334 et
2442 5279 2608 5350 Floro
2655 5282 2941 5336 meretrices
2981 5279 3308 5350 prapudiosae
3332 5323 3346 5348 ,
3373 5284 3505 5339 inter
3534 5284 3741 5342 morbos

2133 5349 2486 5405 Romanorum
2507 5361 2552 5404 et
2577 5349 2714 5405 Deos
2740 5349 3114 5420 computandae.
3149 5353 3226 5408 LE
3251 5353 3351 5409 Pu.

2204 5441 2281 5515 (e)
2318 5441 2469 5508 Quod
2489 5442 2718 5498 decorior
2743 5443 3081 5515 Ganymedes.
3110 5447 3165 5503 ld
3196 5447 3335 5504 inter
3359 5457 3602 5505 veterum
3633 5451 3738 5509 de.

2131 5512 2414 5587 liraruenta
2445 5528 2730 5587 commune
2757 5512 2931 5572 estde
2955 5532 3054 5573 suo
3080 5518 3242 5587 Jove,
3272 5520 3414 5577 unde
3443 5519 3603 5576 Ovid.
3634 5525 3736 5582 lib.

2120 5581 2188 5638 Χ.
2232 5584 2584 5656 Metamorph.
2609 5602 2624 5639 :

2208 5721 2576 5796 Reit‘superum
2598 5723 2797 5796 Phrygii
2812 5725 3054 5796 quoniam
3077 5728 3376 5796 Ganymedis
3397 5745 3571 5786 amore

2211 5787 2371 5864 Arsit,
2397 5794 2451 5864 et
2463 5787 3059 5864 iuveutumiestaliquid,
3085 5787 3215 5857 quod
3237 5793 3439 5859 Jupiter
3466 5811 3603 5864 esse,

2212 5850 2366 5906 Quam
2387 5847 2518 5912 quod
2537 5855 2662 5911 erat,
2685 5847 2875 5902 mallet.
