4150 6352
383 314 487 372 601

1666 310 1759 367 an
1794 306 2134 372 NATIONES
2169 265 2300 374 Lte.
2341 315 2406 374 ιι.

3578 321 3691 381 602

381 437 664 504 gatorum;
695 423 930 486 virorum
955 427 1065 499 iam
1085 469 1101 498 .
1128 426 1343 485 fortuna
1384 423 1979 498 horminum-“nuptia-
2003 427 2058 488 A
2086 430 2288 488 incesta
2315 430 2699 503 prohiberent,
2725 443 2826 490 nec
2854 446 2972 506 qute
2991 432 3334 506 parricidium
3361 433 3684 510 plecterent.

381 523 523 580 libus
562 521 848 579 disseram.
880 521 1164 578 Aﬁ‘erenda
1201 531 1284 578 est
1327 520 1396 576 ab
1436 517 1721 575 afferendis
1768 517 1984 574 dotibus

382 617 627 674 ordinata
659 614 944 682 .......dor,
979 625 1032 670 et
1077 615 1327 691 Mutunus
1373 623 1429 669 et
1464 612 1708 668 Tutunus
1764 610 1878 682 (α),
1929 617 1986 666 et

382 710 483 768 dea
508 709 768 781 pertunda
787 749 802 774 ,
851 718 904 763 et
927 707 1178 780 Subigus,
1207 715 1262 764 et
1280 707 1611 776 ,Prema...“
1643 704 1866 775 parcite,
1892 701 1980 759 dei

384 800 759 873 impudentes,
799 800 1127 858 luctantibus
1175 800 1388 873 sponsis
1419 815 1576 856 nemo
1620 797 1972 854 intervenit...

383 911 612 968 quorum
642 904 826 952 votum
857 904 940 952 est
960 896 1090 952 foris
1117 895 1412 967 gaudentes
1437 894 1760 950 erubescunt
1780 892 1876 964 (l).

452 992 542 1048 η.
583 992 651 1047 Et
695 1006 926 1062 quonam
953 1005 1121 1062 usque
1150 989 1364 1047 deos
1388 989 1512 1061 quia
1560 987 1930 1044 disserendum
1959 1028 1976 1054 ,

379 1085 566 1158 quales
584 1083 715 1140 deos
731 1083 1064 1152 receperitis,
1084 1093 1336 1154 quantum
1350 1082 1502 1138 vobis
1518 1095 1685 1138 erus..
1697 1122 1733 1136 ..
1753 1079 1977 1136 Rideam

379 1176 692 1243 vanitatem,
718 1190 785 1230 an
835 1173 1152 1245 exprobrem
1189 1174 1514 1240 caecitatem,
1555 1180 1640 1229 est
1690 1171 1976 1228 admodum

380 1269 685 1324 inccrtum..
731 1264 863 1321 Nam
910 1273 1041 1336 quot
1086 1265 1218 1322 deos
1249 1307 1265 1331 ,
1322 1274 1376 1320 et
1403 1279 1536 1336 quos
1565 1263 1749 1336 utique
1775 1262 1976 1335 produ-

377 1360 536 1417 cam?
566 1357 819 1429 majores,
843 1373 910 1412 an
941 1365 997 1414 et
1024 1357 1256 1414 minores
1284 1357 1360 1428 (b)
1388 1357 1413 1412 ?
1441 1366 1671 1424 veteres,
1699 1371 1766 1412 an
1796 1366 1851 1411 et
1876 1371 1974 1412 ne-

378 1455 575 1511 vitios?
606 1467 783 1510 mares
805 1494 820 1519 ,
848 1467 916 1508 an
946 1461 1002 1508 et
1044 1452 1328 1509 fmminas?
1377 1452 1628 1518 caelibes,
1669 1467 1737 1507 an
1778 1459 1832 1506 et
1879 1451 1930 1508 le
1954 1491 1970 1518 ,

542 1549 796 1616 artifices,
829 1563 897 1604 an
919 1557 975 1603 et
997 1546 1232 1604 inertes?
1251 1547 1502 1612 rusticos,
1528 1561 1596 1601 an
1625 1555 1680 1602 et
1705 1543 1972 1600 urbanos?

369 1643 542 1709 cives,
573 1657 642 1698 an
673 1651 728 1698 et
754 1641 1083 1713 peregrinos.
1119 1639 1223 1695 Tot
1248 1639 1390 1696 enim
1419 1639 1654 1705 familize,
1689 1647 1768 1694 tot
1797 1637 1973 1693 natio-

371 1751 470 1792 nes
497 1749 689 1790 sensus
711 1735 850 1790 bona
877 1732 982 1789 ﬁde
1007 1743 1250 1804 quaerunt
1275 1772 1291 1799 ,
1323 1743 1380 1788 ut
1407 1731 1597 1802 dispici
1637 1738 1692 1786 et
1719 1723 1974 1801 distingui

2083 523 2270 596 Itaque
2297 525 2437 580 ﬁlios
2464 525 2602 581 virili
2628 539 2758 583 sexu
2780 527 3110 595 devorabat;
3141 527 3334 585 melius
3356 529 3492 600 ipse,
3521 546 3681 603 quam

2086 614 2192 685 lupi
2219 656 2234 681 ,
2265 615 2312 672 si
2337 628 2666 688 exponeret;
2720 617 2940 676 timebat
2961 620 3198 688 scilicet,
3229 637 3296 678 ne
3321 623 3441 693 quis
3467 624 3682 682 illorum

2085 707 2153 763 de
2181 717 2402 779 paterna
2433 709 2568 766 falce
2595 709 2888 767 didicisset.
2937 710 3074 768 Nato
3117 728 3243 770 mox
3284 723 3340 771 et
3379 715 3682 774 abalienato

2081 797 2234 867 Jove,
2259 814 2446 857 saxum
2472 801 2687 858 infantis
2711 804 2953 860 ementiti
2981 803 3277 876 deglutivit.
3312 807 3425 864 Hoc
3468 810 3680 881 ingenio

2082 890 2174 947 diu
2198 908 2440 962 securus,
2467 894 2682 950 tandem
2710 895 2819 951 ﬁlio
2838 937 2853 963 ,
2887 911 3045 966 quem
3076 897 3318 954 nondum
3341 899 3639 970 digesserat
3661 940 3677 966 ,

2083 983 2134 1038 in
2167 985 2403 1042 tenebris
2429 985 2610 1042 adulto
2657 1002 2947 1058 Oppressus
2986 1003 3256 1060 regnoque
3300 992 3540 1062 privatus
3569 1001 3675 1049 est.

2083 1075 2236 1132 llunc
2264 1077 2413 1134 vobis
2453 1079 2808 1149 patriarcham
2839 1079 3060 1136 deorum
3085 1121 3100 1146 ,
3143 1081 3350 1137 Coelttm
3390 1092 3444 1138 et
3471 1083 3633 1140 Terra
3656 1127 3674 1152 ,

2081 1169 2256 1240 poetis
2281 1169 2770 1238 obstetrieantibus,
2799 1181 3240 1242 procreaverunt.
3264 1173 3371 1229 Sed
3399 1174 3678 1244 eleganter

2079 1261 2296 1332 quidam
2342 1262 2444 1320 sibi
2487 1262 2735 1319 videntur
2786 1263 3153 1336 physiologice
3210 1281 3306 1336 per
3333 1267 3676 1337 allegorieam

2080 1356 2598 1426 argumentationem
2639 1357 2706 1413 de
2757 1357 2989 1414 Saturno
3031 1343 3407 1430 interpretari,
3469 1369 3678 1432 tempus

2076 1461 2217 1514 esse,
2245 1456 2298 1503 et
2320 1447 2439 1502 ideo
2468 1446 2672 1506 Caelum
2701 1458 2756 1505 et
2783 1449 3010 1524 Terram
3041 1463 3294 1523 parentes
3317 1495 3332 1518 ,
3363 1462 3419 1508 ut
3444 1462 3498 1510 et
3533 1455 3678 1525 ipsos

2077 1539 2268 1611 origini
2301 1541 2496 1608 nullos,
2524 1551 2578 1596 et
2605 1541 2726 1602 ideo
2750 1541 2999 1598 faleatum
3023 1585 3038 1608 ,
3076 1545 3199 1615 quia
3232 1555 3472 1615 tempore
3495 1548 3677 1602 omnia

2076 1631 2435 1703 dirimentur),
2472 1641 2527 1690 et
2551 1633 2672 1691 ideo
2696 1643 2998 1690 voratorem
3025 1649 3272 1702 suorum,
3327 1637 3467 1708 quod
3499 1640 3677 1694 omnia

2078 1743 2226 1784 exse
2250 1727 2393 1783 edita
2421 1728 2474 1782 in
2521 1743 2582 1784 se
2621 1728 2798 1800 ipsum
2837 1738 3136 1786 consumat.
3181 1729 3424 1787 Nominis
3465 1747 3678 1803 quoque

371 1826 710 1898 describique
736 1839 843 1881 non
890 1825 1126 1896 possint,
1182 1832 1242 1880 ut
1275 1833 1475 1896 quanto
1503 1824 1692 1879 diffusa
1719 1839 1807 1880 res
1854 1831 1970 1892 est,
2004 1845 2051 1906 Β
2080 1819 2444 1875 testimonium
2469 1822 2793 1892 compellant
2829 1839 2842 1876 :
2873 1822 3130 1877 Cronium
3152 1821 3352 1879 dictum
3378 1838 3552 1895 grzece
3572 1866 3586 1892 ,
3621 1833 3679 1880 ut

373 1928 520 1974 tanto
549 1917 960 1989 substringenda
978 1917 1131 1974 nobis
1158 1918 1282 1974 erit.
1332 1916 1400 1971 Et
1447 1916 1594 1982 ideo,
1648 1916 1766 1986 quis
1792 1915 1847 1971 in
1874 1915 1974 1971 ista

371 2013 552 2084 specie
578 2027 742 2068 unum
772 2021 984 2067 tuemur
1018 2011 1346 2082 propositum
1374 2009 1816 2075 demonstrandi,
1855 2009 1976 2066 illos

371 2120 560 2163 omnes
590 2105 835 2162 homines
863 2103 1025 2160 fuisse
1058 2122 1071 2159 :
1102 2118 1207 2159 non
1237 2103 1454 2175 quidem
1493 2111 1552 2157 ut
1599 2103 1935 2174 cognoscatis
1955 2144 1970 2170 ,

369 2219 496 2260 nam
515 2202 667 2274 quasi
692 2200 855 2257 oblita
879 2201 1054 2272 agitis,
1080 2199 1403 2270 compendio
1414 2199 1480 2254 ab
1503 2199 1616 2268 ipsa
1637 2196 1969 2268 despiciendi

369 2296 579 2352 ratione
616 2307 880 2348 summam
908 2292 1168 2363 originem
1191 2291 1406 2362 generis
1427 2291 1641 2345 illorum
1668 2299 1968 2346 retraetan-

373 2388 465 2446 do.
498 2386 663 2458 Origo
692 2385 835 2440 enim
884 2384 1047 2440 totius
1077 2383 1426 2454 posteritatis.
1455 2381 1530 2435 Ea
1558 2382 1711 2451 origo
1744 2379 1967 2437 deorum

372 2489 678 2536 vestrorum
708 2476 940 2534 Saturno
964 2517 980 2541 ,
1007 2484 1064 2530 ut
1085 2475 1302 2546 opinor,
1324 2475 1582 2546 signatur.
1621 2473 1804 2544 Neque
1824 2474 1968 2530 enim

367 2573 415 2629 si
441 2571 616 2627 Varro
640 2569 1041 2640 antiquissimos
1068 2567 1200 2624 deos
1238 2566 1453 2634 Jovem,
1486 2566 1752 2623 Junonem
1782 2575 1838 2623 et
1873 2566 1971 2622 Mi-

371 2677 595 2720 nervam
617 2661 800 2729 refert,
826 2660 980 2716 nobis
1005 2659 1270 2715 excidisse
1295 2658 1487 2724 debet,
1521 2673 1734 2714 omnem
1763 2666 1968 2730 patrem

366 2755 494 2811 ﬁliis
519 2751 896 2823 antiquiorem,
930 2759 1038 2805 tam
1067 2749 1354 2805 Saturnum
1382 2749 1543 2817 Jove,
1574 2764 1733 2821 quam
1760 2748 1968 2806 Coelum

364 2846 633 2910 Saturno;
665 2844 730 2900 de
745 2842 894 2900 C(elo
919 2844 1062 2899 enim
1089 2851 1142 2897 et
1182 2841 1346 2897 Terra
1377 2841 1661 2898 Saturnus.
1693 2839 1760 2896 Et
1791 2841 1968 2898 tamen

363 2941 498 2998 (Σωιί
523 2949 580 2995 et
609 2938 790 2995 Terra:
825 2937 1085 3009 originem
1125 2935 1338 2991 omitto.
1390 2934 1560 2990 Erant
1601 2933 1726 2990 inde
1753 2935 1970 2992 emlibes

365 3033 457 3091 diu
485 3042 539 3088 et
567 3031 706 3097 orbi,
736 3040 1022 3102 antequam
1069 3029 1246 3085 mariti
1277 3037 1333 3086 ct
1355 3037 1623 3098 parentes.
1657 3027 1840 3100 Longo
1869 3028 1974 3083 sci-

365 3126 491 3186 licet
509 3138 624 3180 ἱενο
643 3122 996 3199 crescendum
1025 3121 1126 3176 illis
1149 3119 1247 3176 fuit
1261 3120 1329 3174 ad
1351 3127 1548 3174 tantam
1566 3120 1972 3191 proceritatem.

2081 1911 2364 1978 Chronon;
2418 1928 2572 1984 teque
2594 1913 3008 1983 latinivoeahuli
3037 1930 3066 1969 a
3093 1915 3388 1972 sationibus
3415 1915 3676 1973 rationem

2082 2014 2279 2070 .....ut,
2310 2007 2398 2077 qui
2425 2021 2546 2061 eum
2570 2015 2963 2077 procreatorem
2984 2008 3356 2075 eonjectantur
3377 2049 3392 2075 ,
3436 2023 3532 2078 per
3552 2025 3675 2064 cum

2081 2101 2358 2156 seminalia
2385 2101 2506 2157 coeli
2550 2102 2600 2155 in
2637 2110 2834 2156 terram
2881 2100 3100 2157 deferri.
3146 2100 3314 2173 Opem
3343 2102 3673 2174 adjungunt,

2079 2194 2220 2268 quod
2248 2209 2406 2266 opem
2435 2194 2646 2250 videndi
2675 2195 2879 2250 semina
2909 2194 3190 2260 conferant
3210 2237 3224 2262 ,
3257 2207 3309 2251 et
3335 2196 3474 2267 quod
3513 2210 3677 2268 opere

2078 2289 2283 2346 semina
2308 2288 2558 2346 evadant.
2606 2288 2736 2357 Quae
2761 2305 2858 2346 oro
2883 2331 2899 2356 ,
2951 2289 3108 2360 hujus
3141 2289 3540 2346 translationem

2070 2397 2262 2454 ponas.
2281 2383 2389 2439 Aut
2409 2382 2668 2438 Saturnus
2691 2382 2810 2449 fuit,
2826 2391 2921 2438 aut
2947 2391 3178 2454 tempus.
3195 2383 3476 2452 Quomodo
3488 2384 3679 2441 Satur-

2074 2491 2177 2532 nus
2335 2476 2605 2546 quomodo
2633 2477 2878 2548 tempus?
2931 2476 3228 2547 Utrumque
3255 2478 3398 2532 enim
3427 2494 3531 2532 non
3577 2493 3675 2548 po-

2074 2575 2177 2632 tes,
2209 2569 2491 2639 corporale
2521 2568 2573 2623 in
2600 2583 2790 2625 eo.....
2834 2582 3002 2624 mare.
3026 2568 3162 2638 Quid
3182 2578 3362 2626 autem
3405 2570 3679 2642 prohibuit

2076 2667 2287 2728 tempus
2315 2659 2417 2714 coli
2441 2659 2493 2715 in
2519 2675 2615 2714 sua
2637 2660 2934 2730 qualitate?
3108 2659 3340 2717 hominis
3359 2702 3373 2725 ,
3403 2672 3496 2716 aut
3521 2661 3676 2718 fabu-

2073 2749 2178 2804 lam
2202 2749 2433 2806 hominis
2452 2792 2466 2818 ,
2487 2760 2578 2805 aut
2606 2750 2857 2807 famulam
2880 2751 3114 2808 hominis
3136 2753 3188 2808 in
3218 2769 3313 2809 sua
3336 2755 3536 2826 specie,
3568 2771 3675 2812 non

2075 2841 2129 2897 in
2161 2851 2431 2913 tempo....
2457 2842 2593 2911 Quid
2615 2843 2719 2899 sibi
2745 2843 2859 2900 vult
2884 2844 3174 2901 intcllectio
3203 2846 3300 2901 ista
3325 2886 3340 2912 ,
3374 2847 3473 2900 nisi
3506 2845 3677 2902 {tedas

2075 2919 2328 2991 materias
2346 2937 2582 2991 mentitis
2609 2936 3164 3006 argumentationibus
3185 2936 3469 2992 colorare?
3491 2939 3682 2994 Satur-

2077 3041 2205 3080 num
2235 3041 2404 3096 neque
2436 3025 2556 3082 ideo
2596 3027 2734 3097 qui..
2785 3026 2914 3082 d....
2961 3033 3195 3097 tempus,
3250 3037 3343 3081 aut
3389 3027 3514 3082 dum
3553 3044 3676 3084 cum

2077 3130 2288 3191 tempus
2328 3119 2479 3187 facis,
2519 3120 2630 3190 jam
2661 3133 2762 3176 nec
2804 3118 3079 3175 hominem
3116 3119 3194 3176 vis
3243 3120 3426 3176 fuisse.
3458 3121 3677 3178 Pla....s

367 3217 606 3287 Denique
635 3213 794 3271 simul
819 3213 984 3284 coepit
1007 3221 1063 3268 et
1087 3210 1239 3267 Coelo
1256 3227 1357 3266 vox
1385 3210 1711 3266 insolescere
1730 3210 1967 3266 etubera
1994 3205 2040 3268 C
2073 3214 2294 3270 omnino
2324 3213 2587 3270 Saturnus
2640 3213 2692 3268 in
2751 3213 2910 3268 terris
2950 3213 3200 3268 humana:
3236 3213 3508 3283 qualitatis
3535 3215 3677 3284 apud

363 3317 524 3365 terra:
574 3305 896 3377 lapilliseere
919 3345 936 3371 ,
986 3303 1188 3359 faciunt
1226 3303 1438 3373 nuptias
1465 3302 1607 3357 inter
1646 3315 1722 3356 se.
1752 3301 1966 3370 Credo,

362 3408 456 3456 aut
483 3398 692 3456 Caelum
712 3397 991 3454 descendit
1011 3396 1080 3452 ad
1105 3409 1382 3466 sponsam,
1411 3402 1504 3448 aut
1533 3392 1699 3449 Terra
1725 3393 1971 3449 ascendit

360 3491 430 3547 ad
456 3493 749 3562 sponsum!
783 3489 1040 3560 Concepit
1088 3499 1265 3557 tamen
1295 3486 1460 3543 Terra
1515 3485 1585 3542 de
1609 3486 1762 3542 Caelo
1788 3495 1840 3541 et
1871 3503 1969 3557 pe-

361 3583 505 3653 perit
545 3581 633 3636 illa
658 3580 826 3637 Athos
845 3623 860 3646 ,
913 3579 1084 3636 Athos
1109 3579 1396 3635 Saturnum
1419 3577 1555 3633 mira
1585 3577 1813 3632 ratione.
1848 3575 1969 3632 Utri

361 3681 645 3747 parentum
673 3672 909 3728 similis?
956 3670 1063 3728 Sed
1098 3681 1153 3727 et
1182 3669 1426 3741 peperit,
1467 3679 1613 3725 certe
1637 3678 1761 3724 ante
1775 3668 1965 3725 Satur-

360 3781 488 3822 num
519 3765 785 3822 neminem
806 3772 1242 3835 procreaverunt,
1261 3761 1364 3817 nisi
1391 3776 1548 3816 unam
1573 3770 1753 3831 postea
1770 3761 1962 3831 Opem,

358 3859 556 3916 exinde
579 3857 646 3913 de
673 3857 861 3914 subole
880 3867 1146 3912 cessatum
1159 3864 1261 3910 est.
1293 3852 1428 3908 Nam
1457 3851 1720 3908 Saturnus
1744 3851 1961 3923 quidem

358 3953 566 4012 Caelum
593 3952 851 4008 castravit
894 3951 1276 4006 dormientem.
1329 3947 1581 4018 Legimus
1626 3945 1835 4002 Caelum
1865 3959 1961 4015 ge-

358 4061 488 4102 nere
517 4045 842 4110 masculino;
871 4052 1124 4099 cmlerum
1158 4040 1426 4113 quomodo
1453 4047 1637 4109 pater,
1680 4039 1782 4093 nisi
1811 4053 1955 4094 mas-

357 4137 602 4192 culinus?
626 4135 733 4192 Sed
750 4144 804 4191 et
825 4134 963 4191 unde
986 4132 1368 4190 castrandum?
1397 4131 1506 4188 falx
1529 4131 1608 4186 illi
1629 4149 1644 4187 :
1664 4131 1768 4187 hoc
1793 4130 1955 4187 s..l...

355 4231 602 4289 Nondum
625 4231 767 4286 enim
807 4228 1079 4285 Vulcanus
1106 4228 1298 4284 artifex
1345 4227 1494 4284 ferri.
1520 4227 1685 4282 Terra
1712 4241 1843 4280 vero
1869 4241 1962 4280 or-

356 4326 479 4383 bata
507 4326 741 4392 distulit,
787 4325 885 4381 etsi
915 4321 1335 4392 adhucjuvenili
1375 4329 1566 4388 aetate,
1604 4320 1695 4376 alii
1736 4319 1958 4375 nubere.

355 4416 462 4477 Sed
508 4431 611 4474 nec
636 4416 866 4473 habebat
893 4416 1224 4472 Coelum.....
1268 4425 1447 4470 tamen
1498 4413 1602 4468 nisi
1633 4413 1777 4468 illam
1817 4413 1961 4469 Mare

354 4509 716 4580 amplectitur,
747 4508 839 4564 sed
868 4507 978 4564 olet
1005 4507 1328 4576 salsuginem
1351 4505 1953 4575 ....aquis-assueta.lta

2075 3314 2286 3362 veteres
2335 3307 2627 3362 memorias
2669 3316 3000 3362 recensetur.
3053 3307 3240 3362 Potest
3270 3305 3677 3377 incorporaliter

2073 3397 2204 3468 ﬁngi
2230 3397 2477 3468 quodvis,
2502 3398 2643 3469 quod
2673 3413 2780 3454 non
2807 3398 3237 3464 fueritomnino;
3266 3407 3421 3454 vacat
3442 3398 3675 3470 ﬁngendi

2075 3487 2258 3556 locus,
2292 3489 2379 3545 ubi
2417 3489 2614 3544 veritas
2635 3498 2735 3545 est.
2767 3487 2902 3544 Cum
2934 3496 3113 3546 autem
3149 3488 3436 3546 Saturnum
3467 3499 3678 3548 constat

2073 3580 2300 3646 vixisse,
2345 3579 2543 3636 frustra
2583 3580 2903 3647 demutatis;
2956 3595 3064 3636 non
3125 3582 3443 3638 conceditur
3487 3583 3672 3655 vobis,

2072 3687 2232 3744 quem
2259 3687 2362 3728 non
2403 3673 2668 3744 negabitis
2696 3673 2863 3728 fuisse
2885 3672 3158 3728 hominem
3183 3713 3196 3739 ,
3228 3673 3318 3743 qui
3340 3688 3515 3744 neque
3543 3673 3676 3731 deus

2071 3779 2244 3835 neque
2296 3771 2510 3834 tempus
2561 3763 2778 3820 defendi
2832 3771 3028 3834 potest.
3060 3762 3254 3819 Exstat
3295 3764 3435 3834 apud
3471 3765 3676 3821 litteras

2069 3845 2277 3915 vestras
2321 3873 2702 3930 usquequaque
2749 3858 2967 3914 Saturni
3013 3871 3242 3925 census,
3282 3855 3507 3929 legimus
3533 3859 3674 3927 apud

2067 3950 2312 4007 Cassium
2341 3951 2632 4017 Severum,
2664 3951 2805 4021 apud
2835 3950 3122 4006 Cornelios
3148 3949 3410 4021 Nepotem
3437 3959 3491 4007 et
3514 3951 3672 4007 Taci-

2067 4053 2202 4109 tum,
2233 4042 2372 4114 apud
2395 4043 2616 4125 Gratcos
2640 4059 2855 4115 quoque
2886 4043 3205 4108 Diodorum,
3237 4043 3398 4114 quive
3431 4047 3520 4100 alii
3572 4061 3673 4100 an-

2065 4136 2364 4208 tiquitatem
2383 4150 2549 4191 canos
2565 4137 2921 4206 collegerunt.
2940 4133 3052 4191 Nec
3071 4134 3308 4191 ﬁdeliora
3329 4137 3672 4208 vestigia.....

2065 4242 2227 4300 quam
2260 4228 2313 4282 in
2344 4228 2457 4298 ipsa
2480 4227 2628 4282 Italia
2673 4228 2878 4298 signata
2902 4235 3047 4282 sunt.
3080 4226 3212 4293 Nam
3255 4237 3374 4296 post
3414 4229 3675 4298 plurimas

2067 4327 2233 4374 tetras
2272 4327 2327 4374 et
2369 4318 2544 4373 Attica
2576 4316 2807 4388 hospitia
2838 4316 3023 4379 Italiae.
3055 4317 3164 4382 vel,
3198 4326 3256 4373 ut
3280 4327 3406 4375 tunc
3447 4321 3675 4376 vocaba-

2064 4420 2172 4481 tur,
2205 4411 2478 4468 OEnotria:
2495 4452 2510 4476 ,
2537 4409 2805 4479 consedit,
2837 4418 3100 4482 exceptus
3126 4411 3195 4466 ab
3219 4411 3355 4467 Jano
3378 4415 3490 4468 sive
3515 4412 3668 4480 Jane,

2063 4519 2120 4567 ut
2139 4507 2266 4565 Salii
2299 4508 2378 4581 (2)
2416 4513 2628 4563 vocant.
2665 4506 2838 4573 Mons,
2875 4521 3036 4577 quem
3063 4507 3340 4572 coluerat,
3388 4506 3673 4566 Saturnius

354 4567 618 4662 Satitrnus
639 4603 826 4659 unicus
847 4601 1114 4657 masculus
1139 4600 1272 4656 (ἰωιί
1299 4609 1460 4669 atque
1478 4599 1682 4655 Tcrrm.
1710 4598 1817 4656 Sed
1841 4598 1954 4670 ipse
1979 4567 2032 4627 Β
2058 4603 2265 4666 dictus;
2298 4567 2446 4667 urbs,
2475 4614 2634 4670 quam
2655 4599 3020 4670 depalaverat,
3044 4599 3297 4654 Saturnia
3324 4614 3493 4670 usque
3520 4617 3664 4657 nunc

353 4695 656 4768 pubescens
684 4695 857 4752 sorori
888 4708 998 4750 suae
1023 4693 1282 4765 jungitur.
1321 4691 1568 4749 Nondum
1600 4693 1747 4764 leges
1771 4735 1787 4761 ,
1834 4709 1951 4764 quas

2056 4704 2167 4762 est;
2202 4701 2308 4750 tota
2335 4691 2565 4764 denique
2615 4692 2760 4748 Italia
2808 4690 2879 4764 (e)
2936 4691 3004 4748 de
3057 4691 3290 4749 Saturno
3341 4691 3667 4750 vocabatur:

1588 4809 1972 4870 LECTIONISS
2011 4810 2423 4870 VARIANTES.
2521 4829 2550 4850 οδ

417 4929 492 4990 (ι)
528 4928 739 4979 Haverc.
764 4927 925 4994 suppl.
941 4925 1167 4978 Humano
1189 4922 1358 4989 pudori
1381 4925 1569 4990 pareite
1585 4924 1948 4989 -intervenit,

353 4992 445 5058 ipsi
471 5004 700 5056 quorum,
727 4996 825 5042 etc.

2117 4926 2186 4992 (2)
2227 4923 2384 4990 Rigalt
2405 4923 2487 4976 ed.
2529 4929 2586 4976 ut
2625 4926 2668 4977 si
2713 4925 2794 4977 alii
2839 4934 3034 4978 vocant.
3077 4925 3152 4992 Cf.
3195 4923 3340 4991 Apol.
3367 4923 3443 4978 10.
3470 4928 3526 4976 ut
3547 4925 3668 4980 Salii

2052 4989 2244 5040 volunt.

1739 5094 2304 5154 COMMENTARIUS.

353 5213 486 5283 Quae
516 5213 603 5270 hic
631 5221 689 5270 ut
709 5221 762 5268 et
787 5213 890 5270 alia
920 5213 1088 5270 multa
1117 5228 1224 5272 non
1255 5213 1352 5269 abs
1395 5226 1456 5270 re
1497 5212 1682 5284 objicit
1719 5213 1957 5284 scriptor

353 5294 560 5342 noster.
595 5286 673 5341 Le
704 5286 801 5341 Pa.

427 5356 505 5429 (a)
549 5357 797 5411 Mutunus
817 5367 864 5411 et
881 5354 1132 5411 Tutunus.
1163 5356 1399 5429 conficta
1419 5355 1487 5411 de
1502 5355 1620 5412 Meo
1647 5365 1701 5413 et
1725 5355 1842 5414 Tuo
1869 5355 1953 5412 in-

353 5427 736 5485 ter'Venereos
764 5430 1044 5498 amplexus
1069 5428 1347 5482 vocabula.
1380 5427 1495 5484 lite.

427 5500 508 5569 (b)
535 5498 587 5553 Μ
593 5502 760 5570 ajores
791 5516 858 5552 an
881 5510 927 5554 et
957 5500 1216 5553 minores?
1240 5498 1466 5569 Majores
1487 5508 1542 5555 et
1557 5498 1796 5556 minores
1814 5500 1952 5556 Deos

350 5571 524 5626 fuisse
571 5585 730 5626 nemo
774 5571 1032 5642 ambigit.
1068 5571 1205 5625 Deos
1235 5570 1362 5625 item
1395 5586 1615 5641 magnos
1662 5571 1950 5629 duodecim

353 5642 524 5699 fuisse
563 5643 905 5712 perSpicuum
934 5641 953 5696 ':
986 5641 1072 5696 hic
1097 5642 1282 5712 nescio
1303 5657 1369 5695 an
1401 5642 1560 5696 iidem
1591 5643 1698 5697 sint
1723 5658 1787 5699 ac
1818 5644 1851 5697 ii
1878 5642 1947 5697 de

354 5715 551 5784 quibus
566 5711 663 5768 lib.
691 5713 757 5769 de
775 5713 1097 5784 spectaculis
1118 5727 1236 5780 cap.
1264 5711 1318 5766 8.
1344 5712 1471 5784 Ante
1491 5713 1583 5768 has
1608 5722 1708 5768 tres
1728 5730 1832 5768 ara:
1855 5714 1945 5768 tri-

355 5782 438 5855 nis
480 5784 578 5838 diis
625 5782 835 5853 patent,
867 5783 1070 5855 Magnis
1099 5825 1114 5849 ,
1143 5782 1427 5853 potentibus
1449 5824 1465 5849 ,
1490 5787 1770 5840 valentibus
1790 5803 1810 5852 ;
1834 5802 1946 5840 eos-

357 5852 472 5911 dem
499 5865 545 5912 et
572 5855 934 5916 Samothracas
959 5852 1286 5914 Existimant.
1313 5859 1360 5913 A
1388 5856 1824 5918 Samothracibus
1851 5857 1944 5916 (ιε-

2063 5213 2290 5286 rivatam
2343 5212 2834 5286 olimreligioncm
2880 5221 3078 5286 praeter
3123 5213 3377 5284 profanos
3399 5214 3670 5274 existimat

2062 5283 2432 5340 Nazianzenus
2472 5283 2777 5355 Theologus
2808 5283 2990 5342 contra
3033 5283 3300 5341 Juliannm
3329 5287 3460 5356 imp.
3489 5289 3670 5356 aitque

2060 5361 2344 5429 Spnntbstn
2366 5361 2501 5427 παρὰ.
2523 5369 2619 5429 τῶν
2643 5367 2835 5429 θρηκῶν
2857 5357 3044 5429 deduci
3068 5374 3083 5422 ;
3117 5357 3254 5413 forte
3282 5359 3346 5412 ad
3380 5359 3430 5413 id
3461 5362 3666 5416 condu-

2060 5438 2148 5481 cet
2169 5427 2309 5488 quod
2336 5428 2496 5482 habet
2521 5427 2692 5483 Varro
2716 5429 2784 5484 de
2806 5428 2867 5483 L.
2897 5428 2958 5483 L.
2987 5429 3079 5485 lib.
3106 5431 3158 5484 4.
3188 5429 3264 5484 Le
3294 5430 3392 5488 ΡΒ.

2133 5496 2207 5569 (c)
2251 5497 2383 5552 Tota
2410 5499 2625 5569 denique
2651 5499 2829 5554 Italia.
2850 5499 3055 5555 Italiam
3073 5500 3268 5556 dictam
3291 5500 3457 5558 fuisse
3478 5501 3666 5560 Satur-

2057 5568 2200 5624 niam
2229 5585 2296 5626 ex
2321 5571 2496 5625 Ennio
2521 5568 2693 5641 patet:

2826 5726 2841 5742 .
2879 5727 2893 5740 .
2930 5727 2944 5742 .
2986 5729 2998 5740 .
3038 5726 3052 5742 .
3086 5690 3348 5742 Saturnius
3374 5690 3444 5744 illi

2233 5751 2426 5801 Nomen
2449 5755 2574 5814 erat,
2600 5751 2666 5804 de
2691 5765 2791 5819 quo
2805 5752 2908 5808 late
2930 5753 3162 5808 Saturnia
3188 5763 3348 5808 terra.

2047 5856 2117 5920 Et
2145 5857 2334 5917 Ovidio
2354 5858 2449 5918 lib.
2478 5858 2626 5918 Fast.
2655 5861 2683 5919 ι
2717 5879 2731 5918 :
