4150 6352
461 349 572 413 603

1876 319 2343 401 marist-uani

3655 344 3765 406 604

463 465 557 523 tali
586 472 724 521 teste
766 460 1155 532 terram,‘quae
1182 471 1327 518 nunc
1360 427 1667 518 dominatur
1694 457 1813 517 orbi
1851 457 2061 515 etiamsi
2090 455 2142 516 A
2168 455 2455 514 deterioris
2501 458 2825 516 conditionis
2869 456 2938 517 ab
2964 457 3117 516 initio
3150 456 3270 516 esse
3299 457 3616 527 voluerunt;
3668 469 3762 519 aut

463 555 534 615 de
563 557 768 630 origine
797 552 1013 612 Saturni
1041 551 1336 619 dubitatur,
1360 553 1430 612 de
1473 562 1594 610 actu
1637 561 1817 610 tamen
1847 560 2060 610 constat

464 652 739 710 hominem
771 639 919 706 illum
950 647 1137 706 fuisse.
1168 648 1242 705 l'ta
1271 648 1317 706 si
1346 647 1511 706 homo
1549 648 1842 716 Saturnus,
1869 645 2059 719 procul

464 743 626 802 dubio
674 743 743 800 de
789 740 1078 818 [homine],
1123 740 1371 814 imoqnia
1415 741 1612 811 homo,
1644 754 1751 797 non
1780 744 1962 811 utique
1991 739 2060 797 de

463 837 603 894 ctelo
628 844 790 907 atque
821 844 985 892 terra.
1013 833 1119 891 Sed
1147 833 1301 905 cujus
1327 843 1577 906 parentes
1616 832 1804 906 ignoti,
1833 831 2058 904 quibus-

463 929 584 986 dam
607 927 768 985 facile
797 926 898 982 fuit
924 926 1076 982 illum
1105 940 1290 982 eorum
1313 925 1481 982 ﬁlium
1512 923 1640 995 dici,
1671 939 1898 998 quorum
1929 937 2058 994 pos-

464 1029 587 1082 sunt
610 1035 799 1078 omnes
817 1019 1006 1077 videri.
1025 1018 1245 1094 (l)Quis
1265 1021 1408 1077 enim
1429 1034 1535 1077 non
1563 1021 1755 1076 coelum
1777 1033 1840 1074 ac
1864 1025 2061 1073 terram

464 1125 672 1190 patrem
702 1129 786 1171 .ac
828 1123 1056 1171 matrem
1088 1113 1448 1170 venerationis
1487 1114 1652 1185 gratia
1684 1111 1951 1184 appellet?
1980 1112 2063 1167 An

465 1208 535 1266 de
559 1205 949 1266 consuetudine
978 1207 1231 1269 humana,
1263 1219 1366 1277 qua
1395 1207 1561 1278 ignoti
1593 1206 1791 1277 quique
1832 1219 1899 1261 ex
1941 1204 2064 1259 ino-

465 1301 647 1372 pinato
675 1305 993 1372 apparentes
1013 1297 1080 1355 de
1108 1299 1247 1354 ctelo
1262 1298 1327 1354 ad
1339 1299 1554 1354 venisse
1576 1297 1852 1354 dicuntur?
1869 1295 2061 1352 Proin-

464 1391 628 1449 de....
652 1406 869 1463 semper
889 1407 1046 1462 eg....
1068 1390 1346 1461 repentino
1372 1389 1474 1464 (2),
1505 1390 1702 1460 ubique
1718 1389 1936 1445 inolevit
1954 1404 2064 1445 etn-

467 1485 616 1541 litem
644 1483 770 1541 diei.
809 1484 942 1541 Nam
973 1491 1028 1540 et
1052 1483 1208 1554 vulgo
1239 1483 1454 1554 generis
1478 1482 1709 1539 incertos
1737 1489 1896 1537 terra
1924 1480 2064 1537 ﬁlios

465 1579 773 1650 jactitamus
790 1577 894 1650 (a).
917 1576 1059 1633 Nihil
1075 1578 1249 1648 allego
1265 1577 1332 1632 de
1352 1586 1494 1633 Statu
1514 1576 1862 1648 antiquitatis,
1886 1591 2061 1648 qua...

464 1669 626 1727 rudes
654 1669 733 1743 (5)
759 1678 885 1725 tunc
905 1670 1196 1741 agebantur
1213 1677 1268 1725 et
1291 1669 1432 1725 oculi
1458 1677 1511 1725 et
1530 1673 1738 1726 mentes
1761 1667 2061 1736 hominum,

466 1770 526 1818 ut
552 1762 846 1832 cujuslibet
871 1762 998 1817 novi
1025 1761 1130 1817 viri
1166 1771 1387 1832 aspectu
1431 1761 1584 1832 quasi
1613 1760 1797 1817 divino
1825 1773 2066 1816 commeo

2162 551 2206 606 si
2235 566 2393 606 nemo
2419 560 2520 621 est,
2541 554 2632 625 qui
2657 554 2788 611 deos
2816 549 3024 623 fecerit,
3043 552 3460 625 quomodojfacti
3485 555 3755 625 dicentur,

2164 645 2252 716 qui
2280 659 2385 701 non
2415 646 2516 702 nisi
2543 647 2611 703 ab
2637 648 2743 703 alio
2769 646 2883 704 ﬁeri
2916 647 3256 719 potuissent?
3295 647 3369 703 lta
3394 649 3573 704 nullus
3601 649 3762 706 datur

2163 737 2316 794 vobis
2345 740 2608 795 renuendi
2639 741 2810 807 locus,
2841 755 2961 798 esse
2981 741 3280 811 mancipem
3308 741 3598 813 quemdam
3625 742 3767 798 divi-

2165 828 2364 885 nitatis.
2397 831 2792 903 Perspiciamus
2821 833 3000 905 itaque
3019 846 3236 888 caussas
3262 833 3565 903 allegandae
3615 848 3765 891 mor-

2165 921 2384 978 talitatis
2410 924 2462 978 in
2489 924 2710 980 ctelum.
2744 924 2943 981 Harum
2983 914 3247 996 duplicem
3276 925 3548 980 rationem
3592 925 3762 982 credo

2167 1014 2452 1086 proferetis
2481 1034 2494 1072 :
2525 1027 2619 1073 aut
2654 1019 2800 1075 enim
2827 1019 2923 1074 illu
3175 1019 3301 1090 quis
3331 1018 3471 1075 idem
3503 1028 3767 1090 praestans

2166 1105 2311 1174 facit,
2362 1117 2419 1162 ut
2458 1107 2654 1165 habeat
2707 1109 2792 1166 vel
2824 1109 3169 1166 amminicula
3198 1111 3281 1166 vel
3314 1110 3646 1166 munimenta
3681 1113 3766 1168 vel

2167 1200 2326 1258 etiam
2357 1213 2671 1259 ornamenta
2700 1203 2894 1278 fastigii
2935 1205 3053 1270 sui;
3101 1214 3193 1260 aut
3222 1205 3537 1260 meritorum
3580 1220 3770 1262 neces-

2148 1294 2300 1380 _sitas
2492 1295 2667 1367 dignis
2693 1296 3015 1368 quibusque.
3039 1295 3196 1352 Aliud
3227 1295 3354 1367 quid
3377 1297 3638 1368 suspicari
3659 1312 3768 1354 non

2167 1385 2341 1442 datur.
2374 1385 2545 1443 Nemo
2787 1387 2982 1459 giendo
3008 1388 3185 1456 alicui,
3218 1395 3309 1443 aut
3336 1404 3439 1444 non
3465 1400 3560 1443 sua
3592 1397 3684 1443 aut
3706 1389 3772 1444 il-

2161 1478 2267 1534 lius
2313 1494 2500 1535 caussa
2549 1480 2692 1536 facit.
2739 1480 2846 1537 Sed
2899 1495 3259 1551 neque.......
3316 1490 3503 1551 petere
3562 1481 3770 1536 numini

2163 1573 2304 1629 inest
2329 1581 2474 1629 tanta
2495 1582 2549 1630 et
2572 1583 2828 1646 potestas,
2851 1581 2912 1629 ut
2939 1573 3148 1630 scilicet
3319 1572 3493 1637 faciat,
3527 1572 3570 1627 si
3609 1581 3762 1627 tanta

2168 1664 2473 1721 humanitas
2511 1667 2798 1739 irrogetur,
2825 1667 2916 1738 qui
2946 1674 3098 1738 egeat
3126 1680 3285 1736 opera
3312 1666 3398 1720 vel
3444 1665 3763 1736 adiumento

2175 1760 2555 1832 quorumdam,
2592 1770 2648 1819 et
2671 1763 2888 1834 quidem
2915 1771 3271 1829 mortuorum,
3294 1775 3400 1834 quo
3429 1763 3622 1818 mirum
3649 1773 3770 1818 ma-

464 1861 739 1922 verentur,
763 1851 962 1910 nedum
985 1861 1040 1909 et
1065 1841 1229 1925 regis,
1258 1864 1312 1909 et
1339 1852 1556 1924 quidem
1581 1853 1757 1924 primi.
1790 1851 1982 1907 Adhuc
1997 1851 2066 1908 de
2093 1871 2142 1933 Β
2170 1855 2270 1925 gis,
2302 1867 2422 1909 cum
2471 1853 2605 1910 alios
2658 1855 2759 1911 sibi
2806 1856 3141 1911 immortales
3171 1855 3454 1910 instituere
3482 1855 3771 1925 potuisset.

464 1946 696 2003 Saturno
729 1945 1079 2014 itnmorabor,
1129 1944 1271 2016 quod
1323 1953 1380 2001 et
1418 1944 1630 2000 caeteris
1683 1943 2065 2014 compendium

467 2047 780 2109 prtestruam
812 2079 828 2106 ,
879 2037 1068 2092 satiata
1101 2037 1520 2107 primordiorum
1542 2035 1936 2107 disputatione;
1965 2049 2066 2092 nec

468 2129 867 2202 prmtermittam
918 2131 1126 2201 potiora
1173 2129 1481 2186 testimonia
1525 2129 1832 2185 divinarum
1862 2129 2066 2184 littera-

463 2238 606 2289 rum,
663 2221 858 2293 quibus
904 2221 1037 2278 ﬁdes
1063 2237 1162 2292 pro
1188 2222 1504 2294 antiquitate
1530 2223 1778 2293 superior
1814 2221 2062 2278 debetur.

465 2319 606 2373 Ante
636 2317 779 2372 enim
817 2313 1040 2388 Sibylla,
1078 2330 1238 2386 quam
1282 2316 1459 2370 omnis
1488 2315 1804 2384 litteratura,
1828 2315 2060 2371 exStitit.

466 2409 558 2464 Illa
599 2407 806 2464 scilicet
847 2407 1050 2479 Sibylla
1078 2405 1190 2480 (b),
1223 2408 1337 2463 veri
1393 2422 1521 2464 vera
1573 2415 1721 2464 vates
1738 2407 1808 2480 (ci
1831 2417 1886 2465 et
1910 2408 2064 2479 cujus

465 2501 725 2557 voeabula
751 2501 1142 2557 dtemoniorum
1189 2499 1398 2556 vatibus
1443 2501 1712 2558 induistis.
1744 2501 1818 2558 Ea
1849 2503 2064 2558 senario

466 2607 628 2650 versu
657 2593 710 2648 in
741 2591 884 2648 hunc
920 2608 1137 2649 sensum
1167 2593 1234 2650 de
1264 2592 1482 2650 Saturni
1528 2595 1774 2667 prosapia
1810 2604 1864 2652 et
1900 2596 2064 2653 rebus

465 2687 584 2755 ejus
609 2686 832 2756 exponit
864 2703 878 2739 :
908 2684 1142 2752 decima,
1171 2686 1364 2758 inquit,
1391 2687 1638 2758 genitura
1663 2685 1967 2754 hominum,
1994 2703 2063 2744 ex

465 2793 574 2849 quo
593 2777 979 2849 cataclysmum
1003 2777 1270 2848 prioribus
1295 2777 1506 2840 accidit,
1531 2778 1777 2850 regnavit
1799 2778 2064 2836 Saturnus

466 2879 520 2927 ct
549 2869 705 2926 Titan
755 2879 811 2927 et
854 2869 1133 2933 Jamfetus,
1167 2869 1350 2927 Terra:
1375 2880 1430 2926 et
1459 2870 1597 2928 (Ζωιὶ
1641 2869 1915 2928 fortissimi
1941 2871 2060 2930 ﬁlii.

464 2961 522 3021 Si
547 2976 651 3034 qua
682 2976 836 3035 ergo,
865 2961 952 3018 vel
983 2963 1272 3020 vestris....
1307 2963 1493 3020 oribus
1519 2965 1714 3021 litteris
1747 2967 1942 3023 vestris
1969 2982 2064 3023 su-

465 3057 786 3129 perioribus,
835 3058 931 3114 sed
973 3056 1172 3115 idcirco
1221 3059 1391 3131 magis
1435 3060 1787 3131 proximis...
1835 3061 1889 3118 in
1918 3061 2065 3119 illius

465 3151 654 3215 aetatis,
686 3149 818 3207 ﬁdes
839 3149 1065 3221 adjacet.

2170 1946 2278 2004 Nec
2295 1945 2492 2003 diutius
2521 1947 2730 2004 de......
2761 1956 2848 2004 tus
2868 1949 3172 2019 conquiret,
3199 1948 3288 2018 qui
3318 1949 3548 2004 humana
3575 1947 3774 2006 divinis

2169 2041 2518 2113 comparavit.
2569 2041 2756 2097 Sa.....
2782 2041 2893 2098 rior
2919 2042 3102 2112 opinio
3131 2049 3234 2107 est,
3275 2040 3471 2097 discuti
3490 2039 3653 2096 debet
3676 2084 3692 2110 ,
3723 2041 3774 2098 si

2170 2131 2303 2188 deus
2331 2133 2840 2191 reminis............
2872 2134 2994 2189 buta
3022 2136 3066 2189 si
3097 2133 3334 2203 pristinis
3365 2133 3765 2192 viris...........

2170 2224 2597 2296 recogitandum.
2626 2225 2781 2294 Quod
2807 2224 3002 2282 exinde
3032 2241 3192 2282 nemo
3231 2225 3462 2298 dig......
3487 2226 3531 2280 si
3571 2241 3776 2298 capere
3855 2222 3858 2225 ’

2165 2318 2277 2386 jam
2315 2318 2464 2374 locus
2495 2333 2599 2374 non
2635 2328 2826 2390 potest.
2853 2319 3041 2376 Tantis
3062 2319 3314 2375 videlicet
3742 2336 3777 2378 a

2171 2413 2432 2466 meruerit
2459 2411 2767 2483 antiquitas.
2800 2411 2946 2484 Ergo
2974 2414 3054 2467 an‘
3065 2413 3346 2480 meruerit,
3376 2428 3437 2469 re
3667 2429 3777 2472 mc-

2171 2504 2366 2572 rnisse,
2391 2514 2658 2576 proponat
2705 2506 2875 2578 ipsius
2903 2507 3116 2563 merita.
3152 2507 3208 2563 Si
3239 2506 3368 2578 quid
3409 2507 3464 2562 in
3497 2509 3777 2565 cunabulis

2426 2597 2609 2665 litatis,
2666 2597 2843 2654 valent
2891 2598 2959 2653 ad
2985 2596 3294 2670 suﬁ'raginm
3325 2598 3640 2668 divinitatis,
3691 2601 3776 2656 in-

2168 2698 2441 2745 cestornm
2650 2691 2818 2762 Opem
2853 2700 2906 2747 et
2932 2691 3223 2748 Saturnum
3253 2691 3445 2749 fratres
3471 2694 3772 2765 recepistis.

2171 2780 2421 2837 Furtivus
2453 2782 2766 2840 infans.....;
2796 2790 2876 2840 ter
2932 2783 3125 2855 dignus
3153 2794 3203 2840 et
3236 2792 3373 2840 tecto
3403 2793 3457 2842 et
3485 2785 3650 2842 ubere
3677 2787 3778 2841 ltu-

2171 2889 2356 2942 mano,
2399 2876 2704 2946 meritoque
2747 2876 2896 2932 inere
3147 2886 3251 2932 tam
3281 2878 3422 2932 mala
3464 2877 3775 2934 manebant.

2170 2967 2401 3024 Adultus
2428 2967 2660 3037 denique
2681 2970 3130 3039 qualemcumque
3168 2969 3492 3041 genitorem,
3712 2969 3782 3025 lio

2169 3061 2470 3128 cissimum,
2529 3073 2708 3132 regem
2752 3063 2900 3118 aurei
2928 3061 3134 3118 scilicet
3172 3062 3372 3130 seculi,
3406 3059 3507 3118 sub
3537 3076 3643 3133 quo
3684 3062 3781 3117 la-

2168 3152 2532 3223 borisinOpite
2743 3167 2808 3209 ac
2848 3168 2952 3224 pax
2998 3155 3317 3226 quiescebat
3367 3154 3468 3210 sub
3518 3170 3623 3225 quo
3647 3154 3780 3210 nulli

365 3504 370 3509 _
471 3426 694 3498 originis
730 3426 1214 3497 praescriptionem,
1245 3438 1313 3482 ne
1341 3437 1437 3496 per
1477 3427 1716 3500 singulos
1757 3442 2064 3500 evagemur.

542 3243 628 3299 l5.
655 3239 798 3298 Satis
825 3241 894 3298 de
914 3241 1148 3298 Saturno
1174 3250 1227 3298 et
1256 3241 1510 3314 Prosapia
1554 3243 1765 3315 ejus....
1813 3259 1905 3302 um
1949 3255 2064 3316 est,
2094 3234 2138 3300 C
2173 3247 2495 3318 subigebant
2522 3260 2649 3302 arva
2694 3247 2896 3315 coloni,
3155 3247 3311 3304 tellus
3350 3249 3498 3305 nullo
3525 3257 3782 3322 poscente

466 3335 715 3392 homines
762 3333 948 3392 fuisse.
978 3333 1248 3391 Tenemus
1295 3334 1695 3408 compendium,
1752 3335 1806 3393 in
1842 3346 2068 3396 caeteros
2171 3341 2397 3398 ferebat.
2428 3341 2533 3399 Sed
2564 3340 2750 3398 oderat
2776 3348 2981 3412 patrem
3023 3341 3285 3398 incestum
3313 3341 3431 3413 ejus
3572 3350 3780 3398 castra-

2170 3440 2344 3488 torem
2523 3431 2667 3490 Ecce
2693 3441 2872 3490 autem
2896 3442 2951 3490 et
2977 3433 3092 3505 ipse
3127 3448 3248 3490 cum
3279 3448 3471 3490 sorore
3497 3434 3778 3503 miscetur,

2173 3532 2232 3580 ut
2250 3523 2378 3581 huic
2397 3524 2632 3597 primum
2660 3525 2859 3581 dictum
2886 3533 3068 3597 putem
3099 3544 3112 3580 :
3158 3536 3240 3581 τθῦ
3270 3535 3452 3600 «mpii;
3480 3536 3534 3582 τὸ
3560 3531 3772 3583 παιδίον.

2176 3615 2305 3671 Tam
2329 3617 2448 3688 pius
2475 3626 2644 3688 pater,
2675 3631 2835 3688 quam
2858 3617 2979 3687 pius
3001 3618 3144 3673 filius
3417 3625 3544 3673 tunc
3570 3618 3781 3690 legibus

465 3520 708 3590 Qualitas
738 3521 1065 3591 posteritatis
1095 3535 1125 3574 a
1151 3519 1484 3592 principibus
1500 3519 1715 3593 generis
1740 3522 2068 3592 ostenditur,

477 3613 723 3670 mortalia
747 3613 815 3669 de
843 3613 1160 3670 mortalibus
1183 3655 1196 3680 ,
1230 3624 1443 3670 terrena
1491 3615 1558 3672 de
1588 3615 1837 3682 terrenis,
1870 3616 2068 3686 gradus

467 3705 534 3763 ad
564 3705 763 3778 gradus
806 3713 1202 3777 comparantur,
1250 3709 1481 3778 nuptiae,
1525 3714 1814 3778 conceptus
1857 3708 2065 3764 natales
2173 3718 2441 3780 ageretur,
2487 3709 2538 3764 in
2587 3707 2724 3764 duos
2771 3709 2976 3765 culleos
3015 3709 3185 3764 dividi
3211 3709 3401 3764 Jovem
3430 3709 3780 3765 decuit

467 3810 822 3858 cucurrerunt
846 3802 1034 3873 patriae
1062 3801 1241 3871 sedes,
1273 3817 1436 3874 regna
1462 3809 1804 3858 mbnumenta
1830 3799 1944 3858 l....
1975 3801 2066 3872 qui
2170 3801 2461 3868 dubitaret,
2486 3800 2708 3856 libidine
2733 3799 2801 3855 ab
2828 3801 3036 3856 incesto
3066 3799 3440 3865 corroborata,
3470 3799 3523 3854 in
3549 3799 3775 3869 leviora,

469 3904 627 3952 natos
649 3909 754 3951 non
783 3904 1008 3966 possunt
1030 3911 1242 3968 negare,
1272 3905 1513 3954 mortuos
1541 3897 1784 3964 credant,
1809 3897 1900 3968 qui
1924 3912 2070 3953 mor-
2165 3892 2223 3948 id
2251 3902 2352 3959 est,
2599 3901 2654 3948 et
2699 3902 2882 3963 stupra
2935 3891 3269 3948 diﬁ‘undere?
3299 3892 3367 3948 de
3409 3907 3515 3963 quo
3560 3893 3773 3963 poetica

464 3998 587 4047 tuos
611 3990 954 4053 conﬁtentur,
983 3988 1117 4045 deos
1145 4005 1248 4044 non
1277 3997 1482 4060 putent.
1514 3991 1621 4048 Sed
1649 3991 1792 4048 enim
1821 3990 2068 4047 manifes-
2171 3985 2250 4042 sic
2289 3986 2550 4040 lusitavit.
2581 3986 2868 4054 Quomodo
3034 3985 3102 4042 de
3129 3985 3351 4057 fugitivo
3375 3986 3549 4056 palam
3575 3985 3777 4043 factum

467 4082 537 4138 tis
565 4081 648 4137 vis
676 4096 772 4138 sua
797 4080 1040 4150 adsistit;
1073 4096 1210 4153 quos
1242 4097 1274 4139 a
1301 4084 1596 4155 primordio
1623 4099 1850 4140 non.....
1872 4084 2066 4140 divini-
2169 4076 2404 4132 solemus
2433 4087 2487 4132 et
2511 4091 2728 4149 operam
2753 4079 2868 4148 ejus
2897 4093 3093 4149 percon
3299 4079 3488 4133 abusui
3507 4080 3778 4135 nundina-

467 4181 650 4241 tatem,
676 4174 998 4230 afﬁrmando
1037 4175 1160 4231 illos
1204 4185 1325 4246 post
1368 4184 1596 4232 mortem
1625 4177 1756 4235 deos
1783 4177 1977 4246 factos,
2011 4187 2070 4233 ut

467 4265 658 4334 Varro,
686 4275 742 4322 et
766 4266 858 4338 qui
895 4282 1019 4323 cum
1049 4283 1114 4324 eo
1149 4269 1580 4325 ‘sornniaverunt.
1629 4268 1726 4324 Hic
1763 4269 1923 4340 igitur
1943 4284 2074 4325 con-

466 4358 717 4415 sisto.....
751 4357 974 4415 alle.....
1007 4359 1061 4415 in
1091 4357 1195 4416 hoc
1223 4375 1420 4417 nomen
1447 4369 1502 4417 et
1526 4375 1722 4416 numen
1742 4402 1757 4427 ,
1791 4369 1847 4417 ut
1877 4361 1932 4417 in
1975 4377 2065 4418 or-

466 4450 647 4507 dinem
693 4453 1044 4521 senatorinm,
1223 4463 1401 4512 vestra
1571 4454 1775 4535 cedatis
1815 4456 1928 4526 jam
1977 4472 2072 4514 nev

468 4558 619 4601 cesse
652 4552 754 4613 est,
786 4545 1021 4616 aliquem
1067 4562 1338 4605 summum
1365 4549 1762 4607 dominatorem
1935 4552 2070 4608 alle-

466 4637 622 4710 gendi
648 4639 992 4716 potestatem,
1019 4647 1074 4696 et
1094 4643 1245 4712 quasi
1265 4642 1567 4710 Caesarem;
1594 4659 1768 4715 neque
1789 4645 2072 4718 quisquam

467 4731 586 4787 aliis
618 4741 872 4803 praestare
900 4741 1093 4804 potest,
1119 4735 1210 4806 qui
1239 4750 1342 4790 non
1387 4735 1504 4807 ipse
1543 4735 1866 4793 dominetur.
1901 4735 2073 4795 Crete-

467 4839 588 4881 rum
611 4824 656 4883 si
686 4832 975 4898 potuerunt
1000 4826 1128 4884 deos
1153 4840 1276 4884 sese
1300 4827 1483 4885 facere
1511 4825 1635 4900 p09!
1661 4838 1911 4898 mortem,
1937 4844 2038 4907 a...
2057 4869 2073 4887 .

2174 4184 2234 4226 re
2263 4170 2381 4244 (ψ
2403 4170 2564 4225 modo
2594 4170 2646 4225 in
2670 4171 2840 4241 pretia
2867 4171 3096 4226 luxuriae
3123 4186 3246 4226 eum
3272 4169 3553 4242 figurando
3687 4171 3786 4227 bo-

2175 4277 2296 4316 vem
2325 4269 2416 4316 aut
2447 4261 2673 4331 pretium
2701 4261 2854 4318 bovis
2877 4262 3181 4333 pensaverit
3201 4304 3216 4328 ,
3247 4269 3301 4316 et
3332 4261 3558 4316 imbrem
3586 4276 3786 4334 pergn-

2176 4357 2242 4412 lis
2378 4355 2585 4411 aditum
2609 4357 2837 4426 pecunia
2865 4354 3106 4427 ruperit?
3136 4354 3300 4410 modo
3320 4354 3371 4408 in
3405 4355 3785 4412 similitudines

2175 4457 2387 4504 actuum
2420 4447 2639 4518 ip.......
2670 4447 2742 4502 im
2765 4489 2779 4515 ,
2836 4450 2928 4519 qui
2957 4447 3159 4518 rapuit,
3195 4460 3444 4518 cycnum,
3475 4447 3562 4516 qui
3593 4457 3785 4502 canta-

2175 4548 2346 4596 verat.
2376 4539 2524 4595 Adeo
2551 4554 2659 4595 non
2682 4537 2875 4596 fabulae
2895 4540 3014 4595 istae
3041 4545 3169 4594 sunt
3197 4537 3265 4593 de
3290 4535 3340 4592 fa
3596 4538 3666 4593 sit
3712 4553 3783 4594 an

2178 4649 2285 4690 non
2317 4634 2486 4690 lasciv
2785 4647 2850 4687 na
2877 4631 3180 4699 hominum,
3207 4645 3554 4702 quos
3586 4632 3785 4688 emissa

2172 4734 2284 4803 jam
2309 4729 2514 4802 pridem
2543 4744 2573 4783 a
2597 4727 2702 4784 ﬁde
2732 4741 2828 4798 per
2856 4728 2971 4783 incr
3181 4740 3292 4781 non
3322 4723 3574 4781 estnobis
3596 4735 3787 4781 exten-

2176 4826 2289 4883 sius
2314 4822 2600 4896 agendum.
2653 4820 2711 4878 Si
2751 4821 2896 4878 enim
2936 4830 2990 4877 et
3031 4835 3289 4898 τίθημι...
3317 4819 3472 4890 pibus
3502 4825 3556 4874 et
3596 4832 3786 4889 prose-

1699 4957 2082 5025 LECTIONES
2119 4953 2530 5022 VARIANTES.

537 5073 606 5141 [1)
644 5076 725 5141 [_ta
744 5074 793 5124 It.
824 5075 855 5125 ι.
883 5074 1033 5127 restil.
1055 5087 1123 5141 ea;
1138 5073 1341 5141 Apolog.
1360 5073 1446 5141 _10_.

537 5135 604 5199 (2)
639 5139 845 5188 Havere.
861 5152 924 5191 ea:
941 5137 1081 5204 Apol.
1092 5135 1388 5204 A-10.'eme'nd.
1412 5136 1626 5188 Proinde
1643 5135 1850 5189 Saturno
1865 5150 2062 5204 semper

469 5211 634 5265 egeno
651 5208 710 5265 _et
732 5202 994 5264 repentine
1019 5202 1224 5265 ubique,
1239 5208 1344 5265 _etc.

537 5259 601 5326 (5)
642 5263 755 5329 ch.
787 5259 882 5326 qua
901 5265 969 5315 ita
991 5259 1142 5314 rudes
1161 5259 1225 5302 -ὲ
1239 5262 1508 5324 hominum,
1531 5267 1586 5312 ut
1607 5260 1750 5325 (alii:
1771 5262 1844 5328 et)
1870 5269 1968 5315 etc.

2235 5075 2302 5140 μ)
2345 5073 2470 5140 Hau.
2497 5071 2563 5122 ad
2597 5070 2800 5140 Apolog.
2839 5070 2954 5121 αἳ.
2982 5069 3252 5140 Quomodo,
3283 5067 3557 5140 quandoide
3579 5065 3789 5140 fugitivo

2167 5132 2799 5226 nfactn‘rrz,9solemﬁs
2822 5141 2876 5185 et
2897 5145 3102 5198 operam
3142 5133 3252 5196 ejus
3294 5132 3626 5196 percontando
3647 5133 3788 5226 .abu-

2152 5196 2248 5254 .'sni
2266 5197 2542 5249 nundinare
2566 5196 2590 5247 ?

1843 5345 2410 5410 COMMENTARIUS.

655 5465 775 5518 Inde
797 5466 880 5518 diu
899 5470 1039 5533 genti
1062 5469 1238 5522 mansit
1259 5467 1485 5520 Saturnia
1509 5478 1706 5517 nomen.

473 5576 668 5634 Urbem
697 5584 873 5633 autem
901 5577 1100 5634 dictam
1143 5577 1306 5634 fuisse
1349 5575 1658 5632 Saturniam
1708 5573 1956 5644 Virgilius
1981 5581 2066 5630 te-

469 5659 643 5705 statur
657 5647 871 5704 Eneid.
901 5649 1035 5704 VIII.
1065 5664 1094 5703 a
1121 5648 1353 5705 Saturno
1373 5648 1667 5704 conditam.
1695 5644 1848 5700 Hanc
1875 5645 2068 5702 Satur-

473 5737 572 5776 nus
607 5720 834 5776 condidit
860 5719 1056 5776 urbem.
1087 5720 1164 5775 L3
1196 5720 1294 5776 Ptt.

545 5815 622 5886 (a)
647 5811 817 5868 Terra:
838 5814 970 5881 ﬁlios
987 5814 1304 5885 jactitamus.
1324 5813 1563 5880 Quorum
1586 5811 1789 5868 scilicet
1806 5817 1900 5866 aut
1920 5811 2074 5944 origo

545 5894 658 5943 tota
693 5893 779 5944 est
802 5894 898 5944 aut
923 5886 1124 5944 incerta
1147 5925 1165 5944 .
1195 5885 1232 5942 ii
1257 5883 1442 5944 Terra:
1462 5895 1519 5944 et
1542 5883 1662 5944 Filii
1682 5892 1738 5942 et
1763 5897 1956 5944 νηκωετς
2040 5882 2074 5944 ί‹

475 5882 658 5957 ignota
693 5893 779 5944 est
802 5894 898 5944 aut
923 5882 1124 5944 incerta
1147 5925 1165 5956 ,
1195 5885 1232 5942 ii
1257 5883 1442 5944 Terra
1462 5895 1519 5945 et
1542 5883 1662 5944 Filii
1682 5892 1738 5942 et
1763 5897 1956 5954 νηκωετς
1999 5882 2077 5947 di-

2173 5469 2384 5520 cuntur.
2403 5461 2483 5517 Le
2502 5459 2599 5516 Ρη.
3426 5480 3435 5488 -

2254 5534 2332 5604 (bi
2371 5530 2481 5604 ίιιια
2515 5530 2708 5604 scilicet
2751 5529 2975 5602 Sibylla.
3007 5527 3206 5604 veram
3231 5538 3285 5586 et
3299 5527 3593 5604 veridieam
3621 5525 3788 5587 fuisse

2172 5601 2618 5690 illa‘thibyllam
2661 5602 2736 5658 ait
2784 5601 2908 5675 post
2949 5602 3150 5660 multos
3177 5601 3456 5660 Iuvenalis
3485 5609 3687 5659 etcum
3715 5615 3787 5658 eo

2177 5675 2530 5798 ωὓηηὲτθάίι
2552 5757 2631 5795 me
2648 5745 2788 5796 vobis
2811 5744 2979 5796 folium
3001 5747 3218 5796 recitare
3240 5744 3451 5798 sibyllae.
3478 5744 3550 5795 Le
3571 5743 3664 5794 Pri.

2358 5760 2530 5798 urecnt
2552 5760 2631 5795 me
2648 5760 2788 5796 voms
2811 5760 2979 5796 tonum
3001 5760 3218 5796 recitare
3240 5760 3320 5795 sm
3356 5760 3451 5796 nae.
3480 5760 3550 5795 Le
3577 5760 3664 5794 vn.

2190 5873 2212 5892 c
2249 5809 2322 5884 (c)
2361 5809 2477 5892 Veri
2501 5825 2617 5892 vero
2641 5819 2798 5892 vales.
2831 5809 3278 5892 ArrianusEpict.
3421 5809 3490 5866 de
3506 5807 3778 5882 Apolline.

2175 5880 2490 5953 ἀσὲενμάντις
2519 5883 2643 5941 εἷναι
2671 5884 2752 5939 καὶ
2772 5891 2908 5953 πηγῆ
2937 5897 3023 5944 τῆς
3047 5885 3303 5946 ἀληθείας.
3336 5880 3452 5938 Περ.
