4150 6352
391 332 501 395 605

1666 324 1759 385 AD
1792 314 2136 386 NAWS
2171 323 2300 385 LlB.
2334 327 2401 387 ll.

3581 322 3691 392 606

389 442 749 507 minatoribus
777 443 888 504 suis
913 446 1119 503 inorata
1143 443 1295 518 plebs
1323 441 1511 502 eadem
1757 444 1981 508 natura,
2010 428 2066 501 Α
2094 448 2209 499 tore
2240 443 2523 517 peregrino
2550 441 2791 519 deliquit.
2823 440 3011 504 eadem
3040 430 3331 515 oblivione,
3352 445 3461 504 imo
3496 458 3687 507 amen-

391 541 517 600 alibi
540 540 828 598 auctoritas
854 538 1100 612 exigebat
1129 537 1531 595 similitudinem
1561 549 1769 591 morum

392 640 594 709 quanto
621 633 890 702 deterior;
911 632 1001 705 qui
1028 648 1135 690 non
1166 631 1396 689 melior?
1421 631 1632 703 privato
1660 627 1803 686 enim
1828 625 1989 685 titulo

390 726 577 784 Jovem
608 726 1010 799 optimum......
1049 724 1117 780 tis
1141 767 1154 792 ,
1182 731 1237 780 et
1262 730 1344 781 est
1370 722 1579 795 Virgilii
1624 736 1808 795 aequus
1838 720 1990 794 Jupi-

391 828 477 878 ter
520 819 776 891 optimus.
832 817 1065 876 Proinde
1112 817 1301 875 incesti
1332 817 1386 873 in
1426 830 1589 886 suos,
1621 815 1878 887 impudici
1931 814 1987 871 in

393 920 684 970 extraneos
709 953 725 981 ,
760 910 909 983 impii
933 953 949 979 ,
977 910 1162 982 injusti
1183 951 1196 976 ,
1220 910 1304 966 cui
1331 909 1533 967 nullam
1559 909 1825 981 insignem
1856 904 1987 964 infa-

390 1003 757 1078 rniamfabula
783 1004 1117 1076 reliquit.....
1149 1003 1282 1061 deus
1299 1002 1414 1060 ﬁeri
1443 1019 1548 1061 non
1576 1001 1677 1060 fuit
1700 1001 1913 1076 dignus.

466 1097 553 1154 M.
586 1095 692 1154 Sed
719 1096 971 1169 quoniam
1001 1096 1137 1153 alios
1162 1110 1411 1154 seorsum
1438 1095 1626 1151 volunt
1652 1094 1705 1151 in
1728 1094 1985 1151 divinita-

392 1200 498 1246 tem
522 1188 590 1246 ab
608 1188 920 1247 hominibus
944 1199 1191 1263 receptos
1211 1231 1226 1258 ,
1249 1198 1304 1246 et
1325 1188 1580 1260 distingui
1607 1184 1747 1246 inter
1775 1188 1985 1244 nativos

391 1294 445 1342 et
466 1284 635 1342 factos
656 1285 953 1342 secundum
981 1280 1295 1358 Dionysium
1316 1280 1561 1341 Stoicum
1589 1326 1605 1351 ,
1636 1282 1705 1340 de
1725 1283 1825 1339 ista
1850 1296 1981 1356 quo-

391 1394 497 1451 que
522 1377 701 1448 specie
746 1377 1016 1449 adjiciam.
1064 1377 1141 1433 De
1185 1377 1302 1447 ipso
1330 1375 1545 1449 quidem
1578 1374 1978 1432 Hercule.......

391 1485 476 1526 ma
500 1470 871 1540 responsionis
890 1511 905 1536 ,
946 1485 1015 1525 an
1040 1469 1236 1542 dignus
1264 1468 1406 1527 creto
1456 1478 1511 1526 et
1536 1467 1816 1526 divinitate
1841 1510 1857 1536 ,
1904 1470 1981 1526 sic

389 1560 531 1617 enim
563 1574 661 1632 pro
708 1576 866 1615 va....
894 1560 1101 1617 meritis
1130 1559 1389 1617 addicunt
1414 1558 1795 1617 divinitatem?
1825 1560 1883 1616 Si
1910 1560 1982 1617 ob

387 1652 662 1719 virtutem,
684 1652 826 1725 quod
848 1651 990 1709 feras
1015 1660 1237 1709 constan
1257 1653 1412 1721 ...rit,
1429 1652 1556 1724 quid
1579 1663 1685 1710 tam
1712 1667 1980 1709 memora-

392 1743 525 1800 bile?
548 1746 729 1801 nonne
754 1744 883 1801 ludo
908 1743 1102 1816 puniti,
1129 1744 1214 1803 vel
1241 1746 1402 1801 etiam
1419 1744 1556 1801 ad...
1580 1744 1983 1817 arenariae_vili-

2089 537 2181 602 tia,
2215 544 2333 609 quae
2361 540 2497 610 patri
2523 552 2709 596 caussa
2740 541 2928 597 mortis
2957 540 3076 599 fuit.

2164 628 2251 688 15.
2282 630 2525 703 Longum
2557 631 2695 690 foret
2718 648 3001 692 recensere
3044 634 3206 692 etiam
3234 633 3302 692 de
3328 633 3434 691 illis
3462 646 3599 708 quos
3629 635 3685 693 in

2090 723 2266 783 sidera
2285 726 2576 799 sepelistis,
2608 735 2663 783 et
2691 726 2964 785 audaciter
2988 728 3142 785 dei...
3169 729 3341 785 tratis.
3368 728 3460 786 Sic
3489 728 3687 801 Opinor

2091 810 2234 890 digni
2259 819 2329 876 de
2366 820 2504 877 coelo
2531 819 2784 877 Castores
2808 830 2862 876 et
2901 819 3133 878 Perseus
3156 829 3213 878 et
3249 820 3510 893 Erigona,
3553 837 3685 894 que.

2090 911 2435 969 madmodum
2473 921 2528 970 et
2574 911 2720 970 Jovis
2749 913 3011 987 expletus.
3039 914 3146 973 Sed
3174 915 3301 988 quid
3339 915 3684 973 mirandum?

2090 1004 2251 1061 etiam
2295 1012 2458 1062 canes
2485 1008 2556 1063 'et
2598 1006 2840 1079 scorpios
2884 1021 3108 1066 cancros
3136 1008 3189 1064 in
3217 1010 3411 1067 coelum
3451 1016 3686 1066 transtué

2090 1098 2247 1155 ii'stis.
2282 1097 2477 1157 Differo
2503 1098 2571 1157 de
2598 1097 2682 1158 his
2710 1114 2847 1172 quos
2875 1100 2931 1157 in
2974 1102 3300 1161 oraculis....
3346 1112 3400 1160 et
3446 1103 3684 1160 testimo-

2089 1190 2238 1247 nium
2291 1190 2379 1249 hic
2414 1191 2613 1261 divini,
2641 1191 2731 1266 qui
2763 1196 2817 1250 et
2842 1193 3071 1250 tristitim
3115 1194 3247 1252 deos
3289 1196 3518 1252 arbitros
3564 1210 3685 1253 esse

2090 1285 2342 1341 vultis....
2387 1285 2541 1353 dius,
2596 1287 2688 1358 qui
2736 1287 2969 1343 animam
2999 1302 3227 1359 corpore
3269 1286 3483 1355 viduet,
3524 1296 3685 1361 quem

2090 1379 2229 1435 intra
2261 1392 2443 1434 muros
2470 1377 2610 1435 cludi
2641 1393 2746 1434 non
2779 1379 3138 1450 permittendo
3188 1380 3502 1437 damnastis.
3547 1381 3684 1437 Item

2088 1469 2335 1527 Caeculus
2359 1513 2373 1537 ,
2401 1471 2491 1541 qui
2518 1470 2703 1526 oculos
2732 1485 2893 1527 sensu
2923 1473 3175 1527 exani...;
3203 1470 3415 1527 Orbana
3443 1514 3456 1537 ,
3487 1486 3604 1542 quae
3630 1471 3683 1526 in

2086 1564 2374 1620 orbitatem
2401 1565 2609 1620 semina
2639 1563 2970 1635 exstinguat,
3008 1573 3064 1619 et
3107 1564 3276 1636 ipsius
3311 1564 3587 1620 Mortis...
3616 1562 3688 1619 Ut

2087 1665 2284 1713 caetera
2312 1654 2675 1721 transvolem,
2706 1655 2867 1711 etiam
2908 1655 3148 1711 locorum
3193 1656 3375 1724 urbis,
3417 1656 3503 1711 vel
3532 1656 3687 1725 loca,

2085 1734 2217 1803 deos
2241 1761 2394 1802 ar....
2423 1755 2630 1818 patrem
2651 1786 2667 1815 ,
2700 1758 2755 1802 et
2791 1746 2912 1803 diva
2941 1747 3139 1819 Arquis
3168 1754 3222 1802 et
3263 1746 3408 1802 Lana
3438 1756 3494 1803 et
3529 1761 3689 1803 mon-

388 1836 515 1891 tatis
543 1835 806 1907 plurimas
837 1836 890 1892 in
931 1851 1098 1891 unum
1126 1878 1139 1901 ,
1170 1843 1225 1892 et
1252 1835 1468 1908 quidem
1496 1836 1851 1892 studiosiores
2008 1846 2057 1918 Β
2084 1840 2216 1896 tium
2243 1840 2664 1912 Septemontium
2704 1840 2875 1916 ((1)....
2932 1841 3007 1897 illi
3040 1840 3262 1909 faciunt,
3290 1842 3381 1913 qui
3411 1842 3462 1896 in
3495 1840 3685 1897 iisdem

386 1928 555 1985 ciunt.
578 1929 633 1986 Si
661 1930 731 1987 ob
757 1938 1098 2002 peragratum
1138 1930 1360 1995 orbem,
1400 1930 1614 2001 quantis
1648 1928 1713 1985 ad
1741 1929 1981 2002 locuple-

386 2022 525 2079 tibus
545 2021 718 2080 dulcis
866 2030 975 2090 tas,
999 2032 1090 2078 aut
1111 2021 1444 2094 philosophis
1466 2020 1800 2078 famulatoria
1823 2038 1980 2078 men-

385 2099 575 2172 dicitas
604 2115 745 2172 idem
776 2115 1070 2187 praestitit?
1096 2114 1211 2171 Non
1259 2116 1649 2182 meminerunt,
1697 2114 1978 2186 Asclepia-

384 2208 508 2266 dcm
529 2209 787 2283 Cynicum
815 2209 973 2265 unica
1002 2209 1221 2266 vaccula
1246 2251 1261 2277 ,
1281 2208 1436 2280 cujus
1474 2218 1529 2265 et
1554 2209 1717 2265 dorso
1743 2206 1978 2264 veheba-

388 2310 480 2359 tur
498 2345 513 2369 ,
544 2311 598 2359 et
622 2303 667 2358 si
690 2300 903 2373 quando
928 2301 1095 2359 ubere
1120 2301 1362 2358 alebatur
1381 2342 1397 2368 ,
1414 2298 1598 2356 orbem
1619 2308 1786 2356 totum
1808 2301 1980 2356 oculis

386 2393 706 2468 subegisse?
746 2394 918 2452 Si.....
946 2396 1107 2452 etiam
1137 2394 1204 2451 ad
1255 2394 1455 2451 inferos
1498 2394 1657 2461 adiit,
1712 2394 1832 2466 quis
1879 2394 1981 2453 hoc

385 2487 607 2556 nesciat,
630 2486 770 2542 viam
787 2485 851 2543 ad
871 2486 1071 2544 inferos
1084 2486 1230 2543 omni
1256 2502 1483 2543 .......as
1501 2487 1920 2559 plurimas.......
1935 2504 1981 2545 .s

384 2581 477 2640 ille
500 2582 787 2654 Pompeius
1058 2582 1146 2654 qui
1177 2596 1278 2638 nec
1304 2576 1506 2638 hostias
1552 2581 1779 2638 al......n
1815 2597 1980 2639 unum

384 2673 641 2746 agnulum
682 2673 863 2746 Byrsae
916 2670 1316 2731 Cartha.....re.
1359 2673 1477 2744 Quo
1523 2675 1695 2747 magis
1762 2675 1973 2748 Scipio,

294 2781 301 2787 '
384 2783 543 2840 quam
586 2766 866 2837 llerculis,
893 2767 1102 2825 0b....ti
1150 2768 1477 2840 deputatur?
1519 2768 1750 2840 Adjicite
1801 2770 1978 2841 potius

386 2860 525 2918 tituli
555 2860 1107 2931 Hercula.......rum,
1137 2876 1364 2917 uxorum
1387 2904 1401 2928 ,
1431 2870 1486 2917 et
1510 2858 1668 2916 festas
1694 2856 1931 2917 Omfales
1958 2901 1974 2927 ,

382 2960 439 3009 et
461 2953 531 3010 ob
558 2953 742 3010 decori
769 2953 919 3024 pueri
946 2952 1168 3008 amissio
1288 2950 1560 3009 desertam
1588 2950 1834 3007 militiam
1876 2952 1979 3006 Ar-

381 3052 757 3115 gonautarum.
791 3043 1022 3115 Adjicite
1062 3043 1130 3099 ad
1170 3042 1393 3116 gloriam
1447 3050 1570 3115 post
1615 3043 1975 3115 turpi....am,

382 3137 540 3194 etiam
592 3139 759 3194 furias
798 3138 951 3209 ejus;
984 3146 1263 3194 auctorate
1291 3137 1518 3208 sagittas
1541 3178 1556 3205 ,
1586 3153 1705 3210 quae
1736 3138 1877 3193 ﬁlios
1920 3145 1978 3193 et

286 3273 299 3282 .
380 3244 696 3286 uxorem...
728 3230 1029 3300 erunt;qui
1058 3238 1184 3285 tunc
1211 3230 1419 3303 dignius
1448 3245 1579 3302 rogo
1599 3244 1720 3288 sese
1741 3232 1974 3303 irrogas-
2000 3214 2047 3284 C

381 3330 467 3378 set
496 3334 609 3393 prae
649 3322 840 3379 dum
880 3322 1190 3394 peak..."
1237 3322 1339 3392 Qui
1368 3324 1553 3379 uxoris
1580 3324 1654 3380 ob
1697 3324 1977 3381 lasciviam

382 3416 604 3479 venenis
629 3417 1027 3473 circumventus
1055 3416 1227 3490 magis
1267 3429 1412 3474 metu
1552 3418 1774 3476 honesta
1803 3428 1978 3476 morte

380 3521 705 3569 moreretur.
735 3512 894 3569 Hunc
922 3527 1022 3569 vos
1068 3512 1139 3570 de
1177 3527 1309 3586 pyra
1334 3512 1389 3568 in
1416 3513 1613 3570 calum
1662 3513 1819 3570 subte
1851 3528 1976 3570 ,ινα
2005 3568 2011 3580 ς

381 3606 637 3664 facilitate
658 3649 673 3675 ,
704 3624 806 3679 qua
834 3618 889 3665 et
912 3606 1078 3665 alium
1106 3606 1246 3680 ignis
1275 3615 1331 3664 et
1351 3606 1515 3664 divini
1537 3598 1861 3675 confectum,
1882 3604 1974 3679 qui

379 3712 546 3768 pauca
575 3716 677 3756 e...
709 3700 919 3772 ingenia
949 3707 1286 3756 commentus
1305 3741 1320 3768 ,
1345 3699 1629 3757 dicebatur
1648 3710 1889 3758 mortuos
1904 3700 1974 3757 ad

379 3792 539 3847 vitam
570 3807 853 3850 recurasse
962 3791 1126 3860 ﬁlius,
1163 3802 1271 3847 tam
1300 3789 1487 3861 homo,
1518 3804 1677 3865 quam
1703 3790 1850 3850 lovis
1877 3808 1976 3850 ne-

294 3930 304 3934 -
378 3897 496 3955 pos,
514 3883 728 3941 Saturni
758 3899 1024 3956 pronepos
1168 3883 1382 3957 spurius
1409 3891 1466 3939 ut
1486 3884 1691 3942 incerto
1708 3895 1883 3957 patre,
1917 3894 1977 3942 ut

378 3977 609 4047 Argivus
629 3976 879 4034 Socrates
899 3976 1091 4034 detulit
1285 3988 1585 4057 repertum,
1617 3980 1822 4054 turpius
1841 3964 1977 4037 dove

377 4068 682 4136 educatum,
705 4070 897 4126 canino
913 4071 1119 4126 scilicet
1140 4069 1304 4127 ubere
1491 4085 1648 4127 nemo
1673 4085 1869 4143 negare
1886 4085 1976 4142 po-

379 4169 514 4229 test;
532 4161 754 4219 fulmine
772 4161 996 4219 haustus
1021 4171 1123 4219 est.
1148 4163 1319 4220 Malus
1337 4163 1735 4236 Jupiter,...sus
1756 4173 1840 4221 est
1866 4163 1913 4238 (l
1927 4165 1971 4238 ),

376 4255 574 4327 impius
594 4257 647 4313 in
663 4265 932 4328 nepotem,
951 4257 1161 4316 invidus
1178 4260 1231 4315 in
1252 4258 1529 4316 artiﬁcem.
1546 4259 1651 4318 Sed
1666 4261 1807 4318 enim
1831 4260 1971 4333 pin..

479 4365 587 4407 .um
600 4350 717 4423 ejus
726 4364 833 4409 non
850 4353 1157 4422 occultavit,
1174 4353 1519 4426 cupiditatem
1530 4363 1584 4411 et
1598 4355 1875 4412 avaritiam
1897 4356 1973 4412 lu-

374 4438 450 4498 cri
462 4453 693 4513 ...atam,
706 4457 809 4517 qua
826 4431 1143 4518 quidemille
1155 4447 1302 4504 vivos
1319 4446 1385 4503 ad
1401 4457 1651 4515 mortem,
1669 4454 1774 4506 non‘
1794 4454 1971 4506 mertu

503 4540 941 4611 prmvaricatibne
962 4540 1171 4597 venalis
1208 4540 1491 4597 medicinae
1519 4541 1730 4612 agebat.
1766 4532 1971 4601 Dicitur

375 4630 535 4686 etiam
555 4641 727 4689 mater
739 4632 855 4703 ejus
870 4632 1061 4691 eodem
1073 4644 1200 4689 casu
1212 4631 1411 4713 obisse;
1430 4631 1820 4690 merito...sa'm
1843 4650 1969 4692 m...

374 4722 603 4783 bestiam
631 4723 872 4783 ediderat
896 4725 1085 4783 iisdem
1125 4725 1277 4797 quasi
1306 4720 1465 4782 scalis
1503 4720 1569 4782 ad
1611 4727 1805 4784 coelum
1850 4743 1973 4784 eru-

376 4820 540 4890 pisse.
582 4819 652 4876 Et
687 4827 867 4876 tamen
915 4818 1275 4876 AthenienSes
1324 4817 1499 4875 scient
1543 4816 1808 4890 ejusmodi
1854 4820 1972 4879 deis

376 4911 700 4969 sacriﬁcare.
730 4908 866 4968 Nam
892 4908 1203 4983 IEsculapio
1246 4918 1303 4968 et
1337 4910 1496 4968 matri
1542 4911 1686 4970 inter
1728 4918 1973 4972 mortuos

374 5013 679 5077 parentant,
710 5006 864 5078 quasi
905 5021 1014 5064 non
1040 5015 1095 5064 et
1117 5005 1220 5079 ipsi
1261 5005 1471 5063 Thesea
1514 5021 1670 5063 suum
1710 5006 1968 5071 adorent:

372 5099 577 5159 Men...
617 5100 810 5173 deum,
855 5101 948 5174 qui
974 5101 1076 5159 nisi
1101 5102 1553 5161 conservatricem
1584 5119 1738 5164 suam
1777 5109 1832 5164 in
1886 5112 1974 5171 litt-

2084 1935 2217 1991 locis
2261 1950 2382 1991 aras
2420 1935 2505 1991 vel
2550 1934 2695 1991 sedes
2731 1933 2966 2001 habent,
3008 1942 3361 2006 praeterea....
3410 1934 3463 1988 in
3509 1933 3687 1989 alieno

2082 2026 2205 2082 loco
2251 2034 2345 2082 aut
2382 2025 2718 2082 mercedibus
2767 2024 3027 2081 habitant.
3070 2024 3249 2081 Taceo
3290 2024 3687 2103 Ascensum....

2081 2127 2136 2175 et
2161 2117 2463 2176 Levicolam
2499 2119 2581 2191 (2)
2623 2133 2654 2173 a
2692 2118 2879 2185 clivis;
2938 2127 3090 2174 taceo
3145 2117 3278 2174 deos
3320 2117 3608 2173 Ferculum
3652 2130 3685 2173 a

2081 2211 2309 2280 foribus,
2341 2222 2397 2269 et
2418 2211 2678 2270 Cardeam
2701 2227 2732 2269 a
2757 2210 3090 2280 cardinibus,
3120 2220 3174 2269 et
3202 2212 3445 2268 liminum
3467 2211 3685 2267 Limen-

2085 2306 2253 2362 tinum
2273 2348 2288 2373 ,
2318 2307 2432 2362 sive
2458 2306 2551 2378 qui
2589 2305 2678 2361 alii
2720 2307 2861 2361 inter
2886 2305 3092 2362 vicinos
3120 2319 3282 2376 ap....
3313 2319 3441 2360 num
3472 2292 3683 2359 Janito-

2082 2412 2200 2453 rum
2228 2396 2539 2453 adorantur.
2563 2396 2701 2464 Quid
2728 2397 2874 2454 enim
2901 2397 3189 2469 magnum?
3214 2412 3336 2452 cum
3374 2406 3429 2453 et
3453 2396 3691 2477 habeant

2082 2491 2136 2547 in
2162 2489 2507 2562 lupanaribus
2530 2530 2546 2558 ,
2570 2489 2621 2545 in
2644 2490 2837 2546 culinis
2857 2531 2873 2557 ,
2903 2499 2958 2546 et
2987 2490 3039 2545 in
3067 2491 3176 2545 imo
3202 2504 3450 2557 carcere;
3475 2489 3527 2545 in

2083 2584 2263 2655 itaque
2303 2597 2562 2655 propr....
2604 2582 2834 2654 aliisque
2875 2582 3241 2640 Romanorum
3287 2583 3439 2650 deis,
3490 2582 3684 2656 quibus

2083 2678 2247 2735 totius
2294 2677 2416 2733 vitae
2460 2675 2637 2733 ofﬁcia
2675 2675 3094 2745 distribuuntur,
3142 2676 3341 2742 taliter,
3384 2683 3444 2730 ut
3471 2674 3683 2732 cmteris

2084 2772 2199 2830 deis
2237 2786 2375 2844 opus
2400 2786 2507 2827 non
2536 2771 2627 2826 sit.
2670 2769 2783 2826 Imo
2803 2785 2926 2827 cum
2969 2768 3214 2842 privatim
3244 2770 3385 2842 apud
3410 2768 3684 2825 Romanos

2081 2863 2423 2935 deputentur,
2467 2876 2605 2936 quos
2647 2877 2809 2934 supra
2848 2861 3202 2933 signavimus,
3240 2875 3341 2918 nec
3366 2860 3521 2918 facile
3550 2860 3682 2916 foris

2080 2955 2316 3029 cogniti,
2356 2955 2628 3027 quamodo
2654 2969 2717 3010 ea
2761 2954 2942 3009 omnia
2982 2953 3103 3009 illos
3135 2967 3372 3025 praeesse
3401 2953 3683 3010 voluerunt

2081 3051 2136 3106 in
2164 3051 2311 3106 omni
2337 3063 2535 3122 genere
2576 3034 2843 3113 humano,
2892 3054 2949 3102 et
2991 3046 3047 3102 in
3092 3046 3238 3102 omni
3276 3054 3436 3117 gente
3485 3059 3682 3114 prove.

2078 3145 2265 3211 niunt;
2319 3143 2411 3199 ubi
2455 3139 2664 3213 prmdes
2694 3154 2917 3209 eorum,
2955 3153 3065 3195 non
3093 3138 3255 3195 modo
3295 3137 3536 3206 honore,
3584 3136 3681 3193 sed

2080 3236 2193 3307 ipsa
2234 3247 2446 3307 quoque
2472 3232 2654 3288 notitia
2684 3241 2889 3288 carent.
2920 3229 3026 3287 Sed
3052 3229 3197 3286 enim
3226 3229 3443 3301 quidam
3474 3229 3680 3286 fructus

2047 3336 2135 3386 et
2156 3327 2462 3384 secessui!
2490 3325 2657 3382 victui
2682 3323 3229 3381 demonstraverunt?

2151 3418 2240 3475 l6.
2282 3418 2479 3487 Quaeso
2517 3431 2653 3484 vos,
2684 3430 2806 3472 cum
2834 3415 3014 3472 dicitis
3054 3414 3326 3472 invenisse
3368 3414 3525 3484 illos,
3568 3428 3677 3471 non

2073 3511 2407 3570 conﬁtemini
2434 3511 2583 3583 prius
2612 3508 2777 3566 fuisse
2818 3524 2939 3581 qua!
2978 3508 3371 3565 invenirentur.
3401 3506 3513 3565 Cur
3548 3523 3679 3579 ergo

2077 3624 2184 3664 non
2215 3606 2488 3664 auctorem
2509 3604 2685 3676 potius
2712 3598 3009 3670 honoratis,
3039 3602 3194 3676 cujus
3217 3602 3334 3659 htee
3359 3602 3499 3659 dona
3527 3610 3673 3669 sunt,

2031 3739 2035 3743 ι
2078 3699 2175 3757 sed
2196 3708 2467 3756 auctorem
2491 3696 2792 3753 transfertis
2820 3696 2874 3752 in
2892 3697 3301 3767 repertores?...
3330 3710 3491 3767 quam
3522 3696 3676 3752 inve-

2078 3794 2267 3859 hisset,
2299 3793 2484 3865 utiqvte
2509 3791 2714 3848 auctori
2754 3790 2955 3865 gratias
2975 3790 3104 3863 egit,
3132 3786 3317 3861 diique
3341 3790 3489 3846 illum
3515 3789 3677 3846 deum

2078 3888 2375 3955 sensit;....
2424 3885 2779 3942 ministerium
2826 3883 3181 3951 institutoris;
3229 3899 3259 3939 a
3304 3898 3412 3955 quo
3466 3893 3521 3941 et
3563 3884 3679 3955 ipse

2073 3984 2352 4041 institutus
2374 3984 2462 4038 est
2490 3979 2581 4052 qui
2607 3978 2903 4036 invehit...
2932 3982 3057 4035 sum
3096 3977 3241 4049 Quod
3262 3998 3265 3999 ν
3285 3977 3675 4035 invenirentur.

2076 4060 2265 4133 Ficum
2306 4071 2531 4130 viridem
2581 4054 2770 4126 Roma:
2818 4084 2979 4126 nemo
3028 4077 3345 4126 noverat....
3403 4085 3494 4125 um
3542 4069 3678 4125 Cato

2076 4167 2284 4227 senatui
2314 4166 2612 4234 intulit;'ut
2647 4177 2753 4236 quo
2773 4163 2882 4236 jam
2914 4161 3188 4234 provincia
3232 4161 3443 4218 hostilis
3496 4170 3677 4230 esset;

2077 4261 2164 4319 cui
2190 4260 2382 4317 sub....
2412 4272 2626 4329 semper
2652 4255 2886 4312 instabat
2905 4252 3254 4324 exprimeret.
3286 4251 3542 4310 Cerasum
3572 4253 3676 4310 Cn.

2077 4354 2366 4427 Pompeius
2394 4351 2464 4409 de
2488 4349 2663 4408 Ponto
2690 4348 2865 4423 (5)..‘..
2897 4342 3061 4404 italia:
3089 4345 3445 4418 provulgavit.
3476 4340 3678 4403 Potue-

2076 4458 2204 4507 runt
2260 4445 2392 4502 mihi
2446 4457 2708 4502 novorum
2767 4440 2907 4513 apud
2961 4436 3237 4496 Romanos
3298 4448 3677 4510 pontorum...

2074 4545 2250 4601 ruisse
2278 4538 2607 4613 praeconium
2633 4532 2953 4593 divinitatis.
2974 4533 3108 4589 Tam
3136 4547 3332 4589 vanum
3364 4531 3488 4599 hoc,
3514 4542 3676 4603 quam

2076 4639 2331 4697 etiam...
2373 4636 2675 4690 commenta
2707 4629 2837 4686 deos
2862 4626 3083 4694 haberi;
3125 4626 3319 4698 quibus
3362 4624 3409 4680 si
3454 4634 3677 4695 compa.

2075 4730 2263 4789 rentur
2310 4735 2509 4783 nostra:
2557 4723 2818 4783 περιθεῖεν..
2868 4732 2903 4777 o
2939 4718 3152 4792 dignius
3199 4716 3464 4788 posteris,
3514 4726 3678 4787 quam

2076 4818 2347 4897 prioribus
2396 4796 2731 4876 consﬁcra’tio
2778 4812 3216 4884 cbmpetisset....
3246 4824 3317 4866 on
3342 4810 3395 4864 in
3425 4808 3679 4868 omnibus

2070 4916 2184 4991 jam
2223 4908 2464 4972 artiﬁciis
2500 4909 2791 4982 antiquitas
2817 4903 3081 4987 exolevit,
3111 4918 3214 4960 usu
3243 4901 3556 4975 quotidiana
3591 4901 3678 4959 in-

2075 5020 2320 5071 struente
2334 5008 2644 5074 novitatem;
2671 5013 2833 5075 atque
2844 5001 2981 5059 adeo
3000 5012 3135 5072 quos
3146 4997 3218 5055 ob
3238 5003 3380 5053 artes
3394 4995 3600 5053 sanctiﬁ
3610 5035 3623 5052 .
3634 5036 3647 5053 .
3657 5034 3676 5053 .

2076 5114 2131 5174 in
2153 5109 2282 5185 ipsis
2307 5104 2513 5163 artibus
2532 5107 2592 5157 et
2607 5103 2911 5171 provocatus
2930 5093 2987 5150 in
3010 5089 3221 5149 aemulis
3233 5088 3595 5161 insuperatos.
3673 5148 3680 5158 ,

1578 5216 1964 5287 LECTIONES
2001 5228 2091 5289 VA
2100 5216 2419 5286 RIANTES.

366 5328 388 5394 ι
744 5328 934 5381 enim.
959 5328 1343 5405 MalusJupiter,
1357 5333 1402 5385 si
1424 5331 1629 5386 fulmem
1662 5337 1817 5401 ipsius
1853 5348 1950 5394 est.

366 5402 382 5454 ι
456 5424 486 5442 ..
536 5390 717 5455 Baga“.
736 5388 1243 5446 entend.varcolam.

366 5388 383 5454 ῐ
431 5388 505 5455 (2i
536 5388 717 5461 Rigalt.
736 5393 930 5446 entend.
947 5388 1243 5446 Clivicolatii.

2115 5337 2195 5408 (ὅ)
2227 5342 2343 5407 ng.
2382 5338 2450 5390 de
2482 5334 2643 5387 Ponto
2683 5329 2870 5396 primus
2914 5323 3068 5377 italiae
3127 5328 3221 5375 etc.
3266 5320 3328 5374 cf.
3353 5320 3589 5388 Apol.il.
3613 5318 3668 5373 2.

1745 5506 2306 5574 COMMENTARIUS.

366 5614 377 5623 '
437 5612 516 5698 (θ)
534 5612 601 5671 Et
612 5614 859 5671 montium
871 5614 1296 5699 Septemontium.
1310 5616 1431 5675 Lib.
1444 5618 1514 5677 de
1524 5618 1829 5680 Idololatria
1843 5639 1966 5699 cap.

372 5684 459 5742 10.
490 5685 630 5743 idem
654 5686 834 5743 habet.
867 5686 1037 5742 Euam
1059 5696 1243 5743 strena:
1270 5691 1558 5743 captandas.
1589 5703 1637 5743 et
1660 5694 1966 5743 Senlemnn.

372 5691 459 5742 10.
490 5691 630 5743 idem
654 5691 834 5743 habet.
867 5691 1037 5742 Etiam
1059 5696 1243 5743 strena:
1270 5691 1558 5760 captandas,
1589 5703 1637 5749 et
1660 5691 1968 5767 Septemon-

368 5758 540 5842 tigna,
558 5768 606 5813 et
629 5759 820 5842 lit-tuna:
838 5799 855 5822 ,
886 5769 992 5842 etc.
1021 5757 1318 5842 Qelebritas
1342 5772 1523 5842 autem
1563 5774 1680 5842 erat
1706 5768 1964 5842 quaedam

365 5837 425 5886 ut
470 5830 569 5887 nos
612 5829 740 5891 alibi
787 5830 1163 5922 annotavimus
1203 5831 1462 5909 Romanis
1510 5834 1705 5921 usitata
1723 5829 1892 5899 'dicta
1920 5854 1971 5925 ,ᾳ

1760 6015 1813 6030 “v-

2072 5638 2281 5700 septem
2311 5624 2623 5700 montibus,
2652 5636 2772 5696 quae
2790 5622 2847 5680 in
2873 5632 3117 5700 mensem
3143 5614 3492 5700 Qecembretu
3524 5610 3667 5700 inci-

2071 5685 2264 5770 debat,
2294 5698 2539 5770 atquein
2570 5685 2840 5770 honorem
2864 5694 3010 5755 urbis
3034 5692 3266 5754 conditae
3290 5689 3394 5748 hoc
3418 5685 3509 5743 die
3532 5693 3671 5744 stre-

2069 5772 2154 5833 na:
2173 5766 2381 5853 captari
2403 5768 2670 5857 solebant.
2701 5766 2783 5851 ιρις
2809 5767 2910 5833 Pn-
2943 5834 2954 5843 ,
