4150 6352
429 293 534 384 soi

1850 279 2317 344 TERTULLIANI

3598 240 3604 243 ’
3620 281 3729 341 sos

500 410 591 468 t7.
633 405 962 480 Denique....
1005 403 1213 462 toribus
1253 403 1366 460 suis
1403 415 1510 460 non
1537 401 1744 475 negatis
1769 402 2020 459 omnibus
2045 401 2100 462 A
2125 399 2347 470 quaesita
2371 397 2494 456 est?
2520 396 2619 455 etsi
2645 409 2678 453 a
2701 394 2870 453 Numa
2899 406 3052 454 sacra
3078 392 3379 454 introducta
3407 400 3565 465 sunt,
3595 411 3731 454 non-

428 504 516 562 bis
563 515 700 576 quos
738 501 870 558 deus
911 497 1198 570 antiquitas
1238 495 1433 563 voluit,
1466 495 1749 567 posteritas
1777 509 1899 550 c....
1931 509 2023 550 su-

428 597 819 672 perstitionum.
924 593 1013 661 l..,
1037 591 1405 664 praesumptio,
1429 590 1608 645 cui....
1635 589 1843 655 bemus;
1864 603 2024 659 prop-

429 699 575 748 terea
603 689 809 744 scilicet
832 686 1103 741 Romanos
1124 684 1286 740 totius
1310 682 1457 738 orbis
1482 680 1723 736 domi....
1754 696 1814 736 se
1831 721 1846 748 ,
1879 677 2024 751 quod

429 784 618 842 officiis
647 782 969 854 religionum
999 779 1297 835 meruerint
1339 776 1647 833 domina....
1695 775 1771 830 cis
1815 789 2024 845 praeva-

427 880 592 936 leant.
639 877 902 934 Nimirum
949 873 1319 931 Sterculus....
1369 872 1470 927 lioc
1519 871 1894 941 imperium....
1928 883 2024 926 seu

429 975 796 1031 Romanorum
822 969 1077 1026 distin....
1109 978 1217 1023 tem
1254 973 1513 1022 extraneo
1559 964 1826 1034 potius....
1879 970 2022 1018 tores

421 1073 486 1123 .et
504 1064 846 1122 destitutores
872 1063 1021 1119 in....
1047 1061 1108 1127 ti,
1136 1058 1437 1130 sepultique
1462 1065 1606 1112 sunt.
1629 1056 1706 1110 Ita
1734 1070 2021 1126 nempe....

430 1156 629 1213 oblitus
667 1163 880 1210 antrum
927 1151 1061 1208 illud
1098 1150 1399 1207 Idaeum...
1446 1149 1731 1204 dissimum
1778 1148 2022 1204 odorem.

430 1250 623 1307 Nonne
657 1249 804 1305 omni
831 1246 1214 1319 Capitolio.....
1241 1253 1299 1300 ut
1326 1243 1413 1299 illa
1454 1242 1631 1313 potius
1662 1251 1802 1298 terra
1831 1256 2024 1312 regna-

431 1352 607 1406 ret....
633 1341 934 1414 posthabita
961 1340 1124 1396 Samo
1144 1337 1360 1404 dilecta,
1385 1345 1439 1394 et
1456 1338 1638 1408 utique
1660 1335 2026 1391 Eneadarum

433 1434 642 1507 ignibus
668 1433 964 1490 adoleri....
1435 1471 1445 1480 τ

1183 1501 1282 1558 Hic
1302 1502 1445 1558 illius
1465 1516 1612 1556 arma
1634 1541 1650 1568 ,

506 1599 604 1655 llic
627 1613 816 1654 currus
841 1595 956 1662 fuit,
985 1594 1087 1652 hoc
1112 1609 1337 1667 regnum
1366 1595 1465 1650 dea
1495 1592 1741 1665 gentibus
1765 1607 1884 1648 esse
1901 1634 1917 1658 ,

504 1692 682 1762 Siqua
715 1692 816 1746 fata
844 1691 1041 1756 sinant,
1063 1690 1174 1759 iam
1202 1698 1327 1744 tunc
1356 1688 1628 1758 tenditque
1654 1687 1902 1757 fovetque
1924 1685 2024 1759 (a).

2123 490 2251 546 dum
2269 499 2446 546 tamen
2465 497 2558 544 aut
2583 488 2904 556 simulacris,
2933 497 3026 544 aut
3052 487 3264 559 templis
3293 503 3381 544 res
3411 495 3622 544 vestras
3649 489 3732 544 di-

2125 585 2250 640 vina
2278 584 2624 640 frustrabant.
2642 582 2712 639 28
2725 582 2888 654 Frugi
2916 581 3106 652 religio
3130 590 3186 638 et
3203 581 3515 660 paupertina
3538 597 3732 653 super-

2125 677 2294 744 stitio,
2327 678 2514 733 altaria
2546 675 2847 741 temeraria,
2876 689 3002 730 vasa
3029 673 3276 740 sordida,
3301 683 3354 730 et
3377 672 3625 729 nidor....
3666 689 3736 730 ex

2128 771 2254 839 illis,
2277 777 2332 826 et
2354 769 2488 827 deus
2506 772 2622 840 ipse
2642 782 2994 839 nusquam....
3012 766 3270 837 religiosi,
3290 780 3450 837 quam
3474 765 3732 836 majores,

2128 864 2255 934 quia
2287 863 2541 934 religiosi.
2575 863 2770 932 Atquin
2793 859 3276 932 quomodo.........
3304 858 3644 930 religionem,
3682 868 3740 915 et

2125 955 2348 1012 deorum
2372 954 2842 1026 profundissimam
2866 968 3049 1008 curam
3073 951 3358 1024 imperium
3379 952 3732 1008 Romanis...

2127 1048 2295 1104 videri
2323 1048 2509 1118 possit,
2537 1045 2680 1119 quod
2705 1045 2849 1101 laesis
2884 1045 3058 1115 potius
3086 1045 3172 1100 dei
3203 1054 3447 1100 sanctum
3473 1045 3600 1100 est?
3627 1045 3738 1100 Nisi

2127 1137 2284 1196 fallor
2313 1139 2455 1194 enim
2488 1152 2649 1194 omne
2687 1135 3018 1207 regnum-vel
3045 1135 3327 1204 imperium
3359 1134 3515 1190 bellis
3537 1135 3740 1206 quaeri-

2131 1240 2220 1287 tur
2247 1239 2301 1288 et
2321 1230 2475 1286 bellis
2500 1227 2810 1299 ampliatur.
2847 1228 3202 1283 Porro........
3236 1225 3311 1283 ib.
3353 1233 3410 1280 et
3442 1225 3527 1281 dei
3569 1225 3736 1281 urbis.

2130 1340 2254 1381 nam
2285 1324 2470 1380 eadem
2502 1333 2714 1394 strages
2741 1330 2796 1377 et
2821 1321 3076 1376 moenium
3113 1328 3165 1375 et
3193 1320 3514 1390 templorum
3536 1359 3552 1386 ,
3581 1332 3742 1390 pares

2134 1416 2311 1473 caedes
2331 1424 2386 1472 et
2409 1415 2606 1471 civium
2637 1422 2691 1470 et
2714 1401 3053 1470 Sacerdotum
3075 1453 3089 1478 ,
3119 1412 3324 1468 eaedem
3363 1411 3570 1481 rapina:
3615 1426 3741 1481 pro-

2134 1509 2378 1564 fanorum
2419 1518 2473 1563 et
2519 1522 2815 1563 sacrorum.
2857 1505 2962 1561 Tot
3000 1503 3280 1575 sacrilegia
3326 1503 3692 1558 Romanorum
3719 1543 3737 1568 ,

2135 1611 2266 1674 quot
2291 1601 2527 1673 trophzea
2560 1617 2576 1667 ;
2609 1610 2687 1657 tot
2713 1600 2781 1657 de
2805 1599 2920 1655 deis
2945 1606 3078 1670 quot
3101 1597 3169 1654 de
3187 1597 3436 1669 gentibus
3457 1595 3736 1666 triumphi.

2133 1695 2352 1752 Manent
2380 1704 2435 1751 et
2462 1694 2745 1750 simulacra
2775 1693 2981 1765 captiva
3003 1701 3107 1768 ,ret
3141 1692 3326 1762 utique
3362 1691 3740 1748 senti..........

432 1785 622 1840 Misera
653 1785 910 1866 adversus
940 1783 1043 1838 fata
1087 1798 1194 1837 non
1243 1783 1424 1837 valuit.
1457 1782 1567 1838 Nec
1595 1791 1773 1836 tamen
1823 1788 2028 1834 tantum
2058 1815 2107 1875 Β
2135 1803 2196 1846 os
2221 1804 2326 1844 non
2353 1798 2552 1844 amant,
2584 1786 2689 1843 Sed
2715 1787 2837 1856 quia
2867 1785 3002 1840 nihil
3047 1784 3286 1841 sentiunt
3308 1826 3322 1850 ν
3371 1785 3589 1855 impune
3635 1783 3766 1838 lm-‘
3837 1809 3842 1816 -

434 1877 655 1932 honoris
707 1875 934 1931 Romani
989 1876 1120 1931 satis
1171 1873 1544 1940 decreverint,
1603 1880 1660 1928 ut
1710 1871 2031 1928 dedentibus

433 1967 807 2040 Carthaginem
862 1968 995 2034 sibi,
1047 1977 1304 2040 quantum
1357 1967 1675 2022 Larentinae.
1710 1965 1765 2023 Si
1817 1965 1902 2021 dei
1949 1965 2036 2022 isti

433 2060 744 2117 conferendi
794 2061 846 2114 in
895 2068 1112 2131 pote....
1147 2060 1224 2114 nit
1248 2059 1390 2114 enim
1418 2057 1626 2129 Jupiter
1663 2056 1837 2112 Cretae
1858 2066 1913 2112 et
1937 2055 2037 2112 Sa-

435 2162 626 2210 turnus
647 2154 814 2210 Italite
844 2165 898 2210 et
926 2153 1026 2209 Isis
1053 2153 1385 2226 Egypto....
1418 2161 1807 2224 regnaverunt,
1843 2149 2038 2223 quibus

436 2248 594 2303 etiam
634 2247 840 2319 operati
887 2231 1130 2318 plerique
1179 2246 1483 2300 traduntur.
1536 2243 1813 2315 Itaque....
1861 2244 2036 2300 mines

437 2338 596 2406 facit,
627 2348 680 2394 et
705 2339 979 2395 dedititius
1020 2339 1232 2394 Admeti
1274 2338 1420 2394 cives
1461 2352 1716 2393 romanos
1767 2337 2032 2407 imper....

369 2486 372 2488 .
436 2430 545 2487 lem
575 2430 837 2486 cultorem
886 2447 1041 2486 suum
1085 2429 1336 2486 Crassum
1381 2430 1650 2501 ambiguis
1674 2430 1907 2486 sortibus
1935 2428 2039 2485 fal-

438 2522 694 2579 lendo....
744 2521 964 2578 timebat
1014 2523 1173 2578 deum
1229 2537 1414 2578 verum
1445 2530 1754 2578 constanter
1793 2537 2039 2593 praenun-

441 2616 576 2671 tiare
603 2629 770 2684 regno
797 2630 991 2673 exc....
1026 2622 1287 2684 potestate
1331 2614 1588 2685 regnandi
1633 2629 1848 2686 quoque
1893 2614 2039 2670 velut

442 2706 498 2760 in
547 2705 708 2761 urbes
756 2721 882 2760 suas
935 2706 1234 2761 tueri.......
1304 2706 1617 2776 potuissent.
1673 2706 1731 2762 Si
1784 2707 2066 2763 Romanis.

442 2797 758 2868 praestitisse
787 2798 1098 2864 valuerunt,
1141 2813 1236 2852 cur
1263 2797 1501 2852 Athenas
1528 2815 1556 2852 a
1585 2797 1763 2854 Xerxe
1805 2799 2041 2854 Minerva

442 2906 550 2946 non
576 2889 859 2946 defendit?
893 2891 978 2947 vel
1002 2906 1098 2946 cur
1125 2890 1303 2946 Delfos
1341 2891 1408 2946 de
1447 2907 1605 2946 manu
1627 2890 1818 2962 Pyrrhi
1850 2891 2042 2962 Apollo

443 3002 550 3041 non
579 2986 758 3041 eruit?
781 2987 1054 3042 Servarint
1079 2985 1262 3041 urbem
1295 2985 1556 3053 Romam,
1598 2987 1689 3057 qui
1730 3000 1823 3040 sua
1868 2985 2044 3056 perdi-

444 3077 674 3134 derunt!
703 3077 758 3134 Si
789 3078 888 3134 hoc
914 3079 1230 3151 religiositas
1252 3080 1492 3135 Romana
1511 3081 1726 3145 meruit;
1745 3080 1911 3151 atqui.
1932 3093 2040 3135 non

2137 1882 2548 1938 duntur.........
2601 1879 2901 1944 laeduntur,
2958 1879 3154 1935 frustra
3197 1877 3508 1934 adorantur.
3560 1877 3744 1948 Itaque

2137 1989 2363 2045 quorum
2393 1972 2900 2045 fastigium..........
2933 1970 3172 2026 adultum
3199 1980 3322 2037 est,
3363 1987 3472 2026 non
3514 1980 3746 2042 possunt

2138 2067 2307 2122 videri
2331 2066 2608 2136 religionis
2636 2065 2875 2132 meritis,
2904 2065 3324 2120 excrevisse.....
3373 2063 3457 2117 nis
3503 2064 3616 2117 sive
3644 2063 3744 2118 lae-

2139 2157 2316 2214 dendo
2341 2166 2646 2214 creverunt.
2678 2155 2926 2227 Regnum
2967 2155 3233 2211 universa:
3259 2155 3508 2210 nationes
3534 2163 3744 2225 tempo—

2139 2252 2290 2308 ribus
2335 2250 2672 2315 habuerunt,
2705 2259 2764 2304 ut
2800 2248 3040 2320 Assyrii,
3071 2257 3131 2303 ut
3153 2247 3327 2314 Medi,
3356 2257 3415 2302 ut
3441 2247 3618 2304 Persa:
3643 2289 3658 2314 ,
3688 2257 3750 2302 ut

2141 2341 2496 2414 IEgyptii.....
2525 2351 2617 2396 aut
2647 2355 2811 2411 penes
2840 2338 3099 2410 quosdam
3120 2381 3136 2406 ,
3177 2347 3233 2395 et
3261 2347 3438 2394 tamen
3479 2339 3570 2410 qui
3611 2339 3748 2394 ami-

2141 2441 2344 2498 serunt,
2375 2446 2483 2486 non
2512 2432 2627 2486 sine
2649 2430 2994 2501 religionibus
3021 2438 3075 2485 et
3102 2430 3269 2497 cultu,
3301 2439 3357 2486 et
3385 2429 3452 2486 de
3480 2431 3746 2502 propitio-

2141 2540 2259 2579 rum
2287 2523 2511 2580 deorum
2543 2538 2861 2578 mora.......
2901 2523 3066 2577 cessit
3106 2521 3355 2578 universa
3403 2537 3538 2592 pene
3574 2506 3750 2578 domi?

2143 2619 2308 2674 natio.
2350 2617 2482 2673 Sors
2527 2626 2827 2687 temporum
2870 2617 2940 2671 ita
2981 2616 3303 2671 volutat.....
3349 2616 3586 2684 Quaerite
3627 2617 3749 2686 quis

2146 2723 2445 2784 temporum
2471 2713 2616 2768 vices
2642 2711 2928 2767 ordinavit.
2955 2710 3100 2766 Idem
3131 2725 3291 2782 regna
3339 2709 3652 2781 dispensat,
3694 2719 3751 2765 et

2146 2821 2291 2860 nunc
2316 2819 2482 2875 penes
2512 2804 2787 2859 Romanos
2811 2819 2929 2860 eam
2960 2818 3224 2858 summam
3243 2843 3257 2868 ,
3305 2811 3555 2873 tanquam
3585 2818 3748 2872 pecu-

2146 2898 2290 2953 niam
2319 2896 2388 2952 de
2433 2896 2618 2952 multis
2669 2894 2974 2950 nominibus
3011 2903 3252 2950 exactam
3289 2894 3342 2948 in
3370 2909 3528 2949 unam
3566 2909 3749 2950 arcam

2147 2989 2490 3062 congregavit
2521 2987 2619 3062 (a).
2650 2988 2788 3057 Quid
2817 2988 2883 3043 de
2908 3003 2970 3044 ea
3001 2987 3285 3056 statuerit,
3326 2987 3504 3043 sciunt
3522 2987 3750 3059 proximi

2146 3100 2216 3141 el.

431 3181 568 3243 _post
592 3186 862 3229 summum
893 3175 1177 3244 imperium
1205 3175 1375 3232 auctis
1397 3176 1508 3247 jam
1537 3175 1699 3231 rebus
1727 3178 2038 3249 superstitio
2064 3170 2111 3234 C
2215 3178 2293 3252 (a)
2324 3176 2472 3247 Virg.
2501 3173 2744 3242 1Eneid.,
2772 3173 2812 3240 Ι,
2845 3173 2916 3228 20
2943 3181 2988 3228 et
3011 3189 3144 3244 seqq.

502 3362 731 3369 -—_—1_
595 3367 630 3369 _

827 3483 1260 3642 QUINTI
1314 3515 1802 3661 'SEPTIMI
1881 3457 2533 3614 FLORENTIS
2602 3520 3402 3609 TERTULLIANI

926 3714 1204 3872 DE
1284 3727 2043 3878 TESTIMt

2144 3723 2530 3876 iNIO
2609 3718 3319 3868 ΑΝΙΜᾸΕ

978 3959 1461 4070 LIBER
1529 3958 1764 4070 AD
1787 3957 2043 4067 VEI

2144 3955 2372 4063 iU'S
2453 3948 3234 4062 GENTESM.

1798 4169 2417 4251 ώσω

458 4335 841 4380 ARGUMENTUM.
863 4351 932 4366 -
959 4321 1084 4379 Post
1121 4323 1425 4379 uberrimam
1452 4320 1776 4392 Scriptorum
1801 4329 2014 4393 segetem
2039 4359 2055 4387 ,

2173 4304 2178 4310 ’
2236 4331 2376 4370 verse
2403 4329 2466 4370 ea:
2490 4312 2782 4370 earumdem
2801 4310 2986 4366 animis
3005 4308 3298 4381 opinionem
3321 4307 3573 4375 evelleret,
3595 4312 3642 4361 et
3658 4320 3765 4360 rem

527 4415 614 4481 qui
638 4414 897 4484 religionis
921 4415 1225 4470 Christiania
1252 4430 1484 4470 caussam
1514 4421 1738 4486 egerant,
1768 4414 1822 4468 in
1841 4429 2050 4468 arenam
2071 4413 2126 4474 D
2224 4408 2565 4466 Christianam
2591 4407 2647 4462 in
2670 4415 2778 4461 tuto
2803 4404 3094 4461 collocaret.
3129 4401 3362 4473 Hujusce
3388 4401 3554 4472 operis
3602 4398 3757 4454 veluti

532 4505 859 4561 descenderat
899 4506 1276 4574 Tertullianus,
1323 4516 1376 4560 ut
1405 4516 1540 4577 patet
1567 4522 1630 4562 ea:
1655 4507 1982 4579 Apologetico
2007 4516 2058 4561 et

533 4597 674 4652 libris
700 4597 895 4654 duobus
917 4607 1094 4654 contra
1117 4599 1387 4665 Nationes;
1413 4616 1525 4654 cum
1550 4609 1715 4656 tamen
1736 4616 1967 4656 caussam
1997 4601 2064 4656 il-

466 4763 476 4774 .
535 4691 639 4746 lam
664 4692 794 4747 nihil
809 4693 1005 4765 juvisse
1025 4693 1524 4761 uideretur,ltunc=de
1549 4694 1858 4750 Testimonio
1876 4698 2063 4753 anima:

537 4785 763 4842 libellum
791 4803 1001 4842 exorsus
1030 4797 1123 4852 est,
1155 4795 1209 4841 ut
1244 4803 1372 4842 novo
1413 4788 1680 4860 pugnandi
1718 4805 1900 4860 genere
1935 4792 2065 4846 chri-

539 4881 694 4937 stiani
728 4882 946 4938 nominis
986 4882 1152 4937 hostes
1191 4881 1504 4950 adoriretur,
1542 4893 1932 4957 conceptamque
1958 4903 2065 4954 per-

2239 4503 2572 4574 fundamenta
2590 4502 2788 4574 jecerat
2827 4498 3147 4570 Apologetici
3165 4539 3181 4566 ,
3215 4513 3332 4566 cap.
3365 4497 3455 4562 17,
3485 4511 3656 4550 verum
3685 4493 3766 4547 hic

2243 4611 2303 4649 ea
2347 4594 2504 4648 latius
2542 4593 2886 4666 prosequitur,
2914 4606 3028 4662 qua:
3051 4590 3210 4645 obiter
3241 4597 3437 4643 tantum
3467 4587 3769 4656 perstrinxe-

2241 4695 2321 4740 rat
2346 4702 2365 4740 :
2396 4685 2659 4756 Deumque
2683 4683 2963 4758 prtesertim
2983 4698 3143 4737 unum
3167 4681 3272 4748 hic,
3299 4689 3348 4734 et
3371 4679 3558 4732 anima:
3576 4685 3762 4732 statum

2240 4786 2352 4850 post
2378 4787 2593 4833 mortent
2614 4778 2947 4832 demonstrat.
3425 4765 3428 4768 ’

2239 4871 2370 4930 CAP.
2408 4871 2453 4928 Ι.
2489 4871 2678 4945 Magna
2704 4869 3013 4927 curiositate
3046 4863 3118 4938 (ὁ)
3150 4871 3206 4922 et
3233 4861 3436 4934 maiore
3461 4860 3619 4931 longe
3647 4872 3768 4917 me-

1837 5001 2402 5066 COMMENTARIUS.

470 5119 508 5194 ‘_
555 5119 632 5192 (a)
657 5117 938 5194 Tractatus
963 5115 1032 5173 de
1055 5114 1386 5173 Testimonio
1428 5117 1622 5194 animze
1649 5131 1770 5174 cum
1813 5119 2067 5194 Apologe—

469 5188 581 5247 tico
611 5188 666 5247 et
690 5191 840 5247 libris
861 5189 1101 5243 adversus
1144 5198 1312 5260 gentes
1355 5188 1668 5258 c0ujunctus
1714 5198 1816 5245 est.
1863 5191 1919 5246 In
1963 5188 2069 5251 Hoc

474 5263 624 5320 enim
680 5262 951 5334 religionis
994 5269 1363 5334 argumentum
1389 5300 1405 5327 ,
1437 5259 1581 5334 quod
1619 5260 1672 5315 in
1703 5262 2068 5334 Apologetico,

476 5351 597 5406 cap.
654 5335 720 5388 l7
765 5330 1384 5406 protuleratg‘animam
1468 5330 1674 5406 scilicet
1749 5330 2065 5406 naturaliter

476 5401 803 5478 agnoscere,
841 5413 893 5458 et
918 5403 1072 5478 quasi
1113 5401 1360 5478 invitam,
1404 5417 1568 5478 unum
1610 5402 1868 5459 duntaxat
1893 5405 2068 5478 deum

473 5474 635 5543 esse,
666 5485 720 5532 et
744 5475 968 5530 alteram
1011 5475 1176 5529 vitam
1223 5475 1321 5528 ista
1352 5474 1618 5543 praeterita
1644 5516 1658 5542 ,
1711 5477 1950 5531 extendit
1980 5478 2064 5533 la-

469 5546 1067 5620 tiusqueiprosequitur.
1105 5543 1216 5620 Hoc
1241 5553 1515 5620 autemex
1543 5559 1704 5620 sensu
1749 5554 1934 5603 natura
1965 5549 2067 5620 ipsi

468 5616 631 5676 insito
675 5616 1044 5684 demonstrat,
1093 5627 1148 5671 et
1197 5616 1268 5688 ita
1315 5617 1525 5687 penitus
1564 5617 1614 5672 ei
1658 5618 1957 5688 insculpto,
1987 5616 2067 5676 ἰιι

469 5691 616 5747 nulla
642 5707 702 5747 re
729 5689 896 5746 deleri
933 5696 1126 5758 queat;
1157 5687 1290 5760 adeo
1332 5698 1390 5742 ut
1417 5688 1516 5757 ipsi
1554 5687 1884 5760 imprudenti
1914 5692 2063 5747 exci-

467 5762 562 5820 dat
590 5780 604 5819 :
637 5771 696 5818 ut
719 5777 841 5818 cum
864 5760 1218 5831 incogitanter
1238 5759 1503 5830 iactatur,
1535 5759 1678 5818 Deus
1727 5761 1864 5831 velit,
1913 5762 2066 5831 Quod

2169 5124 2280 5180 Deo
2311 5123 2556 5196 placitum
2580 5121 2866 5196 erit,AAdsi_t
2893 5119 3018 5196 inibi
3042 5117 3188 5196 _Deus
3213 5157 3228 5183 ,
3255 5123 3384 5181 etc.,
3414 5128 3534 5186 qua:
3562 5127 3763 5196 suppo-
3843 5117 3845 5119 ’

2172 5188 2566 5254 ῐιιιηίθηίηιωη
2617 5193 2708 5249 Dei
2754 5192 2939 5248 notitia
2967 5190 3223 5245 imbutam
3253 5203 3415 5251 esse,
3463 5197 3520 5242 ut
3568 5188 3757 5241 mortis

2172 5268 2336 5323 timor
2363 5277 2550 5322 natura
2579 5265 2801 5330 insitus,
2831 5277 3026 5318 nomen
3065 5260 3448 5316 immortalitati
3498 5273 3768 5314 commen-

2171 5339 2334 5395 dandi
2363 5337 2687 5394 desiderium
2715 5377 2730 5401 ,
2761 5331 3127 5390 misericordia
3171 5334 3223 5388 in
3270 5331 3590 5401 defunctos,
3641 5343 3768 5398 sup-

2173 5419 2382 5481 ponunt
2410 5409 2570 5464 aliam
2599 5407 2665 5481 ab
2695 5400 3159 5481 iSta_vi_tam_es_se.
3189 5405 3320 5460 Cum
3345 5413 3521 5481 autem
3566 5400 3618 5481 lii
3644 5415 3767 5481 sen-

2177 5471 2269 5537 sus
2295 5480 2509 5545 animae,
2537 5487 2590 5534 et
2619 5477 2843 5549 singulis
2870 5473 3528 5552 hominibusLnaturasint
3570 5471 3716 5552 in_siti
3748 5510 3764 5552 ε

2173 5569 2200 5606 a
2234 5553 2344 5608 Deo
2381 5566 2476 5605 eos
2497 5542 2741 5604 'manar'e
2771 5562 2994 5604 necesse
3019 5556 3121 5602 est.
3162 5548 3236 5602 En
3267 5545 3486 5617 quodin
3525 5542 3767 5617 eo_brevi

2170 5630 2396 5680 tractatu
2414 5621 2588 5692 lepide
2607 5618 3258 5692 admodumTertullianus
3277 5613 3770 5692 amplificatLuur.

2242 5695 2322 5768 (b)
2354 5685 2884 5768 Mog-narcuriositate.
2905 5691 3033 5768 _Vox
3061 5693 3252 5768 usitata
3271 5685 3494 5768 _inr’:ev_o
3535 5685 3716 5767 medio
3750 5699 3766 5737 :

2165 5756 2431 5840 Vopiscus
2446 5756 2514 5820 vin
2542 5762 2856 5822 Aureliano.
2893 5761 3104 5818 Friuola
3129 5766 3236 5817 Ittec
3257 5758 3490 5832 fortassis
3514 5756 3763 5836 cuipiam,

4146 2811 4150 2993 ι
