4150 6352
301 291 416 356 609

1440 287 1641 348 LIBER
1681 281 1769 345 DE
1805 278 2218 346 TESTIMONIO
2254 283 2514 342 ΑΝΙΜᾸΞ.
2583 345 2600 355 λ

3509 281 3612 344 610

303 415 483 471 moria
509 425 644 485 opus
669 419 753 469 est
779 409 847 467 ad
880 408 960 484 (a)
988 405 1308 466 studendum
1336 407 1440 481 (l),
1470 408 1513 464 si
1541 407 1662 479 quis
1687 407 1813 462 velit
1839 419 1904 461 ex
1933 408 1987 468 Α
2012 419 2080 460 ne
2105 403 2430 474 exprobrare
2459 400 2646 473 possit.
2675 396 2806 456 Nam
2837 406 2893 456 et
2917 395 3060 472 quod
3090 397 3320 456 relatum
3345 409 3428 458 est
3449 401 3589 473 (10),

305 508 506 564 litteris
553 505 941 577 rcccptissimis
995 503 1292 575 quibusque
1334 502 1417 574 (2)
1461 500 1908 573 philosophorum

302 602 392 658 vel
425 609 703 672 poetarum
730 600 815 656 vel
846 598 1212 670 quorumlibet
1239 596 1484 654 doctrina
1514 596 1793 668 sapientia:
1821 593 1907 667 (5)

304 692 588 751 saecularis
603 692 978 762 magistrorum
1001 691 1308 748 testimonia
1343 703 1640 760 excerpere
1668 687 1909 744 christia-

309 802 404 842 na:
455 785 691 842 veritatis
715 801 730 851 ;
759 794 819 840 ut
848 785 1026 840 aemuli
1057 791 1532 855 persecutoresque
1572 781 1689 852 ejus
1717 780 1784 836 de
1813 794 1910 836 suo

305 878 529 950 proprio
556 878 936 946 instrumento,
959 887 1014 934 et
1039 878 1306 934 errorisin
1334 893 1415 945 se,
1445 886 1501 932 et
1529 873 1826 946 iniquitatis
1855 873 1908 929 in

307 985 412 1028 nos
437 970 514 1026 rei
543 970 903 1026 revincantur.
935 968 1187 1025 Nonnulli
1226 966 1308 1040 (ὁ)
1336 968 1553 1039 quidem
1589 967 1689 1040 (4),
1719 967 1911 1038 quibus

307 1061 380 1118 de
404 1062 632 1133 pristina
659 1061 964 1118 litteratura
992 1070 1047 1118 et
1075 1061 1400 1118 curiositatis
1431 1059 1585 1115 labor
1608 1068 1663 1116 et
1699 1075 1910 1115 memo-

306 1154 408 1210 rite
433 1165 588 1210 tenor
615 1154 1002 1226 perseveravit,
1032 1154 1099 1210 ad
1136 1169 1261 1210 eum
1292 1154 1509 1209 modum
1542 1152 1620 1226 (5)
1652 1153 1910 1223 opuscula

306 1259 480 1316 penes
510 1260 609 1302 nos
636 1245 1014 1315 condiderunt,
1041 1256 1532 1302 commemorantes
1558 1253 1612 1301 et
1646 1246 1911 1301 contesti-

305 1338 533 1394 ﬁcantes
565 1340 617 1394 in
649 1339 1078 1410 suggillationem
1107 1349 1163 1397 et
1187 1340 1451 1413 originem
1479 1347 1534 1395 et
1556 1339 1900 1395 traditionem

303 1441 363 1486 et
385 1433 771 1487 sententiarum
789 1440 1103 1502 argumenta
1119 1431 1190 1505 (c)
1215 1431 1318 1506 (6),
1342 1447 1438 1502 per
1454 1446 1574 1502 qua:
1598 1429 1912 1502 recognosci

305 1523 482 1595 possit
508 1522 609 1596 (7),
640 1522 771 1578 nihil
800 1537 900 1580 nos
930 1533 1022 1580 aut
1048 1539 1247 1580 novum
1275 1534 1366 1578 aut
1397 1533 1767 1594 portentosum
1789 1537 1911 1578 sus-

304 1613 540 1683 cepisse,
591 1614 658 1670 de
701 1629 810 1686 quo
850 1629 954 1670 non
1002 1616 1162 1672 etiam
1215 1630 1529 1672 communes
1583 1626 1637 1672 et
1672 1614 1903 1687 publica:

304 1705 503 1762 litterae
532 1706 600 1762 ad
628 1705 942 1779 suﬂ'ragium
969 1708 1124 1763 nobis
1151 1708 1576 1780 patrocinentur,
1598 1709 1644 1765 si
1671 1708 1795 1779 quid
1820 1716 1912 1764 aut

2013 511 2188 567 neque
2214 509 2402 552 omnes
2422 495 2628 560 sciunt;
2654 508 2828 564 neque
2857 493 2946 565 qui
2977 493 3174 562 sciunt,
3193 503 3444 551 constare
3469 509 3600 552 con-

1981 577 2204 645 (fidunt.
2251 587 2424 645 Tanto
2461 588 2578 660 (11)
2605 587 2758 643 abest
2794 596 2852 642 ut
2879 587 3078 644 nostris
3122 588 3314 645 litteris
3355 597 3598 646 annuant

2012 680 2280 751 homines,
2315 681 2384 738 ad
2422 694 2559 752 quas
2588 694 2749 736 nemo
2773 680 2922 736 venit
2965 680 3069 736 nisi
3091 679 3203 751 jam
3249 680 3598 738 christianus.

2012 759 2608 834 Novum'testimonium
2634 775 2860 843 advoco,
2884 775 2992 832 imo
3017 774 3161 832 omni
3183 776 3479 834 litteratura
3506 791 3610 834 no-

2013 871 2142 940 tius,
2185 871 2332 928 omni
2376 868 2621 926 doctrina
2671 869 2920 940 agitatius
2948 910 2964 937 ,
3009 871 3152 925 omni
3201 869 3437 928 editione
3481 870 3603 927 vul-

2014 956 2211 1037 gatius,
2243 973 2354 1020 toto
2400 963 2620 1020 homine
2665 963 2862 1034 majus,
2911 963 2968 1018 id
2998 973 3080 1019 est
3121 951 3294 1020 totum
3336 965 3479 1036 quod
3522 973 3606 1021 est

2014 1057 2265 1115 hominis.
2299 1056 2562 1114 Consistc
2592 1056 2643 1112 in
2670 1055 2873 1123 medio,
2904 1056 3192 1129 animam,
3225 1071 3319 1113 seu
3344 1055 3522 1114 divina
3558 1067 3614 1114 et

2013 1157 2210 1205 aeterna
2242 1164 2327 1204 res
2350 1163 2410 1204 es
2438 1147 2730 1204 secundum
2763 1147 2946 1217 plures
2999 1146 3366 1219 philosophos,
3395 1163 3461 1205 eo
3491 1164 3610 1205 ma-

2011 1243 2093 1313 gis
2121 1256 2226 1297 non
2255 1240 2523 1296 mentiens
2550 1239 2686 1312 (l2).
2724 1239 2831 1295 Seu
2863 1238 3086 1295 minimc
3112 1238 3318 1310 divina,
3356 1240 3611 1313 quoniam

2013 1333 2231 1408 quidem
2261 1333 2520 1402 mortalis,
2551 1343 2609 1390 ut
2633 1332 2868 1404 Epicuro
2895 1333 2998 1388 soli
3043 1332 3273 1400 videtur,
3323 1347 3390 1389 eo
3437 1334 3608 1404 magis

2017 1431 2092 1501 (g)
2122 1429 2335 1485 mentiri
2360 1444 2466 1484 non
2495 1426 2718 1484 debebis
2746 1426 2890 1499 (15),
2922 1442 3018 1483 seu
3048 1427 3118 1483 de
3154 1427 3300 1485 caelo
3325 1428 3613 1498 exciperis,

2013 1535 2108 1578 seu
2133 1521 2202 1578 de
2217 1532 2357 1576 terra
2377 1519 2702 1592 conciperis,
2731 1533 2825 1575 seu
2849 1519 3113 1586 numeris,
3145 1533 3241 1576 seu
3267 1520 3461 1576 atomis
3481 1535 3614 1576 con-

2014 1613 2268 1679 cinnaris,
2302 1627 2395 1668 seu
2421 1628 2540 1668 cum
2606 1626 2834 1681 corpore
2865 1612 3151 1680 incaeperis
3179 1611 3320 1684 (14),
3349 1627 3449 1669 seu
3491 1623 3617 1684 post

2033 1721 2227 1777 corpus
2257 1703 2550 1772 induceris,
2618 1704 2760 1761 unde
2789 1705 2928 1761 unde
2959 1705 3071 1778 (15)
3106 1714 3163 1761 et
3197 1721 3412 1778 quoquo
3455 1707 3616 1764 modo

307 1799 512 1855 erroris
533 1798 816 1869 ejecimus,
863 1808 957 1855 aut
995 1801 1262 1871 tequitatis
1301 1800 1639 1857 admisimus.
1687 1799 1794 1856 Sed
1831 1815 1902 1856 ne
1938 1805 1986 1865 Β
2015 1799 2286 1854 hominem
2338 1798 2468 1854 facis
2497 1797 2694 1854 animal
2723 1797 3002 1865 rationale,
3035 1812 3230 1855 sensus
3275 1808 3331 1855 et
3366 1798 3608 1855 scientiae

307 1891 427 1947 suis
455 1891 672 1963 quidem
701 1894 998 1963 magistris,
1023 1894 1157 1952 alias
1201 1895 1590 1964 prohatissimis
1616 1903 1775 1965 atque
1797 1896 1909 1951 lec-

311 1985 558 2052 tissimis,
585 1984 746 2042 Iidem
775 1985 1052 2042 inclinavit
1072 1987 1303 2042 humana
1329 1987 1396 2044 de
1417 1987 1787 2043 incredulitate
1804 1987 1905 2044 du-

313 2077 458 2144 ritia,
489 2077 659 2133 sicubi
689 2078 742 2133 in
773 2087 1084 2149 argumenta
1113 2079 1422 2135 christiana:
1450 2080 1777 2137 delensionis
1807 2081 1909 2135 im-

311 2169 531 2240 pingunt
558 2186 572 2235 ;
603 2177 733 2226 tunc
757 2171 880 2225 vani
908 2178 1099 2240 poclm,
1130 2187 1251 2226 eum
1275 2171 1405 2227 deos
1434 2171 1683 2228 humanis
1707 2173 1912 2244 passio-

313 2260 472 2317 nibus
494 2270 549 2317 et
575 2260 770 2316 fabulis
799 2261 1083 2332 designant
1109 2261 1190 2335 (8)
1217 2281 1230 2317 :
1262 2275 1390 2319 tunc
1427 2263 1732 2336 philosophi
1763 2263 1906 2334 duri,

314 2365 436 2408 cum
465 2352 706 2409 veritatis
733 2351 878 2409 fores
910 2355 1121 2425 pulsant
1147 2354 1250 2428 (Δ).
1293 2355 1562 2411 Hactenus
1609 2357 1826 2428 sapiens
1855 2366 1912 2413 et

315 2444 550 2517 prudens
587 2445 893 2512 habebitur,
934 2447 1025 2518 qui
1058 2461 1227 2519 prope
1265 2447 1620 2504 christianum
1662 2463 1904 2520 pronun-

315 2539 484 2607 tiarit,
511 2553 636 2594 cum
662 2539 706 2595 si
732 2540 859 2611 quid
890 2540 1188 2611 prudentia:
1208 2549 1300 2596 aut
1319 2542 1598 2612 sapientia:
1627 2543 1916 2601 aﬂ‘ectave-

310 2631 408 2697 rit,
425 2645 521 2687 seu
547 2631 878 2688 cerctnouias
911 2632 1202 2704 despuens,
1224 2650 1319 2691 seu
1343 2636 1593 2690 saeculum
1612 2638 1914 2706 revincens,

311 2735 416 2794 pro
451 2722 742 2779 christiano
777 2724 1062 2782 denotetur
1105 2729 1201 2798 (ε).
1247 2727 1366 2784 Jam
1410 2729 1566 2799 igitur
1594 2729 1728 2784 nihil
1755 2730 1914 2787 nobis

312 2818 418 2874 erit
458 2832 580 2874 cum
625 2819 814 2876 litteris
842 2831 895 2876 et
921 2820 1162 2878 doctrina
1191 2837 1457 2894 perversa:
1507 2824 1793 2895 felicitatis,
1823 2826 1909 2880 cui

315 2907 372 2964 in
409 2907 546 2964 falso
577 2911 753 2980 potius
784 2911 1024 2968 creditur
1051 2911 1153 2985 (9),
1185 2929 1344 2985 quam
1388 2915 1442 2971 in
1471 2931 1622 2971 vero.
1665 2915 1913 2973 Viderint

318 2999 366 3056 si
406 3000 496 3070 qui
541 2998 609 3055 de
654 3003 813 3058 unico
861 3013 916 3058 et
957 3006 1075 3060 solo
1104 3006 1206 3061 deo
1247 3009 1745 3077 pronuntiaverunt.
1796 3007 1912 3064 Imo

320 3091 458 3149 nihil
483 3093 704 3153 omnino
732 3094 959 3152 relatum
988 3096 1070 3167 ﬁt,
1099 3097 1244 3170 quod
1289 3111 1544 3172 agnoscat
1567 3101 1915 3170 Christianus,

2015 1890 2446 1960 capacissimum.
2472 1889 2578 1946 Sed
2605 1905 2710 1945 non
2741 1905 2860 1947 eam
2910 1900 2964 1947 te
2993 1891 3223 1959 advoco,
3255 1907 3376 1963 qum
3406 1891 3606 1948 scholis

2019 1982 2265 2047 formata,
2313 1981 2658 2038 bibliothecis
2707 1984 3021 2052 exercitata,
3070 1985 3359 2040 academiis
3407 1984 3521 2055 (16)
3555 1995 3612 2042 et

2022 2073 2317 2147 porticibus
2334 2074 2493 2130 Attici
2523 2084 2729 2145 partam
2761 2075 2876 2146 (17)
2905 2075 3224 2147 sapientiam
3254 2087 3436 2134 ructas
3466 2075 3609 2150 (18).

2034 2167 2111 2225 Te
2152 2166 2452 2239 simplicem
2493 2175 2550 2222 et
2591 2167 2778 2223 rudem
2826 2176 2882 2223 et
2917 2167 3214 2238 impolitam
3245 2179 3298 2224 et
3348 2169 3616 2226 idioticam

2031 2260 2317 2332 compello,
2349 2260 2559 2331 qualem
2591 2259 2707 2330 (19)
2741 2259 2937 2316 habent
2962 2262 3052 2332 qui
3101 2270 3154 2317 te
3185 2262 3354 2317 solam
3391 2263 3611 2334 habent,

2032 2352 2175 2409 illam
2206 2354 2373 2424 ipsam
2403 2352 2470 2408 de
2496 2353 2753 2422 compito,
2781 2350 2849 2408 de
2875 2352 3050 2419 trivio,
3077 2351 3144 2409 de
3172 2357 3402 2409 textrino
3426 2363 3614 2410 totum.

2027 2448 2294 2520 Imperitia
2350 2457 2441 2503 tua
2510 2446 2638 2503 mihi
2691 2461 2827 2518 opus
2881 2457 2986 2515 est,
3041 2449 3295 2519 quoniam
3368 2449 3617 2520 aliquan-

2025 2542 2150 2598 tulae
2204 2541 2408 2611 peritiae
2450 2548 2552 2595 tuae
2599 2555 2758 2595 nemo
2788 2540 2979 2596 credit.
3030 2541 3106 2598 Ea
3154 2542 3468 2614 expostulo,
3499 2559 3620 2613 quac

2024 2642 2201 2689 tecum
2235 2633 2287 2687 in
2309 2631 2579 2688 hominem
2601 2631 2714 2705 (ΞΟ)
2748 2631 2938 2700 infers,
2972 2649 3092 2705 qum
3117 2643 3208 2690 aut
3227 2650 3292 2690 ex
3317 2636 3619 2707 tetnetipsa,

2032 2733 2125 2781 aut
2161 2740 2228 2782 ex
2257 2740 2596 2797 quocumque
2633 2736 2852 2782 auctore
2882 2736 2973 2781 tuo
2998 2727 3198 2784 sentire
3222 2727 3479 2784 didicisti.
3503 2729 3621 2786 Non

2030 2833 2113 2884 es,
2139 2817 2279 2889 quod
2306 2818 2493 2884 sciam,
2510 2816 2822 2885 christiana,
2850 2818 2967 2874 fieri
2987 2819 3152 2884 enim.
3177 2835 3282 2876 non
3309 2822 3457 2878 nasci
3486 2822 3625 2880 solet

2030 2911 2154 2982 (21)
2204 2910 2492 2966 christiana
2548 2910 2650 2983 (h).
2683 2910 2885 2966 Tamen
2917 2927 3059 2968 nunc
3084 2927 3113 2967 a
3150 2921 3204 2968 te
3257 2913 3620 2970 testimonium

2035 3003 2276 3076 ﬂagitant
2300 3001 2600 3073 chriStiani,
2622 3003 2690 3059 ab
2724 3014 2978 3062 extranea
3003 3003 3260 3063 adversus
3284 3014 3424 3078 tuos,
3449 3016 3508 3064 ut
3534 3007 3624 3064 vel

1567 3217 1951 3276 LECTIONES
1989 3212 2412 3275 VARIANTES.

407 3326 455 3392 l_)
483 3323 858 3392 Adstudendum
883 3322 1064 3392 Rigalt.

406 3387 456 3457 ξ)
483 3387 558 3457 [Ix
581 3388 759 3457 litteris
788 3387 1113 3457 receptissimi
1138 3392 1376 3457 cujusque
1399 3394 1519 3446 Jun.
1546 3400 1593 3445 et
1628 3402 1686 3444 Ρ.
1713 3394 1910 3448 Ciacon.

380 3449 454 3519 (ἕ)
488 3449 734 3519 ροςιι-ίῃῖε
749 3465 806 3502 ac
827 3449 1083 3519 sapientiae
1105 3449 1288 3519 Rigalt.

378 3511 452 3582 (ᾗ)
492 3511 584 3582 Rei
601 3511 931 3582 evincautur';
953 3515 1025 3565 Ac
1046 3511 1267 3567 nonu'ulli
1288 3519 1486 3582 quidem
1509 3521 1631 3570 Jun.

380 3572 450 3640 (5)
488 3575 562 3640 Ad
588 3584 768 3640 sentes
788 3572 970 3640 Rigalt-

379 3635 454 3703 (6)
489 3635 543 3686 In
558 3635 920 3699 sugillationem
946 3647 997 3691 et
1019 3641 1260 3703 originum
1286 3651 1338 3693 et
1362 3644 1697 3702 traditionum.
1728 3650 1780 3695 et
1805 3657 1916 3695 sen-

315 3701 602 3824 ὶεηῶεὸιὶικη,
625 3707 916 3763 argumenta
933 3702 970 3751 J
974 3715 1054 3754 un.
1074 3701 1121 3754 et
1143 3703 1296 3756 Latin.
1323 3707 1372 3756 iu
1392 3705 1583 3769 singula
1603 3707 1841 3759 rationem
1864 3715 1916 3760 et

355 3797 367 3810 ι
497 3780 510 3810 ι
557 3800 568 3811 .

355 3797 367 3810 ι
391 3780 568 3811 manu.

382 3815 475 3889 (ῖῖ
490 3823 564 3889 Re
588 3826 811 3889 cognosci
832 3827 896 3878 Le
917 3825 1076 3879 Prior.

403 3885 455 3948 8)
488 3885 757 3961 Absigfiant
779 3889 902 3939 Jun.

382 3885 836 4075 Ξῖὸ,οιιξιέὶ;ίιυῖ,ῖ¹ξξι
844 3950 902 4067 s1

407 3949 682 4024 9)“C'um’i_n
705 3950 827 4024 falso
844 3950 953 4024 ejus
974 3952 1192 4024 creditur
1222 3956 1328 4006 Vel.
1358 3955 1477 4008 Cod.
1505 3953 1685 4024 Rigalt.

412 4012 489 4075 10)
521 4010 749 4063 Relatum
771 4014 836 4066 sit
857 4010 979 4067 Jun.
1007 4013 1184 4082 Rigalt.

2083 3328 2190 3393 (11)
2225 3327 2580 3393 Iantumhtn.

2086 3385 2192 3462 (lg)
2225 3387 2668 3462 Meptieriigatin.
2684 3394 2740 3462 gl
2755 3385 3032 3462 Ciacom'us.

2113 3451 2193 3518 15)
2228 3451 2439 3518 Dehens
2464 3454 2654 3518 nfauw,
2678 3451 2858 3518 Rigalt.

2120 3519 2137 3583 1
2143 3513 2194 3583 gl)
2226 3513 2468 3583 Incipeer
2488 3515 2611 3565 Jun.
2637 3513 2808 3580 incipis
2826 3514 2938 3581 Rig.

2113 3575 2191 3640 15)
2226 3575 2352 3641 Inde
2366 3575 2476 3641 Εἰς.

2113 3636 2190 3704 16)
2223 3636 2528 3710 Academicis
2551 3636 2712 3691 Paris.

2115 3703 2192 3766 I7)
2224 3701 2369 3766 Basia
2390 3703 2524 3766 Rtg,

2112 3763 2192 3817 18)
2226 3763 2432 3814 Eructas
2453 3763 2653 3817 Wouw.

2112 3823 2193 3892 19)
2227 3826 2301 3892 Ie
2315 3823 2561 3892 add._Rig.

2111 3889 2195 3957 s0)
2229 3889 2754 3957 l‘scumjoﬁlinillig-

2109 3951 2188 4020 21)
2225 3951 2368 4004 Soles
2397 3953 2585 4005 Wouw.
2602 3951 2713 4020 Rigl

1676 4125 2234 4184 COMMENTARIUS.

319 4263 368 4310 et
394 4255 544 4328 nimis
573 4255 702 4312 levia
729 4273 835 4312 esse
863 4258 1130 4314 videantur
1151 4301 1167 4328 ,
1200 4260 1288 4315 sed
1312 4261 1577 4316 curiositas
1606 4261 1736 4316 nihil
1763 4279 1912 4319 recu-

320 4337 419 4404 sat.
447 4327 794 4404 Cansanbonus
838 4329 1009 4404 inquit
1054 4333 1109 4386 in
1154 4327 1299 4386 notis
1326 4333 1392 4386 ad
1439 4332 1666 4404 Vopisc._
1705 4335 1912 4404 perier-

319 4397 461 4476 giarn
510 4397 664 4470 (qua:
711 4397 997 4476 vo_x__idem
1026 4412 1109 4476 est
1151 4418 1273 4476 cum
1320 4397 1676 4476 curiositate)
1706 4397 1912 4462 "factam

320 4467 690 4543 pedisseq'uam
734 4472 1037 4543 philologiae
1064 4474 1132 4530 ab
1183 4474 1336 4529 Mart.
1385 4474 1601 4542 Capella
1635 4467 1667 4540 ,’
1705 4485 1761 4531 et
1815 4479 1917 4532 alia

2014 4263 2272 4340 Jacobum
2297 4261 2517 4340 fratrem
2548 4263 2899 4340 Domini,__ubi
2928 4264 3249 4340 loquensde
3273 4268 3340 4340 iis
3361 4269 3452 4340 qui
3482 4285 3621 4329 non-

2016 4336 2145 4392 dum
2174 4344 2298 4390 sunt
2317 4333 2602 4390 Christiani
2629 4378 2644 4402 ,
2672 4337 2748 4389 ait
2775 4336 2894 4392 illos
2919 4333 3046 4393 esse
3075 4338 3224 4394 loris.
3273 4333 3406 4397 Lac.

2094 4407 2176 4482 (β)
2206 4405 2504 4461 Denotetur.
2554 4406 2665 4482 Hoc
2689 4407 2908 4482 verbum
2935 4449 2951 4475 ,
2999 4407 3084 4464 hic
3134 4419 3190 4482 et
3227 4425 3372 4482 srepe
3401 4413 3534 4470 alias
3563 4415 3617 4472 in

2021 4476 2444 4553 malam‘partem
2465 4479 2712 4532 sumitur.
2742 4476 3100 4553 Hieronymus
3125 4481 3194 4536 de
3219 4476 3470 4553 suspecto
3489 4499 3619 4541 con-

321 4540 1916 4637 seremiles.dsesseesseremanseram:[ac=
1944 4577 1999 4637 1)
2027 4540 2451 4637 tolerate-“Y0:
2831 4540 2978 4621 άίθεῖί
3023 4540 3372 4623 deuolutus.
3403 4554 3457 4611 id
3486 4540 3617 4627 est}

403 4612 485 4686 (a)
516 4611 660 4682 Opus
703 4623 776 4668 est
825 4611 1232 4670 adstudendum.
1268 4615 1416 4683 Opus
1457 4611 1601 4686 quod
1647 4617 1919 4674 adstuderi

329 4681 750 4756 debeat_magna
783 4687 1125 4752 curiositate,
1157 4696 1213 4742 et
1239 4681 1444 4756 majore
1474 4681 1752 4742 memoria.
1792 4689 1914 4747 th.

406 4753 486 4823 (b)
519 4752 773 4810 Nonimlli
799 4757 1020 4828 quidem.
1046 4757 1248 4814 Alludit
1287 4752 1524 4829 adeos,
1571 4759 1659 4829 qui
1686 4768 1812 4816 ante
1859 4777 1921 4818 se

329 4823 590 4900 adversus
662 4823 850 4900 gentes
907 4830 1284 4900 scripserunt,
1345 4823 1920 4900 ,Grmcos'prmsertim

326 4897 478 4972 (na_m
505 4897 772 4972 secundus
799 4898 867 4972 ab
913 4897 1196 4971 Apollonio
1238 4899 1551 4972 Latinorum
1601 4897 1920 4972 scriptorum

325 4967 377 5043 a_
412 4967 472 5021 D.
514 4967 746 5043 ΔΗξεξιήοῃ.
801 4967 1146 5043 in_catalogo
1190 4969 1567 5043 recensetur),
1595 4967 1918 5040 Quadratum

323 5037 470 5104 dico,
497 5039 814 5116 Aristidem,
867 5037 1136 5116 Iustinum
1194 5037 1596 5116 philosophum,
1619 5037 1920 5116 'Anaxago-

321 5097 483 5190 rain
508 5097 812 5190 Melitenen],
830 5154 845 5180 ,
875 5097 1234 5190 Theophilum
1266 5097 1924 5190 Antiochenam,"3'pr-

327 5178 576 5252 Iinarium
599 5224 612 5245 ,
646 5178 947 5248 Tati-anum,
980 5178 1259 5252 Irenaeum,
1286 5185 1618 5242 Clementem
1633 5178 1921 5242 Alexandr.

327 5260 384 5327 et
431 5251 722 5327 Miltiadem
752 5271 765 5306 :
797 5270 1024 5325 quorum
1054 5251 1299 5326 qumdam
1320 5257 1386 5311 ad
1412 5258 1630 5311 verbum
1664 5272 1800 5326 pene
1825 5273 1923 5314 suo

321 5323 671 5399 apiilogetico
695 5323 948 5399 insparsit
970 5369 990 5399 ,
1035 5323 1100 5381 ad
1144 5343 1303 5399 quem
1334 5328 1494 5383 tacito
1518 5323 1736 5384 nomine
1762 5332 1923 5385 etiam

332 5393 428 5448 hic.
450 5395 660 5450 videtur
684 5393 944 5454 alludere.
977 5398 1111 5453 Pass.

399 5463 476 5536 (ο)
509 5463 575 5519 Et
601 5469 962 5523 sententiarum
987 5480 1304 5540 argumenta.
1345 5469 1655 5540 Legendum
1679 5472 1918 5540 videtur,

323 5543 378 5589 et
404 5548 714 5605 argumenta
763 5541 1183 5603 sententiarum,
1236 5551 1290 5596 et
1318 5552 1503 5612 postea
1553 5542 1920 5613 disjungendte

324 5621 486 5686 voces
522 5613 965 5686 qurerecoguosci
987 5653 1002 5679 ,
1048 5612 1500 5685 scribendumque
1542 5630 1598 5668 re
1638 5612 1876 5686 Cognoui
1902 5659 1916 5684 ,

326 5677 637 5748 diajmtctim.
670 5679 746 5736 LE
778 5677 874 5736 PR.

389 5746 479 5831 (ti)
515 5749 750 5831 Veritatis
781 5752 923 5831 fores
971 5753 1406 5831 pulsaut.___ﬂan_c
1443 5757 1764 5814 locutionem
1809 5759 1920 5831 vidi

328 5821 493 5878 etiam
521 5821 576 5880 in
605 5823 830 5895 epistola
861 5825 950 5882 illa
971 5821 1154 5899 magni
1180 5827 1324 5885 illius
1349 5827 1640 5887 Clementis
1667 5831 1827 5903 Papa:
1851 5830 1919 5888 ad

2030 4618 2385 4676 infamabunt.
2415 4619 2548 4676 Lac.

2098 4689 2162 4762 (f)
2194 4689 2423 4745 Consistc
2447 4693 2498 4744 in
2526 4692 2712 4767 medio,
2750 4693 2946 4767 anima.
2992 4694 3374 4767 Prosopopteia
3407 4697 3473 4754 ad
3495 4698 3618 4755 ani-

2023 4777 2196 4840 mam,
2228 4777 2258 4816 a
2287 4778 2389 4840 qua
2417 4763 2780 4840 testimonium
2810 4764 3066 4840 adversus
3107 4763 3296 4840 gentes
3334 4767 3616 4840 deposcit,

2022 4834 2077 4906 in
2108 4849 2223 4906 qua
2241 4834 2496 4906 persistit,
2528 4849 2695 4904 usque
2715 4837 2780 4890 ad
2806 4836 2965 4892 ﬁnem
2985 4834 3191 4906 capiti.
3221 4834 3617 4897 Varias'auteni

2023 4904 2092 4980 de
2119 4904 2316 4980 quibus
2339 4904 2424 4960 hic
2455 4908 2686 4980 paucis,
2729 4906 2950 4980 Epicuri
2999 4904 3333 4980 aliorumque
3383 4911 3622 4980 philoso-

2064 4975 2253 5046 horum
2284 4975 2352 5032 de
2381 4975 2556 5032 anima
2598 4975 2877 5046 opiniones
2921 4978 3180 5036 latissime
3209 4975 3455 5038 recenset
3485 4983 3621 5042 infra

2025 4990 2253 5101 [morum
2284 4990 2352 5032 (te
2381 4991 2556 5032 anima
2598 4992 2877 5046 opiniones
2921 4990 3180 5036 laIISSIme
3209 4990 3455 5038 recenset
3485 4990 3621 5042 intra

2029 5047 2119 5126 _ib.
2151 5045 2218 5101 de
2261 5048 2467 5126 anima.
2501 5047 2628 5126 Ἠ.οε
2655 5064 2820 5126 unum
2858 5048 2912 5104 id
2947 5049 3120 5126 dicam
3142 5092 3156 5115 ,
3210 5053 3449 5126 nondum
3499 5069 3624 5112 cum

2029 5117 2146 5173 hare
2170 5119 2467 5186 scriberet,
2499 5119 2661 5174 fuisse
2689 5117 2977 5176 Auctorem
3027 5121 3080 5176 in
3111 5136 3297 5180 errore
3333 5123 3402 5182 de
3444 5128 3624 5183 anima

2029 5189 2257 5260 traduce
2276 5199 2365 5243 aut
2391 5204 2670 5260 corporea.
2704 5191 2838 5244 PAM.

2101 5259 2180 5338 (ε)
2213 5258 2707 5338 Eoyagis‘pteutit‘i
2730 5279 2832 5338 non
2884 5262 3087 5318 debens.
3137 5263 3198 5338 In
3223 5268 3627 5338 exemplaribus

2029 5330 2220 5409 legitur
2241 5374 2256 5400 ,
2288 5330 2418 5386 Νοιί
2436 5331 2651 5387 debebis.
2681 5333 2930 5388 Animam
2960 5336 3249 5409 compellat
3277 5355 3293 5394 :
3325 5330 3586 5396 Si'divina
3609 5383 3625 5409 ,

2030 5402 2234 5478 inquit_,
2285 5410 2340 5458 et
2389 5412 2703 5478 (eternares
2741 5418 2853 5478 es,_
2883 5419 2949 5460 eo
2991 5402 3162 5477 magis
3200 5423 3308 5464 non
3353 5402 3624 5478 mentiris,

2028 5471 2148 5528 cum
2177 5471 2248 5528 sit
2269 5483 2421 5543 turpe
2447 5483 2499 5529 et
2524 5472 2796 5544 indignum
2823 5475 2936 5531 Deo
2964 5471 3320 5535 mendacium.
3366 5481 3423 5537 Si
3465 5471 3629 5539 mini;

2025 5559 2112 5599 me
2134 5544 2317 5618 divina
2349 5560 2522 5618 reses
2550 5587 2564 5612 ,
2593 5561 2663 5618 eo
2707 5545 2878 5616 magis
2920 5548 3139 5618 mentiri
3180 5565 3286 5606 non
3335 5551 3533 5618 debes,
3573 5563 3631 5609 ut

2025 5617 2389 5741 testimonitir‘n
2419 5615 2565 5672 dicas
2590 5616 2643 5672 in
2667 5615 2895 5688 gratiam
2925 5617 3060 5688 Dei,
3101 5621 3169 5676 ad
3195 5637 3356 5692 quem
3407 5615 3634 5682 minime

2025 5698 2283 5741 Derttnes.
2370 5701 2438 5741 IG.

2063 5698 2283 5743 erttnes.
2317 5698 2438 5742 HIC.

2023 5701 2502 5840 ffiiiiliiinwia
2534 5759 2665 5815 soles
2689 5758 3003 5840 Christiana.
3050 5762 3248 5822 Anima
3294 5765 3499 5840 scilicet
3545 5783 3645 5840 per

2024 5829 2184 5888 ﬁdem
2226 5838 2622 5903 regeneratur,
2659 5831 2813 5890 sicuti
2857 5847 3088 5907 corpora
3133 5851 3165 5894 a
3204 5838 3526 5911 parentibus
3545 5829 3647 5915 'ge-
