4150 6352
524 287 623 351 611

1941 280 2411 349 τειιτυιιιΔΝι

3615 351 3618 355 .
3710 287 3827 353 612

529 408 624 466 tibi
653 407 995 474 erubescant,
1021 404 1164 478 quod
1189 417 1290 463 nos
1339 403 1411 461 ob
1435 416 1499 462 ea
1526 401 1741 463 oderint
1765 413 1820 462 et
1842 403 2123 473 irrideant,
2152 403 2207 470 Α
2231 402 2354 460 dem
2377 400 2451 475 (c)
2481 400 2810 463 adscribunt.
2840 400 2975 461 Nam
2994 402 3041 462 si
3067 401 3210 465 Deus
3232 402 3525 479 (inquiunt)
3550 404 3819 476 irascitur,

527 517 647 575 quae
680 510 731 559 te
759 516 898 558 nunc
924 499 1192 557 consciam
1222 498 1514 556 detineant.

600 594 730 651 Car.
759 594 826 651 ll.
864 593 982 651 Non
1011 594 1302 664 placemus,
1333 593 1617 650 Dominum
1667 590 1745 667 (a)
1772 591 2124 666 praedicantes

527 686 632 744 hoc
652 689 868 746 nomine
903 687 1064 744 unico
1089 687 1328 754 unicum,
1359 700 1391 743 a
1428 701 1538 759 quo
1580 685 1782 754 omnia,
1806 694 1861 742 et
1893 683 1992 742 sub
2020 677 2125 756 quo

525 772 797 838 universa.
826 779 920 837 Dic
945 778 1308 837 testimonium
1338 779 1383 834 si
1405 778 1479 834 ita
1503 777 1627 834 scis.
1658 776 1791 833 Nam
1829 786 1882 835 te
1915 790 2126 849 quoque

527 873 703 944 palam
756 881 814 929 et
864 880 976 929 tota
1027 872 1296 938 libertate,
1353 885 1457 944 qua
1514 871 1593 943 (1)
1625 886 1734 927 non
1774 870 1900 927 licet
1944 868 2123 938 nobis,

528 964 674 1022 domi
698 980 762 1023 ac
790 956 919 1023 foris
968 958 1214 1038 audimus
1257 965 1328 1021 ita
1390 964 1767 1038 pronuntiare,
1798 961 1954 1032 Quod
1986 960 2127 1019 Deus

528 1056 759 1127 dederit,
786 1067 861 1129 et,
892 1058 950 1115 Si
976 1057 1116 1116 Deus
1146 1057 1392 1124 voluerit,
1425 1073 1488 1115 ea
1519 1072 1651 1113 voce
1671 1066 1725 1114 et
1744 1057 1977 1129 aliquem
2006 1070 2129 1114 esse

527 1149 818 1222 Signiﬁcas,
856 1159 911 1207 et
952 1166 1168 1207 omnem
1221 1149 1298 1206 illi
1345 1149 1621 1207 confiteris
1674 1158 2015 1223 potestatem,
2057 1146 2127 1204 ad

528 1230 682 1314 cujus
705 1250 918 1314 spectas
934 1241 1259 1299 voluntatem
1277 1283 1293 1309 ,
1318 1240 1473 1297 simul
1499 1250 1551 1298 et
1576 1249 1799 1297 caeteros
1815 1255 1979 1312 negas
1994 1238 2127 1299 deos

528 1350 668 1403 esse,
723 1334 849 1391 dttm
895 1338 1007 1393 suis
1050 1335 1322 1393 vocabulis
1350 1350 1648 1408 nuncupas,
1683 1332 1994 1403 Saturnum,
2024 1333 2121 1390 10-

529 1444 674 1497 vem,
704 1428 949 1497 Martem,
975 1428 1293 1499 Minervam.
1325 1427 1458 1483 Nam
1488 1428 1568 1499 (Ξ)
1594 1427 1766 1507 solum
1798 1427 1962 1483 Deum
1998 1440 2125 1483 con-

532 1522 749 1592 firmas,
778 1538 938 1595 quem
971 1532 1172 1578 tantum
1204 1522 1374 1579 Deum
1397 1522 1664 1588 nominas,
1689 1531 1749 1579 ut
1769 1532 1823 1578 et
1851 1535 1973 1581 cum
2004 1519 2125 1577 illos

531 1615 799 1672 interdum
822 1615 953 1673 deos
974 1615 1234 1688 appellas,
1256 1615 1322 1672 de
1350 1614 1530 1672 alieno
1558 1622 1611 1671 et
1636 1614 1788 1686 quasi
1817 1628 1916 1687 pro
1942 1622 2125 1669 mutuo

535 1725 630 1765 usa
663 1708 919 1765 videaris.
952 1709 1031 1766 De
1061 1718 1248 1765 natura
1274 1724 1486 1781 quoque
1525 1707 1619 1764 Dei
1672 1722 1830 1778 quem
1862 1706 1941 1778 (5)
1984 1721 2124 1779 prce-

531 1802 791 1875 dicamus,
821 1817 923 1859 nec
953 1811 1005 1860 te
1034 1802 1164 1859 latet
1195 1819 1210 1859 :
1241 1780 1590 1860 Deusrbonus
1618 1809 1701 1859 est
1733 1798 1834 1874 (1),
1863 1799 2003 1855 Deus
2031 1800 2128 1855 bc-
2158 1780 2208 1843 Β

532 1896 748 1964 nefacit,
779 1906 868 1954 tua
892 1911 999 1953 vox
1018 1906 1120 1953 est.
1147 1896 1310 1970 Plane
1337 1910 1400 1953 ea
1424 1894 1580 1965 dicis,
1608 1894 1704 1953 sed
1754 1894 1917 1953 homo
1954 1891 2129 1949 malus

532 1988 739 2044 scilicet
767 1988 885 2060 (5),
916 1988 1184 2045 contraria
1209 1987 1577 2060 propositione
1605 1986 1821 2060 oblique
1851 1994 1905 2042 et
1935 1985 2129 2058 figura-

534 2079 656 2137 liter
682 2080 1036 2153 exprobrans,
1064 2080 1186 2138 ideo
1228 2081 1426 2139 malum
1452 2080 1755 2144 hominem.
1806 2078 1929 2153 quia
1954 2094 1983 2133 a
2018 2079 2127 2135 Deo

534 2171 676 2229 bono
691 2173 1029 2231 abscesserit.
1051 2173 1225 2230 Etiam
1257 2173 1397 2246 quod
1417 2189 1582 2246 penes
1609 2174 1777 2230 Deum
1802 2171 2055 2228 bonitatis
2072 2179 2128 2228 et

532 2263 878 2346 benignitatis
904 2266 1081 2322 omnis
1108 2265 1409 2323 benedictio
1436 2266 1575 2322 inter
1623 2279 1720 2322 nos
1757 2279 2027 2324 summum
2057 2264 2129 2321 sit

533 2357 829 2429 disciplina:
859 2367 914 2416 et
955 2359 1379 2423 conversationis
1426 2366 1869 2426 sacramentum,
1893 2355 2127 2414 Benedi-

532 2462 619 2509 cat
658 2461 710 2508 te
765 2453 924 2523 Deus,
954 2461 1061 2508 tam
1091 2452 1245 2509 facile
1293 2453 1628 2525 pronuntias,
1673 2466 1831 2523 quam
1878 2449 1958 2524 (6)
1985 2450 2129 2529 chri-

534 2546 707 2601 stiano
762 2560 983 2602 necesse
1038 2554 1140 2602 est.
1173 2545 1244 2603 At
1282 2560 1406 2603 cum
1446 2544 1526 2618 (7)
1580 2545 1637 2600 in
1682 2544 2023 2601 maledictum
2052 2542 2129 2618 (b)

533 2637 802 2695 convertis
853 2636 1282 2696 benedictionem
1311 2638 1441 2705 Dei,
1472 2626 1693 2710 perinde
1737 2637 1882 2694 dicto
1909 2649 2126 2695 omnem

532 2746 695 2803 super
721 2745 819 2787 nos
848 2740 1165 2803 potestatem
1204 2732 1322 2805 ejus
1355 2735 1652 2795 consistere
1689 2732 1984 2791 secundum
2027 2747 2125 2790 nos

532 2824 824 2880 confiteris.
852 2824 1007 2894 Sunt,
1040 2825 1131 2898 qui
1160 2825 1281 2899 ,etsi
1310 2825 1477 2883 Deum
1519 2840 1625 2882 non
1647 2824 1724 2898 (8)
1756 2835 1985 2897 negent,
2012 2824 2124 2881 dis-

534 2931 807 2992 pectorcm
847 2920 1005 2991 plane
1042 2929 1097 2978 et
1121 2920 1403 2990 arbitrum,
1435 2930 1489 2977 et
1512 2920 1744 3005 judicent
1772 2935 1877 2976 non
1900 2926 2123 2991 putent:

534 3014 589 3072 in
619 3029 726 3086 quo
773 3015 954 3087 utique
1000 3029 1100 3072 nos
1147 3016 1387 3073 maxime.
1421 3015 1690 3087 rejiciunt,
1710 3015 1812 3090 qui
1860 3014 2127 3081 adistam

533 3105 866 3177 disciplinam
894 3116 1040 3164 metu
1068 3107 1339 3179 praedicati
1359 3108 1545 3180 judicii
1576 3111 2003 3176 transvolamus;
2050 3108 2130 3165 sic

2229 495 2590 567 corruptibilis
2617 505 2672 553 et
2710 497 3026 568 passionalis
3069 505 3171 554 est.
3201 496 3374 554 Porro
3417 497 3562 570 quod
3586 499 3822 569 patitur,

2228 589 2478 663 quodque
2497 591 2856 663 corrumpitur
2870 631 2886 660 ,
2909 591 3072 648 etiam
3095 591 3370 648 interitum
3401 600 3580 663 potest
3604 607 3821 665 capere,

2230 694 2389 752 quem
2418 680 2557 738 Deus
2579 697 2686 738 non
2710 683 2966 756 capit.(At
2990 682 3153 740 iidem
3173 682 3300 740 alibi
3324 680 3556 740 animam
3582 683 3826 741 divinam

2230 783 2286 830 et
2309 789 2339 830 a
2373 775 2484 833 Deo
2504 777 2769 835 conlatam
2791 777 3132 847 confitentes,
3153 777 3354 836 cadunt
3377 779 3433 835 in
3461 779 3824 838 testimonium

2232 867 2399 939 ipsius
2426 870 2640 941 animae,
2671 872 3090 945 retorquendum
3121 872 3380 931 adversus
3408 873 3716 949 opinionem
3737 889 3830 931 διιε-

2230 964 2517 1036 perierem.
2559 966 2617 1023 Si
2663 966 2810 1024 enim
2834 969 3012 1025 anima
3051 974 3143 1025 aut
3166 966 3348 1025 divina
3373 977 3467 1025 aut
3492 982 3525 1024 a
3548 967 3664 1025 Deo
3691 968 3820 1025 data

2230 1065 2334 1125 est,
2367 1057 2486 1115 sine
2510 1057 2675 1118 dubio
2700 1060 2940 1118 datorem
2964 1076 3121 1118 suum
3158 1061 3326 1117 novit.
3352 1060 3428 1117 Et
3451 1060 3497 1117 si
3525 1060 3696 1127 novit,
3726 1060 3832 1117 uti-

2229 1164 2334 1220 que
2358 1159 2412 1206 et
2439 1150 2608 1221 timet,
2638 1161 2701 1209 ut
2728 1161 2933 1210 tantum
2981 1163 3255 1227 postremo
3296 1161 3573 1211 auctorem
3603 1153 3701 1226 (tt).
3742 1156 3830 1211 An

2230 1258 2338 1299 non
2369 1244 2545 1312 timet,
2571 1253 2729 1317 quem
2754 1248 2922 1319 magis
2942 1246 3231 1318 propitium
3253 1246 3399 1315 velit,
3421 1260 3583 1318 quam
3606 1246 3830 1303 iratum?

2230 1332 2383 1390 Unde
2404 1334 2563 1405 igitur
2587 1337 2845 1395 naturalis
2872 1338 3033 1395 timor
3059 1338 3256 1397 animae
3284 1338 3341 1394 in
3368 1338 3537 1394 Deum
3557 1377 3573 1406 ,
3599 1338 3646 1395 si
3687 1337 3832 1394 Deus

2229 1439 2336 1480 non
2370 1423 2482 1497 (10)
2531 1426 2681 1483 novit
2699 1427 2895 1484 irasci?
2919 1427 3202 1498 Quomodo
3241 1428 3480 1498 timetur,
3507 1428 3603 1501 qui
3653 1430 3834 1493 nescit

2228 1516 2469 1574 offendi?
2494 1518 2633 1588 Quid
2660 1521 2896 1590 timetur,
2927 1523 3031 1580 nisi
3075 1523 3153 1581 ira
3181 1522 3291 1595 (a)?
3320 1522 3463 1579 unde
3501 1522 3603 1592 ira,
3635 1522 3734 1578 nisi
3763 1536 3835 1579 ex

2228 1610 2714 1672 animadversione?
2739 1613 2890 1672 Unde
2916 1606 3333 1684 animadversio,
3357 1615 3463 1673 nisi
3489 1615 3560 1673 de
3586 1615 3704 1687 (11)
3732 1616 3835 1675 Dei

2229 1703 2466 1773 judicio?
2520 1704 2674 1764 Unde
2721 1707 3004 1779 judicium,
3060 1709 3167 1766 nisi
3213 1707 3283 1765 de
3331 1707 3630 1780 potestate?
3670 1704 3839 1779 Cujus

2236 1806 2475 1868 potestas
2527 1814 2734 1857 summa
2761 1841 2777 1869 ,
2833 1801 2939 1857 nisi
2981 1801 3077 1858 Dei
3152 1800 3356 1857 solius?
3410 1800 3548 1858 Hinc
3588 1814 3719 1871 ergo
3744 1799 3840 1857 tibi

2234 1889 2412 1946 anima
2493 1889 2563 1948 de
2627 1892 2955 1950 conscientia
3033 1891 3268 1984 ﬂippetit
3337 1890 3485 1950 domi
3549 1906 3615 1949 ac
3660 1892 3837 1960 foris,

2234 1981 2384 2039 nullo
2469 1982 2727 2042 irridente
2793 1986 2879 2042 vel
2940 1981 3257 2060 probibente
3320 1985 3652 2059 praedicare,
3696 1985 3842 2044 Deus

2245 2074 2377 2129 videt
2403 2076 2594 2145 omnia,
2614 2086 2671 2133 et
2691 2075 2799 2134 Deo
2819 2081 3135 2146 commendo,
3163 2086 3219 2135 et
3243 2076 3381 2135 Deus
3409 2077 3605 2144 reddet,
3635 2085 3689 2134 et
3701 2076 3841 2135 Deus

2231 2166 2362 2223 inter
2398 2185 2489 2224 nos
2519 2168 2789 2241 jubicabit.
2838 2169 3138 2239 UndeJtoc
3186 2169 3279 2227 tibi
3332 2184 3440 2239 non
3483 2170 3841 2228 Christianae?

2232 2260 2409 2333 Atque
2433 2261 2553 2333 (12)
2581 2262 2637 2318 id
2657 2263 2969 2335 plerumque
2992 2271 3047 2320 et
3077 2264 3207 2345 vitta
3229 2262 3445 2345 Cereris
3469 2263 3717 2320 redimita
3741 2262 3838 2334 (ﬁ,

2232 2367 2289 2414 et
2309 2359 2468 2429 pallio
2485 2359 2987 2417 Satnrnicoccinata
2999 2369 3054 2417 et
3067 2342 3305 2433 deae(i'5)
3318 2342 3469 2419 lsidis
3484 2360 3703 2417 linteata
3722 2358 3844 2432 (14)

2238 2452 2345 2525 (g)?
2369 2452 2427 2509 In
2450 2452 2579 2524 ipsis
2608 2453 2837 2526 denique
2862 2453 3078 2526 templis
3105 2454 3281 2513 Deum.
3299 2454 3534 2527 iudicem
3556 2455 3842 2525 imploras,

2238 2545 2342 2602 sub
2381 2545 2665 2618 Esculapio
2697 2556 2868 2617 stans,
2901 2546 3166 2604 Junonem
3200 2547 3255 2605 in
3285 2561 3413 2605 aere
3450 2561 3681 2607 exorans
3695 2546 3842 2621 (l5),

2247 2641 2504 2699 Minervae
2528 2642 2645 2715 (16)
2676 2642 2923 2701 calceatis
2946 2641 3065 2716 (17)
3088 2641 3255 2699 furvis
3276 2642 3485 2714 galeam
3510 2640 3628 2714 (18)
3655 2640 3845 2700 formis
3891 2718 3896 2722 .

2240 2733 2378 2809 (19),
2410 2744 2465 2793 et
2487 2736 2754 2795 neminem
2782 2736 2851 2803 de
2879 2736 3237 2808 praesentibus
3258 2735 3374 2794 deis
3397 2735 3754 2802 eontestaris;
3783 2735 3840 2792 in

2233 2838 2323 2888 tuo
2339 2829 2456 2886 foro
2473 2828 2683 2887 aliunde
2694 2828 2929 2900 iudicem
2954 2828 3212 2900 appellas,
3230 2828 3287 2885 in
3315 2827 3421 2886 tuis
3440 2828 3656 2900 templis
3671 2826 3840 2885 alium

2234 2923 2392 2981 deum
2443 2923 2663 2997 pateris.
2717 2922 2763 2980 0
2818 2923 3182 2980 testimonium
3233 2922 3497 2990 veritatis,
3525 2936 3646 2991 qum
3695 2918 3845 2994 apud

2237 3015 2353 3087 ipsa
2384 3015 2647 3072 daemonia
2677 3023 2867 3075 testem
2906 3014 3019 3089 (9.0)
3047 3014 3213 3072 efﬁcit
3238 3014 3678 3073 cbristianorum.

2303 3105 2434 3166 Car.
2475 3106 2564 3165 lll.
2604 3108 2893 3167 Enimvero
2932 3123 3027 3166 cur
3051 3106 3169 3181 (21)
3198 3106 3463 3165 daemonia
3512 3106 3845 3166 affirmamtts

535 3200 704 3257 Deum
749 3200 1081 3259 honorantes
1124 3201 1230 3275 (9),
1261 3202 1389 3260 dum
1439 3203 1584 3260 curis
1632 3204 2045 3274 observationis,
2074 3212 2133 3261 et
2167 3206 2215 3271 C
2246 3204 2404 3263 esse?
2430 3218 2562 3262 sane
2605 3203 2758 3275 quasi
2811 3217 2919 3259 non
2966 3211 3021 3260 et
3062 3202 3371 3276 probemus,
3402 3202 3493 3274 qui
3536 3217 3599 3261 ea
3645 3202 3745 3259 soli
3772 3202 3843 3261 de

533 3294 798 3354 molestiis
823 3294 1301 3354 animadversionis
1319 3296 1621 3368 absolvunt,
1647 3297 1733 3357 cui
1755 3313 1823 3357 ne
1850 3299 1985 3356 iram
2012 3300 2128 3372 qui-

2233 3296 2550 3371 corporibus
2601 3294 2865 3369 exigimus
2912 3294 3017 3370 (It).
3071 3295 3249 3368 Aliqui
3315 3293 3603 3369 Chrysippi
3642 3294 3846 3355 adsen-

1764 3412 2143 3477 LECTIONES
2181 3411 2591 3477 VAlilANTES.

626 3502 673 3569 1)
701 3501 828 3569 Quia
848 3500 960 3569 Rig-
1018 3520 1056 3569 κῇ

619 3567 670 3634 si
701 3565 826 3634 nam
848 3565 985 3634 aes:
1001 3565 1115 3634 me.

619 3628 666 3696 ὅ)
694 3628 858 3696 Quam
880 3629 990 3696 Big-

621 3691 671 3754 4)
694 3691 860 3754 Bonus
875 3691 985 3754 Bia.
1212 3722 1215 3723 ν

709 3753 868 3833 Eleae
878 3753 1224 3833 addicissed
1246 3755 1393 3808 homo
1412 3754 1597 3820 malus;
1625 3755 1945 3827 scilicet

625 3815 662 3868 ϐ’
714 3815 1011 3880 Christiane,
1037 3815 1139 3868 alii.
1581 3815 1592 3820 ⁷
1686 3815 1691 3819 ’
1896 3815 1923 3827 ’⁷

622 3821 863 3954 7i_9_uum
899 3881 949 3954 in
986 3879 1296 3954 maledictum
1324 3883 1581 3954 convertis
1599 3880 2133 3954 benedictionem‘Del

539 3939 789 4011 JunI_Iiig.
816 3944 866 4011 i_n
889 3939 1023 4011 abest
1047 3943 1151 3994 Lat.
1181 3945 1389 4011 Veneta;
1413 3940 1566 4011 tum
1585 3947 1735 4011 fam.
1760 3951 1807 3997 et
1844 3948 1975 4011 gelu.
2014 3940 2141 4011 legg.

537 4016 648 4056 cum
670 4004 720 4054 id
743 4004 1057 4056 maledictum
1081 4006 1335 4058 convertis
1357 4004 1409 4059 in
1430 4007 1834 4061 benedictionem
1857 4007 1975 4061 Dei.

2332 3504 2412 3556 11)
2446 3503 2542 3554 Dei
2565 3501 2696 3555 abest
2716 3500 2895 3556 Riaalt.

2332 3563 2408 3631 12)
2443 3568 2585 3631 Adeo
2607 3567 2729 3631 fuit.
2754 3563 2935 3631 Rigalt.

2334 3627 2411 3694 15)
2445 3630 2509 3694 Et
2523 3630 2634 3680 dcte
2652 3629 2789 3694 abest
2806 3627 2986 3694 Rigalt.

2333 3693 2417 3743 Nl
2450 3692 2573 3742 Lino
2596 3699 2724 3742 tecta
2754 3692 2877 3742 Jun.

2359 3751 2413 3824 ξ)
2447 3762 2562 3824 agre
2587 3767 2831 3804 exaurans
2852 3751 3034 3824 Rigalt.

2330 3816 2412 3868 16)
2451 3816 2723 3867 Minervam
2756 3816 2914 3866 Paris.

2330 3819 2388 3868 16
2451 3819 2723 3867 Minervam
2756 3826 2811 3866 Pt

2301 3819 2412 3943 (17)
2439 3878 2636 3943 Qalcias
2652 3874 2811 3943 Paris.

2337 3935 2408 4006 l8")
2439 3941 2617 4006 Firmis
2639 3941 2797 4006 Paris.
2818 3935 3164 4006 farrisRigaLt.

2336 3997 2416 4064 19)
2449 4000 2684 4053 Minervae
2706 4000 2863 4053 furvis
2894 3997 3089 4064 galeat'n
3110 4000 3283 4055 formis
3301 3997 3529 4057 calceans
3547 4000 3666 4054 Jun.

2309 3942 2330 4196 ξ

2395 3943 2416 4194 ὲ

609 4066 682 4136 (ξ)
720 4066 919 4136 lft'egant
940 4065 1050 4134 Rig.
1130 4131 1154 4136 _
2309 4064 2415 4136 (go)
2457 4064 2532 4136 Ie
2557 4065 2906 4136 testemeﬂicit
2920 4065 3041 4116 Jun.

605 4125 711 4260 iii)
725 4125 1085 4260 ¹θ¹ιῖἱ³ἱ¹ἳῦἓ¹ἑῖῗ⁸
1116 4131 1241 4183 ’³⁸⁷⁸⁸
1679 4166 1690 4175 ’

2310 4125 2415 4196 (21)
2452 4126 2573 4180 Cum
2594 4125 2774 4192 Rigalt.

1161 4262 1169 4271 '
1868 4275 2427 4341 COMMENTARIUS.

545 4404 825 4462 nerantur,
873 4403 951 4466 ut
988 4393 1188 4466 habet
1222 4391 1470 4466 Cateeh,
1500 4395 1552 4461 1,
1604 4390 2146 4466 ϐγτὶἰψεβὶενοεοι.

2328 4393 2411 4467 (e)
2435 4390 2576 4459 Quid
2602 4391 2801 4467 timetur
2819 4390 2935 4448 uisa
2975 4390 3103 4448 ira?
3141 4390 3316 4464 Iram,
3356 4391 3574 4465 inquam
3599 4437 3614 4460 ,
3658 4394 3734 4452 ait
3778 4396 3848 4453 ti-
3888 4381 3895 4388 ’

544 4454 1060 4549 Τονιυιηθίιηξρρεε
1082 4464 1297 4547 dixitin
1338 4454 1568 4549 Apolog.
1619 4454 1670 4520 c'.
1688 4464 1809 4549 .18.;
1841 4463 2023 4549 [iith
2043 4482 2148 4521 non
2182 4548 2185 4549 ν
2250 4454 2504 4549 tuendam
2524 4502 2541 4531 ,
2571 4480 2690 4549 quae
2718 4454 2834 4549 eius
2861 4470 2948 4549 est
2964 4472 3205 4549 naturae,
3238 4454 3568 4549 ut'gaturam
3590 4454 3842 4549 invertat.

496 4542 499 4543 ⁷
547 4534 1167 4615 mcunturﬂltriuiani,
1195 4534 1815 4615 quae_verba:e_xcripsit
1854 4537 1924 4615 is.
1960 4535 2223 4615 Hiero-1)
2249 4534 2375 4592 Ideo
2401 4536 2545 4615 enim
2591 4534 3004 4615 illamNicetas
3025 4534 3193 4611 David
3239 4536 3295 4594 in
3320 4535 3441 4593 Vita

3487 4535 3675 4621 lgnatii
3726 4540 3841 4621 epi-

493 4652 496 4655 λ
543 4623 741 4682 nymus
763 4649 779 4675 ,
830 4607 1212 4682 ‘ltabenturque
1261 4607 1446 4682 epist._
1468 4608 1534 4665 ad
1555 4607 1805 4682 ALtetam.
1859 4608 2008 4665 Mitto
2058 4608 2146 4667 hic
2169 4607 2208 4615 ⁷⁷
2249 4622 2400 4682 scop.
2433 4607 2838 4680 Censtantinop.
2878 4607 3148 4681 παρέςὲυσιν
3170 4618 3344 4682 vocat,
3374 4607 3531 4680 quasi
3545 4620 3721 4682 contra
3742 4607 3845 4666 ἡα-

544 4674 802 4752 qunsdam
830 4678 1009 4752 legere
1034 4674 1337 4752 solét,_nori,
1368 4679 1518 4752 soles.
1553 4679 1629 4736 Le
1654 4679 1751 4752 Pa.

614 4749 690 4822 (a)
715 4747 843 4825 lth
868 4747 1127 4822 placemus
1164 4747 1352 4825 Deum.
1387 4750 1653 4825 Rigaltius
1677 4751 1845 4808 Deum
1871 4751 2000 4825 legit
2020 4766 2144 4809 cum

548 4820 824 4886 Patttelio,
871 4820 1010 4892 cum
1057 4830 1236 4877 tamen
1284 4820 1525 4879 Lacerda
1575 4823 1852 4879 Dominum
1908 4820 2140 4892 Habeat,

542 4906 803 4969 suamque
827 4890 1113 4969 lectionem
1135 4906 1207 4969 ex_
1220 4893 1493 4969 codicibus
1515 4895 1727 4969 probet,
1769 4905 1824 4952 et
1847 4895 1981 4951 locis
2002 4890 2142 4953 bene

545 4962 726 5018 multis
752 4965 945 5034 quibus
964 4964 1148 5020 utitur.
1186 4964 1263 5020 Ls
1294 4966 1389 5021 Pa.

625 5035 703 5105 (b)
731 5037 796 5088 At
825 5051 942 5090 cum
974 5036 1040 5109 in
1076 5034 1422 5109 maledictum.
1467 5036 1738 5093 Pamelius
1768 5036 1928 5093 habet
1950 5051 2144 5109 perpe-

543 5120 659 5166 ram
683 5147 698 5171 ,
726 5116 779 5161 at
827 5123 944 5161 cum
985 5106 1041 5161 id
1068 5107 1395 5163 maledictum
1441 5109 1688 5164 convertis
1732 5110 1807 5163 in‘
1831 5106 2139 5165 benedictio-

544 5192 659 5265 nem
687 5175 831 5265 D‘eil,
855 5192 1138 5265 perperam
1175 5179 1394 5265 inquam
1420 5182 1435 5233 ἐ
1467 5196 1589 5263 nam
1612 5195 1883 5265 nunquam
1918 5195 2144 5265 princes-

546 5249 616 5303 sit
642 5249 1025 5324 maledictum,
1067 5259 1127 5306 ut
1171 5249 1321 5307 notat
1364 5249 1627 5321 Latinus,
1678 5249 1828 5324 cujus
1873 5249 1956 5308 eSt
1984 5251 2142 5310 lectio

542 5333 702 5390 quam
728 5336 944 5391 sequor.
973 5320 1102 5377 Lac.

619 5392 696 5465 (c)
719 5391 821 5465 βιῶ
845 5408 908 5447 ne
957 5393 1088 5448 iram
1115 5393 1336 5464 quidem.
1376 5391 1647 5451 Fortassis
1668 5392 1771 5449 hoc
1795 5393 1863 5451 ad
1892 5407 2137 5465 errorem

543 5459 1060 5548 Iert'ullianivergit
1081 5505 1099 5531 ,
1124 5459 1431 5548 quopeum
1450 5479 1767 5548 corporeum
1788 5464 2008 5548 alicubi
2040 5465 2136 5548 In:

543 5534 655 5607 cit,
686 5546 738 5591 et
765 5534 1353 5607 proinde‘passionibus
1382 5534 1671 5593 obnoxium
1700 5579 1716 5607 ,
1749 5537 1851 5592 nisi
1879 5539 2009 5591 iram
2040 5537 2143 5593 Dei

542 5605 841 5733 iDmprgpi'ie
864 5605 1187 5680 accipiamus
1210 5650 1225 5678 ,
1262 5608 1419 5665 sicuti
1448 5608 1538 5663 alii
1564 5605 1751 5666 Patres
1780 5623 1877 5682 pro
1902 5606 2138 5664 vindicta

589 5692 661 5733 et.
731 5694 825 5733 an.

589 5692 661 5733 el.
690 5692 825 5734 I’All.

614 5748 691 5827 (d)
719 5747 815 5827 Et“
836 5757 1029 5827 tantum
1071 5758 1322 5821 postremo
1368 5760 1642 5827 auctorem.
1683 5754 1726 5809 A
1780 5766 1888 5827 quo
1935 5750 2147 5811 scilicet.

539 5825 627 5876 tot
646 5818 922 5879 beneflciis
940 5818 1163 5879 adaucta
1190 5829 1245 5879 et
1266 5818 1535 5883 cumulata
1564 5833 1662 5882 est.

636 5900 649 5923 \

2249 4676 2526 4751 furant,_et
2556 4676 2809 4751 ζιστασινζ
2843 4676 2963 4751 ρωιέ
2992 4676 3237 4751 naturam
3261 4676 3536 4751 depravat.
3566 4679 3698 4737 Lac.

2321 4749 2389 4824 (f)
2418 4749 2529 4824 Vita
2550 4749 2746 4824 Cereris
2769 4749 3025 4824 redimita;
3053 4749 3272 4824 Frustra
3296 4750 3569 4824 adducunt
3587 4765 3848 4824 coronam

2248 4819 2463 4880 Cereris
2511 4822 2784 4892 spiceam,
2813 4836 2937 4878 cum
2982 4819 3340 4876 Tertullianus
3388 4820 3629 4876 vittatam
3672 4821 3847 4892 dicat.

2244 4892 2408 4965 Moris
2421 4890 2562 4965 enim
2582 4894 2682 4965 fuit
2707 4895 2864 4965 vittas
2890 4892 3049 4963 capiti
3101 4905 3399 4965 apponere,
3424 4902 3647 4949 auctore
3670 4890 3849 4953 Plinio

2247 4963 2340 5022 lib.
2369 4964 2554 5020 XVIII.
2587 4980 2636 5019 c.
2669 4964 2721 5021 5.
2750 4964 2880 5019 Lac.

2321 5036 2398 5108 (ε)
2427 5034 2496 5090 Ει
2545 5029 3186 5108 Isidis_lir_tteata.__Pallio
3233 5029 3576 5108 scilicetzut
3622 5032 3845 5095 Saturni

2248 5102 2559 5175 coccineum
2592 5104 2752 5177 fuerit
2795 5103 2952 5159 lsidis
2978 5102 3459 5177 li_trteu_m._Etenim
3500 5104 3598 5177 fuit
3637 5114 3693 5162 et
3731 5107 3847 5177 pal-

2247 5179 2376 5235 lium
2408 5171 2686 5233 muliebre.
2729 5173 2786 5231 ln
2816 5173 3123 5245 exemplari
3148 5171 3340 5245 legitur
3366 5174 3470 5231 :Et
3514 5175 3639 5235 Dea;
3683 5171 3845 5236 Isidis

2247 5250 2464 5326 (inliata.
2499 5247 2778 5326 Adje_ct_u_t_n
2806 5244 2930 5302 Dea:
2963 5243 3295 5326 _vocabulum
3320 5249 3624 5326 putavimus
3652 5249 3731 5326 ab
3749 5249 3841 5318 iis,

2243 5323 2332 5392 qui
2380 5315 2593 5392 nomen
2624 5316 2778 5374 lsidis
2819 5315 2983 5392 quasi
3020 5315 3198 5392 minus
3244 5315 3845 5392 notumdeclaratione

2240 5384 2418 5464 aliqua
2446 5384 3066 5464 indigere_credide_runt.
3099 5384 3233 5464 189m
3264 5403 3361 5445 cur
3374 5388 3487 5464 Alsis
3514 5391 3838 5464 Deapotiujs

2240 5457 2452 5521 dicatur
2475 5457 2634 5534 quam
2659 5462 2856 5534 Ceres,
2904 5458 3067 5525 Juno,
3115 5457 3350 5534 Minerva
3370 5461 3541 5534 ique:
3589 5457 3705 5534 me,
3726 5462 3840 5534 suis

2241 5530 2558 5606 simpliciter
2612 5530 2916 5589 nominibus
2978 5530 3334 5603 appellantur.
3400 5530 3519 5599 lito.
3567 5562 3639 5574 —
3678 5531 3845 5590 Isidis

2242 5606 2472 5673 linteata.
2503 5604 2636 5673 Qua:
2674 5602 2785 5659 Dea
2811 5600 3069 5660 Romanis
3094 5601 3257 5660 Ceres
3285 5599 3498 5673 dicitur,
3530 5619 3595 5665 ea
3621 5603 3728 5661 Isis
3755 5612 3843 5663 est

2242 5644 3498 5758 356??'Es‘iiﬁ'oifir‘iiﬁw'i.w7m"

2319 5748 2401 5820 (lt)
2432 5744 2531 5813 Qui
2557 5761 2617 5802 ea
2642 5744 2741 5820 solt:
2761 5745 3167 5820 de_corp_oribtts
3191 5746 3460 5819 exigimus.
3519 5746 3610 5820 Sic
3633 5746 3734 5805 lib.
3765 5746 3837 5806 de

2245 5815 2461 5890 Anima,
2492 5833 2615 5893 pag.
2643 5815 2786 5881 504:
2819 5815 3109 5878 Christiana
3144 5815 3365 5890 poteitas
3396 5820 3499 5879 vim
3539 5819 3691 5885 istam
3718 5834 3848 5899 pen
