4136 6358
327 316 443 380 615

1466 307 1671 366 LIBER
1725 307 1813 366 DE
1851 304 2264 368 TESTIMONIO
2303 303 2560 366 ΑΝΙΜΕ.

3532 308 3638 370 6H

326 439 475 488 sator
504 426 600 500 '(a)
656 425 831 484 illudit
857 439 919 484 ca
946 423 1058 499 (1),
1087 433 1143 484 et
1187 440 1330 492 esse,
1377 434 1434 486 et
1476 425 1927 486 abominationem
1953 425 2006 488 Α
2033 439 2152 496 qua:
2179 433 2230 480 te
2254 424 2322 481 ab
2350 425 2568 481 interitu
2597 419 2838 483 defendit
2869 419 3089 482 :‘tamen
3116 429 3336 496 propter
3369 423 3445 496 (8)
3476 403 3635 486 suum

331 523 606 582 sustinere
630 562 644 586 ,
682 519 1052 576 execrationes
1080 530 1181 575 tua:
1211 518 1558 590 respondent.
1599 517 1932 574 Dmmonium

327 629 518 681 vocas,
573 613 844 670 hominem
896 620 988 666 aut
1039 608 1408 682 immunditiaf,
1436 619 1528 666 aut
1569 609 1792 675 malitia,
1838 617 1933 665 aut

328 707 642 775 insolentia,
675 714 766 760 aut
793 720 1108 777 quacunque
1133 704 1366 772 macula,
1395 717 1557 775 quam
1605 716 1705 758 nos
1733 701 1934 757 daemo-

323 803 432 859 niis
454 802 790 871 deputamus,
812 809 902 854 aut
919 798 997 869 (2)
1017 797 1083 854 ad
1109 797 1479 854 necessitatem
1510 795 1616 852 odii
1635 794 1715 866 ('5)
1737 809 1934 866 oppor-

324 903 533 948 tunam.
563 891 814 948 Satanam
835 889 910 960 (ὁ)
940 890 1169 962 denique
1188 891 1240 945 in
1261 890 1403 946 omni
1428 889 1507 962 (4)
1524 889 1860 946 aversatione
1881 894 1938 942 et

324 985 709 1057 aspernatione
729 984 1160 1040 etdetestatione
1182 983 1515 1056 pronuntias,
1543 998 1702 1054 quem
1725 996 1822 1037 nos
1852 981 1936 1037 di-

330 1082 504 1137 cimus
516 1078 735 1134 malitia:
755 1078 1026 1150 angelum,
1050 1077 1214 1134 totius
1241 1077 1443 1133 erroris
1468 1075 1750 1141 artiﬁcem,
1776 1075 1938 1132 totius

326 1174 520 1237 saeculi
546 1172 1107 1244 interpolatorem,per
1127 1187 1284 1243 quem
1304 1171 1466 1229 homo
1482 1187 1511 1226 a
1528 1169 1819 1242 primordio
1835 1170 1939 1226 eir-

324 1272 670 1329 cumventus,
697 1272 754 1317 ut
777 1275 1103 1334 prteceptum
1133 1264 1228 1319 Dei
1255 1263 1559 1332 excederet,
1584 1275 1638 1320 et
1658 1273 1938 1335 propterea

335 1357 389 1412 in
413 1365 640 1412 mortem
667 1354 844 1423 datus,
877 1355 1068 1410 exinde
1095 1365 1263 1411 totum
1289 1371 1456 1427 genus
1485 1355 1552 1412 de
1593 1371 1689 1410 suo
1733 1355 1938 1412 semine

333 1446 591 1503 infectum
621 1488 635 1510 ,
692 1461 802 1501 suae
855 1445 1017 1501 etiam
1059 1445 1420 1504 damnationis
1471 1445 1742 1504 traducem
1788 1446 1932 1502 fecit.

324 1537 507 1594 Sentis
547 1539 709 1607 igitur
755 1535 1080 1607 perditorem
1129 1547 1300 1593 tuum.
1347 1538 1416 1594 Et
1463 1537 1587 1594 licet
1638 1539 1736 1593 soli
1782 1539 1930 1594 illum

327 1632 578 1686 noverint
618 1629 914 1696 christiani,
962 1631 1049 1686 vel
1098 1646 1430 1703 quaecunque
1457 1631 1537 1702 (5)
1579 1629 1718 1700 apud
1747 1631 1929 1688 Domi-

325 1739 456 1780 num
487 1735 652 1788 secta,
683 1733 738 1779 et
764 1732 820 1778 tu
865 1734 1040 1780 tamen
1068 1739 1190 1780 eum
1220 1724 1380 1790 nosti,
1410 1723 1536 1780 dum
1568 1723 1749 1780 odisti.

397 1816 529 1872 CAP.
572 1815 664 1871 IV.
689 1815 808 1871 Jam
832 1832 972 1872 nunc
999 1816 1141 1886 quod
1171 1816 1237 1871 ad
1271 1817 1690 1876 necessariorem
1715 1825 1932 1874 senten-

2035 532 2232 574 nomen
2258 518 2358 573 soli
2407 517 2628 574 vanitati
2658 526 2712 574 et
2760 517 2997 589 stupori,
3026 526 3080 574 et
3111 527 3168 573 ut
3210 517 3408 574 dicitur
3429 560 3446 588 ,
3478 535 3625 592 pra:-

2036 607 2329 678 sumptioni
2376 607 2663 680 deputatur
2709 607 2805 681 (d).
2840 607 2947 666 Sed
2977 623 3086 665 non
3129 608 3535 680 erubescimus,
3588 611 3632 670 si

2039 708 2215 758 tecum
2243 701 2346 757 erit
2373 711 2554 758 nostra
2582 703 2950 774 przesumptio.
2983 703 3164 760 Primo
3186 707 3330 760 enim
3379 721 3500 762 cum
3531 706 3634 763 ali-

2041 792 2196 864 cujus
2221 791 2457 849 defuncti
2486 793 2818 862 recordaris,
2853 795 3116 852 misellum
3163 811 3324 853 vocas
3351 812 3473 854 eum
3505 816 3518 854 :
3549 796 3637 870 (9)

2040 900 2147 940 non
2170 885 2353 957 utique
2398 886 2512 958 (l0)
2562 885 2704 958 quod
2733 887 2800 943 de
2828 887 2969 944 bono
3002 889 3127 945 vita:
3153 900 3418 961 ereptum,
3450 891 3545 948 sed
3578 899 3638 948 ut

2042 993 2215 1048 pinna:
2267 988 2321 1034 et
2374 978 2578 1050 judicio
2636 978 2748 1049 jam
2794 979 3145 1051 adscriptum.
3195 982 3460 1040 Caeterum
3504 985 3636 1040 alias

2041 1086 2259 1126 securos
2303 1085 2463 1127 vocas
2504 1070 2806 1128 defunctos.
2841 1072 3114 1130 Proﬁteris
3158 1085 3211 1130 et
3270 1077 3392 1132 vita:
3427 1078 3636 1133 incont-

2041 1161 2286 1230 tnodum,
2339 1173 2394 1218 et
2455 1163 2641 1219 mortis
2691 1163 3032 1221 beneﬁcium.
3066 1164 3238 1221 Vocas
3284 1182 3446 1237 porro
3475 1184 3635 1225 secu-

2045 1269 2156 1322 ros,
2208 1256 2252 1310 si
2284 1255 2499 1325 quando
2523 1267 2671 1312 extra
2699 1266 2905 1327 portam
2939 1254 3009 1329 (e)
3037 1272 3158 1313 cum
3189 1259 3426 1316 obsoniis
3442 1270 3495 1316 et
3523 1263 3637 1333 (11)

2046 1346 2260 1401 matteis
2288 1347 2358 1417 (Ῑ)
2389 1347 2479 1402 tibi
2513 1349 2688 1418 potius
2718 1357 3004 1420 parentans
3028 1351 3094 1406 ad
3113 1351 3263 1406 busta
3290 1353 3496 1409 recedis
3533 1355 3634 1426 (g),

2054 1451 2143 1497 aut
2170 1457 2200 1497 a
2226 1441 2394 1498 bustis
2423 1442 2640 1498 dilutior
2668 1444 2830 1498 redis.
2858 1446 2926 1498 At
2953 1460 3051 1515 ego
3074 1443 3309 1500 sobriam
3341 1456 3482 1501 tuam
3511 1464 3640 1503 sen-

2043 1538 2264 1595 tentiam
2290 1537 2484 1610 exigo:
2521 1537 2755 1593 misellos
2795 1551 2965 1593 vocas
2982 1547 3219 1595 mortuos
3241 1581 3255 1606 ,
3289 1556 3410 1594 cum
3449 1540 3517 1596 de
3550 1551 3640 1596 tuo

2035 1631 2271 1702 loqueris
2290 1671 2306 1698 ,
2334 1647 2455 1686 cum
2481 1630 2548 1685 ab
2595 1630 2674 1686 eis
2703 1631 2858 1702 longe
2887 1646 2967 1686 es.
2992 1631 3207 1687 Nam-in
3235 1633 3482 1688 convivio
3523 1633 3636 1708 (12)

2037 1739 2222 1779 eorum
2248 1723 2400 1795 quasi
2431 1723 2783 1792 praesentibus
2800 1733 2852 1778 et
2872 1725 3412 1796 conrecumpentibus
3437 1735 3638 1782 sortem

2048 1831 2199 1873 suam
2231 1815 2562 1887 exprobrare
2593 1831 2700 1870 non
2739 1816 2946 1886 possis,
2979 1817 3143 1873 debes
3172 1818 3377 1873 adulari
3421 1828 3640 1890 propter

327 1907 456 1965 tiam
489 1919 632 1965 tuam
660 1918 889 1980 Spectet,
921 1885 1178 1980 quantum
1214 1908 1291 1980 (6)
1341 1918 1396 1964 et
1440 1909 1504 1964 ad
1537 1909 1711 1979 ipsum
1739 1919 1937 1966 statuat
1965 1885 2015 1945 Β
2042 1926 2176 1982 quos
2203 1885 2317 1981 (15)
2349 1909 2524 1965 Ιωιὶυε
2549 1909 2701 1964 vivis.
2731 1885 2989 1965 Misenum
3029 1925 3157 1980 ergo
3185 1925 3366 1979 vocas,
3387 1885 3477 1982 qui
3506 1885 3640 1968 nihil

328 2015 478 2060 tuum
531 2003 717 2071 tendit,
746 2003 1105 2071 alﬁrmamus,
1143 2011 1195 2060 te
1237 2018 1466 2072 manere,
1497 2015 1617 2076 post
1648 2005 1771 2061 vitae
1824 2006 1938 2062 dis-

328 2097 705 2167 punctionem,
756 2105 811 2152 et
861 2104 1176 2166 exspectare
1236 2095 1380 2150 diem
1432 2095 1665 2166 judicii,
1737 2111 1941 2168 proque

323 2191 541 2248 meritis
593 2189 663 2264 (c)
710 2199 801 2245 aut
848 2190 1107 2245 cruciatui
1153 2188 1428 2255 destinari,
1483 2199 1576 2246 aut
1624 2189 1936 2260 refrigerio,

327 2294 556 2355 utroque
608 2283 956 2352 sempiterno.
988 2282 1194 2350 Quibus
1242 2281 1570 2338 sustinendis
1621 2284 1935 2339 necessario

330 2379 432 2434 tibi
459 2378 811 2454 substantiam
841 2378 1117 2449 pristinam
1141 2418 1157 2444 ,
1189 2376 1537 2448 ejusdemque
1559 2377 1793 2436 hominis
1816 2395 1931 2436 ma-

330 2475 559 2538 teriam,
604 2481 659 2527 et
710 2471 1024 2527 memoriam
1077 2485 1448 2537 reversuram,
1501 2469 1648 2540 quod
1692 2478 1747 2526 et
1800 2470 1935 2526 nihil

337 2563 466 2618 mali
494 2578 557 2618 ac
582 2562 707 2619 boni
737 2562 938 2618 sentire
985 2562 1193 2632 possis,
1243 2562 1360 2617 sine
1389 2562 1570 2618 carnis
1613 2563 1934 2632 passionalis

337 2657 625 2722 facultate,
654 2663 709 2712 et
733 2654 880 2711 nulla
911 2655 1047 2711 ratio
1101 2657 1170 2710 sit
1209 2654 1393 2725 judicii
1421 2657 1538 2715 sine
1588 2656 1754 2726 ipsius
1780 2656 1934 2712 exhi-

332 2753 563 2819 bitione,
583 2752 674 2824 qui
695 2753 1088 2824 meruitjudicii
1115 2752 1438 2824 passionem.
1460 2752 1534 2808 Ea
1554 2751 1734 2821 Opinio
1754 2749 1939 2807 Chris-

327 2846 475 2902 tiana
502 2846 604 2903 etsi
635 2845 910 2904 honestior
959 2847 1128 2903 multo
1158 2845 1505 2918 pythagoriea
1524 2887 1540 2915 ,
1571 2860 1690 2917 qua:
1731 2853 1782 2901 te
1825 2861 1933 2901 non

335 2939 391 2996 in
419 2941 619 2997 bestias
665 2940 949 3007 transfert;
981 2941 1081 2998 etsi
1114 2940 1320 3011 plenior
1352 2939 1614 3009 platoniea
1635 2979 1650 3004 ,
1680 2953 1797 3008 quae
1830 2937 1926 2993 tibi

323 3035 486 3093 etiam
511 3035 688 3094 dotem
717 3035 957 3106 corporis
983 3034 1177 3104 reddit;
1199 3033 1299 3092 etsi
1320 3033 1571 3105 epicurea
1595 3031 1798 3103 gratior
1826 3029 1929 3102 (7),

2041 2005 2238 2062 sentit?
2269 2003 2396 2075 quid
2425 2002 2566 2075 quod
2611 2013 2666 2058 ut
2694 2004 2944 2060 sentienti
2997 2003 3304 2071 maledicis,
3335 2003 3453 2078 (14)
3485 2006 3639 2076 cujus

2042 2098 2355 2154 memoriam
2377 2113 2501 2155 cum
2525 2097 2748 2167 alicujus
2776 2097 2992 2154 oﬁ‘ensre
3020 2113 3201 2154 morsu
3231 2096 3382 2154 facis.
3415 2098 3638 2154 Terram

2040 2207 2258 2266 gravem
2293 2192 2376 2262 (Ii)
2407 2191 2721 2263 imprecaris
2742 2233 2760 2257 ,
2818 2201 2873 2248 et
2895 2192 3059 2248 cineri
3091 2207 3254 2264 penes
3295 2193 3494 2250 inferos
3526 2203 3638 2250 tor-

2041 2297 2303 2344 mentum.
2336 2283 2514 2355 .IEque
2555 2301 2622 2341 ex
2650 2284 2788 2341 bona
2834 2293 2984 2356 parte
3005 2327 3019 2351 ,
3052 2287 3137 2340 cui
3169 2287 3391 2357 gratiam
3436 2286 3635 2354 debes,

2040 2379 2250 2436 ossibus
2279 2387 2336 2434 et
2379 2379 2650 2436 cineribus
2695 2378 2810 2450 ejus
2855 2379 3188 2450 refrigerium
3242 2381 3636 2452 comprecaris,

2040 2480 2095 2528 et
2120 2481 2176 2526 ut
2203 2471 2338 2528 bene
2366 2472 2670 2544 requiescat
2693 2472 2832 2543 apud
2858 2471 3060 2528 inferos
3079 2473 3252 2544 cupis.
3278 2473 3333 2530 Si
3357 2474 3488 2530 nihil
3514 2491 3638 2546 pas-

2041 2564 2208 2620 sionis
2235 2574 2316 2624 est
2347 2565 2440 2621 tibi
2472 2573 2595 2636 post
2618 2576 2846 2620 mortem
2869 2607 2884 2634 ,
2918 2565 2964 2622 si
2995 2565 3139 2621 nulla
3165 2581 3356 2623 sensus
3385 2582 3633 2636 perseve-

2042 2659 2214 2712 rantia
2238 2698 2253 2726 ,
2283 2657 2328 2714 si
2353 2656 2585 2727 denique
2606 2657 2739 2714 nihil
2765 2672 2824 2713 es
2854 2657 2969 2729 ipsa
2997 2656 3087 2714 ubi
3121 2673 3320 2730 corpus
3343 2659 3637 2730 reliquisti:

2042 2765 2142 2807 cur
2168 2749 2411 2808 mentiris
2451 2750 2502 2804 in
2553 2759 2638 2819 te,
2669 2751 2823 2821 quasi
2851 2750 3054 2821 aliquid
3089 2751 3227 2806 ultra
3274 2752 3382 2822 pati
3430 2750 3641 2822 possis?

2039 2841 2154 2900 lmo
2178 2857 2274 2898 cur
2303 2842 2357 2897 in
2410 2850 2580 2899 totum
2609 2843 2764 2899 times
2816 2851 3077 2912 mortem,
3108 2845 3154 2898 si
3205 2842 3338 2898 nihil
3391 2853 3474 2899 est
3522 2842 3637 2916 (15)

2037 2935 2133 2991 tibi
2163 2935 2462 2992 timendum
2494 2944 2614 3007 post
2662 2945 2888 2992 mortem
2913 2979 2928 3004 ,
2971 2952 3078 3009 qua
3108 2953 3209 2994 nec
3251 2935 3641 3008 experiundum

2042 3038 2164 3101 post
2192 3040 2422 3088 mortem
2449 3029 2540 3104 (i)?
2566 3029 2700 3088 Nam
2736 3031 2839 3088 etsi
2887 3032 3068 3089 dicere
3127 3032 3242 3107 (16)
3271 3041 3425 3106 potes
3449 3075 3466 3104 ,
3521 3032 3643 3090 ideo

1545 3125 1930 3186 LECTIONES
1967 3124 2386 3186 VARIANTES.

417 3222 466 3290 1)
499 3222 580 3290 Ea
593 3222 735 3290 abest
771 3222 953 3290 Rigalt.

414 3285 462 3335 2)
499 3285 561 3335 Et
593 3287 821 3335 Wouver.

412 3345 464 3419 ξ)
489 3347 838 3419 Importunum
851 3345 1027 3419 Rigalt.
1053 3345 1182 3397 odiis
1205 3355 1532 3411 opportunum
1557 3347 1593 3396 ,1
1596 3360 1677 3397 un.

415 3408 465 3472 4)
490 3408 770 3460 vexatione
794 3408 960 3471 Paris.
1238 3408 1250 3410 “
1271 3408 1285 3411 ⁷

414 3472 466 3535 5)
499 3470 594 3535 Yel
611 3485 934 3534 quwcnmque
956 3472 1086 3534 capit
1109 3469 1264 3522 Latin.
1288 3473 1416 3535 sapit
1442 3467 1710 3524 Ciaconius.

414 3532 467 3602 ρ)
503 3532 560 3602 lu
583 3532 817 3602 quantum
848 3532 969 3584 Jun.

415 3597 469 3662 ξι)
506 3593 733 3662 Gravior.
754 3593 866 3662 Rig_.

393 3654 468 3720 (8)
510 3655 663 3707 Suum
686 3654 990 3709 abest'Latin.
1012 3656 1191 3722 Rigalt.
1210 3657 1369 3709 solum
1394 3657 1546 3710 Latin.
1585 3654 1767 3724 Rigalt.

389 3222 411 3527 ξ

2119 3221 2174 3286 9)
2211 3220 2322 3286 Non
2339 3220 2412 3286 uti
2435 3220 2498 3286 de
2523 3220 2654 3286 bono
2674 3221 2790 3286 vita:
2813 3221 3077 3286 dereptum
3096 3223 3205 3286 Lat.

2125 3283 2203 3351 ψ)
2238 3283 2378 3351 Quod
2405 3282 2677 3351 abestJun.
2705 3282 2778 3334 uti
2800 3284 2866 3334 de
2889 3282 3019 3336 bono
3044 3285 3156 3351 Rig.

2125 3346 2204 3408 11)
2235 3346 2297 3396 lit
2319 3347 2512 3408 mattyis
2534 3348 2655 3398 Jun.

2127 3407 2203 3479 lg)
2238 3409 2419 3479 _Eoru_tn
2441 3407 2568 3479 abest
2593 3411 2701 3478 Εἰς.
2720 3423 2872 3478 quum
2885 3407 3028 3463 addit
3052 3411 3157 3462 Lat.

2127 3473 2198 3526 151
2238 3471 2438 3522 Lautius
2457 3471 2651 3524 Ciacon.

2126 3535 2205 3586 Hi
2245 3535 2298 3584 Si
2317 3535 2435 3586 add.
2455 3535 2579 3586 Jun.

2131 3596 2203 3666 iis)
2249 3596 2439 3666 dfatim,
2466 3600 2507 3648 si
2535 3598 2660 3666 nihil
2683 3599 2779 3652 es?
2805 3599 2892 3650 tibi
2915 3598 3193 3654 timendum
3215 3611 3264 3666 p.
3291 3599 3537 3652 mortem?

2130 3660 2205 3725 16)
2247 3660 2358 3712 Dici
2384 3660 2544 3726 petest
2569 3660 2681 3726 Rig.

1699 3741 2073 3803 COMMENTA
2085 3744 2260 3804 RIUS.

329 3832 720 3888 niciosissimam
744 3833 854 3888 sola
885 3832 1125 3888 traducit.
1171 3834 1238 3890 Et
1279 3843 1458 3891 tamen
1500 3833 1602 3890 hoc
1644 3833 1805 3894 etiam
1839 3834 1932 3890 Ju-

327 3904 475 3960 dmos
520 3904 834 3975 praestitisse
874 3904 1124 3960 adﬁrmat
1174 3905 1409 3962 Irenaeus
1456 3906 1551 3962 lib.
1585 3903 1675 3959 XI.
1709 3921 1828 3975 cap.
1871 3907 1926 3962 5.

329 3977 490 4031 etiam
522 3985 798 4047 postquam
834 3977 888 4032 in
916 3992 1104 4034 eorum
1150 3977 1266 4035 olea
1298 3993 1366 4035 ex
1397 3977 1631 4035 oleastro
1671 3977 1817 4033 insiti
1843 3994 1933 4036 su-

503 4047 702 4191 [ualui
743 4117 1018 4194 Chrysippi
1065 4131 1367 4194 assentator.
1419 4119 1938 4194 Estplane_Terlul-

330 4190 802 4276 lianicummliqui
831 4190 1158 4276 prolationis.
1191 4193 1411 4276 Videtur
1455 4190 1644 4276 autem.
1683 4191 1938 4276 Chrysip-

329 4276 431 4332 pus
460 4262 846 4346 philosophus,
874 4262 1114 4347 (dequo
1143 4266 1300 4321 latius
1325 4264 1462 4320 inira
1488 4265 1584 4320 lib.
1613 4264 1682 4320 de
1706 4262 1937 4348 Anima)

336 4331 602 4389 daamoma
629 4334 864 4390 illuSIsse
890 4379 904 4390 .
958 4336 1095 4390 libro
1122 4347 1379 4390 quantum
1405 4345 1630 4390 apparet
1677 4334 1745 4390 de
1789 4336 1932 4390 Dm-

336 4336 602 4389 daamonia
629 4336 864 4393 illusisse
890 4379 904 4401 ,
958 4336 1095 4392 libro
1122 4347 1379 4406 quantum
1405 4345 1630 4406 apparet
1677 4336 1745 4391 de
1789 4336 1932 4390 Divi-

334 4408 553 4467 natione
574 4446 589 4469 ,
623 4422 781 4476 quem
812 4408 940 4462 citat
963 4407 1269 4463 Lactantius
1295 4407 1388 4462 lib.
1423 4407 1463 4461 l.
1489 4407 1627 4462 Pan.

408 4476 489 4547 (b)
519 4476 772 4549 Satanam
818 4479 1032 4549 denique
1078 4479 1306 4549 inomni
1349 4480 1663 4532 aversatione
1712 4494 1940 4542 pronun-

346 4547 465 4627 tias.
499 4548 658 4627 .Ergo
689 4550 908 4627 ξριτιηέ
931 4547 1244 4627 vocabuhnn
1277 4560 1591 4627 usurpatum
1620 4549 1822 4627 Graecis
1847 4559 1938 4627 aut
1963 4567 2022 4627 ι),

337 4617 544 4674 Latinis
586 4617 820 4674 nondum
851 4620 1205 4676 Christianis?
1250 4617 1447 4676 ctenim
1491 4620 1778 4690 alloquitur
1814 4623 1934 4675 ani-

336 4704 481 4743 mam
532 4705 636 4744 non
679 4690 1074 4757 Christianam,
1120 4692 1341 4746 minime
1389 4705 1516 4746 vero
1548 4709 1560 4744 :
1590 4690 1697 4747 Sed
1740 4690 1940 4746 Malunt

338 4759 527 4832 dixere
545 4801 560 4825 ,
590 4771 711 4815 nota
741 4763 1112 4832 interjectione
1137 4763 1276 4831 apud
1302 4762 1551 4818 Comicus
1576 4765 1937 4818 aversantium

332 4831 533 4902 aliquid
563 4873 578 4897 ,
605 4843 698 4887 aut
726 4831 1128 4902 aspernantium
1168 4849 1233 4888 ac
1279 4833 1680 4888 detestantium.
1733 4833 1941 4888 Teren-

331 4902 434 4976 t_ius
463 4903 722 4959 Eunucho
745 4945 761 4971 ,
788 4906 911 4976 qui,
957 4906 1149 4959 malum
1172 4944 1188 4970 ,
1241 4905 1376 4959 alii?
1406 4904 1626 4976 Plautus
1665 4904 1885 4976 Epidico
1919 4920 1932 4956 :

331 4972 458 5047 Qua:
481 5017 496 5040 ,
527 4976 719 5031 malum
742 5017 756 5040 ,
788 4972 896 5031 itan:
924 5019 938 5044 ,
971 4976 1285 5047 impudentia
1315 4984 1410 5029 est.
1462 4977 1533 5030 At
1571 4975 1888 5047 Christianis
1918 5017 1933 5040 ,

333 5043 503 5119 Malus
521 5047 815 5119 ,_ahsolute
843 5043 1054 5116 ponitur
1081 5063 1181 5119 pro
1206 5049 1428 5102 Satana'.
1456 5055 1511 5102 et
1541 5047 1642 5119 hoc
1691 5046 1812 5119 loco
1859 5048 1937 5102 vi-

329 5117 901 5190 cissim_Tertulhanus
931 5117 1181 5175 Satanam
1212 5119 1387 5190 posuit
1415 5133 1514 5188 pro
1539 5118 1694 5190 Malo.
1727 5118 1847 5173 Ric.

405 5188 481 5262 (c)
515 5187 718 5262 Proque
744 5191 934 5244 meritis
958 5232 975 5258 ,
1006 5200 1110 5246 etc.
1144 5187 1342 5246 Auctor
1370 5187 1490 5246 libri
1536 5190 1604 5246 de
1631 5189 1733 5245 ﬁde
1757 5231 1770 5253 ,
1816 5204 1936 5262 pag.

328 5257 419 5316 45.
450 5257 681 5332 habituri
727 5257 1090 5332 unusquiSque
1130 5274 1374 5319 nostrum
1417 5262 1708 5332 specialem
1756 5257 1939 5315 resur-

329 5330 624 5386 rectionem
653 5374 667 5398 ,
699 5348 797 5401 pro
827 5330 1018 5388 merito
1050 5333 1171 5388 ﬁdei
1198 5350 1260 5389 ac
1289 5333 1410 5389 vita;
1437 5330 1460 5398 ,‘
1485 5334 1598 5388 sive
1621 5333 1689 5386 ad
1718 5333 1940 5402 refrige-

328 5402 466 5476 rium
499 5402 618 5457 sive
643 5402 709 5458 ad
741 5402 1027 5476 ustionem.
1065 5403 1195 5460 Vide
1224 5420 1344 5476 qua:
1370 5404 1437 5458 ad
1472 5404 1600 5459 illud
1629 5403 1882 5471 Septimii
1921 5422 1934 5458 :

327 5471 536 5530 Modico
563 5489 776 5545 quoque
803 5473 998 5530 delicto
1023 5490 1174 5532 mora
1213 5471 1624 5532 resurrectionis
1667 5489 1934 5545 expenso,

328 5557 448 5618 pag.
511 5543 820 5618 358.7‘th.
862 5575 944 5618 7——
1003 5546 1178 5618 anus
1250 5563 1351 5618 pro
1420 5563 1641 5617 operum
1694 5543 1937 5618 meritis,

329 5615 513 5684 quales
543 5617 668 5672 alibi
697 5617 1022 5684 complures.
1056 5617 1133 5673 En
1157 5615 1286 5674 vero
1320 5615 1513 5675 rursus
1542 5634 1733 5675 vocem
1783 5617 1944 5674 obso-

327 5685 489 5761 letam
534 5689 886 5761 ,‘passionalis
909 5705 1004 5760 pro
1033 5691 1257 5761 passioni
1282 5690 1527 5745 obnoxia.
1557 5691 1693 5747 Pus.

401 5759 483 5830 (d)
535 5757 932 5832 Prtesumptioni
983 5757 1270 5830 deputatur.
1338 5762 1682 5832 Iiesurrectio
1715 5761 1818 5818 hoc
1850 5776 1946 5816 no-

329 5829 478 5890 mine
511 5829 889 5894 enuntiabatur
914 5849 946 5892 a
971 5829 1283 5910 gentilibus.
1325 5831 1623 5894 Christiani
1655 5835 1798 5891 enim
1826 5834 1947 5905 glo-

2037 3840 2172 3898 riosi-
2203 3841 2304 3899 hoc
2335 3839 2489 3896 titulo
2514 3881 2528 3904 ,
2558 3841 2969 3910 prmsumptuosi
2994 3841 3343 3898 vocabantur.
3373 3841 3448 3898 Ita
3494 3841 3642 3910 Apti-

2039 3912 2194 3978 leius,
2228 3913 2321 3970 lib.
2351 3911 2441 3966 ΙΧ.
2471 3911 2828 3967 Christianam
2860 3913 3130 3968 loeminam
3159 3914 3474 3970 laneinabat.
3511 3913 3641 3970 Tum

2036 3985 2217 4107 yaretis
2245 3996 2393 4054 atque
2425 3984 2633 4038 calcatis
2658 3984 2841 4039 divinis
2862 3983 3171 4050 numinibus,
3228 3985 3282 4040 in
3308 3986 3467 4042 vicem
3491 3997 3640 4042 certa:

2067 4054 2324 4107 ieliaionis
2343 4097 2358 4107 .
2391 4056 2580 4107 mentia
2605 4054 2860 4107 sacrileaa
2887 4058 3282 4107 nrmsumntione
3307 4055 3405 4107 Dei
3428 4097 3443 4107 .
3489 4075 3636 4107 auem

2067 4054 2324 4125 leligionis
2343 4097 2358 4120 ,
2391 4056 2580 4129 mentia
2605 4054 2860 4129 sacrilega
2886 4058 3282 4128 praesumptione
3307 4055 3405 4112 Dei
3428 4097 3443 4125 ,
3489 4075 3636 4129 quem

2045 4129 2346 4195 prazdicaret
2372 4127 2576 4182 unicum
2601 4168 2617 4193 ,
2647 4137 2757 4188 etc.
2771 4125 2902 4182 Lac.
2973 4133 2976 4136 λ

2118 4200 2192 4269 (e)
2223 4199 2386 4254 Extra
2413 4211 2632 4276 portant.
2668 4199 2903 4276 Cautum
2945 4207 3062 4276 erat
3085 4207 3138 4256 et
3165 4199 3639 4276 prohibitumolim

2041 4269 2230 4344 Romae
2270 4280 2431 4344 atque
2469 4271 2678 4344 legibus
2718 4269 2787 4326 ιε
2836 4269 3132 4325 tabularum
3153 4269 3192 4339 ,“’
3213 4287 3294 4344 ne
3320 4272 3462 4344 quis
3500 4272 3640 4344 intra

2042 4341 2228 4469 urlber‘n
2259 4385 2274 4411 ,
2336 4341 2655 4414 Sepeliretur
2717 4351 2811 4398 aut
2887 4352 3154 4400 ureretur.
3210 4341 3369 4401 Unde
3417 4342 3641 4402 Juvenal

2042 4427 2142 4468 sa.
2241 4430 2256 4468 :

2042 4427 2142 4468 sat.
2187 4427 2211 4468 1
2241 4430 2256 4468 3

2384 4507 2626 4569 Experiar
2648 4505 2764 4569 quid
2783 4507 3080 4557 concedatur
3104 4509 3154 4558 in
3171 4507 3280 4559 illos

2168 4570 2390 4632 Quorum
2412 4570 2625 4622 flaminia
2649 4569 2838 4632 tegitur
2856 4571 2980 4622 cinis
3003 4578 3150 4635 atque
3174 4574 3354 4624 Latina.
3454 4569 3524 4621 ιε
3547 4570 3637 4621 Pa.

2117 4683 2187 4756 (i)
2214 4682 2343 4737 Cum
2385 4680 2607 4756 obsoniis
2646 4679 2955 4756 et_ntat_teis._
3001 4678 3220 4734 Certum
3250 4688 3333 4756 est
3383 4677 3470 4734 hic
3498 4677 3636 4756 Priat-

2046 4749 2178 4810 tea‘s’
2207 4768 2332 4811 esse
2380 4752 2626 4808 convivia
2671 4752 2758 4806 illa
2805 4749 3032 4814 feralia,
3079 4765 3199 4819 qua:
3269 4751 3319 4805 in
3374 4749 3638 4818 sepulcris

2045 4826 2162 4880 ﬁeri
2196 4834 2587 4880 consueverant
2615 4864 2629 4886 ,
2663 4820 2948 4892 legendum
2977 4836 3135 4890 porro
3164 4821 3373 4876 videtur
3401 4820 3636 4889 Mattyis,

2042 4896 2173 4952 Nam
2201 4896 2342 4966 apud
2373 4893 2688 4954 Athenarum
2719 4899 2939 4966 Marrer
2970 4900 3070 4966 oris
3098 4901 3150 4946 τὸ
3177 4901 3416 4966 mlum}:
3442 4896 3636 4966 ᾅδεσθαι,

2043 4969 2117 5030 id,
2142 4963 2456 5038 est'Matlya
2485 4967 2756 5038 opiparum
2783 4963 3040 5038 quodlibet
3063 4975 3135 5018 est
3166 4964 3518 5038 ferculum.er
3541 4965 3637 5017 Pa.

2115 5041 2190 5111 (ς)
2222 5041 2302 5093 Ad
2328 5035 2472 5111 busta
2520 5035 2734 5093 recedis.
2781 5036 3054 5111 Recedere
3078 5051 3174 5111 e95
3195 5035 3344 5104 dicit,
3373 5036 3464 5107 qui
3487 5044 3641 5091 extra

2046 5106 2326 5167 urbemad
2353 5110 2508 5165 busta
2542 5119 2880 5181 parentatum
2905 5108 3071 5181 ibant:
3093 5106 3225 5181 lite.
3277 5177 3288 5181 _
3318 5177 3331 5181 _
3397 5106 3475 5181 '___.

2117 5182 2196 5265 (Il)
2230 5183 2436 5265 Ter-rant
2464 5175 2666 5265 gravem
2691 5179 3005 5265 iittprecaris.
3047 5177 3252 5260 Iflinius
3277 5177 3371 5265 lib.
3400 5176 3494 5260 _Xl.
3550 5175 3641 5232 ubi

2044 5249 2298 5310 deil-‘erra
2335 5271 2348 5307 :
2380 5249 2540 5324 Cujus
2585 5268 2768 5308 numen
2794 5250 3029 5324 ultimum
3051 5249 3175 5324 jant
3211 5249 3369 5304 nullis
3398 5252 3644 5324 imprece-

2045 5344 2157 5380 mur
2187 5327 2304 5380 irati
2331 5319 2511 5396 grave;
2545 5334 2786 5396 tanquant
2829 5319 3114 5396 nesciamus
3155 5321 3286 5396 lianc
3321 5337 3440 5396 esse
3480 5319 3643 5376 solam

2043 5414 2155 5469 qua:
2181 5391 2714 5469 nunquamjrascatur
2742 5392 2953 5469 honuni.
2973 5391 3092 5469 iam
3116 5392 3293 5469 nullis,
3314 5391 3370 5469 id
3395 5400 3478 5447 est
3499 5406 3644 5469 mor:

2047 5462 2170 5523 tuis.
2203 5462 2390 5524 Cicero
2417 5467 2837 5523 Tusculanarum
2866 5465 2916 5518 1.
2960 5463 3037 5518 De
3064 5465 3276 5518 mortuis
3307 5462 3488 5533 loquor
3507 5505 3522 5528 ,
3555 5462 3644 5533 qui

2046 5540 2177 5594 nulli
2205 5551 2344 5596 sunt.
2392 5539 2512 5594 th.
2543 5567 2613 5578 —
2642 5534 3002 5590 Proverbialis
3047 5535 3163 5591 huic
3186 5545 3267 5590 est
3293 5533 3548 5602 formula,
3578 5534 3645 5588 sit

2048 5614 2136 5667 tibi
2167 5623 2298 5666 terra
2318 5612 2487 5683 grauis
2505 5652 2520 5676 ,
2544 5617 2603 5664 ut
2623 5613 2688 5683 et
2718 5607 2886 5683 altera
2916 5607 3017 5662 sub
3056 5606 3214 5683 hujus
3243 5607 3433 5676 capitis
3456 5605 3642 5683 linem,

2049 5685 2169 5739 abiit
2206 5676 2339 5755 jam"
2364 5692 2410 5737 et
2455 5679 2642 5755 reperti
2705 5678 2884 5742 debet,
2953 5694 3070 5755 qua:
3129 5676 3425 5734 etiamnum
3488 5676 3648 5747 vulgo

2050 5750 2263 5830 quoque
2299 5752 2593 5808 Teutonico
2631 5750 2814 5830 inore
2842 5759 2944 5806 est.
2976 5750 3110 5807 Pu.

2127 5818 2192 5902 (ἱ)
2228 5827 2344 5898 Qua
2397 5841 2484 5882 nec
2534 5822 2904 5897 experiwtdunt
2954 5833 3070 5896 post
3117 5818 3372 5879 mortem?
3419 5818 3650 5892 Sempen
