4150 6352
516 289 618 366 διδ

1930 287 2391 355 TERTULLIANI

3701 302 3812 370 616

507 424 737 472 mortem
772 411 980 480 timeri,
1013 425 1118 470 non
1163 420 1222 468 ut
1257 409 1346 486 (1)
1391 410 1592 484 aliquid
1643 413 1936 472 minantem
1957 457 1972 482 ,
2015 415 2108 471 sed
2137 419 2189 480 Α
2215 424 2396 487 putem
2421 415 2666 488 cuiquam
2698 415 2943 475 frivolum
2973 427 3028 477 et
3053 416 3302 493 frigidum
3334 421 3501 481 videri
3531 440 3724 497 posse,
3757 427 3806 485 si

508 518 570 564 ut
619 506 960 564 commodum
1015 508 1137 562 vita:
1198 515 1562 577 amputantem
1623 509 1850 578 :atquin
1906 519 2107 564 cumet

508 600 844 657 incommoda
894 600 1049 671 longe
1098 599 1249 670 plura
1307 600 1430 654 vitae
1474 600 1675 670 pariter
1704 599 1785 671 (2)
1839 599 2104 670 excedas,

524 691 603 764 (5)
653 702 706 748 et
759 692 1050 747 lucratione
1096 691 1354 764 gravioris
1421 693 1586 762 partis
1649 701 1849 747 metum
1905 692 2105 761 diluis,

522 800 625 841 nec
647 785 757 856 jam
801 784 1033 840 timenda
1065 795 1144 841 est
1182 785 1400 840 amissio
1430 785 1690 840 bonorum
1718 827 1732 850 ,
1774 800 1893 856 quae
1936 784 2108 841 altero

506 877 687 948 bono,
741 879 791 934 id
821 888 905 935 est
957 878 1418 935 incommodorum
1469 893 1640 949 pace,
1685 886 1959 949 pensatur.
1988 877 2104 933 Non

520 984 604 1031 est
633 975 925 1032 timendum
973 974 1074 1045 (a),
1107 974 1246 1046 quod
1271 989 1368 1029 nos
1386 973 1658 1029 liberatab
1679 973 1821 1030 omni
1846 971 2101 1027 timendo.

506 1067 564 1124 Si
593 1069 750 1123 times
779 1069 884 1123 vita
916 1066 1212 1135 decedere,
1261 1068 1385 1138 quia
1435 1066 1692 1137 optimam
1741 1065 1880 1121 nosti
1910 1081 1924 1118 :
1957 1075 2106 1120 certe

505 1175 735 1222 mortem
767 1146 960 1220 timere
992 1180 1094 1220 non
1146 1163 1309 1219 debes
1330 1205 1345 1230 ,
1373 1177 1530 1233 quam
1561 1160 1759 1216 malam
1813 1160 2008 1216 nescis.
2039 1161 2107 1214 At

504 1274 628 1314 cum
661 1259 818 1314 times
843 1301 858 1326 ,
905 1259 1010 1314 scis
1041 1257 1259 1312 malam.
1308 1255 1422 1311 Non
1457 1255 1624 1310 scires
1675 1263 1855 1310 autem
1907 1251 2105 1308 malam

504 1352 628 1423 quia
673 1366 771 1406 nec
821 1351 1070 1415 timeres,
1122 1351 1166 1406 si
1212 1365 1316 1404 non
1348 1347 1517 1404 scires
1568 1346 1768 1417 aliquid
1821 1361 1942 1402 esse
1976 1353 2131 1415 post.

510 1451 774 1509 mortem,
805 1441 946 1513 quod
992 1456 1109 1497 eam
1141 1441 1333 1495 malam
1364 1437 1558 1504 faciat,
1590 1445 1648 1492 ut
1699 1437 1907 1492 timeas.
1938 1435 2108 1491 Omit-

505 1543 683 1590 tamus
703 1550 845 1590 nunc
870 1533 1165 1590 naturalem
1190 1531 1412 1588 formam
1439 1529 1660 1585 timendi
1687 1527 2107 1584 mortem.Nemo

510 1627 735 1696 timeat,
767 1625 909 1697 quod
956 1623 1184 1681 evadere
1229 1639 1336 1679 non
1381 1632 1576 1694 potest.
1621 1620 1697 1676 Ex
1731 1620 1898 1676 altera
1945 1629 2097 1690 parte

507 1717 830 1790 congredior
851 1761 865 1785 ,
899 1717 1122 1773 laetioris
1161 1715 1273 1786 spei
1316 1724 1438 1786 post
1468 1724 1715 1770 mortem.
1745 1712 1879 1768 Nam
1921 1712 2099 1768 omni-

507 1789 748 1868 busfere
778 1811 1011 1884 ingenita
1035 1818 1117 1865 est
1145 1808 1300 1864 fama:
1321 1819 1441 1879 post
1459 1815 1686 1863 mortem
1714 1805 1928 1876 cupido.
1961 1804 2100 1860 Lon-
2133 1789 2179 1848 Β

512 1921 636 1977 gum
691 1915 774 1962 est
821 1913 1067 1961 retexere
1115 1901 1189 1976 (b)
1239 1902 1451 1958 Curtios
1481 1900 1552 1973 (c)
1600 1909 1649 1956 et
1700 1898 1968 1970 Regulos,
2018 1899 2104 1953 vel

509 1997 726 2056 Graecos
753 1999 898 2054 viros
917 2041 932 2067 ,
963 2012 1188 2069 quorum
1210 1997 1490 2052 innumera
1521 1994 1600 2065 (4)
1623 1994 1794 2064 elogia
1826 2001 1950 2049 sunt
1975 2007 2105 2048 con-

503 2099 722 2162 temptre
757 2093 954 2146 mortis
982 2098 1202 2161 propter
1223 2087 1562 2161 posthumam
1595 2086 1808 2140 famam.
1838 2084 1969 2151 Quis
1997 2099 2101 2140 non

500 2183 662 2242 hodie
690 2185 963 2241 memoriae
984 2193 1106 2255 post
1127 2192 1356 2239 mortem
1381 2177 1786 2251 frequentanda».
1808 2178 1879 2233 ita
1898 2177 2098 2246 studet,

500 2289 560 2334 ut
603 2278 690 2334 vel
736 2278 1054 2334 litteraturae
1100 2275 1390 2348 operibus,
1414 2274 1496 2330 vel
1527 2272 1756 2344 simplici
1781 2271 1954 2344 glande
1985 2287 2101 2328 mo-

503 2384 660 2438 rum,
707 2368 796 2424 vel
849 2369 1086 2439 ipsorum
1132 2366 1502 2437 sepulcrorum
1532 2364 1856 2430 ambitione,
1901 2377 2101 2419 nomen

505 2463 657 2519 fnum
689 2472 866 2518 servet
907 2461 1024 2536 (d)?
1058 2460 1210 2517 Unde
1239 2459 1412 2515 anima
1445 2458 1526 2530 (5)
1555 2457 1712 2515 hodie
1735 2457 1985 2513 affectare
2009 2457 2104 2512 ali-

512 2556 640 2628 quid
661 2598 677 2625 ,
719 2556 860 2626 quod
889 2556 1016 2611 velit
1043 2565 1165 2626 post
1192 2565 1422 2610 mortem
1443 2595 1457 2618 .
1490 2561 1544 2608 et
1587 2562 1866 2622 tantopere
1891 2565 2103 2622 praepa-

505 2664 629 2704 rare
649 2691 664 2717 ,
696 2649 776 2719 (6)
806 2663 914 2720 quo
939 2650 1011 2702 sit
1031 2663 1187 2703 usura
1219 2657 1339 2719 post
1365 2646 1569 2702 obitum
1598 2663 1610 2699 :
1643 2647 1686 2701 si
1719 2644 1854 2700 nihil
1881 2646 1948 2700 de
1969 2659 2102 2715 pos-

515 2750 638 2795 tero
662 2741 864 2795 sciret?
908 2738 1012 2796 Sed
1043 2740 1260 2794 forsitan
1288 2738 1356 2794 de
1385 2752 1548 2793 sensu
1569 2747 1693 2809 post
1727 2751 2004 2792 excessum
2034 2737 2109 2791 tui

503 2832 764 2888 certiores
785 2874 799 2900 ,
845 2847 1006 2904 quam
1049 2832 1117 2888 de
1143 2833 1539 2888 resurrectione
1567 2831 1887 2902 quandoque
1908 2871 1923 2895 ,
1952 2829 2104 2900 cujus

494 2939 598 2981 nos
631 2935 1054 2996 prresumptores
1074 2911 1413 2980 denotamur.
1439 2923 1639 2996 Atquin
1662 2923 1764 2979 hoc
1795 2937 2008 2995 quoque
2033 2923 2103 2978 ab

501 3018 682 3072 anima
732 3017 1073 3088 prtedicatur.
1128 3015 1262 3072 Nam
1315 3015 1362 3072 si
1409 3015 1477 3072 de
1522 3015 1704 3086 aliquo
1729 3016 1841 3086 jam
1887 3014 2096 3088 pridem

2212 509 2476 580 recogitet
2505 519 2710 566 naturae
2737 511 3071 582 majestatem
3094 555 3108 580 ,
3138 529 3202 570 ex
3233 530 3338 587 qua
3359 526 3610 574 censetur
3633 530 3816 576 aucto-
3871 569 3878 575 .

2212 601 2343 656 ritas
2392 601 2602 656 animae.
2651 602 2918 670 Quantum
2970 605 3182 662 dederis
3229 609 3542 679 magistris.
3605 618 3812 667 tantum

2213 693 2545 764 adjudicabis
2574 695 2872 767 discipulre.
2906 697 3158 770 Magistra
3187 709 3375 756 natura
3397 744 3412 767 ,
3445 703 3622 758 anima
3644 703 3813 760 disci-

2215 788 2354 858 pula.
2383 789 2644 861 Quicquid
2671 799 2762 845 aut
2791 791 2880 845 illa
2906 791 3155 862 edocuit,
3183 804 3273 849 aut
3297 795 3396 850 ista
3429 797 3751 866 perdidicit:
3776 815 3808 854 a

2217 879 2327 934 Deo
2355 879 2606 936 traditum
2638 891 2752 951 est,
2782 883 3040 954 magistro
3079 885 3288 942 scilicet
3314 887 3479 957 ipsius
3517 891 3810 961 magistrae.

2173 972 2344 1043 τρυῑά
2396 977 2571 1031 anima
2623 979 2792 1048 possit
2818 977 2885 1033 de
2932 980 3213 1051 principali
3262 981 3567 1038 institutore
3597 998 3802 1055 praesu-

2210 1083 2391 1135 mere,
2442 1069 2494 1123 in
2546 1078 2597 1125 te
2641 1079 2725 1124 est
2767 1071 3038 1127 aestimare
3066 1071 3134 1128 de
3175 1087 3238 1128 ea
3268 1088 3387 1144 quae
3415 1075 3498 1146 (9)
3527 1075 3580 1130 in
3625 1084 3678 1132 te
3703 1085 3808 1133 est.

2217 1158 2366 1216 Senti
2396 1160 2578 1228 illam,
2601 1177 2721 1232 qua:
2752 1170 2811 1217 ut
2835 1163 3035 1219 sentias
3077 1163 3275 1220 efficit!
3320 1166 3554 1237 recogita
3585 1167 3640 1223 in
3671 1183 3814 1238 pra:-

2214 1255 2382 1326 sagiis
2424 1261 2636 1322 vatem,
2691 1256 2743 1310 in
2792 1257 3058 1312 ominibus
3100 1272 3388 1329 augurem,
3438 1260 3490 1314 in
3529 1261 3814 1318 eventibus

2215 1347 2540 1418 prospicem.
2575 1347 2769 1404 Mirum
2801 1350 2846 1404 si
2877 1365 2907 1405 a
2941 1350 3052 1405 Deo
3083 1349 3205 1406 data
3236 1351 3465 1420 homini,
3501 1355 3652 1410 novit
3677 1355 3814 1410 divi-

2213 1455 2362 1495 nare.
2393 1439 2526 1495 Tam
2579 1440 2809 1510 mirum,
2862 1441 2908 1496 si
2938 1457 3060 1498 eum
3111 1458 3143 1498 a
3186 1459 3294 1514 quo
3323 1445 3448 1500 data
3494 1455 3607 1515 est,
3641 1447 3808 1503 novit.

2211 1530 2387 1586 Etiam
2416 1532 2780 1588 circumventa
2828 1533 2897 1588 ab
2922 1533 3251 1600 adversario,
3301 1537 3544 1592 meminit
3568 1538 3650 1592 sui
3674 1554 3802 1594 auc-

2228 1623 2358 1678 toris
2377 1664 2393 1689 ,
2425 1633 2479 1678 et
2526 1623 2778 1679 bonitatis
2798 1664 2814 1692 ,
2843 1633 2898 1680 et
2925 1624 3128 1682 decreti
3156 1629 3271 1697 ejus
3291 1669 3307 1696 ,
3353 1637 3405 1684 ct
3433 1629 3613 1685 exitus
3640 1631 3723 1687 sui
3752 1641 3810 1688 et

2219 1714 2350 1787 (10)
2391 1714 2686 1771 adversarii
2735 1716 2921 1786 ipsius.
2953 1716 3042 1773 Sic
3089 1719 3320 1786 mirum,
3356 1721 3399 1774 si
3442 1735 3471 1775 a
3501 1721 3613 1777 Deo
3651 1722 3811 1792 data,

2209 1808 2396 1864 eadem
2420 1809 2600 1875 canit,
2651 1825 2771 1880 qua:
2798 1810 2939 1866 Deus
2975 1811 3087 1866 suis
3127 1810 3276 1867 dedit
3323 1826 3503 1869 nosse.
3551 1812 3658 1870 Sed
3709 1816 3803 1886 qui

2207 1899 2903 1973 ejusmodi(ll)eruptiones
2930 1903 3123 1958 animae
3145 1919 3251 1958 non
3281 1905 3484 1974 putavit
3508 1904 3810 1962 doctrinam

2207 2007 2328 2049 esse
2354 2001 2558 2048 naturae
2580 2002 2633 2050 et
2659 1993 2775 2067 (12)
2794 1995 3091 2066 congenitre
3117 2005 3171 2050 et
3193 1996 3438 2066 ingenita:
3467 1997 3811 2053 conscientiae

2207 2085 2322 2159 (15)
2356 2087 2512 2143 tacita
2538 2087 2848 2154 commissa,
2871 2088 3010 2144 dicet
3039 2089 3216 2159 potius
3241 2089 3564 2145 diventilatis
3591 2091 3644 2145 in
3688 2090 3811 2146 vul-

2209 2193 2308 2249 gus
2335 2179 2701 2250 Opinionibus,
2725 2179 2845 2252 (M)
2879 2179 3262 2250 publicatarum
3287 2181 3582 2238 litterarum
3615 2197 3770 2238 usum
3791 2225 3808 2252 ,

2221 2270 2331 2342 jam
2364 2280 2418 2327 et
2456 2273 2606 2343 quasi
2651 2273 2837 2327 vitium
2888 2275 3293 2330 corroboratum
3342 2276 3521 2332 taliter
3549 2277 3815 2332 sermoci-

2208 2363 2393 2419 nandi.
2423 2363 2583 2420 Certe
2612 2365 2758 2436 prior
2787 2367 2959 2421 anima
2979 2409 2992 2432 ,
3023 2382 3180 2437 quam
3211 2368 3388 2423 littera
3429 2367 3500 2440 (f)
3528 2385 3543 2435 ;
3585 2380 3639 2425 et
3664 2371 3813 2441 prior

2207 2471 2418 2522 sermo,
2467 2473 2626 2528 quam
2658 2458 2822 2526 liber,
2873 2470 2927 2515 et
2957 2461 3102 2530 prior
3149 2475 3339 2516 sensus
3360 2502 3374 2528 ,
3407 2477 3567 2532 quam
3594 2464 3805 2535 stylus;

2207 2559 2260 2604 et
2284 2549 2429 2619 prior
2445 2548 2608 2605 homo
2635 2550 2766 2620 ipse,
2789 2565 2947 2620 quam
2972 2551 3321 2622 philosophus
3347 2560 3403 2608 et
3433 2567 3607 2623 poeta.
3638 2553 3805 2609 Num-

2207 2642 2333 2715 quid
2356 2659 2486 2715 ergo
2513 2643 2843 2699 credendum
2872 2656 2954 2700 est
2975 2687 2990 2713 ,
3023 2655 3147 2701 ante
3179 2646 3531 2702 litteraturam
3557 2655 3611 2703 et
3634 2647 3812 2703 divul-

2207 2737 2475 2808 gationem
2499 2736 2614 2808 ejus
2640 2747 2817 2792 mutos
2840 2736 3043 2808 absque
3071 2734 3374 2808 huiusmodi
3408 2740 3810 2809 pronuntiatio-

2208 2828 2368 2884 nibus
2411 2828 2660 2884 homines
2699 2830 2942 2884 vixisse?
2995 2829 3164 2885 Nemo
3204 2831 3362 2887 deum
3409 2841 3464 2886 et
3509 2832 3807 2889 bonitatem

2206 2920 2343 2992 ejus,
2378 2935 2537 2976 nemo
2566 2931 2792 2977 mortent
2820 2964 2835 2990 ,
2861 2937 3022 2979 nemo
3050 2922 3250 2979 inferos
3279 2923 3625 2994 loquebatur:
3650 2941 3806 2981 men-

2205 3012 2420 3070 dicabat
2444 3029 2624 3070 sermo
2644 3055 2660 3082 ,
2691 3014 2883 3085 opinor
2907 3057 2921 3082 ,
2955 3015 3063 3070 imo
3109 3031 3209 3071 nec
3239 3015 3378 3071 ullus
3405 3031 3526 3073 esse
3553 3025 3802 3086 poterat,

499 3108 760 3167 defuncto
818 3119 1071 3183 tanquam
1132 3107 1217 3183 (7)
1281 3110 1407 3165 vivo
1469 3108 1590 3180 quis
1660 3109 1928 3181 requirat,
1984 3123 2096 3179 pra:
2198 3107 2534 3162 cessantibus
2566 3106 2728 3164 etiam
2758 3108 3068 3173 tunc,sine
3093 3107 3286 3179 quibus
3308 3109 3469 3165 etiam
3495 3108 3658 3165 hodie
3680 3110 3796 3180 jam

495 3217 663 3259 manu
715 3202 950 3259 occurrit
1004 3201 1184 3258 dicere
1242 3219 1257 3258 :
1309 3201 1454 3258 Abiit
1485 3199 1598 3272 jam
1652 3198 1750 3274 (ε),
1795 3209 1850 3257 et
1896 3199 2091 3257 reverti
2119 3209 2164 3272 ρ
2198 3197 2429 3267 beatior,
2457 3207 2511 3254 et
2536 3198 2872 3270 locupletior,
2897 3208 2952 3256 et
2978 3201 3290 3271 prudentior
3311 3217 3432 3257 esse
3460 3217 3566 3258 non
3592 3210 3800 3273 potest,

493 3293 680 3351 debet.

559 3386 689 3444 Car.
713 3387 780 3445 γ.
811 3387 936 3445 Haec
965 3387 1268 3458 teatimonia
1297 3361 1716 3459 antimaaiquanto
1761 3402 1910 3456 vera,
1942 3395 2090 3444 tanto

2195 3291 2242 3348 si
2271 3306 2332 3347 ea
2365 3306 2485 3362 quin
2539 3299 2650 3347 tam
2680 3291 2897 3363 facilia,
2945 3304 3052 3349 tam
3101 3295 3352 3361 assidua,
3401 3305 3508 3350 tam
3559 3297 3803 3368 proxima

2195 3381 2359 3438 hodie
2404 3391 2575 3452 sunt,
2636 3384 2688 3439 in
2737 3384 2870 3455 ipsis
2934 3384 3335 3456 quodammodo
3404 3386 3558 3442 labiis
3609 3397 3798 3458 parta,

487 3479 752 3550 simplicia
783 3496 797 3546 ;
833 3488 1036 3552 quanto
1064 3481 1326 3552 simplicia
1349 3523 1364 3548 ,
1396 3488 1547 3536 tanto
1571 3479 1847 3551 vulgaria;
1886 3488 2087 3550 quanto
2191 3487 2340 3534 retro
2366 3492 2470 3533 non
2504 3477 2760 3544 fuerunt,
2794 3488 3080 3550 antequam
3113 3479 3302 3537 litterae
3347 3480 3400 3536 in
3444 3481 3642 3538 saeculo
3677 3497 3803 3552 ger-

486 3574 736 3646 vulgaria
762 3616 777 3643 ,
801 3583 950 3630 tanto
975 3573 1276 3631 communia
1302 3591 1317 3630 :
1349 3581 1549 3645 quanto
1567 3572 1870 3630 communia
1892 3614 1908 3641 ,
1937 3581 2086 3628 tanto
2189 3570 2504 3636 minassent,
2563 3581 2851 3644 antequam
2877 3570 3175 3628 Mercurius
3219 3572 3454 3645 (opinor)
3483 3583 3638 3631 natus
3663 3574 3800 3630 fuis-

491 3671 795 3729 naturalia:
839 3680 1040 3745 quanto
1086 3669 1383 3740 naturalia,
1417 3678 1564 3727 tanto
1607 3667 1808 3727 divina.
1855 3665 2084 3742 Non,(8)
2186 3673 2289 3721 set.
2319 3665 2386 3720 Et
2427 3663 2568 3721 unde
2610 3662 2745 3720 ordo
2770 3663 2901 3735 ipsis
2943 3663 3137 3722 litteris
3167 3666 3451 3738 contingit,
3475 3667 3587 3739 (15)
3613 3679 3793 3736 nosse,

1713 3803 2095 3865 LECTIONES
2132 3803 2548 3862 VARIANTES.

547 3922 623 3992 (1)
652 3924 942 3992 yltrequid
965 3925 1074 3992 Rig.

565 3987 613 4041 2)
652 3987 906 4040 Excede—nt
932 3987 1131 4041 Veneta.
1164 4025 1166 4027 ›

565 4051 614 4103 3)
649 4051 721 4102 Ea
741 4051 1012 4102 lucratione
1035 4051 1157 4103 Jun.

567 4113 613 4178 4)
652 4113 840 4178 Ellogia
867 4115 992 4178 lim.

567 4175 613 4241 ὅ)
652 4175 844 4241 enim
868 4175 979 4241 Rig-

565 4237 611 4308 ‘El
649 4239 772 4308 Quae
793 4237 860 4308 9‘.-
908 4237 956 4308 ᾗ

563 4299 615 4370 ἶ)
648 4301 728 4370 ἓθ
749 4300 872 4370 αιέοέ-
899 4299 1008 4365 Rig-

567 4363 617 4428 8)
648 4363 776 4414 Puto
793 4363 902 4428 Rig.

2259 3918 2448 3992 {$1.33!
2470 3921 2586 3992 iste
2601 3917 2718 3992 ίιξὲθ-
2740 3981 2752 3992 .

2259 3983 2360 4046 (10)
2394 3983 2455 4046 Et
2478 3983 2610 4035 abest
2626 3983 2795 4035 Poris.

2254 4045 2360 4107 (11)
2391 4045 2673 4107 Eruptionis
2701 4057 2944 4097 Wouwer.

2251 4109 2352 4173 (te:
2391 4108 2453 4173 Et
2466 4108 2600 4159 abest
2621 4108 2730 4173 Rig.
2755 4172 2758 4173 ν
2918 4153 2928 4173 ε

2261 4169 2359 4234 (15)
2391 4169 2565 4234 Tacite
2588 4169 2894 4222 commissam
2918 4171 3164 4223 Wouwer.

2254 4233 2359 4298 (14)
2390 4233 2696 4298 Bublicaturn
2721 4235 2758 4298 Ι
2760 4247 2844 4284 un.

2253 4294 2355 4362 (13)
2387 4295 2629 4361 Contigit?
2656 4294 2798 4348 Unde
2819 4309 2967 4349 nosse
2989 4297 3115 4350 Jun.

1822 4441 2380 4505 COMMENTARIUS.

478 4567 594 4625 bzec
617 4564 870 4639 particula
902 4563 1167 4639 significat
1191 4566 1396 4639 partem
1426 4602 1442 4629 ,
1487 4570 1581 4616 aut
1608 4561 1784 4617 locum
1807 4601 1822 4629 ,
1871 4571 1930 4639 ut
1966 4577 2069 4639 qua
2095 4565 2149 4626 1)
2175 4565 2317 4621 mani
2346 4579 2452 4639 non
2479 4565 2740 4639 coituram
2769 4565 2943 4623 labem
2969 4605 2986 4639 _,
3027 4565 3130 4622 nisi
3159 4566 3352 4639 aliquis
3391 4582 3460 4623 ex
3497 4567 3769 4624 nobilibus

475 4633 796 4712 parté,_quo
821 4633 973 4694 loco:
990 4636 1131 4706 Ergo
1165 4633 1304 4690 :cur
1331 4633 1488 4712 times
1527 4643 1754 4689 mortem
1781 4673 1797 4698 ,
1847 4634 1891 4688 si
1933 4633 2071 4712 nihil

478 4705 772 4767 timendum
801 4718 922 4780 post
944 4705 1169 4764 mortem
1192 4747 1207 4772 ,
1240 4719 1306 4780 eo
1336 4707 1453 4780 loco
1477 4714 1568 4760 aut
1588 4714 1742 4776 parte
1769 4745 1781 4772 ,
1808 4719 1914 4775 qua
1938 4705 2071 4761 nihil

475 4776 864 4853 experiundum
893 4789 1012 4853 post
1037 4777 1309 4853 mortem?
1336 4776 1466 4853 Lac:

548 4845 777 4927 (3)7Non
802 4845 1234 4927 est-tintertdum,
1287 4857 1390 4903 etc.
1538 4845 1956 4927 Cltt'ysostomus
2001 4849 2068 4904 ad

473 4916 617 4997 pop.“
635 4926 780 4997 hom.
812 4923 901 4997 2t.
935 4921 1086 4997 nihil
1123 4935 1189 4975 ex
1220 4927 1391 4975 morte
1422 4916 1719 4997 timendum
1749 4919 1908 4997 docet
1934 4934 2071 4990 quo-

473 4989 617 5050 niam
648 4995 713 5050 ad
738 4995 1013 5050 meliorem
1039 4993 1201 5047 vitam
1239 4999 1295 5045 et
1340 4989 1708 5060 optabiliorem
1733 5031 1746 5053 ,
1782 4994 1864 5045 καὶ
1909 4989 2068 5053 πάσης

474 5073 841 5138 ἀπηλλάγμην
862 5067 1138 5138 {tmpan
1167 5059 1651 5138 tend_it_nus..Sicque
1673 5062 1885 5138 §eneca
1910 5063 2073 5118 etiam

471 5142 630 5209 epist.
678 5132 789 5194 ἶοῖ
818 5156 831 5192 :
857 5132 1084 5193 Proinde
1115 5133 1395 5209 intrepidus
1439 5132 1618 5185 horam
1665 5132 1810 5209 illaut
1848 5135 2076 5209 decreto-

470 5203 623 5336 ἷῖαηί)
652 5209 917 5279 prospice,
954 5223 1057 5263 non
1087 5215 1160 5262 est
1196 5206 1366 5260 animo
1394 5219 1662 5274 suprema,
1709 5203 1798 5258 sed
1845 5206 2068 5276 corpori.

493 5297 553 5336 se
626 5297 679 5334 ιι.
1471 5303 1482 5314 ο

493 5281 553 5336 με
584 5281 679 5336 Pu.
1471 5303 1482 5314 ο

542 5350 877 5434 (ti)_Longum
914 5359 987 5405 est
1029 5359 1272 5434 retexere.
1302 5345 1490 5404 Notior
1527 5354 1611 5434 est
1653 5345 1988 5434 Curtiiorum.
2011 5357 2066 5403 et

469 5417 658 5494 Reguli
686 5417 777 5494 qui
808 5438 905 5494 pro
935 5421 1105 5494 patria
1130 5429 1357 5494 mortem
1397 5418 1772 5494 oppetierunt,
1802 5417 2024 5472 historia
2046 5458 2061 5483 ,

467 5489 626 5565 quam
661 5489 719 5548 ut'
746 5489 986 5565 pluribus
1005 5493 1078 5565 psit
1105 5507 1259 5562 opus.
1294 5489 1632 5546 Post/iunium
1663 5491 1856 5560 famam
1879 5501 2064 5565 postea

467 5558 873 5638 rimtaphor'icOn
908 5561 1078 5630 dixit,
1107 5558 1224 5619 eam
1245 5577 1365 5634 quae
1391 5571 1509 5633 post
1531 5558 1759 5616 mortem
1783 5558 2060 5632 perdurat.

465 5635 604 5694 Pint.

2177 4651 2244 4693 eo
2272 4652 2330 4709 se
2358 4638 2658 4709 dejecisset,
2692 4636 2907 4692 Curtius
2931 4636 3384 4709 vitam'impendit
3413 4640 3614 4709 patriar.
3639 4639 3773 4695 Lac.

2245 4708 2327 4792 (εξ)
2349 4708 2562 4792 ’Νοηιςρ
2583 4726 2732 4764 suum
2758 4719 2934 4792 serpet.
2966 4708 3217 4792 Virgilius
3245 4711 3336 4792 lib.
3367 4709 3480 4792 Yll.
3509 4708 3775 4768 Eneidos

2175 4777 2450 4850 de'Cajeta
2487 4779 2678 4838 IEnea:
2706 4783 2913 4838 nutrice
2946 4777 3091 4852 paria
3120 4779 3290 4838 ferme
3319 4783 3499 4839 habet.

2236 4936 2299 4988 Et
2322 4950 2451 4987 nunc
2470 4942 2636 4987 servat
2657 4936 2813 4987 honos
2835 4937 3004 4986 sedem
3030 4941 3160 4997 tuus,
3186 4948 3395 4999 ossaque
3417 4948 3615 4999 nomen.

2234 4999 2476 5063 HeSperia
2501 5001 2553 5050 in
2574 5013 2768 5064 magna,
2788 5001 2830 5049 si
2853 5013 2950 5063 qua
2974 5007 3130 5049 estea
3154 4997 3330 5063 gloria,
3370 5001 3550 5062 signat.
3588 4998 3658 5049 Ls
3677 4997 3768 5050 Pa.

2249 5130 2331 5204 (ε)
2374 5131 2514 5186 Abiit
2555 5132 2691 5202 jam.
2745 5131 2965 5204 Veteres
2995 5145 3092 5200 pro
3119 5139 3348 5204 mortuus
3394 5129 3764 5204 estgdicebaut,

2180 5200 2323 5268 uixit,
2353 5206 2498 5286 abiit,
2525 5200 2654 5286 abiit
2689 5202 2759 5257 ad
2781 5203 2974 5286 plures,
3003 5200 3143 5272 apud
3168 5200 3386 5258 Festum
3411 5203 3572 5258 etiam
3599 5202 3766 5258 abitio

2176 5288 2275 5344 pro
2304 5285 2476 5330 morte
2502 5285 2747 5331 sumitur.

2245 5288 2275 5328 o
2304 5285 2476 5330 morte
2502 5275 2747 5331 sumitur.
2781 5272 2858 5328 LE
2880 5272 2974 5328 Pa.

2245 5345 2313 5417 (f)
2338 5344 2483 5401 Certe
2508 5346 2648 5417 prior
2682 5346 2854 5417 animo
2880 5360 3030 5413 quant
3059 5345 3248 5400 littera.
3267 5343 3443 5401 Locus
3470 5344 3763 5417 istegquan-

2174 5414 2462 5488 doquidcm
2492 5415 2650 5488 paulo
2682 5425 2800 5486 post
2826 5414 2964 5488 hanc
2992 5417 3184 5470 anima:
3224 5417 3529 5487 loquelam,
3573 5414 3763 5488 Tradi-

2173 5487 2371 5542 tionent
2404 5486 2674 5557 nuncupat
2699 5528 2715 5552 ,
2745 5486 2944 5556 Optime
2989 5495 3166 5556 potest
3189 5486 3430 5556 adaptari
3467 5488 3533 5542 ad
3563 5487 3760 5543 Tradi-

2170 5558 2373 5614 tionum
2423 5557 3171 5630 et-clesiast._auctoritatem,
3218 5561 3416 5630 quippe
3463 5574 3581 5630 quae
3608 5559 3760 5615 libris

2165 5630 2414 5701 omnibus
2436 5641 2494 5701 _et
2519 5630 2670 5699 style,
2699 5628 2749 5683 id
2777 5637 2860 5684 est
2889 5629 3181 5684 litteratura
3208 5628 3588 5701 o'mrii'priores
3609 5640 3756 5686 sunt.

537 5710 611 5781 (c)
643 5707 865 5764 Curtios.
905 5705 1002 5781 Hic
1031 5714 1113 5761 est
1140 5705 1231 5760 ille
1258 5705 1348 5781 qui
1365 5719 1436 5781 _se
1461 5704 1562 5781 diis
1584 5702 1828 5781 manibus
1856 5701 2061 5781 dicavit
2165 5700 2300 5781 Pun.
2325 5699 2573 5781 Τ-Ϊνὶοι·
2599 5701 2770 5781 animo
2799 5717 2950 5780 quam
2975 5701 3166 5781 littera.
3201 5701 3348 5781 Idem
3379 5699 3750 5781 argumentum
3799 5743 3810 5754 .

462 5771 563 5848 pro
590 5771 762 5835 salute
787 5778 974 5850 patria:
1005 5793 1018 5832 :
1047 5791 1168 5833 cum
1199 5771 1342 5831 enim
1365 5776 1566 5846 ingenti
1588 5774 2060 5850 hiatudesedisset
2161 5772 2378 5828 conficit
2396 5771 3066 5850 Ma_gnus_Atttonius_teste
3085 5773 3376 5832 Athanasio
3397 5771 3461 5832 in
3477 5773 3594 5846 ejus
3620 5774 3748 5840 vita,

464 5844 608 5911 terra
635 5852 691 5911 in
720 5844 898 5910 medio
925 5849 1044 5910 foro
1065 5889 1082 5921 ,
1107 5844 1532 5920 responsumque
1569 5846 1906 5920 accepissent
1943 5844 2058 5906 Ro-

2161 5852 2348 5905 contra
2379 5845 2726 5920 philosophos
2750 5842 3028 5916 quosdam.
3046 5843 3178 5903 Lac.
