2075 3176
177 199 230 229 617

787 194 830 224 DE
849 193 1058 224 TES’I‘IMONIO
1077 193 1205 223 ΑΝΙΜᾸΞ.

1775 194 1828 226 618

176 262 204 287 ct
216 258 242 286 in
258 264 336 285 usum
349 254 471 293 loquelae
483 254 661 284 disseminare
671 275 679 288 ,
694 261 754 291 qua:
772 254 844 282 nulla
858 261 973 289 unquam
987 253 1014 284 Α
1028 253 1131 287 tianus,
1146 261 1206 281 eam
1230 253 1364 282 conveni:
1380 261 1429 283 cur
1448 253 1530 283 alium
1546 254 1637 283 colens
1647 277 1655 290 ,
1672 255 1756 284 Deum
1780 264 1830 284 no-

175 312 253 333 mens
266 307 449 340 conceperat,
470 306 517 331 aut
537 302 625 338 lingua
639 301 804 338 protulerat,
831 304 877 328 aut
900 299 975 328 auris

174 350 336 386 exceperat?
350 349 386 378 At
398 348 470 378 enim
483 356 565 385 quum
574 348 675 376 divina:
682 347 842 383 Scriptum,
851 353 912 387 gnte
924 353 972 381 pe-

174 404 223 425 nes
235 403 285 424 nos
297 395 337 424 vel
347 394 455 423 Indicos
467 399 539 427 sunt.
552 394 579 422 in
593 401 707 430 quorum
720 393 760 429 (1)
771 393 888 422 oleastro
902 392 974 420 iusiti

151 442 153 445 ’
174 450 280 477 smnus,
296 441 381 470 multo
393 440 569 470 saecularibus
579 440 675 469 litteris
687 448 740 468 non
752 439 856 468 modica
870 443 972 467 tantum

174 493 253 517 atate
267 483 357 524 aliqua
369 487 545 520 antecedant,
561 491 592 515 ut
604 486 666 515 loco
692 493 741 515 suo
758 485 917 514 edocuimus
938 485 972 514 ad

175 535 255 564 ﬁdem
273 543 368 565 earum
392 533 629 563 demonstrandam
646 542 653 566 ;
671 533 722 572 etsi
749 533 808 562 haec
819 532 925 568 eloquia
939 531 973 560 de

172 582 272 611 litteris
286 581 531 618 usurpavitanima.
543 581 635 617 utique
648 580 682 609 de
696 581 796 612 nostris
808 580 972 608 credendum

173 629 235 662 crit,
247 637 301 656 non
315 628 349 657 de
361 629 458 656 vestris
468 636 474 655 :
484 628 545 663 quia
554 626 659 663 potiora
672 631 734 655 sunt
744 626 777 655 ad
788 626 972 655 instruendum

173 675 290 703 animam
305 675 395 710 priora
405 695 413 707 ,
428 681 508 710 quam
532 678 639 709 postera
650 694 658 707 ,
672 681 732 709 qua:
747 678 774 701 et
796 673 851 708 ipsa
865 680 881 700 a
901 672 973 708 prio-

175 722 251 751 ribus
266 722 360 750 instrui
375 721 544 750 sustinebant
555 720 592 758 (a)
604 729 611 754 ;
625 728 697 754 cum,
713 720 763 748 etsi
773 720 808 748 de
822 720 918 748 vestris
934 719 974 747 iu-

172 773 300 797 structam
310 768 500 800 concedamus.
510 767 543 795 ad
552 767 682 802 originem
698 772 786 794 tamen
799 765 973 802 principalem

173 815 282 843 traditio
296 815 445 851 pertineat,
472 818 649 849 nostrumque
669 814 779 842 omnino
804 813 855 846 sit,
884 812 971 848 quod-

172 869 278 897 cunque
301 861 336 889 de
360 860 460 889 nostris
484 860 632 895 sumpsisse
654 865 681 888 et
695 859 837 888 tradidisse
862 858 974 894 contigit

173 909 262 936 vobis.
286 907 364 943 Quod
384 915 445 936 cum
462 908 497 935 ita
511 907 564 941 sit,
584 914 637 934 non
653 907 767 934 multum
790 905 893 940 refert,
909 912 943 933 an
957 912 972 932 a

1027 299 1128 327 minat?
1144 299 1198 328 Cur
1208 320 1215 332 ,
1227 307 1288 328 cum
1304 300 1503 329 maledicendos
1515 301 1625 337 spiritus
1638 301 1758 336 denotat,
1772 302 1827 331 da:-

1027 345 1116 373 monia
1134 346 1310 381 pronuntiat?
1322 346 1377 375 Cur
1389 347 1423 375 ad
1437 348 1537 377 cwlum
1553 348 1764 386 contestatur(e)
1776 370 1784 383 ,
1800 354 1829 378 et

1026 393 1059 421 ad
1069 399 1167 422 terram
1180 393 1348 423 detestatur?
1361 395 1416 423 Cur
1430 395 1491 424 alibi
1503 396 1602 429 servit,
1615 396 1677 425 alibi
1691 396 1826 425 vindicem

1025 441 1151 469 convenit
1172 441 1231 477 (f)?
1250 442 1304 470 Cur
1326 441 1359 470 de
1385 437 1498 471 mortuis
1523 443 1643 478 judicat?
1666 444 1720 472 Cur
1744 444 1827 472 verba

1026 486 1111 524 habet
1133 486 1364 521 Christianorum.
1388 496 1456 524 quos
1476 496 1510 517 ne
1525 489 1565 525 (ι)
1579 489 1684 518 auditos
1697 490 1826 526 visosque

1026 534 1106 562 vult?
1120 534 1175 562 Cur
1188 540 1235 563 aut
1257 535 1336 563 nobis
1351 535 1424 563 dedit
1449 543 1482 563 ea
1497 535 1578 563 verba
1589 557 1597 570 ,
1623 541 1669 564 aut
1692 536 1796 572 accepit
1810 544 1826 564 a

1026 581 1126 609 nobis?
1139 581 1192 609 Cur
1202 585 1248 609 aut
1261 581 1354 610 docuit
1366 603 1374 615 ,
1396 586 1443 610 aut
1456 581 1567 610 didicit?
1584 582 1741 618 Suspeclam
1757 582 1826 611 habe

1027 626 1068 663 (5)
1083 627 1300 655 convenientiam
1323 628 1523 664 praedicationis
1542 628 1569 656 in
1592 632 1665 656 tanta
1686 628 1827 657 disconvc-

1027 673 1129 701 nientia
1142 674 1365 702 conversationis.
1380 674 1472 702 Vanus
1485 682 1531 707 es,
1546 673 1567 702 si
1582 673 1644 702 huic
1664 674 1762 710 lingua:
1775 674 1827 703 solt

1029 726 1078 748 aut
1091 728 1204 756 graecia,
1222 728 1281 756 qu:c
1294 720 1452 756 propinqum
1475 720 1544 748 inter
1570 728 1601 749 se
1622 720 1754 749 habentur
1768 720 1824 757 (g),

1027 767 1165 802 reputabis
1182 767 1330 803 ejusmodi,
1348 771 1377 794 ut
1391 774 1471 802 neges
1486 772 1587 794 natura:
1612 767 1824 798 universitatem.

1025 812 1083 840 Non
1099 812 1202 840 Latinis
1217 820 1267 840 nec
1284 813 1390 848 Argivis
1403 813 1467 840 solis
1491 813 1580 840 anima
1603 812 1638 841 de
1650 814 1719 841 crelo
1742 813 1824 841 cadit.

1024 859 1148 887 Omnium
1170 860 1289 895 gentium
1315 867 1381 887 unus
1395 859 1476 887 homo
1500 867 1597 888 nomen
1621 865 1663 888 est
1681 860 1746 896 (6).,
1773 868 1824 888 una

1025 906 1114 934 anima
1128 928 1135 939 ,
1150 907 1223 934 varia
1237 914 1298 939 vox,
1313 913 1382 934 unus
1395 906 1506 942 spiritus
1516 927 1522 939 ,
1539 907 1628 934 varius
1641 914 1724 934 sonus
1737 914 1744 940 ;
1760 914 1823 942 pro-

174 955 230 983 Deo
245 941 359 983 formata
381 954 416 982 sit
439 953 536 982 animae
551 953 715 981 conscientia
726 974 734 986 ,
747 960 780 980 an
795 951 892 980 litteris
914 951 972 979 Dei.
988 941 1011 971 Β
1028 953 1083 987 pria
1099 953 1195 987 cuique
1208 952 1279 988 genti
1296 941 1418 987 loquela,
1433 952 1480 980 sed
1494 953 1608 988 loquela:
1628 953 1740 981 materia
1752 941 1827 981 com-

174 1000 242 1036 Quid
256 1000 336 1037 igitur
346 1001 397 1034 vis,
412 999 508 1033 homo,
524 999 559 1027 de
581 999 705 1026 humanis
717 997 858 1026 sententiis
874 997 975 1025 littera-

175 1055 235 1076 rum
249 1052 355 1075 tuarum
369 1046 459 1075 exisse
480 1045 539 1073 haec
551 1045 579 1073 in
594 1052 658 1073 usus
674 1044 712 1081 (b)
722 1043 874 1073 communis
887 1043 971 1071 callo-

175 1095 281 1123 sitatem
290 1094 302 1122 1

485 1139 599 1169 CAPUT
619 1139 664 1168 Vl.

212 1187 299 1216 Crede
319 1186 410 1223 itaque
440 1187 509 1220 tuis,
535 1192 561 1214 et
590 1186 624 1214 de
652 1185 852 1214 commentariis
875 1184 974 1212 nostris

177 1239 252 1262 tanto
275 1234 360 1270 magis
382 1233 462 1262 crede
487 1233 605 1263 divinis.
633 1232 680 1260 sed
708 1232 742 1260 de
770 1232 865 1259 anima:
891 1230 975 1266 ipsius

179 1281 290 1309 arbitrio
315 1279 426 1316 perinde
447 1279 528 1308 crede
550 1284 662 1307 naturae.
679 1278 754 1314 Elige
776 1285 855 1313 quam
878 1285 910 1305 ex
934 1276 976 1305 his

179 1327 283 1356 ﬁdelius
296 1327 338 1363 (2)
352 1334 474 1355 sororem
489 1326 618 1354 observes
631 1325 753 1353 veritatis
767 1325 818 1360 (ε).
832 1323 860 1352 Si
876 1323 909 1351 de
925 1324 977 1351 tuis

180 1375 276 1403 litteris
285 1374 408 1409 dubitas,
428 1381 514 1410 neque
530 1374 609 1405 Dens.
625 1380 711 1408 neque
722 1375 815 1399 natura
831 1371 975 1399 mentitur:

180 1427 349 1450 ntetnaturze
359 1426 387 1450 et
397 1422 451 1449 Deo
461 1421 556 1449 credas
569 1441 576 1453 ,
597 1420 678 1448 crede
692 1420 789 1447 animm
801 1427 808 1452 ;
821 1419 856 1445 ita
872 1418 934 1451 lict,
951 1422 980 1445 ut

180 1478 203 1499 e:
222 1470 268 1499 tibi
282 1470 388 1499 credas.
405 1470 452 1497 Illa
466 1473 539 1497 certe
550 1473 601 1500 est.
616 1475 695 1504 quam
713 1467 778 1494 tanti
794 1465 873 1498 ilicis,-
886 1473 979 1501 quan—

181 1522 236 1545 tum
253 1517 293 1554 (5)
315 1517 359 1545 illa
374 1522 399 1545 te
413 1515 477 1544 facit
493 1525 500 1544 :
516 1516 594 1550 cujus
607 1522 636 1542 es
650 1519 739 1547 totus;
755 1521 813 1549 quae
827 1512 874 1540 tibi
888 1513 978 1540 omnia

185 1564 314 1598 est;sine
331 1571 383 1599 qua
408 1570 459 1590 nec
483 1562 574 1589 vivere
596 1565 672 1596 poles
697 1567 748 1587 nec
762 1559 844 1591 mori;
870 1563 980 1593 propter

178 1616 258 1646 quam
271 1609 356 1638 Deum
369 1606 543 1645 negligis(d).
553 1606 640 1641 Quum
651 1605 723 1634 enim
734 1604 812 1633 times
824 1603 883 1631 ﬁeri
897 1603 981 1631 chris-

1027 1000 1127 1027 munis.
1141 1000 1211 1027 Deus
1232 1000 1330 1035 ubique
1342 999 1393 1035 (Ιι),
1407 1004 1434 1028 et
1445 1000 1551 1027 bonitas
1566 1000 1614 1028 Dei
1635 1001 1751 1035 ubique;
1769 1000 1825 1028 da;-

1027 1047 1146 1077 monium
1175 1046 1290 1082 ubique,
1318 1052 1344 1075 et
1374 1046 1528 1074 maledictio
1552 1046 1679 1074 daemonii
1707 1047 1827 1082 ubique.

1025 1092 1118 1128 judicii
1135 1092 1217 1120 divini
1234 1092 1368 1120 invocatio
1383 1092 1495 1128 ubique,
1509 1100 1583 1120 mors
1595 1093 1703 1128 ubique,
1719 1098 1747 1120 et
1761 1100 1826 1121 con-

1027 1139 1138 1167 scientia
1155 1141 1248 1167 mortls
1261 1138 1359 1175 ubique
1373 1143 1400 1167 et
1416 1139 1597 1167 testimonium
1613 1139 1723 1175 ubique.
1734 1139 1826 1168 Omnis

1042 1186 1131 1213 anima
1149 1193 1198 1214 suo
1208 1186 1269 1221 jure
1280 1185 1447 1221 proclamat,
1460 1194 1520 1222 qua:
1535 1186 1612 1214 nobis
1626 1193 1659 1214 ne
1673 1186 1713 1222 (7)
1729 1186 1828 1214 mutire

1028 1233 1194 1261 conceditur.
1218 1233 1313 1261 Merito
1337 1233 1417 1269 igitur
1430 1233 1518 1260 omnis
1536 1233 1624 1261 anima
1651 1241 1694 1262 rea
1708 1238 1736 1261 et
1753 1234 1828 1261 testis

1030 1285 1081 1314 est,
1104 1280 1130 1307 in
1150 1284 1251 1308 tantum
1271 1285 1298 1308 et
1313 1288 1357 1308 rea
1373 1280 1489 1314 erroris,
1512 1280 1537 1307 in
1553 1286 1681 1315 quantum
1696 1281 1736 1317 (8)
1751 1281 1827 1308 testis

1030 1326 1150 1354 veritatis
1162 1335 1171 1359 ,-
1185 1331 1211 1355 et
1226 1326 1307 1354 stabit
1318 1331 1380 1354 ante
1396 1326 1472 1353 aulas
1487 1325 1531 1362 (ἰ)
1546 1326 1592 1354 Dei
1606 1326 1751 1362 dicjudicii
1761 1348 1769 1359 ,
1788 1326 1828 1363 (9)

1031 1371 1097 1399 nihil
1114 1372 1216 1400 habens
1227 1372 1328 1412 dicere.
1345 1372 1426 1400 Deum
1442 1372 1617 1407 prwdicabas,
1640 1378 1667 1401 et
1680 1381 1732 1401 non
1743 1374 1830 1409 requi-

1032 1417 1127 1451 rebas;
1142 1418 1273 1445 dzcmonia
1291 1418 1507 1452 abominabaris‘,
1523 1424 1550 1447 et
1565 1419 1608 1446 illa
1620 1419 1767 1453 adorabas,
1782 1419 1828 1455 ju-

1031 1465 1131 1494 dicium
1147 1466 1193 1494 Dei
1208 1466 1381 1502 appellabas,
1406 1473 1456 1494 nec
1472 1474 1532 1494 esse
1555 1466 1686 1494 credebas
1700 1476 1706 1500 ;
1724 1467 1828 1494 inferna

1031 1513 1161 1548 supplicia
1177 1512 1374 1548 praesnmebas,
1389 1517 1416 1540 et
1430 1521 1482 1540 non
1497 1513 1683 1548 prtccavebas;
1700 1513 1831 1541 Christia-

1031 1566 1095 1587 num
1118 1566 1216 1588 nomen
1232 1558 1354 1595 sapiebas
1368 1562 1396 1587 et
1408 1558 1587 1587 Christianum
1613 1560 1829 1596 persequebaris.

784 1682 974 1713 LECTIONES
993 1683 1203 1713 VARIANTES.

208 1756 246 1835 ξὲί

221 1818 246 1854 ξ)
263 1818 380 1854 Quanti-1
382 1824 423 1843 un.

221 1837 246 1873 ξ’

209 1837 246 1922 iii
261 1875 417 1922 tinnie-
431 1879 528 1922 Eie..-
540 1915 628 1922 -m-
761 1907 836 1922 .....,
860 1907 931 1922 ηηης

211 1907 243 1944 (θὶ
263 1912 332 1938 Unus
341 1912 421 1943 homo,
434 1907 529 1937 va'rium
540 1915 630 1935 nomen
640 1911 678 1935 est
686 1909 747 1934 Jun.
758 1907 844 1942 Rigalt.
860 1907 976 1934 Omnium

261 1755 290 1781 ιιι
300 1761 404 1788 quorum
415 1754 472 1780 olea
481 1760 514 1780 ex
525 1752 632 1779 oleastro
639 1752 705 1779 iusiti
717 1757 809 1783 sumus,
823 1752 873 1778 Lat.
893 1751 972 1786 Rigal.
987 1748 1010 1780 C
1027 1751 1136 1786 gentium
1151 1752 1242 1776 varium
1255 1758 1344 1787 nomen
1357 1755 1397 1778 est
1409 1754 1503 1780 Wouw.

236 1756 246 1850 ζ
262 1786 389 1812 Fidelibus
400 1787 454 1820 Rig.
638 1817 646 1821 -
1059 1782 1096 1843 (Ἱῖ
1114 1782 1164 1828 ξαρ
1180 1783 1367 1819 ὶνοιιιρετκηιθ.

263 1818 423 1850 omnum-
1060 1815 1093 1850 εξ.
1114 1813 1282 1850 Ξτῌὲξίέλκλιίι-
1300 1846 1313 1850 ..
1436 1847 1442 1850 _
1499 1848 1503 1850 _

1059 1782 1096 1816 (7)
1114 1782 1164 1816 δρα
1180 1782 1367 1816 llfouwer.Rig.

1060 1813 1093 1846 es)
1114 1813 1214 1846 lilﬂdd-
1229 1815 1282 1846 Rm.

1027 1844 1279 1906 diéggaginillul‘mbcus
1290 1846 1386 1881 dicere,
1398 1847 1442 1872 sed
1458 1848 1561 1874 audiens
1575 1848 1753 1881 dicere,Deum
1765 1856 1830 1883 pnes

852 1971 1134 2002 COMMENTARIUS.

215 2034 253 2068 (a)
268 2034 367 2062 lnstrui
378 2032 543 2061 sustinebant.
557 2031 613 2059 lloc
627 2035 680 2068 est,
694 2030 970 2068 exspectabantsﬂm.

214 2065 254 2106 (1))
266 2069 299 2098 In
321 2079 381 2098 usus
401 2068 541 2106 connuunis
554 2067 731 2106 callositatetn.
745 2065 972 2106 Consuetudinem

178 2102 316 2142 signiﬁcat,
328 2113 388 2142 qua:
402 2105 481 2142 longo
497 2112 545 2131 usu
555 2102 638 2142 ve_|ut_i
652 2102 750 2142 callum
763 2102 882 2129 obduxit.

214 2142 250 2178 (ε)
265 2138 386 2170 Sororem
410 2138 522 2178 observes
535 2139 655 2178 veritatis.
675 2138 701 2165 Id
720 2143 762 2178 est
783 2146 851 2178 quae
864 2138 973 2178 propius

177 2173 364 2206 ad'v'eritatem
383 2176 508 2207 accedat,
526 2183 568 2205 τῖε
582 2177 700 2205 ausam;
715 2176 824 2209 ἀδιλρήν.
841 2173 880 2201 Ls
894 2174 941 2201 Ρη.

213 2213 253 2249 ((1)
269 2213 380 2249 Propter
393 2220 469 2246 quam
490 2210 573 2249 Dauni
585 2211 700 2246 negligis.
715 2210 764 2244 Qui
780 2209 973 2249 sc_ilicet_timcs

178 2244 436 2281 ﬁcii'chrts'liautts,
451 2256 485 2275 ne
508 2244 719 2279 nobiscuin'pro
742 2246 849 2272 nomine
872 2244 971 2272 Christi

178 2284 310 2321 animam,
325 2284 376 2321 hoc
388 2290 429 2321 est
444 2284 525 2310 vitam
538 2303 545 2314 ,
561 2281 730 2321 μηδέπω-βια-
751 2316 773 2321 __
841 2317 847 2321 _
860 2316 865 2321 ,
925 2316 941 2321 ..

215 2321 254 2356 (e)
266 2316 318 2348 Cur
330 2320 363 2346 ad
376 2320 466 2347 caelum
479 2323 643 2356 contestatur.
659 2316 900 2356 Notat'Mncrobius
925 2316 971 2343 lib.

179 2354 206 2392 ζ’).
219 2351 278 2392 cap.
292 2356 318 2384 9.
333 2361 360 2384 et
374 2356 483 2383 Servius
499 2354 544 2392 Ill):
559 2354 585 2381 5.
601 2351 835 2392 £ueid._Vetercs
851 2360 899 2386 pro
909 2359 974 2386 qua-

180 2387 431 2427 litatelmuninunr.
456 2389 589 2427 interdum
616 2389 686 2420 ima,
701 2387 846 2427 interdum
870 2394 973 2427 summa

179 2428 340 2459 respexisse.
357 2427 389 2454 Et
401 2425 541 2453 Coutetturi
557 2429 651 2452 testem
667 2423 752 2459 palam
776 2423 857 2459 ciere.
880 2422 974 2459 Cicero

180 2461 205 2489 in
222 2457 334 2491 Verrem
349 2471 355 2489 :
370 2462 438 2490 Deos
458 2462 619 2495 hominesque
637 2457 799 2495 contestatur.
822 2457 895 2486 Idem
918 2458 974 2485 Cic.

179 2499 295 2534 appellat
303 2504 469 2526 contestatur):
479 2496 521 2534 (de
536 2494 663 2534 Diuinut.)
676 2504 682 2521 :
695 2494 775 2528 Quem
785 2495 851 2534 enini
860 2502 911 2521 non
924 2502 977 2520 nta-

180 2530 235 2560 υἷεᾶι
259 2534 407 2563 clarissimis
428 2530 597 2570 monumentis
619 2535 758 2557 contestata
781 2530 978 2570 consignataque

180 2574 329 2600 auctoritas.
344 2570 391 2598 Est
400 2575 489 2597 autem
504 2569 613 2595 detestor
625 2573 738 2594 execror
751 2586 758 2600 ,
783 2570 810 2593 et
825 2566 975 2593 abominor.

181 2605 245 2633 Lac.
422 2631 425 2633 _

216 2641 250 2677 (ι’)
265 2639 317 2668 Cur
329 2640 391 2669 alibi
403 2641 487 2675 servit,
501 2639 562 2667 alibi
576 2638 700 2666 vindicem
720 2637 857 2665 convenit?
876 2636 979 2665 Alludit

1025 2030 1061 2071 ad.
1075 2030 1279 2071 idquodsupra
1293 2039 1352 2071 cap.
1370 2032 1388 2071 2
1403 2033 1483 2065 dixit.
1512 2034 1538 2061 in
1552 2035 1615 2069 ipsis
1637 2035 1745 2071 denique
1765 2041 1847 2070 tent-,

1025 2066 1076 2102 ptis
1089 2066 1169 2107 Deum
1179 2067 1295 2107 judicent
1315 2066 1439 2107 iinpluras
1452 2090 1459 2101 ,
1484 2066 1662 2107 praeterque"!
1685 2066 1756 2107 quod
1784 2074 1827 2101 hic

1026 2110 1079 2129 non
1093 2104 1179 2129 solum
1196 2108 1223 2130 ut
1239 2103 1357 2138 judicem
1370 2126 1377 2137 ,
1393 2105 1439 2132 setl
1455 2103 1525 2132 erut
1551 2103 1683 2134 vindicem
1694 2103 1826 2136 linVoCuri

1024 2138 1058 2165 ab
1073 2138 1136 2173 ipsis
1152 2139 1234 2166 Deum
1244 2140 1347 2176 (innuit,
1365 2140 1389 2167 id
1401 2146 1442 2168 est
1456 2147 1482 2167 ut
1494 2141 1690 2176 redemptorem
1705 2149 1730 2171 et
1741 2152 1828 2171 asser~

1026 2175 1361 2214 ιρι-ειη,ἰιιεθιιιᾳιιιιιυᾱυηι
1377 2176 1410 2203 ad
1429 2177 1505 2214 leges
1519 2176 1552 2214 12
1579 2175 1631 2205 tab.
1650 2178 1720 2206 hunc
1738 2179 1826 2207 lucum

1026 2210 1207 2272 gilgilspmius
1221 2210 1413 2247 interpretatur
1429 2210 1586 2248 lieynardus
1608 2219 1700 2242 noster
1719 2222 1779 2250 cap.
1796 2216 1824 2243 8.

1025 2249 1053 2273 et
1066 2249 1091 2271 υ.
1110 2249 1177 2272 Plut.

1062 2281 1101 2315 (ς)
1115 2281 1177 2320 Qua:
1191 2282 1341 2320 propinqua:
1353 2283 1419 2309 inter
1432 2291 1458 2309 se
1471 2283 1604 2311 habentur.
1621 2284 1729 2313 Veteres
1751 2287 1824 2314 enim

1025 2324 1127 2355 grmcas
1141 2318 1243 2355 litteras
1255 2318 1363 2346 easdem
1379 2326 1445 2355 pene
1465 2320 1545 2347 fuisse
1556 2341 1563 2352 ,
1580 2328 1639 2355 qua:
1654 2329 1722 2349 tlllllC
1737 2322 1826 2349 latina:

1026 2351 1205 2385 sunt,iudicio
1219 2360 1279 2380 esse
1294 2351 1386 2381 scribit
1401 2354 1510 2382 Plinius.
1526 2351 1594 2382 Pan:

1063 2388 1104 2425 (li)
1121 2387 1188 2414 Deus
1203 2389 1294 2423 ubique
1305 2410 1311 2420 .
1327 2394 1379 2417 etc.
1396 2389 1498 2425 Ubique
1515 2399 1632 2424 pnusens
1645 2396 1686 2419 est
1699 2397 1726 2419 et
1736 2392 1826 2419 omnia

1027 2423 1124 2462 replet,
1139 2426 1170 2450 Ρὸ
1184 2428 1308 2459 πανταχςῧ
1333 2430 1411 2462 παρὼν
1434 2423 1473 2452 xii
1486 2431 1567 2454 πέντε.
1576 2431 1685 2462 πληρῶν,
1699 2428 1782 2462 inquit
1795 2429 1826 2455 S.

1029 2458 1235 2494 Chrysostomus
1249 2465 1317 2487 orat.
1334 2458 1503 2489 {advorsus
1517 2458 1634 2489 .ludws'.
1651 2462 1688 2489 Ls
1704 2458 1751 2491 Pa.

1115 2493 1147 2520 Et
1165 2495 1240 2522 stabit
1253 2500 1311 2523 ante
1323 2497 1394 2524 aulas
1414 2496 1471 2524 Dei.
1486 2497 1630 2525 Rhenanus
1641 2518 1649 2531 ,
1672 2503 1699 2526 et
1717 2500 1825 2527 stabilis.

1029 2529 1289 2570 l‘iibilknrutandunui.
1307 2531 1374 2559 illud
1384 2553 1392 2566 ,
1408 2538 1470 2561 ante
1485 2534 1558 2570 aulas
1574 2534 1618 2560 Dei
1632 2529 1646 2567 ,’
1656 2539 1696 2561 est
1710 2540 1771 2562 ante
1782 2543 1829 2570 pa-

1031 2565 1093 2604 latia
1109 2565 1154 2604 Dei
1169 2586 1177 2599 ,
1199 2567 1248 2604 nisi
1262 2567 1486 2604 fortassersermo
1507 2568 1541 2595 ad
1557 2576 1620 2596 oves
1633 2565 1788 2604 pertineat;
1803 2576 1830 2598 et

1030 2601 1172 2665 Legendlt‘tln
1187 2602 1241 2636 sit,
1258 2607 1316 2631 ante
1329 2603 1416 2631 caulas
1438 2603 1507 2637 Dei;
1531 2604 1596 2632 nihil
1618 2601 1705 2634 tainen
1722 2601 1825 2634 mutau-

1051 2645 1105 2664 um.
1145 2645 1188 2665 ac.

1051 2645 1105 2664 Ull).
1122 2645 1188 2665 LAC-

364 2976 583 3007 Tanruuuut
605 2973 631 3005 l.

1442 2972 1576 3014 (νέηαι.)
