4136 6358
483 360 590 418 695

1883 361 2348 410 TERTULLIANI
2471 353 2486 382 ‘

3623 350 3800 436 ,σει

473 477 880 547 Nihilinterest,
912 477 1000 536 ubi
1025 477 1145 530 sitis
1171 477 1226 528 tn
1253 468 1486 537 saculo,
1507 469 1600 541 qui
1627 476 1785 526 extra
1814 469 2072 527 saeculum
2102 473 2157 534 Α
2178 470 2262 528 nis
2299 469 2594 528 molestus?
2648 468 2834 528 Vocati
2886 485 3072 528 sumus
3123 472 3190 529 ad
3243 473 3490 530 militiam
3520 471 3624 530 Dei
3682 473 3795 547 vivi

481 570 725 634 e5tis;et
745 566 790 623 si
808 565 985 637 aliqua
1006 564 1264 621 amisistis
1293 561 1374 638 (l)
1399 562 1526 619 vita:
1553 560 1767 634 gaudia,
1787 561 2081 634 negotiatio
2179 565 2289 636 jam
2329 574 2489 632 tunc,
2538 578 2662 619 cum
2706 563 2760 619 in
2825 565 3150 622 sacramenti
3201 566 3366 624 verba
3413 565 3800 638 respondimus

482 671 568 719 est
591 657 790 731 aliquid
827 659 1098 726 amittere,
1127 667 1187 714 ut
1207 657 1412 728 majora
1440 654 1682 712 lucreris.
1736 653 1876 710 Nihil
1907 653 2084 712 adhuc

481 754 602 810 dico
619 753 687 809 de
702 751 944 824 praemio,
968 751 1033 807 ad
1055 750 1198 823 quod
1224 752 1363 806 Deus
1381 757 1648 821 martyres
1667 747 1882 803 invitat.
1906 746 2084 819 Ipsam

484 846 702 902 interim
731 844 1198 901 conversationem
1241 842 1423 899 saeculi
1450 850 1505 900 et
1540 841 1772 898 carceris
1807 854 2085 911 compare-

489 952 644 1005 mus,
675 936 855 993 sinon
895 935 1013 1007 plus
1048 935 1102 990 in
1129 949 1348 992 carcere
1381 933 1599 1006 Spiritus
1657 932 1882 1004 acquirit
1927 947 2084 1003 quam

485 1044 616 1088 caro
643 1029 860 1094 amittit,
890 1028 1000 1085 imo
1021 1038 1074 1084 et
1097 1043 1218 1100 qua:
1243 1027 1385 1099 justa
1427 1034 1552 1083 sunt
1596 1040 1722 1082 caro
1751 1040 1860 1081 non
1890 1025 2088 1082 amittit

479 1138 580 1194 per
613 1135 798 1178 curam
853 1119 1148 1188 Ecclesiae,
1198 1134 1402 1192 agapen
1449 1118 1714 1175 fratrum:
1765 1129 1821 1175 et
1865 1117 2086 1188 insuper

480 1233 603 1290 quae
629 1231 846 1288 semper
865 1214 1012 1271 utilia
1040 1213 1198 1281 ﬁdei,
1250 1214 1470 1285 spiritus
1507 1213 1839 1284 adipiscitur.
1867 1199 1984 1267 Non
2005 1211 2085 1266 vi-

483 1309 583 1366 des
612 1309 820 1366 alienos
847 1307 980 1364 deos
1008 1349 1024 1376 ,
1072 1321 1179 1362 non
1219 1305 1540 1378 imaginibus
1582 1320 1769 1361 eorum
1815 1304 2079 1372 incurris,

489 1417 599 1459 non
617 1401 888 1459 solemnes
917 1399 1194 1456 nationum
1212 1398 1327 1454 dies
1356 1399 1466 1469 ipsa
1492 1397 1871 1453 commixtione
1915 1396 2084 1470 partio

482 1496 633 1569 cipas
668 1511 843 1567 “non
889 1493 1166 1550 nidoribus
1203 1493 1408 1564 spurcis
1447 1491 1784 1556 verberaris,
1830 1506 1935 1548 non
1979 1491 2089 1546 cla-

489 1591 737 1657 moribus
764 1585 1195 1659 Spectaculorum
1227 1625 1243 1650 ,
1273 1584 1551 1640 atrocitate
1581 1625 1594 1648 ,
1647 1583 1731 1639 vel
1757 1581 1970 1650 furore,
1999 1583 2085 1638 vel

486 1680 816 1752 impudicitia
869 1677 1256 1736 celebrantium
1283 1672 1509 1732 ca~deris
1541 1693 1555 1730 :
1585 1690 1693 1731 non
1724 1676 1776 1730 in
1817 1674 1931 1730 loca
1961 1673 2084 1729 libi-

485 1774 672 1830 dinum
697 1772 1027 1830 publicarum
1053 1770 1194 1826 oculi
1228 1769 1302 1824 tui
1327 1769 1668 1840 impingunt:
1695 1781 1851 1823 vacas
1873 1783 1902 1821 ει
1928 1781 2086 1822 scan-

2187 655 2288 728 (5).
2339 655 2508 713 Nemo
2557 655 2712 712 miles
2760 655 2828 712 ad
2881 655 3081 715 bellum
3127 675 3251 717 cum
3297 659 3524 717 deliciis
3597 662 3792 727 venit;

2186 763 2286 805 nec
2309 747 2375 804 de
2403 748 2649 809 cubiculo
2675 752 2743 808 ad
2784 752 2958 811 aciem
3005 753 3279 824 procedit,
3311 753 3408 810 sed
3449 751 3518 809 de
3558 752 3795 824 papilio-

2187 841 2345 898 nibus
2373 843 2450 917 (α)
2491 845 2756 918 expeditis
2791 858 2846 906 et
2892 848 3232 917 substrictis,
3274 846 3364 902 ubi
3395 847 3570 903 omnis
3593 844 3798 902 duritia

2189 945 2244 991 et
2272 936 2558 994 imbonitas
2576 949 2631 994 et
2651 941 2940 998 insuavitas
2957 941 3216 997 constitit.
3246 939 3421 996 Etiam
3452 940 3505 995 in
3525 953 3682 1010 pace,
3707 937 3795 994 Ia-

2189 1027 2323 1085 bore
2350 1039 2403 1084 et
2424 1029 2503 1103 (6)
2526 1031 2882 1091 incommodis
2906 1034 3108 1090 bellum
3139 1034 3244 1106 pati
3269 1033 3378 1105 jam
3418 1032 3706 1102 ediscunt‘,
3737 1032 3798 1091 in

2187 1124 2351 1179 armis
2381 1123 2788 1194 deambulando,
2806 1143 3054 1199 campum
3077 1127 3430 1193 decurrendo,
3449 1126 3648 1184 fossam
3669 1140 3790 1182 mo-

2187 1213 2388 1285 liendo,
2441 1217 2760 1276 testudinem
2812 1219 2891 1292 (7)
2932 1219 3208 1277 densanda
3242 1219 3331 1292 (ε).
3361 1220 3571 1277 Sudore
3608 1219 3796 1276 omnia

2187 1318 2454 1379 constant,
2476 1326 2543 1367 ne
2571 1326 2797 1384 corpora
2813 1322 2972 1384 atque
2989 1313 3152 1368 animi
3171 1324 3555 1384 expavescant:
3581 1313 3650 1370 de
3671 1329 3794 1369 um-

2191 1399 2286 1472 bra
2313 1401 2381 1456 ad
2409 1403 2604 1473 solem,
2624 1403 2692 1461 de
2715 1406 2830 1462 sole
2849 1405 2917 1461 ad
2938 1406 3131 1462 caelum
3165 1406 3247 1478 (8)
3269 1407 3336 1463 de
3369 1408 3545 1463 tunica
3565 1407 3633 1462 ad
3654 1406 3795 1464 lori-

2193 1509 2310 1550 cam
2324 1537 2338 1561 ,
2371 1495 2441 1552 de
2465 1497 2681 1554 silentio
2701 1497 2770 1554 ad
2791 1499 3104 1567 clamorem,
3124 1498 3192 1556 de
3204 1500 3385 1571 quiete
3399 1499 3466 1557 ad
3483 1499 3792 1557 tumultum.

2192 1587 2422 1645 Proinde
2449 1605 2568 1660 vos,
2587 1591 2851 1649 benedicti
2861 1593 3252 1666 ,quodcumque
3278 1597 3379 1652 hoc
3398 1594 3588 1652 durum
3605 1605 3708 1663 est,
3723 1595 3794 1652 ad

2191 1683 2628 1740 exercitationem
2642 1685 2894 1741 virtutum
2908 1687 3069 1742 animi
3083 1698 3134 1743 et
3146 1689 3389 1759 corporis
3399 1689 3670 1761 deputate.
3688 1688 3795 1746 Bo-

2190 1788 2320 1828 num
2353 1789 2578 1845 agonem
2605 1776 2682 1848 (9)
2711 1777 2936 1834 subituri
2963 1780 3093 1834 estis
3131 1779 3184 1834 in
3236 1795 3344 1851 quo
3398 1779 3747 1852 agonothetes
3771 1821 3793 1850 ,

490 1865 629 1922 dalis
653 1907 669 1933 ,
695 1880 728 1920 a
755 1861 1160 1929 tentationibus,
1194 1876 1224 1916 a
1254 1859 1720 1916 recordationibus
1751 1859 1906 1914 malis
1929 1900 1944 1925 ,
1975 1858 2081 1930 iam
2112 1873 2159 1933 Β
2187 1866 2326 1924 Deus
2344 1869 2494 1924 vivus
2521 1879 2604 1926 est
2631 1887 2644 1936 ;
2688 1872 3002 1944 xystarcltes
3027 1872 3118 1945 (Ι),
3141 1873 3371 1945 Spiritus
3390 1885 3608 1931 sanctus
3633 1889 3794 1930 coro-

482 1971 592 2017 eta
622 1957 1017 2031 persecutione.
1075 1957 1190 2024 Hoc
1234 1965 1454 2026 pra-stat
1502 1969 1688 2010 carcer
1739 1952 2037 2008 christiano
2063 1993 2080 2020 ,

483 2051 630 2126 quod
659 2066 873 2109 eremus
901 2049 1177 2122 prophetis
1204 2050 1224 2120 (
1253 2047 1403 2102 Marc
1424 2088 1439 2112 ,
1466 2047 1486 2102 l
1522 2049 1559 2117 ).
1596 2046 1713 2119 Ipse
1744 2045 2004 2102 Dominus
2031 2044 2084 2100 in

487 2161 710 2204 secessu
761 2144 1093 2216 frequentius
1140 2141 1361 2212 agebat,
1395 2149 1452 2196 ut
1505 2140 1726 2196 liberius
1750 2147 1967 2205 oraret,
2027 2145 2087 2191 ut

481 2240 682 2296 saeculo
725 2237 942 2294 cederet
980 2234 1151 2309 (Luc,
1203 2231 1316 2306 IV).
1368 2233 1606 2290 Gloriam
1649 2233 1882 2302 denique
1932 2245 2085 2300 suam

480 2331 841 2403 discipulis'in
886 2329 1175 2386 solitudine
1202 2327 1592 2384 demonstravit
1620 2325 1833 2397 (Matth.
1852 2366 1868 2393 ,
1890 2323 2035 2380 XVII
2064 2342 2080 2390 ;

483 2425 665 2494 Marc,
689 2425 793 2492 IX;
823 2423 948 2490 Luc,
977 2423 1021 2478 II
1048 2441 1063 2482 :
1094 2422 1113 2477 l
1165 2421 1330 2491 Petri,
1353 2422 1430 2493 1).
1481 2421 1804 2477 Auferamus
1851 2420 2083 2475 carceris

482 2535 716 2585 nomen,
749 2533 1022 2576 secessum
1052 2531 1327 2573 vocemus.
1361 2515 1479 2571 Etsi
1532 2529 1730 2587 corpus
1759 2513 2080 2580 includitur,

483 2613 590 2669 etsi
638 2626 765 2668 caro
805 2610 1114 2676 detinetur,
1165 2611 1345 2667 omnia
1377 2609 1588 2680 spiritui
1635 2617 1836 2679 patent.
1874 2607 2084 2678 Vagare

480 2703 677 2776 spiritu
706 2746 721 2772 ,
763 2703 994 2774 spatiare
1015 2703 1206 2774 spiritu
1232 2744 1246 2767 ,
1279 2710 1332 2758 et
1373 2718 1479 2757 non
1505 2701 1675 2758 stadia
1699 2717 1867 2774 Opaca
1894 2700 1969 2776 (c)
1993 2709 2086 2757 aut

485 2798 725 2868 porticus
754 2795 942 2866 longas
988 2794 1072 2866 (‘2)
1106 2808 1426 2866 praeponens
1454 2794 1545 2849 tibi
1572 2836 1588 2863 ,
1619 2794 1712 2850 sed
1741 2795 1884 2850 illam
1912 2794 2078 2867 viam,

484 2903 606 2960 qua:
629 2887 696 2943 ad
725 2887 893 2943 Deum
937 2883 1104 2943 ducit.
1152 2885 1411 2954 Quotiens
1437 2900 1555 2941 eam
1605 2885 1796 2956 spiritu
1822 2888 2083 2946 deambu-

491 2979 706 3044 laveris,
727 2977 924 3034 totiens
944 2978 998 3033 in
1028 2991 1248 3034 carcere
1267 2991 1372 3032 non
1389 2977 1518 3033 eris.
1536 2976 1678 3032 Nihil
1703 2992 1829 3035 erus
1852 2981 2079 3038 sentitiu

482 3087 650 3129 nervo
671 3071 750 3143 (ά)
770 3071 854 3144 (5)
880 3086 999 3127 cum
1016 3071 1225 3140 animus
1245 3071 1296 3126 in
1315 3070 1455 3128 00310
1472 3080 1573 3127 est.
1594 3070 1786 3127 Totum
1810 3073 2082 3132 hominem

2188 1977 2276 2029 na,
2296 1965 2638 2031 aeternitatis;
2667 1965 2931 2034 brabium,
2961 1969 3216 2038 angelica:
3250 1969 3584 2037 substantiae,
3606 1968 3793 2040 politi:

2188 2055 2239 2110 in
2257 2057 2443 2125 caelis,
2491 2059 2660 2129 gloria
2701 2061 2753 2115 in
2800 2061 2994 2117 saecula
3035 2062 3374 2118 saeculorum.
3440 2061 3816 2142 Itaque_Epi-‘

2187 2156 2355 2205 states
2397 2151 2478 2222 (g)
2509 2160 2687 2208 vester
2725 2151 2974 2210 Christus
3019 2153 3307 2228 Jesns,qui
3349 2171 3444 2212 vos
3481 2156 3670 2228 spiritu
3689 2171 3793 2212 un-

2189 2242 2285 2309 xit,
2313 2242 2572 2299 etadhoc
2597 2259 2829 2301 scamma
2868 2246 3138 2317 produxit,
3173 2248 3339 2304 voluit
3379 2263 3474 2305 vos
3488 2260 3614 2305 ante
3642 2249 3790 2306 diem

2189 2335 2374 2404 agonis
2400 2335 2466 2391 ad
2494 2336 2764 2393 duriorem
2797 2340 3165 2396 tractationem
3191 2356 3222 2395 a
3246 2341 3498 2397 liberiore
3519 2340 3789 2397 conditio-

2188 2445 2256 2486 ne
2277 2445 2558 2501 seponere,
2579 2442 2636 2488 ut
2661 2433 2802 2489 vires
2819 2434 3300 2491 corroborarentur
3320 2435 3372 2491 in
3392 2435 3563 2492 vobis.
3585 2434 3793 2506 Nempe

2188 2520 2330 2577 enim
2347 2532 2400 2578 et
2412 2522 2628 2578 athleta:
2643 2534 2993 2597 segregantur
3006 2526 3073 2582 ad
3089 2529 3409 2584 strictiurein
3425 2527 3788 2598 disciplinam,

2190 2621 2248 2668 ut
2285 2613 2468 2669 robori
2493 2615 2808 2673 :edilieando
2833 2629 3064 2674 vacent:
3103 2620 3447 2676 continentur
3484 2635 3514 2675 a
3559 2621 3789 2688 luxuria,

2187 2719 2217 2760 a
2247 2705 2380 2762 cibis
2427 2707 2720 2764 lzctioribns
2739 2752 2755 2777 ,
2784 2725 2814 2765 a
2840 2719 2965 2780 potu
2987 2712 3647 2789 jucundiure.»coguntur,
3670 2727 3795 2768 cru—

2185 2800 2414 2867 ciantur,
2472 2800 2759 2875 fatigantur
2788 2821 2801 2857 :
2835 2814 3036 2874 quanto
3061 2805 3182 2876 plus
3215 2807 3269 2861 in
3317 2791 3792 2883 exercitationibus

2186 2891 2575 2962 laboraverint,
2606 2905 2753 2952 tanto
2781 2897 2901 2968 plus
2949 2898 3016 2979 de
3061 2900 3280 2955 victoria
3309 2876 3546 2971 sperani.
3575 2880 3746 2962 Etim
3772 2941 3790 2970 .

2186 2984 2361 3057 inquit
2381 2989 2668 3058 Apostolus
2690 2990 2752 3063 (l.
2783 2989 2900 3046 Cor.
2929 2991 3008 3065 9),
3026 3002 3083 3048 ut
3101 3008 3356 3049 coronam
3385 2994 3792 3064 corruptibilcm

2187 3090 2583 3151 consequantur
2612 3100 2626 3148 ;
2660 3097 2757 3139 nos
2797 3094 3054 3140 aaternam
3110 3087 3476 3142 consecuturi.
3505 3086 3794 3143 Carcerem

485 3161 698 3218 animus
719 3161 1049 3228 circumfert,
1069 3170 1244 3232 etquo
1275 3162 1405 3218 velit
1429 3161 2038 3237 transfert(Matth.,\’I)
2064 3183 2078 3220 :
2109 3189 2154 3252 ρ
2188 3169 2340 3226 nobis
2355 3187 2450 3240 pro
2469 3173 2714 3241 palaestra
2739 3175 3174 3247 interpretemur,
3217 3179 3359 3234 utad
3377 3179 3797 3251 stadiunﬁtribu-

499 3253 600 3311 Ubi
624 3262 795 3310 autem
821 3255 913 3309 erit
939 3269 1027 3309 cor
1056 3265 1218 3322 tuum,
1237 3255 1343 3309 illic
1363 3256 1456 3309 erit
1485 3265 1532 3309 ct
1547 3255 1815 3311 thesaurus
1837 3266 1974 3313 tuus.
2010 3258 2084 3316 lbi

483 3360 614 3418 ergo
639 3347 710 3402 sit
733 3359 828 3403 cor
843 3355 1112 3413 nostrum,
1143 3344 1232 3401 ubi
1252 3345 1503 3402 volumus
1526 3344 1726 3404 habere
1749 3347 2081 3407 thesaurum.

1117 3437 1345 3495 CAPUT
1385 3438 1473 3494 111.

559 3531 641 3590 Sit
685 3529 766 3603 (4)
815 3544 979 3599 nunc,
1038 3529 1340 3599 benedicti,
1382 3545 1569 3587 career
1627 3532 1788 3586 etiam
1827 3533 2081 3590 christia-

2187 3261 2324 3317 nalis
2339 3263 2476 3320 bene
2489 3268 2762 3322 exercitati
2781 3268 3134 3327 incommodis
3147 3271 3395 3328 omnibus
3414 3272 3792 3344 producamur:

2185 3356 2311 3428 quia
2339 3357 2508 3414 virtus
2537 3358 2728 3416 duritia
2751 3364 3032 3429 extruitur,
3055 3365 3278 3420 mollitia
3297 3381 3425 3423 vero
3454 3367 3766 3424 destruitur.

2819 3455 3044 3513 CAPUT
3083 3459 3170 3513 IV.

2819 3457 2951 3513 CAP
3005 3458 3044 3512 T
3157 3499 3170 3513 .

2255 3543 2468 3604 Scimus
2509 3563 2575 3604 ex
2608 3548 2880 3607 dominico
2921 3457 3215 3624 ρῖωοιξέιο,
3252 3553 3395 3624 quod
3424 3569 3552 3612 caro
3582 3553 3798 3612 inﬁrma

1730 3624 2111 3689 LECTIONES
2139 3616 2550 3697 VARIANTES.

580 3719 624 3778 i)
663 3717 878 3769 Amisisti
893 3718 1019 3774 Jun.

574 3782 622 3844 2)
661 3780 949 3844 Proponens
967 3779 1120 3844 Frugi.
1147 3779 1310 3844 Raris.

575 3838 625 3902 5)
663 3838 824 3902 Quu'm
848 3855 1021 3893 manus
1045 3838 1201 3891 Seml.

576 3903 625 3969 i)
661 3905 745 3969 _S_ic
760 3903 871 3969 Rig.

576 3964 629 4030 5)
661 3964 1034 4030 Respondemus
1057 3964 1206 4017 Seml.

579 4026 627 4081 6i
666 4026 828 4080 Labor
851 4034 929 4079 est
952 4026 1104 4079 Rhea.

609 3782 629 4095 ἒ

2193 3728 2678 3846 veli'ge
2714 3736 2867 3788 Rhen.
2909 3737 3200 3788 densitando
3224 3738 3446 3790 Lacerda
3462 3779 3475 3799 ,
3500 3738 3795 3805 desidendo,

2263 3855 2328 3928 εξ)
2367 3854 2446 3928 ρε
2464 3857 2652 3928 sole__ad
2672 3858 2792 3928 gelu
2813 3861 2970 3914 Latin.
2992 3863 3056 3913 de
3079 3861 3187 3913 sole
3209 3863 3267 3913 ad
3292 3862 3460 3926 gelum
3483 3865 3607 3916 Jun.

2280 3917 2539 3986 9133mm
2558 3917 2734 3986 Βίθαῖι-

2284 3979 2365 4041 10)
2396 3979 2682 4034 Benedicia:
2707 4010 2766 4022 -
2786 3985 3020 4038 subitum
3036 3987 3188 4040 Rhea.

1846 4119 2406 4189 COMMENTARIUS.

498 4232 578 4275 ea:
607 4217 834 4288 plurima
866 4215 924 4270 fit
947 4215 1157 4288 (mentio
1185 4215 1236 4269 in
1285 4213 1485 4288 Neritia
1511 4214 1732 4285 imperii.
1765 4213 1962 4271 Verum
1991 4233 2085 4284 pro

497 4285 778 4360 Caesarum
801 4287 1094 4358 cupiditate
1121 4295 1355 4341 mutatos
1377 4285 1540 4342 fuisse
1556 4288 2085 4360 magistratusnullus

499 4362 731 4432 ignorat.
760 4358 960 4432 Ln‘i’n.

571 4431 649 4505 (τι)
683 4430 882 4505 _Stad_ia
920 4445 1103 4505 opaca.

495 4500 786 4572 dispasitis.
815 4501 890 4555 LE
937 4500 1030 4555 Pn.

567 4569 648 4646 ('b)
676 4571 955 4646 Nihihcrus
986 4572 1133 4646 sentit
1156 4571 1408 4646 infuervo.
1440 4569 1644 4626 Nervus
1671 4571 1757 4627 hic
1774 4571 1900 4643 ligni
1918 4587 2084 4644 genus

497 4641 588 4701 est
607 4641 788 4700 multis
819 4642 1172 4698 foraminibus
1199 4641 1507 4697 diStinctum
1531 4683 1544 4707 ,
1598 4660 1702 4713 quo
1727 4641 1941 4715 tyranni
1966 4657 2083 4701 nte-

496 4719 725 4783 bantur,
747 4725 1099 4786 utimurtyres
1141 4715 1502 4786 cruciarent,
1524 4729 1788 4786 cruraque
1816 4715 2085 4784 disjuncta

496 4801 552 4845 et
577 4789 758 4843 luxata
800 4785 1205 4856 frangerentur;
1226 4799 1408 4858 genus
1434 4785 1582 4858 illud
1622 4787 1867 4858 supplicii
1895 4791 2088 4857 grwcis

497 4859 775 4915 nonnullis
821 4868 903 4914 est
931 4855 1090 4924 ξύλον,
1143 4855 1258 4912 sed
1290 4855 1529 4926 pluribus
1589 4855 1962 4925 vetustiorum,
2006 4870 2090 4914 est

497 4941 660 4997 κᾶλθν,
712 4946 829 5001 qua}
884 4929 991 4983 duo
1039 4928 1295 4982 voeabula
1351 4927 1492 5001 idem
1540 4928 1857 5001 signiﬁcant.
1915 4933 2089 5001 Atque

495 5004 678 5073 docuit
698 4999 783 5057 me
803 4999 1042 5073 Scaliger
1057 5003 1407 5066 ἐγκαλοσκιλεῖς
1428 4999 1598 5054 dictos
1611 4999 1778 5055 fuisse
1805 5013 1928 5056 reos
1948 4999 2088 5073 apud

495 5072 869 5128 Athenienses.
893 5071 971 5127 ιε
1001 5071 1095 5126 Pn.

569 5143 782 5217 (c)_Sed
799 5145 861 5198 de
890 5141 1545 5217 papitiottih._1{ltenanum
1589 5157 1788 5217 sequor
1836 5143 1928 5217 qui
1975 5153 2090 5200 ten-

497 5213 636 5272 toria
658 5213 899 5270 involuta
915 5213 1155 5286 espediri
1171 5214 1265 5277 ait,
1280 5228 1402 5268 cum
1424 5216 1476 5267 in
1497 5216 1687 5286 castris
1704 5213 2082 5284 extenduntur,

1154 4428 1448 4484 Arboribus
1486 4429 1642 4498 longa
1671 4427 1920 4499 utrinque
1945 4395 2088 4488 serie

496 5298 551 5343 et
577 5286 824 5342 funiculis
849 5286 917 5341 ad
947 5283 1096 5356 palos
1122 5294 1279 5356 terra:
1320 5287 1452 5338 fixos
1491 5283 1926 5356 snbstringuntur
1953 5327 1969 5352 ,
2002 5283 2082 5342 al?
2126 5291 2131 5295 “

497 5355 955 5432 ligantqrqtte,_ne
975 5366 1136 5432 vento
1190 5355 1552 5432 disturbattte.
1572 5355 1846 5432 corruant.
1875 5357 1952 5412 LE
1982 5357 2079 5414 Pu.

568 5427 648 5502 (tl)
675 5425 1307 5502 Testudinemdensando.
1335 5427 1425 5502 Sic
1470 5425 1815 5502 habentlibri
1841 5440 2078 5502 veteres:

492 5497 587 5557 alii
612 5497 742 5556 vero
772 5513 1074 5570 perperam,
1114 5497 1430 5570 desudando,
1456 5505 1549 5550 aut
1571 5497 1867 5552 desidendo.
1899 5498 2083 5556 Livius

493 5571 589 5628 lib.
607 5587 732 5626 xuv
751 5566 1068 5637 {Quadrato
1096 5569 1309 5638 agmine
1339 5566 1500 5630 facto,
1518 5571 1698 5640 scutis
1719 5584 1880 5639 super
1905 5570 2081 5640 capita

491 5643 750 5705 densatis,
782 5640 1045 5696 stantibus
1067 5637 1252 5708 primis
1275 5680 1289 5704 ,
1331 5637 1582 5693 secundis
1617 5637 2075 5708 subtilissioribus,

491 5714 664 5768 tertiis
686 5715 855 5782 magis
884 5722 940 5766 ct
960 5711 1183 5781 quartis,
1218 5711 1503 5782 postremis
1532 5711 1692 5764 etiam
1741 5726 1877 5780 genu
1911 5713 2070 5778 nixis,

489 5779 833 5852 fastigiatznn,
866 5779 1000 5836 sicut
1026 5791 1163 5834 tecta
1191 5779 1541 5852 a‘diﬁciormn
1571 5790 1715 5849 sunt,
1747 5779 2069 5839 testudinem

481 5849 765 5934 faciebant.
803 5856 1066 5918 Lucanus,
1099 5865 1152 5904 ιιι
1183 5849 1200 5904 :'

2379 4225 2443 4276 Ut
2465 4233 2630 4276 tamen
2655 4227 2862 4280 hostiles
2882 4229 3036 4281 densa
3068 4228 3316 4281 testudine
3353 4242 3526 4280 muros

2379 4288 2530 4340 Tecta
2550 4290 2684 4340 subit
2708 4292 2875 4340 virtus.
2893 4318 2956 4328 —
3211 4291 3320 4340 Rm.

3255 4307 3320 4342 IG.

2377 4288 2530 4341 Tecta
2550 4290 2684 4340 subit
2708 4292 2875 4343 virtus.
2893 4318 2956 4328 —

2264 4421 2343 4492 (c)
2389 4420 2720 4478 Testudinco:
2771 4423 3052 4476 densanda.
3109 4423 3359 4478 Omnium
3412 4424 3613 4493 optima
3664 4423 3800 4481 mihi

2190 4492 2402 4565 videtur
2432 4494 2546 4549 haec
2567 4494 2780 4565 Rigaltii
2805 4495 2984 4558 lectio,
3013 4494 3307 4558 densanda,
3329 4493 3381 4548 id
3413 4492 3554 4549 enim
3587 4495 3796 4552 intelli-

2189 4563 2420 4634 gendutn
2463 4563 2660 4621 censeo
2705 4565 2772 4620 de
2829 4566 3133 4620 testitudine
3162 4576 3458 4631 scutorum,
3513 4582 3634 4634 qua:
3661 4567 3801 4622 den-

2189 4637 2318 4689 satis
2379 4638 2544 4692 scutis
2596 4636 2774 4694 fiebat.
2825 4634 3016 4690 Junius
3072 4637 3236 4691 habet
3281 4639 3618 4703 desudando;
3658 4637 3798 4692 forte

2191 4705 2359 4776 ipsius
2383 4724 2618 4773 sensum,
2655 4723 2758 4763 non
2781 4709 3259 4763 contemnendum.
3294 4707 3587 4762 Rhenanus
3629 4709 3794 4762 desie-

2191 4778 2377 4844 cando,
2408 4779 2497 4833 alii
2523 4780 2800 4834 desidendo
2821 4820 2835 4843 ,
2870 4779 2958 4833 alii
3000 4779 3322 4846 desudando,
3367 4779 3604 4836 Lacerda
3619 4780 3794 4834 densi-

2194 4850 2348 4904 tando
2378 4851 2668 4922 rescripsit.
2701 4850 2777 4905 La
2809 4851 2906 4905 Pu.

2267 4927 2336 4999 (f)
2366 4927 2414 4982 Χ
2417 4931 2676 5000 ystarches
2702 4929 2953 5002 spiritus;
2973 4927 3535 5002 sanctus.A_Elcganter
3578 4939 3797 5002 xystar-

2196 4999 2331 5054 chen
2386 4999 2539 5072 vocat
2583 4999 2828 5070 spiritum
2880 4999 3146 5054 saitctum.
3179 4999 3536 5072 iNam’hujus
3591 4999 3794 5056 auxilio

2196 5071 2550 5143 constantiam
2605 5083 2869 5143 martyres
2913 5072 3126 5126 debent.
3173 5071 3405 5128 Proinde
3454 5071 3620 5142 Supra
3659 5073 3798 5127 dixit

2194 5141 2261 5196 de
2281 5141 2480 5212 Spiritu
2511 5155 2726 5200 sancto:
2748 5141 2803 5199 Si
2829 5144 2972 5198 enim
2989 5158 3094 5197 non
3113 5145 3387 5198 vobiscum
3411 5141 3554 5198 nunc
3571 5143 3794 5199 introis-

2192 5223 2295 5286 set,
2326 5229 2423 5268 nec
2453 5228 2546 5270 vos
2575 5214 2758 5286 hodie
2805 5215 2914 5286 illic
2965 5212 3220 5286 fuissetis.
3278 5212 3559 5286 Significat
3609 5225 3794 5271 autem

2190 5281 2518 5356 Xystarehes
2547 5285 2698 5356 Xysti
2729 5285 3029 5354 prtesidem.
3057 5285 3232 5356 Enen.

2260 5356 2338 5427 (κ)
2389 5353 2571 5427 Itaque
2599 5353 2844 5426 epistates
2881 5366 3038 5410 vester
3058 5355 3312 5411 Christus.
3348 5355 3653 5427 Epistatem
3694 5355 3784 5415 hic

2185 5427 2379 5498 accipit
2424 5443 2526 5498 pro
2554 5429 2810 5498 magistro
2833 5428 2922 5498 qui
2967 5427 3182 5482 athletis
3207 5438 3420 5498 praeest,
3455 5443 3579 5482 nam
3622 5429 3790 5485 utitur

2192 5496 2314 5570 hac
2337 5496 3049 5570 metaphoraﬁTertullianus.
3093 5496 3248 5570 Apud
3285 5499 3651 5554 Athenienses
3683 5499 3778 5570 qui

2187 5567 2374 5640 decem
2400 5567 2531 5624 viris
2556 5568 2750 5625 diurno
2770 5571 2994 5640 imperio
3027 5567 3273 5640 praeerat,
3302 5577 3568 5633 δπιστατης
3598 5567 3789 5640 appel-

2183 5636 2720 5713 laturrlJetnostbeni;
2749 5636 2945 5713 alioqui
2994 5636 3047 5696 in
3085 5642 3200 5698 acie
3229 5636 3428 5713 (πιστάς
3453 5652 3509 5697 et
3535 5636 3792 5713 παρὶὲτὰς

2180 5711 2434 5801 substites
2459 5720 2513 5801 et
2537 5712 3170 5801 astitesdicuuturhap't‘tld
3197 5712 3500 5801 Eliadum,
3525 5711 3790 5801 que’t‘uad-

2179 5781 2396 5837 modum
2435 5783 2831 5855 elegantissime
2873 5785 3032 5840 vertit
3062 5781 3576 5912 Thessalonicansis
3619 5782 3788 5841 Gaza.

3474 5869 3599 5911 neu.

3474 5869 3599 5911 ΚΕΗ.
