4150 6352
394 297 509 358 625

1679 303 1884 362 LIBER
1922 304 2014 362 AD
2053 305 2445 366 MARTYRES.

3592 322 3700 382 626

401 420 492 486 sit,
534 417 751 491 spiritus
773 426 1073 489 promptus.
1123 418 1238 474 Non
1277 433 1405 491 ergo
1441 419 1596 476 nobis
1633 419 1990 487 blandiamur,
2023 421 2076 480 A
2101 421 3382 499 atheniensis?qumconsciaconjdrationis,cum
3407 443 3695 508 prepterea

403 513 525 584 quia
581 511 838 568 Dominus
903 513 1180 568 consensit
1245 527 1462 568 carnem
1525 512 1791 567 infirmam
1851 527 1989 569 esse.

403 603 694 675 Propterea
749 605 891 660 enim
939 604 1187 675 praedixit
1245 603 1491 675 spiritum
1550 614 1856 675 promptum
1891 603 1992 676 (l),

403 705 463 752 ut
487 696 817 764 ostenderet,
846 696 972 768 quid
1005 697 1089 752 cui
1126 696 1321 752 debeat
1348 710 1469 752 esse
1492 697 1814 768 subjectum,
1844 696 1994 763 scili-

402 799 508 857 cet,
542 801 600 844 ut
636 805 762 845 caro
803 790 1002 845 serviat
1027 790 1259 860 spiritui,
1288 789 1554 845 infirmior
1586 790 1812 857 fortiori,
1846 801 1903 846 ut
1929 791 1996 848 ab

403 897 471 938 eo
517 883 676 938 etiam
720 883 888 952 ipsam
918 881 996 954 (2)
1025 881 1390 938 fortitudinem
1417 893 1676 939 assumat.
1705 881 1994 955 Colloqua-

402 987 489 1032 tur
514 975 731 1046 spiritus
767 991 887 1030 cum
914 989 1077 1031 carne
1101 975 1168 1030 de
1204 975 1474 1030 communi
1511 975 1704 1042 salute,
1750 991 1848 1032 nec
1884 976 1994 1046 jam

400 1070 468 1127 de
494 1069 846 1126 incommodis
888 1068 1161 1135 carceris,
1196 1068 1291 1124 sed
1339 1068 1456 1139 ipso
1492 1083 1663 1139 agone
1710 1077 1764 1124 et
1809 1067 1996 1139 prmlio

399 1163 662 1234 cogitans.
696 1161 930 1218 Timebit
955 1161 1179 1217 forsitan
1219 1177 1346 1217 caro
1376 1159 1613 1233 gladium
1651 1177 1894 1232 gravem,
1941 1169 1996 1216 et

397 1271 611 1312 crucem
648 1255 938 1322 excelsam,
979 1263 1033 1310 et
1073 1254 1275 1310 rabiem
1305 1254 1618 1319 bestiarum,
1650 1263 1704 1308 et
1729 1269 1993 1310 summam

399 1349 596 1419 ignium
639 1362 875 1419 pmnam,
913 1355 966 1402 et
994 1360 1153 1401 omne
1177 1344 1444 1401 carnificis
1489 1344 1758 1416 ingenium
1789 1346 1841 1400 in
1881 1355 1993 1400 tor-

398 1443 615 1497 mentis.
635 1441 740 1496 Sed
768 1440 988 1511 spiritus
1005 1448 1190 1494 contra
1219 1446 1380 1509 ponat
1403 1438 1505 1493 sibi
1535 1447 1587 1494 et
1607 1440 1776 1504 carni,
1801 1439 1993 1494 acerba

399 1534 524 1588 licet
554 1533 676 1601 ista,
717 1549 747 1587 a
776 1533 958 1587 multis
992 1543 1168 1586 tamen
1207 1545 1362 1602 aequo
1389 1531 1571 1586 animo
1610 1540 1854 1602 excepta,
1889 1531 1996 1586 imo

394 1634 450 1680 et
480 1624 622 1679 ultro
650 1623 903 1694 appetita,
930 1621 1084 1678 famae
1106 1632 1159 1677 et
1183 1622 1370 1694 gloria:
1404 1636 1627 1689 caussa;
1660 1637 1760 1679 nec
1797 1638 1826 1677 a
1865 1623 1996 1677 viris

394 1726 622 1783 tantum,
639 1718 731 1773 sed
750 1717 908 1772 etiam
929 1730 956 1769 a
973 1716 1222 1782 heminis,
1243 1724 1301 1770 ut
1315 1730 1408 1770 vos
1423 1731 1655 1787 quoque,
1676 1714 1993 1785 benedictm,

313 1869 315 1871 _
392 1809 546 1864 sexui
577 1818 758 1864 vestro
788 1808 1180 1878 respondeatis.
1208 1807 1448 1878 Longum
1469 1816 1574 1875 est,
1607 1808 1651 1862 si
1681 1817 1993 1864 enumerem
2024 1789 2073 1850 Β

392 1903 657 1974 singulos,
677 1904 765 1974 qui
785 1919 845 1960 se
862 1902 1039 1974 gladio
1053 1900 1404 1969 confecerint,
1420 1902 1600 1956 animo
1617 1917 1715 1958 suo
1729 1902 1873 1958 ducti
1891 1906 1993 1976 (a).

392 1994 472 2049 De
500 1994 731 2050 fceminis
778 1994 845 2050 ad
887 2010 1102 2050 manum
1130 2003 1213 2050 est
1241 1993 1508 2062 Lucretia,
1549 2010 1668 2065 qua:
1689 1995 1795 2050 vim
1826 1998 1995 2067 stupri

369 2081 816 2160 'passa,eultrum
840 2089 938 2145 sibi
957 2088 1131 2160 adegit
1158 2089 1210 2143 in
1233 2095 1522 2158 conspectu
1551 2087 1993 2159 prepinquorum,

306 2170 320 2179 ’
391 2193 453 2238 ut
501 2184 722 2254 gloriam
775 2181 1007 2237 castitati
1067 2196 1178 2236 suae
1227 2188 1440 2251 pareret
1493 2178 1592 2251 (b),
1635 2179 1828 2235 Mutius
1877 2180 1988 2252 (c),

391 2291 608 2330 manum
627 2289 777 2328 suam
797 2273 1073 2329 dexteram
1103 2274 1154 2328 in
1176 2287 1266 2326 ara
1283 2273 1566 2338 cremavit,
1593 2281 1649 2327 ut
1667 2271 1770 2327 hoc
1795 2272 1993 2328 factum

391 2369 510 2440 ejus
540 2368 674 2422 fama
705 2368 945 2422 haberet.
973 2364 1145 2420 Minus
1173 2365 1415 2421 fecerunt
1437 2365 1740 2435 philosophi
1773 2383 1786 2420 :
1821 2366 1992 2421 flera-

389 2461 548 2516 clitus
585 2459 695 2532 (d),
743 2459 831 2530 qui
868 2474 928 2515 se
978 2458 1178 2513 bubulo
1218 2466 1457 2513 stercore
1497 2457 1722 2530 oblitum
1763 2457 1992 2534 exussit;

391 2551 525 2609 item
559 2551 932 2620 Empedocles,
971 2551 1062 2621 qui
1092 2551 1144 2604 in
1176 2551 1323 2620 ignes
1363 2549 1558 2604 [Etnmi
1601 2549 1799 2604 montis
1828 2548 1988 2605 dissi-

391 2647 538 2712 lirit;
571 2655 625 2700 et
662 2645 1002 2716 Peregrinus,
1051 2644 1139 2714 qui
1171 2659 1278 2697 non
1306 2642 1433 2696 olim
1472 2657 1531 2696 se
1559 2656 1692 2713 rogo
1720 2641 1941 2696 immisit
1971 2659 1986 2698 :

386 2754 510 2795 cum
542 2738 772 2796 fteminm
800 2753 1010 2809 quoque
1040 2737 1463 2809 contempserint
1495 2736 1642 2806 ignes
1674 2757 1686 2792 :
1723 2736 1856 2791 Dido
1885 2735 1987 2810 (3),

384 2849 456 2894 ne
485 2841 601 2900 post
627 2833 798 2887 virum
836 2831 1242 2887 dilec1issimum
1272 2830 1475 2885 nubere
1509 2839 1832 2900 cogeretur;
1863 2832 1988 2887 item

386 2907 550 2994 quum
583 2923 897 2979 Asdrubalis
925 2937 1078 2988 uxor,
1121 2938 1241 2992 qum
1266 2925 1374 2991 jam
1407 2920 1630 2977 ardente
1660 2922 1989 2993 Carthagine

383 3019 633 3074 maritum
660 3031 813 3070 suum
839 3015 1142 3085 supplicem
1171 3014 1440 3082 Scipionis
1468 3013 1693 3079 videret,
1726 3031 1846 3069 cum
1872 3015 1993 3070 filiis

383 3111 497 3166 suis
528 3110 581 3164 in
609 3107 911 3164 incendium
942 3108 1127 3178 patria:
1154 3105 1442 3163 devolavit.
1477 3106 1853 3177 Regulus,dux
1883 3107 1992 3162 lto-

383 3217 688 3267 manorum,
714 3211 902 3272 captus
945 3215 974 3253 a
999 3197 1530 3270 Carthaginiensibus
1556 3239 1572 3266 ,
1600 3214 1720 3252 cum
1746 3213 1806 3254 se
1833 3215 1996 3255 unum

380 3312 485 3369 pro
510 3296 689 3352 multis
714 3293 938 3364 captivis
962 3292 1492 3363 Carthaginiensibus
1522 3291 1858 3362 compensari
1896 3306 1995 3348 no-

384 3389 596 3459 luisset,
633 3387 823 3442 maluit
851 3385 1098 3442 hostibus
1123 3383 1274 3440 reddi
1296 3392 1351 3440 et
1383 3383 1437 3439 in
1465 3398 1604 3439 arca:
1641 3399 1810 3455 genus
1826 3385 1997 3455 stipa-

393 3494 478 3539 tus
530 3482 765 3552 undique
790 3481 1129 3537 extrinsecus
1155 3477 1322 3534 clavis
1349 3476 1636 3534 transﬁxus
1657 3519 1672 3544 ,
1701 3485 1781 3533 tot
1809 3492 1997 3534 cruces

386 3575 586 3632 sensit.
621 3574 830 3630 Bestias
882 3572 1101 3629 hemina
1155 3571 1328 3628 libens
1382 3571 1650 3642 appetiit,
1710 3581 1762 3626 et
1815 3571 1998 3642 utique

385 3671 621 3742 aspides,
655 3677 936 3742 serpentes
975 3677 1127 3722 tauro
1171 3666 1256 3722 vel
1297 3679 1424 3722 urso
1471 3665 1825 3732 horridiores,
1859 3680 1994 3736 quas

384 3765 670 3837 Cle0patra
700 3762 922 3818 immisit
951 3761 1074 3829 sibi,
1099 3774 1168 3817 ne
1197 3758 1251 3815 in
1279 3774 1472 3815 manus
1503 3759 1702 3814 inimici
1747 3761 1992 3831 perveni-

386 3866 489 3914 ret.
529 3855 636 3912 Sed
680 3855 868 3910 mortis
909 3862 1085 3909 metus
1127 3866 1232 3908 non
1266 3860 1448 3908 tantus
1487 3860 1591 3920 est,
1621 3861 1855 3923 quantus
1886 3862 1996 3909 tor-

387 3960 693 4009 mentorum
726 3947 830 4020 (5).
857 3947 1042 4019 ltaque
1074 3988 1088 4014 ,
1139 3945 1302 4001 cessit
1344 3944 1581 4002 carnifici
1614 3943 1693 4017 (6)
1741 3948 1993 4004 meretrix

453 4139 520 4208 (ll
559 4136 844 4208 Esseeddit
869 4136 1128 4208 εναιρετιμ.

453 4200 517 4266 (2'
559 4201 578 4250 l
615 4214 667 4250 sa
694 4202 844 4250 Fran.
869 4200 1039 4250 Paris.
1065 4200 1176 4262 Rig.

453 4207 527 4326 (δὲ
562 4216 682 4315 (rum
705 4260 859 4326 Rhea.

452 4260 527 4389 ('3)
562 4260 682 4315 Cum
705 4260 859 4314 Rhea.

476 4326 706 4389 4)Quum
750 4325 859 4376 abes

476 4325 525 4389 4)
549 4326 706 4386 Quum
750 4325 880 4376 abest
904 4331 1036 4374 Pam.

453 4382 522 4453 (5')
564 4382 784 4448 Quantus
824 4383 1223 4453 tormenti._Non
1249 4385 1417 4448 itaque
1439 4383 1592 4435 cessit
1615 4382 1850 4446 carnifici,
1891 4393 1986 4436 etc.

389 4443 520 4504 Ju‘nf
534 4443 699 4514 itaque
717 4463 810 4500 nec
824 4447 982 4500 cessit
1007 4443 1162 4499 Latin.

2102 522 2442 585 torqueretur
2467 532 2496 571 a
2524 525 2772 589 tyranno,
2803 528 2859 574 et
2884 535 2990 575 non
3021 521 3255 591 prodidit
3281 526 3613 596 coniuratos,
3641 540 3700 585 et

2102 609 2396 666 novissime
2422 610 2655 684 linguam
2683 628 2832 668 suam
2855 624 3148 672 comestam
3177 617 3232 673 in
3261 618 3451 676 faciem
3475 623 3693 695 tyranni

2100 703 2331 773 exspuit,
2358 712 2416 758 ut
2435 703 2571 759 nihil
2601 719 2762 775 agere
2784 722 2842 762 se
2866 707 3069 765 scirent
3101 717 3390 780 tormenta,
3420 715 3521 772 etsi
3551 716 3690 772 ultra

2102 806 2528 866 perseverarent.
2586 797 2719 853 Nam
2764 790 2925 868 quod
2949 800 3031 871 (7)
3061 799 3222 859 hodie
3263 804 3404 875 apud
3444 805 3697 865 Laceda-

2101 902 2288 942 monas
2304 887 2615 943 solemnitas
2631 889 2866 944 maxima
2893 899 2996 958 est,
3012 895 3382 962 διαμαστίγωσις
3401 895 3496 970 (e),
3516 897 3568 954 id
3589 910 3692 964 est.

2098 979 2407 1051 flagellatio,
2429 997 2535 1036 non
2565 982 2712 1038 latet.
2737 981 2793 1037 ln
2825 998 2931 1053 quo
2956 999 3130 1050 sacro,
3158 998 3284 1045 ante
3306 1004 3456 1046 aram
3484 991 3695 1048 nobiles

2097 1073 2296 1144 quique
2323 1072 2712 1140 adolescentes,
2741 1063 2982 1146 ~flagellis
3027 1075 3356 1150 affliguntur,
3394 1083 3696 1140 astantibus

2098 1166 2409 1237 parentibus
2435 1175 2491 1223 et
2510 1165 2845 1238 propinquis,
2869 1176 2924 1222 et
2949 1169 3022 1223 uti
3046 1180 3388 1239 perseverent
3403 1173 3697 1230 adhortan-

2099 1259 2258 1314 tibus.
2286 1257 2672 1315 Ornamentum
2696 1259 2837 1315 enim
2868 1271 2920 1315 et
2941 1261 3475 1334 gloria’deputabitur
3491 1266 3696 1337 majore

2098 1351 2313 1422 quidem
2343 1351 2517 1416 titulo,
2545 1351 2590 1407 si
2621 1353 2796 1406 anima
2825 1354 3002 1422 potius
3039 1355 3264 1411 cesserit
3298 1356 3490 1428 plagis,
3534 1353 3696 1429 quam

2099 1457 2314 1515 corpus.
2346 1443 2538 1515 Igitur,
2564 1444 2609 1499 si
2633 1451 2838 1500 tantum
2869 1453 3098 1502 terrena:
3123 1446 3308 1518 gloriae
3335 1448 3463 1506 licet
3489 1448 3559 1506 de
3577 1464 3699 1506 cor-

2100 1534 2246 1605 poris
2275 1543 2330 1590 et
2358 1536 2521 1590 animi
2556 1537 2756 1606 vigore,
2799 1545 2857 1591 nt
2901 1537 3162 1608 gladium,
3210 1539 3410 1611 ignem,
3455 1557 3672 1598 crucem

2100 1625 2334 1694 bestias,
2382 1637 2644 1682 tormenta
2690 1637 3077 1696 contemnant,
3119 1630 3220 1685 sub
3258 1633 3481 1702 praemio
3523 1633 3700 1690 laudis

2101 1719 2369 1787 humanae,
2392 1735 2611 1791 possum
2638 1722 2838 1787 dicere,
2865 1722 3088 1778 modicae
3118 1733 3242 1780 sunt
3270 1724 3388 1780 istae
3417 1725 3699 1796 passiones

2101 1813 2168 1868 ad
2196 1813 2628 1870 consecutionem
2649 1814 2834 1884 gloria:
2853 1812 3092 1870 caelestis
3116 1824 3173 1869 et
3192 1814 3386 1871 divinae
3407 1817 3699 1874 mercedis.

2102 1906 2160 1962 Si
2191 1908 2316 1962 tanti
2357 1906 2551 1962 vitrum
2599 1907 2617 1977 (
2640 1909 2669 1979 f
2685 1904 2704 1978 )
2737 1907 2760 1961 ?
2803 1907 2982 1978 quanti
3026 1905 3107 1980 (8)
3147 1898 3532 1980 margaritum?
3568 1909 3701 1976 Quis

2099 2015 2228 2072 ergo
2246 2016 2350 2055 non
2373 2000 2728 2057 libentissime
2751 2010 2956 2058 tantum
2983 2016 3080 2074 pro
3095 2015 3224 2058 vero
3243 2001 3689 2075 habeaterogare,

2101 2102 2356 2164 quantum
2387 2093 2477 2149 alii
2507 2107 2604 2165 pro
2628 2092 2803 2149 falso?

2727 2185 2952 2243 CAPUT
2993 2185 3059 2241 V.

2172 2276 2373 2334 Omitto
2413 2283 2558 2334 nunc
2596 2278 2781 2350 gloriae
2805 2293 3048 2334 causam.
3097 2277 3300 2334 Eadem
3328 2277 3506 2333 omnia
3537 2278 3697 2334 saevi-

2100 2371 2188 2426 tiae
2223 2380 2278 2426 et
2315 2371 2582 2426 cruciatus
2623 2372 2939 2438 certamina,
2979 2371 3090 2440 jam
3131 2370 3274 2440 apud
3324 2369 3572 2426 homines
3618 2367 3699 2426 af-

2095 2461 2313 2518 fectatio
2361 2462 2438 2534 (g)
2482 2478 2695 2533 quoque
2734 2472 2788 2519 et
2835 2463 3054 2518 morbus
3093 2462 3311 2533 quidam
3356 2462 3522 2518 animi
3560 2476 3697 2518 con-

2096 2554 2348 2608 culcavit.
2397 2553 2540 2621 Quot
2586 2555 2791 2608 otiosos
2833 2553 3102 2610 affectatio
3146 2568 3421 2609 armorum
3464 2553 3531 2608 ad
3575 2553 3694 2626 gla-

2096 2647 2243 2703 dium
2301 2647 2378 2719 (9)
2428 2648 2604 2702 locat?
2634 2647 2793 2703 Certe
2821 2646 2887 2702 ad
2928 2647 3064 2702 feras
3089 2647 3231 2718 ipsas
3260 2646 3544 2702 affectione
3570 2645 3697 2702 des-

2095 2739 2330 2794 cendunt
2352 2746 2406 2793 ct
2432 2738 2500 2794 de
2521 2738 2790 2793 morsibus
2806 2746 2862 2794 et
2886 2738 2954 2793 de
2980 2737 3321 2793 cicatricibus
3347 2736 3696 2794 formosiores

2093 2832 2193 2887 sibi
2215 2831 2480 2886 videntur.
2508 2829 2626 2886 Jam
2654 2839 2704 2885 et
2726 2829 2791 2886 ad
2811 2831 2962 2900 ignes
2985 2830 3197 2900 quidam
3217 2845 3275 2885 se
3291 2837 3688 2898 autoraverunt,

2095 2933 2152 2979 ut
2178 2934 2382 2980 certum
2413 2923 2643 2993 spatium
2675 2925 2725 2978 in
2765 2925 2941 2979 tunica
2986 2921 3208 2978 ardente
3237 2919 3316 2994 (In)
3345 2921 3690 2982 conficerent.

2096 3017 2198 3073 Alii
2240 3018 2378 3073 inter
2406 3030 2722 3073 venatorum
2754 3025 2968 3071 taurcas
3009 3016 3244 3086 scapulis
3292 3013 3699 3086 patientissimis

2104 3109 2589 3165 inambulaverunt.
2640 3107 2798 3174 Hmc,
2860 3107 3159 3171 benedicti,
3194 3122 3299 3162 non
3351 3108 3468 3162 sine
3509 3121 3698 3162 caussa

2103 3201 2360 3256 Dominus
2381 3201 2432 3255 in
2457 3200 2694 3255 seculum
2722 3198 2964 3264 admisit;
2991 3198 3084 3253 sed
3112 3197 3178 3252 ad
3210 3212 3306 3252 nos
3329 3205 3383 3253 et
3412 3213 3552 3252 nunc
3575 3195 3696 3270 (l0)

2101 3291 2486 3357 exhortandos,
2517 3299 2572 3347 et
2612 3292 2662 3346 in
2692 3289 2786 3345 illo
2814 3290 2899 3345 die
2920 3287 3347 3354 confundendos,
3374 3289 3418 3344 si
3445 3287 3698 3344 referati-

2103 3386 2406 3442 daverimus
2458 3386 2565 3456 pati
2616 3399 2714 3456 pro
2757 3385 2982 3441 veritate
3030 3385 3082 3439 in
3123 3383 3349 3440 salutem
3379 3424 3395 3450 ,
3447 3398 3566 3453 quae
3607 3382 3702 3438 alii
3749 3410 3756 3414 -

2099 3481 2482 3539 afi‘ectaverunt
2507 3494 2604 3553 pro
2624 3480 2856 3536 vanitate
2881 3479 2933 3533 in
2962 3477 3336 3548 perditionem.

2697 3569 2928 3627 CAPUT
2965 3569 3059 3626 Vl.

2168 3667 2274 3725 Sed
2314 3667 2432 3723 haec
2466 3665 2712 3738 exempla
2753 3663 3069 3720 constantiae
3098 3663 3413 3718 omittamus
3449 3661 3518 3718 de
3559 3660 3693 3719 affe-

2096 3763 2332 3819 ctatione
2370 3760 2653 3818 venientis.
2685 3759 3078 3815 Convertamur
3124 3756 3190 3812 ad
3227 3756 3399 3827 ipsam
3431 3753 3695 3811 conditio-

2097 3858 2183 3912 nis
2229 3855 2475 3912 humanae
2523 3853 3064 3924 contemplationem,
3115 3859 3173 3906 ut
3217 3859 3270 3906 et
3313 3850 3400 3906 illa
3444 3865 3544 3906 nos
3581 3851 3694 3905 ins-

2099 3955 2298 4015 truant,
2326 3949 2371 4004 si
2397 3963 2499 4020 qua
2525 3954 2837 4003 constanter
2855 3943 3108 4000 'adeunda
3139 3941 3266 4008 sint,
3296 3956 3415 4013 quae
3438 3949 3494 3996 et
3513 3941 3699 3997 invitis

1603 4038 1981 4100 LECTIONES
2015 4041 2106 4099 VA
2116 4041 2427 4098 RIANTES.

2181 4135 2233 4196 6)
2257 4133 2505 4188 Carnificis
2527 4130 2679 4185 Seml.

2181 4199 2234 4258 7)
2269 4197 2391 4258 Quae
2414 4197 2572 4248 Fran.

2179 4201 2210 4312 ἕ
2264 4201 2680 4311 θὲιῗῗίιῑῖξέἶιιητ
2699 4257 2869 4320 quanti
2902 4266 3076 4306 verum
3097 4254 3416 4317 margaritum
3441 4250 3596 4306 Rhea.

2179 4325 2212 4437 ξ’
2671 4321 2794 4370 ἀη-

2158 4321 2231 4387 (9)
2264 4324 2492 4387 Fortasse
2511 4329 2650 4387 vocat
2671 4321 2794 4370 Jun.

2156 4382 2254 4450 (10)
2295 4386 2434 4437 Tunc
2471 4382 2572 4436 alii.

1745 4529 2308 4587 COMMENTARlUS.

1745 4529 1983 4586 COllME
2082 4533 2120 4586 A
2179 4531 2195 4585 l
2292 4570 2308 4587 .

467 4633 542 4704 (ιι)
572 4633 754 4688 Animo
781 4647 874 4704 suo
903 4629 1063 4704 ducti.
1092 4623 1394 4681 Prmclare:
1429 4638 1551 4704 nam
1587 4597 1798 4704 martyr
1827 4529 2076 4704 ver-MN]:
2130 4530 2686 4704 “(giragznwaqh
2715 4623 2784 4678 λά
2804 4631 2877 4704 es!
2899 4622 3201 4694 ﬂagellatis.
3245 4621 3410 4692 Hujus
3449 4622 3697 4680 meminit

393 4694 500 4759 non
525 4694 686 4761 debet
731 4703 878 4773 sequi
903 4701 1123 4773 ductum
1165 4711 1346 4763 suum,
1389 4695 1483 4773 sed
1508 4694 1599 4750 Dei
1630 4711 1879 4773 :_nonse_
1904 4697 1990 4750 in-

395 4778 659 4838 terficere,
710 4766 958 4830 sed'tunc
1001 4770 1196 4824 cadere
1227 4781 1349 4821 cum
1393 4766 1824 4838 Deusgvolu‘erit.
1857 4767 1990 4838 Lac.

469 4848 549 4916 (li)
577 4835 879 4919 Ut'gloriam
912 4841 1135 4919 castitati
1154 4853 1264 4919 sua:
1293 4846 1521 4919 pareret.
1546 4836 1661 4892 Non
1678 4835 1783 4919 fuit
1835 4837 1995 4918 pudi-

393 4913 540 4973 citiae
589 4913 789 4973 caritas
819 4957 833 4978 ,
885 4913 980 4970 sed

397 4988 492 5044 lib.
518 4989 588 5043 de
612 4988 730 5044 Civ.
759 4987 874 5043 Dei.
912 4987 1026 5040 lilG.

468 5060 572 5132 (c)
631 5060 842 5132 Matius
870 5057 1135 5132 dexteram
1191 5069 1357 5132 suam.
1407 5050 1788 5132 Proculdubio_
1833 5052 2002 5107 sentit

397 5122 765 5187 Tertullianus
797 5129 1021 5185 Mutium
1050 5140 1112 5180 ex
1142 5140 1207 5181 eo
1235 5124 1456 5178 vulnere
1480 5132 1733 5178 crematae
1758 5122 2005 5179 dexterae

396 5205 630 5258 animam
660 5202 930 5264 amisisse,
957 5197 1100 5269 quod
1143 5196 1195 5250 in
1247 5195 1459 5250 nemine
1509 5194 1831 5269 scriptorum
1872 5195 1998 5269 vidi.

397 5273 557 5329 Ponit
596 5275 738 5329 enim
768 5275 818 5327 in
864 5266 1118 5338 Catalogo
1176 5283 1363 5323 eorum
1392 5306 1408 5333 ,
1471 5266 1561 5336 qui
1601 5280 1662 5322 se
1698 5266 2001 5322 voluntaria

396 5355 572 5401 morte
596 5343 949 5401 confecerint.
990 5340 1120 5395 Lac.

2097 4705 2151 4753 et
2175 4695 2232 4752 in
2252 4698 2477 4767 Apolog.
2497 4698 2596 4752 sub
2621 4695 2803 4751 finem.
2839 4695 3010 4749 “BEN.

2173 4768 2239 4841 (f)
2268 4764 2633 4841 Tanli'vilryrtt
2651 4809 2664 4830 ,
2687 4767 2863 4841 quanti
2879 4765 3236 4841 ntnrgarilum?
3260 4765 3456 4820 Forma
3485 4764 3682 4837 adagii.

2102 4837 2421 4911 Hieronym.
2453 4839 2516 4892 ad
2542 4837 2743 4893 Lmtain
2771 4856 2783 4891 :
2819 4837 2863 4911 si
2891 4843 3016 4911 tanti
3037 4837 3242 4911 v_itram_,
3272 4853 3429 4911 quare
3458 4852 3701 4911 non_ma-

1034 4911 1252 4985 pudoris
1295 4906 1611 4964 infirmitas.
1662 4906 1997 4978 Augustinus
2094 4912 2230 4985 joris
2282 4906 2431 4985 pretii
2470 4911 2555 4985 _sit
2611 4907 2993 4985 margaritam?
3045 4907 3114 4985 _Et
3161 4906 3238 4985 ad
3283 4906 3700 4985 Demetriadem,

2107 4977 2282 5038 adhuc
2307 4983 2373 5037 ad
2396 4981 2688 5038 Salvinam.
2726 4977 2965 5036 Suniitnr
2994 4977 3467 5050 adiexplicandam
3499 4980 3702 5050 ingen—

2109 5062 2217 5109 tem
2248 5069 2432 5109 rerum
2490 5051 2905 5122 inaequalitatem
2959 5059 3014 5104 et
3059 5049 3394 5105 distantiam.
3427 5049 3704 5120 Numquis

2110 5134 2389 5196 comparat
2418 5124 2612 5196 vitrum
2643 5139 2764 5178 cum
2796 5122 3121 5196 margaritp,
3150 5122 3252 5196 nisi
3271 5135 3482 5196 _at_ncns_
3506 5124 3530 5176 ?
3568 5123 3704 5196 Lac.

2185 5191 2261 5268 (g)
2298 5193 3001 5268 Apudﬁhominesaffectatio.
3032 5191 3242 5268 Qngeab
3269 5193 3511 5268 Ethnicis
3539 5193 3701 5264 paulo

2106 5262 2408 5340 religiosius
2439 5267 2553 5340 fieri
2581 5262 2918 5340 videbantur,
2958 5279 3021 5340 ea
3071 5262 3708 5340 affectationi_tanquam

2107 5335 2296 5395 morbo
2339 5339 2560 5395 cuidam.
2576 5336 2966 5398 tribuebautur,
3009 5335 3080 5388 ita
3121 5345 3178 5389 ut
3201 5337 3378 5391 fictum
3411 5336 3705 5406 judicetur,

469 5417 550 5486 (d)
578 5415 891 5470 Heraclitus.
937 5412 1005 5475 ls,
1036 5411 1111 5486 uti
1161 5409 1441 5486 annotavit
1481 5407 1682 5486 Rhein,
1723 5407 2003 5486 laborabat
2104 5422 2156 5466 et
2187 5419 2396 5486 tantum
2424 5407 2976 5486 ad_ostenta‘tionem_,_
3002 5422 3110 5486 non
3141 5421 3267 5486 vera
3296 5409 3486 5463 virtus.
3524 5408 3664 5486 _l.ac.
3711 5433 3718 5436 -

396 5480 588 5543 morbo
637 5504 791 5556 aqua:
821 5485 1120 5548 intercutis,
1156 5491 1207 5556 et
1236 5496 1358 5536 cum
1379 5481 1624 5556 obscuris
1653 5480 1999 5556 sermonibus

395 5571 644 5615 assuetus
681 5551 879 5624 homo,
935 5552 1283 5626 quaerendum
1335 5568 1365 5605 e
1421 5551 1643 5607 medicis
1691 5553 1982 5626 jussisset,

293 5621 300 5626 ’
395 5647 523 5686 num
544 5646 612 5686 ex
639 5631 810 5685 imbre
853 5621 1146 5682 Siccitateln
1176 5622 1351 5678 facere
1379 5634 1619 5694 pissent;
1666 5621 1720 5677 et
1763 5624 1830 5676 ab
1879 5624 1986 5680 illis

399 5701 512 5756 ludi
543 5716 602 5756 se
633 5699 939 5770 putantibus
961 5697 1149 5770 fuisset
1185 5694 1480 5770 neglectus,
1519 5694 1730 5770 tandem
1763 5694 1984 5770 ipsesig

394 5771 451 5827 bi
505 5765 794 5828 subvenire
857 5769 1081 5834 volens,
1135 5765 1346 5820 bubulis
1402 5767 1763 5822 excrementis
1813 5766 1983 5821 oblini

397 5857 594 5913 corpus
613 5858 767 5900 suum
790 5842 1027 5899 inﬂatum
1057 5836 1201 5896 fecit.
1233 5834 1324 5892 Est
1367 5837 1504 5908 apud
1531 5837 1820 5927 Laeuium.
1845 5837 1981 5895 Pan.

2177 5482 2254 5551 (ll)
2299 5481 2364 5535 In
2411 5480 2578 5534 tunica
2651 5478 2878 5552 ardente.
2933 5477 3143 5552 Tunica
3188 5479 3275 5533 illa
3319 5489 3434 5534 erat
3484 5479 3605 5552 pice
3650 5486 3710 5533 et
3811 5550 3814 5552 Ι

2102 5549 2364 5610 bitumine
2386 5553 2538 5618 illita,
2572 5565 2675 5622 qua
2696 5549 3054 5605 induebantur
3077 5549 3206 5606 olim
3224 5552 3396 5622 sancti
3435 5549 3706 5622 martyres

2089 5635 2386 5696 antequam
2428 5625 2479 5678 in
2532 5621 2714 5696 ignem
2759 5622 3170 5696 projicerentur.
3206 5621 3446 5696 _Tuuica_
3480 5621 3708 5696 kdiCitur

2090 5691 2315 5754 molesta
2339 5691 2585 5761 Martiali,
2607 5691 2780 5765 epigr.
2799 5693 2994 5749 ‘25.lib.
3027 5694 3095 5750 10
3121 5702 3176 5749 et
3199 5691 3451 5749 Juvenali
3475 5693 3594 5749 Sat.
3625 5691 3686 5747 8.

2273 5853 2285 5872 .
2314 5853 2326 5871 .
2358 5820 2533 5882 .Quod
2554 5819 2702 5874 liceat
2724 5819 2887 5872 tunica
2911 5821 3086 5886 punire
3108 5818 3332 5872 molesta.
3381 5816 3511 5888 gnra.
