4150 6352
449 326 555 383 637

1855 320 2316 405 mammam

3642 307 3753 383 θέε

447 440 667 499 evenire
694 445 1109 495 consueverunt.
1142 436 1402 506 Quotiens
1444 438 1590 494 enim
1621 435 1865 493 incendia
1895 437 2043 493 vivos
2069 444 2121 501 Α
2149 442 2251 508 pati
2286 447 2481 509 potest,
2513 440 2653 510 quod
2686 440 2736 494 in
2773 455 2963 495 caussa
3001 441 3090 497 Dei
3128 443 3233 513 pati
3257 442 3485 500 dubitat.
3533 443 3617 499 Ad
3649 444 3755 502 hoc

447 543 821 611 creipayerunt
844 530 950 603 (a)!
985 530 1236 601 quotiens
1261 530 1389 588 ferte
1418 539 1472 586 et
1500 531 1553 586 in
1579 531 1729 586 silvis
1770 535 1882 586 suis
1913 544 1967 586 et
1995 533 2045 586 in

448 626 641 697 mediis
666 623 967 691 civitatibus
988 624 1183 692 elapsa:
1206 622 1386 681 caveis
1427 621 1524 695 (b),
1556 622 1802 687 homines
1822 622 2048 678 devora-

444 703 673 791 ver‘piitt
715 724 847 794 quot
886 730 917 779 θ
963 714 1258 775 latronibus
1300 714 1465 779 letro,
1516 716 1585 771 ab
1611 713 1854 773 hOStibus
1880 715 2043 771 etiam

440 824 604 879 cnice
624 807 849 889 extincti
881 814 1001 887 sunt
1028 848 1041 870 .
1075 805 1200 862 torti
1234 805 1401 876 prius,
1442 806 1552 862 imo
1577 814 1632 863 ct
1677 806 1824 861 omni
1855 819 2045 863 coutn~

452 899 607 969 melis
632 896 885 983 expunet}
910 894 989 969 (ς)
1019 894 1223 963 ῑΝουιο
1268 911 1373 957 non
1401 896 1561 953 etiam
1588 895 1819 953 hominis
1852 910 2041 952 caussa

2150 531 2367 601 quidem
2393 532 2475 587 vel
2506 532 2787 598 praesentia
2818 533 2971 588 nobis
3001 542 3237 604 tempora
3268 535 3590 591 documenta
3619 538 3754 602 sint,

2149 632 2359 692 quantm
2391 623 2684 694 qualesque
2713 639 2960 694 personzn
3007 625 3337 696 inopinatos,
3378 627 3661 693 natalibus,
3695 638 3753 685 et

2148 712 2515 784 digniuttibus,
2556 723 2611 769 et
2650 715 2985 786 corporibus,
3025 726 3077 770 et
3121 718 3369 772 aetatibus
3412 718 3545 782 suis,
3574 719 3753 775 exitus

2151 805 2410 870 referunt,
2441 805 2673 861 hominis
2698 820 2888 861 caussa
2919 824 2932 860 :
2967 815 3058 862 aut
3087 807 3155 862 ab
3186 808 3321 877 ipso,
3350 809 3394 862 si
3418 818 3601 864 contra
3630 824 3759 865 eum

2152 896 2378 954 fecerint
2405 915 2418 952 :
2450 909 2542 953 aut
2566 897 2635 952 ab
2660 897 2981 954 adversariis
3007 898 3146 971 ejus,
3189 900 3233 954 si
3268 916 3363 971 pro
3392 915 3457 956 eo
3485 901 3760 957 steterint.

1798 1009 2355 1085 COMMENTARIUS.

522 1127 599 1201 (τι)
633 1128 843 1201 Quoties
873 1125 1005 1180 enim
1022 1125 1257 1201 incendia
1282 1125 1418 1201 vivos
1432 1132 1793 1201 cremaverunt.
1854 1122 2044 1177 Omisit

450 1194 762 1255 nuirbdt‘um
824 1194 1179 1267 quorumdam
1229 1197 1566 1250 acutissimos
1630 1194 1940 1267 cruciatus,
1993 1203 2046 1250 et

452 1273 701 1337 fclirituu,
735 1266 957 1340 quarum
1000 1268 1244 1340 incendia
1287 1270 1598 1340 plerumque
1626 1266 1918 1340 tyrattnicis
1960 1276 2041 1322 te-

451 1336 639 1423 triora,
673 1336 838 1423 ﬁgit?
892 1339 1221 1413 diuturniora
1251 1336 1295 1423 ις
1332 1336 1471 1419 quod
1518 1336 1803 1423 eleganti-ter
1852 1337 2042 1423 obser-

452 1398 596 1467 vavit
622 1398 1019 1482 adfiillii'thlutu
1043 1400 1195 1464 suum
1240 1398 1517 1469 Arrianus,
1546 1398 1641 1462 lib:
1671 1398 1729 1463 ill
1765 1427 1777 1465 :
1809 1412 2047 1464 ossam;

455 1490 601 1546 οὐδεὶς
629 1486 845 1552 stipat-mo;
869 1490 921 1547 ἒξ
950 1491 1071 1550 μησί
1092 1505 1198 1538 τινα
1218 1486 1413 1552 νῖσραξε,
1446 1489 1641 1551 ’πυρετὸς
1665 1485 1713 1532 δὲ
1740 1484 1821 1534 καὶ
1850 1486 2047 1548 Evictus-6.:

451 1550 703 1616 πολλάκιςζ
770 1553 970 1623 Ibidem
1028 1556 1099 1609 ait
1160 1550 1286 1606 nihil
1356 1550 1560 1605 referre
1620 1565 1723 1620 qua
1776 1551 1859 1604 via
1921 1566 2046 1618 per-

454 1629 700 1685 vcniatur
731 1624 797 1679 ad
849 1634 1096 1693 piprtcm.
1129 1623 1257 1681 luto.
1298 1624 1341 1677 si
1395 1637 1582 1677 verum
1612 1628 1876 1693 alumnus,
1929 1637 2044 1679 eam

452 1714 578 1757 esse
606 1691 933 1764 breviorem,
958 1711 1056 1756 qua
1095 1692 1214 1748 duci
1243 1693 1389 1764 jubet
1424 1705 1698 1764 tyrannus.
1732 1691 1852 1749 th.

523 1755 603 1841 (b)
625 1767 689 1822 Et
710 1769 760 1820 in
779 1755 1631 1834 ntediiscivitatibus'elapsa'caveis.
1654 1764 1748 1837 llic
1764 1762 2051 1818 venitmihi
2082 1755 2129 1819 Β

2150 1124 2202 1200 in
2233 1132 2466 1200 tuentem
2495 1124 2719 1181 duarum
2754 1140 3035 1200 _sa=varum
3082 1143 3354 1193 ursarum,
3394 1144 3528 1200 quas
3555 1127 3760 1200 Valen-

2150 1196 2382 1271 tinianus
2416 1199 2689 1271 Augustus
2717 1197 2915 1271 alebat,
2944 1213 3125 1271 earum
3175 1214 3366 1271 caveas
3414 1196 3561 1271 juxta
3594 1196 3759 1256 cubi-

2147 1268 2326 1322 culum
2370 1283 2524 1322 suum
2578 1268 2754 1322 Iocare
2796 1270 3007 1323 ευιίιυε.
3039 1270 3209 1324 Alteri
3245 1268 3623 1327 Mice'aureze
3654 1290 3759 1326 no-

2151 1355 2271 1393 men
2320 1350 2467 1405 erat,
2502 1340 2656 1397 alteri
2704 1339 3050 1397 Innocentim.
3100 1340 3293 1399 Multos
3346 1342 3448 1397 illa:
3503 1344 3763 1400 mortales

2151 1409 2439 1486 laniarunt,
2473 1411 2682 1486 ridente
2711 1421 2766 1486 et
2806 1412 3160 1486 liac__s._'evitia_
3200 1414 3466 1486 d_clectato
3496 1415 3759 1486 principe.

2152 1480 2351 1536 Auctor
2377 1483 2686 1535 Ammianus
2716 1480 2952 1536 Marcet].
2986 1484 3077 1537 lib.
3103 1484 3190 1539 59.
3225 1484 3397 1539 Busa.

2226 1550 2304 1623 (ε)
2336 1553 2488 1606 Omni
2515 1554 2819 1607 contumelia
2848 1555 3104 1621 expuucli.
3132 1554 3229 1609 llic
3262 1557 3417 1610 audis
3440 1556 3762 1612 Tertulliani

2155 1624 2708 1699 vc_r|imn,_signiﬁcat
2735 1624 2867 1699 uilth
2908 1627 3245 1681 contumeliae
3277 1630 3535 1684 omissum
3568 1669 3582 1693 ,
3616 1629 3765 1699 quod

2156 1695 2233 1749 illi
2264 1713 2366 1751 non
2395 1697 2503 1751 sint
2531 1696 2788 1768 perpessi.
2818 1695 2990 1751 RBEN.

487 1936 856 1954 ___—._—4.
865 1942 886 1945 -ν
1075 1934 1846 1943 ———————————-———-—————-—
1861 1933 2282 1939 ———————-———
2486 1925 2491 1929 ‘
2903 1935 2920 1937 η
2937 1934 3106 1939 -__—
3190 1925 3632 1937 ————

3580 1964 3674 1974 ..ι

889 2092 1262 2180 QUINTI
1316 2089 1821 2177 summu
1872 2046 2488 2169 FLo‘nENTIs
2537 2085 3278 2163 TERTULLIANI

1300 2285 1572 2431 DE
1637 2277 2999 2437 SPECTACULIS

1863 2532 2397 2643 LIBER.

1951 2728 2376 2787 «3963B

520 2874 653 2935 Cum
699 2895 805 2934 non
841 2880 1027 2935 Roma:
1049 2883 1244 2953 solum,
1272 2876 1365 2933 sed
1398 2892 1492 2947 per
1533 2874 1835 2945 provincias
1878 2872 2040 2927 etiam
2145 2869 2415 2923 suavitates
2444 2869 2544 2923 sint
2572 2885 2652 2924 res
2682 2885 2712 2922 a
2740 2868 2847 2924 Deo
2888 2878 3094 2936 creatw,
3129 2878 3291 2940 atque
3323 2876 3613 2940 propterea
3647 2882 3758 2925 non

446 2978 665 3049 propter
703 2968 891 3026 Severi
920 2968 1173 3045 reditum,
1201 2960 1590 3036 victoriamque
1627 2963 1697 3019 de
1728 2963 1921 3019 Albino
1949 2976 2040 3016 re-

447 3073 711 3133 portatam
751 3064 1038 3121 ederentur
1092 3060 1416 3131 spectacula,
1459 3059 1625 3114 libros
1660 3058 1727 3112 de
1759 3057 2041 3128 Spectacu—

448 3154 512 3209 lis
539 3164 590 3209 et
634 3153 701 3210 de
724 3152 1029 3208 Idalolatria
1058 3168 1119 3209 ea
1148 3152 1433 3207 occasione
1450 3149 1730 3221 scripsisse
1755 3146 2040 3202 Tertullia-

2148 2959 2511 3030 rcpudiandrc,
2587 2961 2888 3031 exceptioni
2938 2960 3292 3033 quorumdam
3341 2952 3757 3015 Christianorum

2147 3054 2536 3120 asscrcntium,
2584 3054 2637 3108 in
2690 3054 2975 3129 Scriptura
3012 3070 3160 3109 sacra
3202 3054 3386 3109 nullibi
3429 3054 3753 3125 spectaculis

2148 3147 2338 3203 adesse
2395 3161 2650 3215 expresse
2706 3145 3017 3219 prohiberi.
3050 3147 3270 3217 opponit
3326 3145 3412 3201 illa
3450 3145 3579 3216 regii
3621 3146 3755 3200 Pro-

447 3263 578 3302 num
608 3244 689 3302 Cl.
717 3247 1015 3304 Noesseltus
1044 3242 1457 3323 deuiouswavit.
1497 3240 1751 3317 Nonnulli
1793 3238 2039 3311 equidem
2070 3233 2114 3297 C
2151 3239 2325 3309 pheta:
2349 3257 2361 3294 :
2390 3238 2577 3294 Beatus
2598 3239 2692 3306 vir,
2717 3240 2803 3307 qui
2822 3256 2922 3293 non
2943 3240 3065 3293 abiit
3086 3240 3138 3293 in
3160 3240 3431 3294 concilium
3453 3241 3750 3310 impiorum,

447 3341 753 3410 conjectant
801 3341 995 3395 librum
1045 3340 1113 3395 de
1176 3337 1497 3407 Spectaculis
1560 3336 1657 3391 abs
1711 3334 2043 3391 Tertullianu

448 3436 802 3507 compositum
846 3434 1013 3491 fuisse
1063 3434 1115 3489 in
1150 3436 1535 3499 montanismo,
1587 3430 1709 3501 quia
1757 3430 1808 3483 in
1859 3427 1953 3482 illo
1984 3427 2046 3481 iis

447 3529 723 3601 suffragari
756 3530 982 3595 videtur,
1005 3529 1093 3599 qui
1126 3529 1484 3603 revelationes
1514 3526 1765 3596 petebant
1799 3520 2043 3593 (Tertull.

448 3624 537 3678 lib.
568 3623 632 3677 de
658 3622 860 3695 δραι,
889 3640 1001 3693 cap.
1045 3621 1159 3694 29).
1206 3622 1400 3676 Verum
1433 3619 1556 3697 quis
1583 3618 1772 3682 nescit,
1819 3626 1873 3673 et
1898 3616 2045 3687 ipsos

452 3715 707 3772 Ecclesia:
734 3716 1014 3771 catholicae
1042 3725 1307 3786 martyres
1339 3712 1695 3769 revelationes
1727 3725 1756 3764 a
1782 3710 1890 3765 Deo
1923 3722 2046 3778 pns-

451 3808 671 3871 tulasse.
706 3817 762 3862 ut
790 3808 972 3863 videre
1000 3817 1084 3864 est
1110 3807 1162 3861 iu
1188 3807 1322 3862 actis
1343 3815 1650 3861 sanctarum
1683 3802 1964 3873 Perpetuac
1994 3809 2049 3855 et

456 3898 748 3955 Felicitatis
777 3898 962 3970 (XXX
979 3896 1038 3952 μ.
1081 3898 1208 3952 Acta
1234 3900 1450 3963 sincera,
1480 3894 1727 3956 Ruinart;
1771 3911 1890 3965 pag.
1923 3892 2042 3960 87);

455 3994 586 4059 Quae
615 3980 822 4061 publice
872 3995 922 4046 in
954 3991 1192 4046 collectis
1242 3990 1556 4056 legebantur
1602 3986 1937 4056 temporibus
1983 3984 2045 4038 Ι).

448 4085 732 4155 Augustini
762 4083 1056 4156 (Augustin.
1092 4083 1263 4138 Serm.
1283 4081 1455 4152 280)?
1483 4079 1657 4145 Adde,
1685 4077 1825 4156 quod
1860 4077 1918 4134 S.
1943 4077 2048 4149 Cy-

449 4175 666 4243 prianus
704 4154 962 4244 expresse
1005 4183 1228 4236 asserat,
1270 4156 1613 4249 confessores
1638 4154 1719 4245 de.
1745 4169 2048 4251 imminenti

454 4282 643 4322 eorum
681 4268 939 4339 martyrio
966 4282 1059 4336 per
1094 4267 1356 4322 visionem
1384 4278 1528 4335 saepe
1550 4262 1855 4321 admonitos
1884 4260 2049 4317 fuisse

450 4359 720 4430 (Cyprian.
758 4358 925 4427 Epist,
951 4358 1033 4418 XI
1075 4367 1128 4413 et
1155 4357 1339 4425 XVI).
1374 4342 1506 4414 Utut
1544 4368 1723 4435 autem
1774 4358 1886 4415 haec
1917 4355 2045 4423 sint,

449 4464 599 4509 certe
627 4468 823 4524 scopus
843 4453 998 4523 hujus
1024 4462 1279 4506 tractatus
1324 4451 1421 4505 fuit
1454 4449 1591 4521 apud
1630 4448 2044 4515 Tertullianum,

447 4548 790 4610 christianos,
814 4548 1062 4616 ipsosque
1079 4543 1494 4599 catechumenos
1510 4559 1537 4595 a
1558 4540 1881 4613 spectaculis
1912 4556 2014 4597 aro
2029 4571 2045 4583 -

448 4654 597 4707 care,
618 4637 1041 4707 deinoustrando
1058 4651 1216 4706 quam
1238 4633 1596 4691 inverecunda
1615 4634 1723 4695 sint
1739 4633 2047 4703 huiusmodi

448 4732 862 4793 oblectamenta,
897 4745 1036 4807 vera:
1066 4728 1270 4807 pietati,
1304 4727 1574 4799 cultuique
1628 4727 1844 4782 sincero
1885 4743 2043 4801 quem

445 4827 563 4901 Deo
612 4825 893 4907 debemus,
963 4806 1249 4903 cmitraria,
1299 4831 1456 4887 atque
1516 4821 1581 4876 iis
1630 4824 1792 4887 etiam
1853 4816 2046 4876 intesta

451 4921 540 4990 qui
602 4918 774 4976 fastus
837 4918 1060 4979 mundi.
1135 4915 1475 4985 voluptates,
1542 4930 1607 4970 ac
1686 4914 2043 4973 idololatrian]

448 5013 745 5083 cjurarunt.
778 5012 956 5068 Primo
1001 5011 1109 5065 duo
1159 5008 1455 5079 plausibilia
1500 5007 1836 5063 ethnicorum
1880 5023 2042 5077 argn-

446 5116 629 5175 meuta
673 5116 933 5175 removet,
990 5120 1214 5185 quorum
1245 5103 1474 5174 primum
1496 5119 1537 5165 εκ
1569 5100 1718 5155 Nihil
1762 5101 2047 5170 obstrepere

445 5199 679 5269 religioni
707 5200 760 5257 in
789 5200 959 5263 animo
988 5208 1037 5255 et
1065 5200 1117 5273 in
1143 5195 1448 5257 conscientia
1477 5203 1619 5249 tanta
1644 5194 1829 5263 solatia
1853 5194 2047 5247 extrin-

445 5307 587 5347 secus
614 5290 896 5365 oculorum,
931 5290 1013 5345 vel
1048 5290 1286 5349 aurium,
1343 5303 1435 5341 nec
1484 5302 1599 5340 vero
1643 5284 1807 5339 Deum
1852 5283 2047 5351 aliendi

445 5382 777 5438 oblectatione
803 5383 1041 5457 hominis.
1070 5380 1373 5437 Secundum
1399 5398 1411 5435 :
1461 5378 1801 5441 Christianos,
1832 5378 2046 5447 expedi-

446 5486 554 5537 tum
578 5476 725 5531 morti
754 5492 932 5548 genus,
961 5475 1028 5530 ad
1054 5475 1184 5533 hanc
1212 5472 1597 5539 obstinationem
1625 5472 1818 5526 erudiri
1842 5471 2049 5525 alulica-

446 5568 583 5623 tione
606 5568 921 5639 voluptatum
946 5583 1046 5636 quo
1074 5568 1278 5636 [acilius
1300 5567 1451 5620 vitam
1481 5572 1830 5629 contemnant,
1855 5579 2044 5633 ampu-

445 5663 564 5731 tatis
590 5661 734 5732 quasi
760 5659 1055 5715 retinaculis
1081 5660 1211 5730 ejus.
1249 5659 1481 5730 Explosa
1526 5658 1649 5713 dein
1684 5657 1786 5712 alia
1818 5655 2043 5711 ridicula

444 5752 746 5821 objectione
800 5767 1164 5825 paganorum,
1216 5752 1357 5822 quod
1413 5751 1594 5808 omnia
1650 5767 1769 5822 quae
1834 5750 2044 5804 theatro

442 5844 762 5915 inserviunt,
812 5854 966 5916 terra,
1004 5859 1152 5910 saxa,
1204 5846 1391 5915 leones,
1438 5842 1862 5921 virescorporis,
1913 5841 2045 5897 vocis

2074 4602 2127 4664 D

2149 3343 2196 3387 et
2225 3334 2275 3386 in
2306 3333 2386 3387 viu
2412 3341 2731 3403 peccatorum
2757 3350 2858 3387 non
2884 3334 3043 3396 stetit,
3075 3342 3122 3386 et
3162 3334 3214 3385 in
3240 3332 3481 3405 cathedra
3515 3332 3757 3402 pestilen-

2149 3426 2235 3480 tia:
2254 3442 2354 3479 nou
2380 3425 2526 3482 sedit.
2551 3424 2712 3480 Addit
2732 3424 2855 3497 dein
2879 3425 2944 3505 ad
2979 3425 3116 3481 hanc
3145 3424 3321 3497 fugam
3345 3424 3516 3481 teneri
3542 3424 3751 3492 ﬁdeles,

2153 3519 2273 3589 quia
2303 3532 2494 3588 aquam
2525 3518 2751 3588 ingrcssi
2800 3518 2961 3572 [idem
3019 3518 3247 3588 professi
3276 3526 3432 3582 sunt,
3469 3526 3523 3572 ct
3555 3533 3754 3592 reuunf-

2151 3609 2314 3666 tiasse
2344 3610 2579 3677 diabolo,
2609 3620 2661 3689 et
2690 3626 2899 3681 pompa:
2925 3620 2977 3665 et
3004 3610 3207 3680 angelis
3229 3611 3345 3689 ejus
3382 3624 3477 3665 ore
3500 3624 3597 3664 suo
3623 3624 3754 3664 con-

2153 3705 2331 3759 testati
2358 3712 2515 3768 sunt,
2563 3712 2618 3758 et
2646 3684 2800 3757 ludos
2830 3696 2894 3756 ac
2934 3703 3237 3772 spectacula
3284 3684 3351 3757 ad
3395 3701 3755 3757 idololatrian)

2155 3797 2423 3867 pertinere
2443 3794 2693 3859 allirmat,
2726 3810 2755 3849 a
2786 3810 2892 3864 qua
2923 3786 3183 3865 originem
3216 3809 3366 3849 suam
3397 3796 3625 3850 traxisse
3650 3794 3747 3851 de-

2154 3895 2445 3953 monstrat,
2477 3895 2635 3967 atque
2675 3887 2924 3942 ludorum
2950 3887 3167 3967 nomina
3189 3929 3204 3953 ,
3235 3885 3551 3942 earumdem
3579 3901 3749 3957 appa~

2156 3990 2327 4036 ratum
2376 3962 2766 4037 idol‘olatricum
2788 4024 2803 4049 ,
2834 3982 2950 4037 loca
2982 3962 3348 4052 superstitiosa
3370 4022 3385 4046 ,
3415 3989 3471 4035 ct
3498 3989 3643 4035 artes
3670 3996 3755 4035 re-

2152 4089 2353 4151 censet.
2393 4078 2465 4133 De
2486 4077 2629 4133 circo
2650 4079 2925 4134 disserens
2954 4078 3063 4132 ait:
3096 4077 3341 4146 quamvis
3367 4077 3544 4132 circus
3568 4074 3747 4143 idolis,

2155 4180 2210 4227 et
2241 4173 2429 4242 signis
2452 4173 2841 4243 superstitiosis
2885 4179 3033 4228 esset
3062 4171 3346 4243 impletus,
3401 4156 3754 4227 nihilominus

2154 4265 2478 4320 christianos
2504 4278 2655 4320 extra
2695 4266 3122 4334 spectaculorum
3149 4273 3361 4333 tempus
3386 4264 3505 4319 sine
3529 4264 3758 4319 crimine

2110 4376 2120 4382 ·
2154 4371 2313 4427 nosse
2335 4357 2555 4421 intrare,
2589 4356 2726 4413 sicut
2748 4358 2797 4410 iu
2821 4357 2935 4426 ipsa
2958 4356 3154 4426 tempta
3179 4356 3462 4420 intrarent,
3496 4355 3541 4411 si
3565 4370 3755 4411 caussa

2155 4438 2386 4505 intrandi
2434 4452 2591 4522 culpa
2642 4460 2813 4506 vacet.
2847 4451 2919 4505 De
2967 4452 3112 4505 circo
3168 4449 3358 4504 transit
3382 4449 3449 4503 ad
3490 4448 3757 4504 theatrum

2156 4544 2550 4613 particulariter
2572 4544 2769 4599 Veneri
2797 4553 2847 4598 ct
2867 4543 3079 4599 Baccho
3108 4553 3512 4603 consecratum;
3547 4542 3668 4598 inde
3689 4543 3756 4596 ad
3798 4556 3803 4561 δ

2152 4637 2473 4693 athletarum
2516 4639 2809 4715 certamina
2836 4651 2934 4692 suo
2972 4654 3199 4707 quicque
3228 4636 3432 4692 numini
3461 4647 3670 4691 sacrata
3700 4646 3758 4693 et

2152 4730 2382 4800 denique
2412 4729 2479 4783 ad
2528 4731 2879 4807 gladiatores,
2912 4728 3003 4807 qui
3048 4744 3205 4784 Stlllm
3259 4728 3470 4798 pompis
3518 4728 3758 4783 l'uncreis

2152 4823 2415 4895 originem
2433 4804 2736 4885 debebant;
2768 4804 2951 4879 ultima
2981 4804 3095 4876 inec
3121 4823 3426 4893 spectacula
3458 4820 3523 4878 ad
3547 4820 3758 4892 amphi-

2153 4919 2418 4976 theatrum
2452 4920 2811 4989 pertinebant.
2832 4920 2938 4975 Sed
2969 4931 3165 4991 prteter
3193 4919 3571 4983 idololatriatn,
3600 4932 3759 4973 caus-

2150 5027 2262 5067 sam
2283 5012 2649 5082 principalem,
2669 5012 2800 5066 alias
2817 5013 2991 5066 adhuc
3010 5022 3398 5066 cnnnncmorat
3415 5012 3671 5076 rationes,
3686 5010 3759 5066 ob

2149 5120 2281 5173 quas
2307 5104 2611 5173 Spectacula
2637 5119 2665 5157 a
2707 5103 3013 5160 Christianis
3039 5104 3252 5158 vitanda
3282 5105 3412 5169 sint,
3448 5103 3747 5159 Periculum

2150 5196 2357 5252 scilicet
2384 5196 2666 5252 amittendi
2698 5195 2958 5267 Spiritum
2996 5205 3243 5251 sanctum
3294 5195 3345 5250 in
3392 5194 3758 5252 commotione
3818 5231 3831 5243 ο

2152 5289 2465 5359 passionum
2527 5300 2840 5344 nostrarum
2869 5306 2884 5354 ;
2914 5290 3156 5343 damnum
3189 5290 3432 5360 temporis
3461 5288 3759 5344 christiano

2154 5382 2292 5449 adeo
2326 5377 2581 5452 pretiosi;
2609 5382 2854 5451 injurias,
2891 5382 3196 5447 maledicta,
3220 5381 3533 5446 calumnias,
3557 5392 3609 5436 et
3629 5396 3760 5435 con-

2156 5474 2313 5529 vicia.
2343 5472 2420 5531 lbi
2448 5475 2645 5545 quippe
2672 5474 2887 5544 publice
2916 5475 3095 5529 omnia
3124 5474 3351 5531 nelauda
3383 5473 3755 5545 producebano

2158 5574 2263 5633 tur,
2290 5581 2409 5636 quae
2438 5565 2565 5620 alibi
2583 5562 2789 5621 summa
2815 5582 2942 5622 cura
2970 5566 3401 5622 occultabantur.
3431 5565 3698 5633 Quantum
3726 5579 3759 5619 a

2154 5670 2285 5733 sana
2314 5657 2521 5713 ratione
2553 5656 2870 5723 abhorreat,
2928 5658 3197 5724 ostendit,
3230 5674 3293 5714 ea
3332 5659 3385 5713 iu
3434 5658 3757 5728 spectaculis

2153 5749 2345 5820 cupide
2372 5764 2612 5820 quaerere
2632 5790 2647 5813 ,
2675 5766 2794 5819 quae
2843 5750 2899 5806 in
2925 5749 3138 5821 reliquo
3168 5749 3289 5805 vita:
3328 5747 3651 5817 commercio
3679 5738 3762 5803 vi—

2152 5840 2280 5899 dere
2327 5842 2407 5899 vel
2449 5841 2783 5900 committere
2827 5842 3000 5914 pudor
3037 5852 3092 5899 et
3134 5842 3328 5899 horror
3368 5850 3566 5898 vetant.
3616 5841 3758 5900 Tum
