4150 6352
463 273 564 330 631

1792 234 1797 237 ’
1876 264 2338 325 TERTULLIANI

472 392 634 447 morti
664 405 834 462 genus
882 387 951 444 ad
999 387 1139 444 hanc
1181 383 1596 441 obstinationem
1619 383 1697 458 (α)
1724 381 2292 444 abdicationeArunt
2319 421 2335 449 ,
2376 379 2478 437 nisi
2525 380 2753 438 naturali
2793 380 2951 452 jure,
2980 382 3103 438 non
3152 380 3318 439 etiam
3359 379 3643 449 familiari,
3695 381 3767 439 de

460 484 794 554 voluptatum
823 480 898 550 (ὁ)
938 477 1136 535 erudiri
1162 519 1179 544 ,
1208 490 1316 548 quo
1356 475 1563 532 facilius
1607 476 1771 531 vitam
1817 485 2061 531 contem-

459 583 611 639 nant,
643 569 934 640 amputatis
954 569 1107 640 quasi
1130 567 1439 624 retinaculis
1463 567 1601 638 ejus,
1632 582 1700 623 ne
1725 566 2058 633 desiderent,

461 680 619 735 quam
644 665 752 734 jam
806 676 1193 732 supervacuam
1215 657 1297 734 (1)
1325 659 1427 715 sibi
1470 658 1695 715 fecerint
1721 657 1799 733 (Ξ)
1830 678 1843 713 :
1871 668 1930 714 ut
1955 658 2058 714 hoe

454 755 685 811 consilio
734 754 911 826 potius
962 763 1017 809 et
1067 752 1304 808 humano
1347 761 1669 824 prospectu,
1714 766 1821 806 non
1873 750 2058 807 divino

462 851 782 921 praescripto
848 846 1124 904 deﬁnitum
1172 844 1800 915 existimetur..Pigebat
1850 845 2059 900 scilicet

460 942 620 997 etiam
679 948 1088 1013 perseverantes
1122 939 1175 994 in
1228 922 1397 994 tantis
1429 936 1790 1010 voluptatibus
1839 946 2059 1008 propter

454 1034 627 1091 Deum
648 1035 804 1090 mori.
821 1034 1136 1105 Quanquam
1168 1032 1271 1090 etsi
1306 1033 1377 1088 ita
1395 1039 1559 1096 esset,
1579 1038 1685 1085 tam
1705 1030 1914 1100 (5)apto
1931 1044 2062 1085 con-

459 1129 605 1192 silio,
639 1137 801 1183 tanta:
826 1128 1117 1184 obstinatio
1140 1124 1438 1195 disciplina:
1465 1121 1695 1179 debebat
1716 1122 2053 1192 obsequium.

1088 1216 1318 1273 CAPUT
1360 1215 1422 1271 Il.

524 1312 643 1369 Jam
689 1326 819 1368 vero
849 1326 1010 1367 nemo
1053 1318 1174 1376 est,
1206 1309 1295 1380 qui
1351 1324 1458 1363 nou
1515 1307 1617 1363 hoc
1654 1322 1868 1379 quoque
1915 1321 2055 1376 pra:-

454 1404 643 1461 leudat
686 1404 839 1478 (Gen.
900 1388 1004 1475 1.),
1056 1402 1235 1459 omnia
1282 1416 1313 1457 a
1369 1402 1479 1457 Deo
1526 1401 1802 1466 instituta,
1845 1408 1901 1455 et
1952 1399 2052 1454 hu-

453 1499 588 1553 mini
613 1497 867 1554 attributa
891 1497 1049 1567 (sicut
1075 1494 1547 1566 pra:dicamus),et
1562 1497 1744 1564 utique
1766 1493 1905 1549 bona
1932 1508 2052 1547 om-

455 1592 543 1645 nia
565 1632 580 1657 ,
605 1599 663 1644 ut
690 1591 812 1645 boni
842 1588 1078 1644 auctoris
1099 1589 1180 1659 (4)
1204 1606 1216 1643 :
1242 1588 1381 1643 inter
1401 1586 1518 1642 bzec
1535 1586 1778 1657 deputari
1804 1586 2053 1642 universa

454 1683 592 1750 ista,
638 1699 705 1739 ex
748 1682 943 1753 quibus
985 1682 1289 1751 spectacula
1336 1680 1710 1745 instruuntur,
1742 1678 1944 1736 circum
1975 1677 2054 1751 (5)

453 1777 606 1832 verbi
633 1776 803 1849 gratia
823 1816 837 1841 ,
876 1786 932 1832 et
960 1775 1173 1831 leonem
1196 1815 1211 1839 ,
1250 1781 1307 1828 et
1334 1774 1479 1828 vires
1506 1772 1757 1844 corporis
1777 1814 1792 1837 .
1824 1782 1878 1830 et
1904 1772 2054 1829 vocis

452 1868 770 1924 suavitates.
804 1867 971 1939 Igitur
999 1879 1172 1937 neque
1200 1865 1435 1921 alienum
1458 1863 1628 1921 videri
1659 1879 1816 1935 posse
1836 1906 1853 1932 ,
1879 1880 2054 1937 neque

452 1959 729 2017 inimicum
759 1958 851 2014 Dei
882 1958 990 2042 (6),
1021 1957 1163 2029 quod
1194 1957 1262 2013 de
1281 1956 1591 2013 conditione
1610 1965 1824 2012 constet
1846 1957 2050 2027 ipsius:

450 2066 629 2122 neque
656 2050 952 2105 cultoribus
994 2050 1085 2106 Dei
1118 2048 1393 2104 vitandum
1418 2046 1519 2120 (7),
1558 2047 1702 2121 quod
1731 2047 1826 2104 Dei
1847 2064 1955 2104 non
1985 2050 2056 2106 sit
2100 2090 2111 2105 ι

452 2144 752 2207 inimicum,
781 2144 905 2213 qttia
933 2158 1035 2199 nec
1074 2143 1329 2198 alienttm.
1360 2142 1527 2198 Plane
1553 2152 1610 2198 et
1655 2142 1785 2213 ipsa:
1814 2151 2056 2200 exstruc-

455 2237 632 2315 tiones
662 2236 903 2292 locorum
924 2279 939 2301 ,
983 2235 1128 2307 quod
1171 2250 1297 2292 saxa
1323 2277 1338 2299 ,
1370 2233 1516 2306 quod
1555 2243 1815 2291 caementa
1836 2276 1852 2303 ,
1907 2236 2050 2306 quod

455 2342 747 2394 marmora,
769 2325 913 2398 quod
931 2325 1325 2395 columnas,Dei
1356 2341 1445 2382 res
1472 2333 1629 2393 sunt,
1660 2325 1752 2396 qui
1772 2340 1836 2381 ea
1869 2325 1936 2380 ad
1980 2327 2055 2383 in-

454 2429 813 2477 strumentum
845 2428 1003 2475 terra:
1032 2418 1221 2475 dedit:
1253 2418 1349 2475 sed
1387 2427 1444 2475 et
1486 2419 1585 2490 ipsi
1613 2430 1765 2475 actus
1785 2418 1885 2475 sub
1913 2418 2052 2477 etelo

453 2515 552 2573 Dei
595 2515 979 2586 transiguntur.
1012 2513 1182 2583 Quam
1237 2513 1456 2585 sapiens
1479 2513 1904 2585 argumentatrix
1949 2513 2052 2570 sibi

450 2608 663 2664 videtur
709 2608 1008 2680 ignorantia
1039 2608 1268 2664 humana
1290 2651 1305 2673 ,
1353 2606 1657 2679 praesertim
1699 2621 1820 2663 cum
1851 2607 2050 2678 aliquid

448 2697 717 2769 ejusmodi
768 2698 836 2755 de
877 2698 1088 2770 gaudiis
1127 2708 1183 2755 et
1219 2699 1286 2754 de
1332 2698 1590 2755 fructibus
1634 2700 1816 2755 saeculi
1869 2701 2058 2756 metuit

457 2791 738 2847 amittere!
766 2790 950 2847 Plures
973 2791 1205 2862 denique
1230 2790 1472 2847 invenias
1492 2833 1508 2859 ,
1538 2806 1673 2861 quos
1704 2792 1877 2864 magis
1915 2791 2056 2861 peri-

451 2883 634 2939 culum
680 2882 998 2954 voluptatis,
1032 2899 1192 2955 quam
1239 2884 1365 2939 vita:
1388 2925 1405 2949 ,
1434 2894 1625 2940 avocet
1649 2884 1719 2940 ab
1759 2884 1861 2940 hac
1882 2895 2051 2941 secta.

427 2962 432 2975 ’
452 2974 585 3031 Nam
616 2984 844 3030 mortem
868 2976 1031 3030 etiam
1060 2974 1256 3030 stultus
1280 2974 1581 3031 utdebitam
1598 2989 1707 3031 non
1728 2976 2050 3044 extimescit,

452 3067 779 3138 voluptatem
812 3066 972 3121 etiam
1001 3066 1217 3138 sapiens
1242 3066 1322 3138 (8)
1357 3075 1415 3122 ut
1437 3075 1638 3123 tantam
1669 3082 1775 3124 non
1801 3079 2050 3126 contem-

452 3159 566 3225 nit,
599 3173 718 3213 cum
743 3157 848 3213 alia
879 3174 985 3213 non
1007 3159 1079 3214 sit
1097 3167 1150 3216 et
1172 3158 1339 3215 stulto
1363 3168 1418 3214 et
1445 3159 1673 3230 sapienti
1705 3161 1827 3216 vita:
1852 3162 2047 3234 gratia,

454 3251 559 3307 nisi
579 3252 845 3322 voluptas.
874 3250 1045 3307 Nemo
1076 3261 1235 3323 negat
1255 3293 1271 3319 ,
1312 3252 1435 3323 quia
1484 3267 1646 3309 nemo
1676 3255 1888 3325 ignorat
1911 3256 2055 3327 quod

457 3344 599 3399 ultro
626 3351 813 3398 natura
844 3344 1114 3415 suggerit,
1149 3345 1313 3400 Deum
1365 3360 1487 3402 esse
1515 3345 1883 3403 universitatis
1925 3362 2057 3404 con-

454 3438 684 3494 ditorem
708 3479 721 3504 ,
753 3452 979 3509 eamque
1017 3439 1420 3495 universitatem
1477 3448 1583 3496 tam
1633 3438 1866 3507 bonam,
1894 3442 2054 3513 quam

463 3531 670 3589 homini
697 3533 1077 3603 mancipatam.
1101 3531 1206 3590 Sed
1232 3534 1357 3606 quia
1392 3549 1499 3591 non
1529 3535 1743 3606 penitus
1771 3535 1938 3592 Deum
1954 3553 2054 3594 no-

2169 475 2500 548 longinquo,
2553 491 2659 532 non
2707 474 2776 532 de
2801 476 3046 547 proximo
3070 493 3086 543 ;
3113 490 3339 533 necesse
3381 485 3470 532 est
3508 477 3759 548 ignorent

2167 570 2395 642 qualiter
2434 569 2798 626 administrari
2844 579 2937 625 aut
2956 568 3143 641 iubeat
3170 577 3264 626 aut
3315 569 3600 640 prohibeat
3633 585 3759 643 quas

2164 664 2395 721 instituit
2413 662 2521 736 (9),
2544 662 2703 719 simul
2733 663 2854 734 quis
2879 662 2953 720 sit
2998 663 3226 719 annulus
3252 662 3369 736 (10)
3410 677 3477 719 ex
3504 663 3725 720 diverso
3744 698 3765 728 ς

2162 755 2528 813 adulterandis
2571 754 2759 811 usibus
2802 754 2997 811 divinze
3044 753 3399 824 conditionis,
3424 755 3546 828 quia
3579 768 3760 828 neque

2162 847 2491 903 voluntatem
2509 886 2528 916 ,
2576 862 2754 918 neque
2778 846 3144 904 adversarium
3168 846 3383 903 noveris
3415 847 3567 920 ejus.
3596 860 3759 918 quem

2162 942 2340 997 minus
2382 939 2617 996 noveris.
2660 937 2778 995 Non
2830 953 2965 1012 ergo
2995 939 3098 996 hoc
3139 938 3314 995 solum
3362 937 3762 1013 respiciendum

2164 1044 2245 1092 est
2269 1076 2284 1099 ,
2317 1049 2425 1107 quo
2452 1034 2571 1106 (11)
2597 1032 2780 1089 omnia
2810 1032 2919 1089 sint
2944 1031 3219 1097 instituta,
3267 1031 3365 1088 sed
3405 1046 3439 1087 a
3484 1046 3594 1102 quo
3630 1045 3763 1088 con-

2164 1142 2340 1186 versa.
2374 1126 2451 1182 Ita
2467 1127 2610 1182 enim
2636 1124 2915 1197 apparebit
2943 1123 3100 1194 cujus
3120 1121 3236 1194 (12)
3264 1122 3315 1178 vi
3357 1121 3754 1186 sintinstituta.

2167 1223 2211 1277 si
2233 1229 2493 1293 appareat
2527 1218 2680 1289 cujus
2700 1234 2808 1274 non
2832 1216 2942 1274 sint
2961 1215 3099 1288 (15).
3122 1215 3344 1272 Multum
3373 1216 3600 1272 interest
3619 1214 3763 1271 inter

2158 1315 2520 1386 corruptelam
2573 1322 2627 1369 et
2656 1312 3041 1385 integritatem,
3073 1311 3195 1383 quia
3228 1309 3452 1366 multum
3481 1318 3567 1365 est
3608 1309 3755 1366 inter

2159 1409 2523 1466 institutorem
2545 1414 2599 1461 et
2622 1404 3083 1476 interpolatorem.
3107 1402 3380 1458 Caeterum
3403 1415 3594 1458 omnes
3621 1414 3753 1473 spec

2159 1503 2567 1565 ciesmalorum,
2581 1516 2700 1572 qua:
2716 1499 2787 1573 (c)
2805 1498 2965 1555 etiam
2985 1496 3185 1554 ethnici
3205 1495 3323 1567 (14)
3351 1503 3409 1551 ιιι
3433 1493 3755 1559 indubitata,

2160 1605 2213 1652 et
2244 1593 2531 1668 prohibent
2553 1600 2610 1650 et
2634 1590 2951 1657 defendunt,
2976 1605 3039 1646 es
3068 1587 3325 1660 operibus
3347 1587 3439 1643 Dei
3466 1593 3751 1643 constant:

2162 1690 2258 1747 Vis
2285 1687 2400 1760 (15)
2429 1685 2774 1743 homicidium
2819 1683 2998 1748 ferro,
3024 1696 3268 1749 veneno,
3300 1679 3523 1760 magicis
3572 1679 3763 1736 devin-

2083 1752 2130 1813 Β
2157 1752 2518 1852 etionibus(d)
2541 1775 3025 1850 pertici(16).’l‘am
3046 1773 3245 1830 ferrum
3265 1772 3358 1829 Dei
3374 1757 3577 1836 resest,
3594 1787 3758 1844 quam

2157 1870 2369 1936 herbae,
2415 1884 2574 1940 quam
2620 1864 3122 1940 angeliznumquid
3176 1874 3350 1920 tamen
3420 1862 3472 1919 in
3526 1862 3765 1920 hominis

2159 1977 2349 2019 necem
2377 1960 2679 2016 auetorista
2712 1957 2984 2029 providit?
3015 1956 3215 2028 Atquin
3235 1969 3453 2011 omnem
3481 1951 3762 2010 homicidii

2166 2054 2402 2126 Speciem
2435 2066 2541 2108 uno
2583 2060 2637 2108 et
2666 2049 2947 2123 principali
2978 2057 3250 2120 praecepto
3284 2045 3596 2103 interemit:
3631 2043 3763 2101 Non

2159 2146 2356 2202 occides
2387 2143 2581 2217 (Ea-od.
2610 2143 2732 2214 ΞΟ.)
2763 2140 2997 2198 Proinde
3028 2155 3220 2197 aurum
3239 2181 3256 2205 ,
3304 2155 3410 2206 aes,
3437 2148 3715 2210 argentum
3738 2179 3757 2206 ,

2159 2238 2294 2294 ebur
2314 2279 2330 2304 ,
2363 2237 2564 2308 lignum
2584 2277 2599 2303 ,
2632 2242 2683 2290 et
2715 2248 3067 2311 qureeumque
3108 2231 3434 2289 fabricandis
3463 2232 3620 2288 idolis
3643 2248 3762 2288 ma-

2161 2329 2292 2385 teria
2318 2336 2566 2397 captatur
2589 2368 2606 2391 ,
2639 2327 2761 2398 quis
2816 2326 2875 2382 in
2919 2325 3122 2382 s:eculo
3167 2324 3383 2396 posuit,
3416 2325 3521 2381 nisi
3572 2325 3759 2383 saeculi

2158 2431 2346 2477 auctor
2365 2420 2543 2475 Deus?
2568 2418 2832 2490 Numquid
2862 2427 3039 2474 tamen
3067 2426 3126 2472 ut
3148 2416 3266 2474 ha-e
3290 2416 3550 2493 adversus
3580 2418 3759 2489 ipsum

2155 2513 2492 2571 adorentur?
2529 2512 2726 2582 Atquin
2775 2525 2984 2566 summa
3014 2509 3239 2581 offensio
3264 2508 3380 2582 (17)
3410 2524 3578 2581 penes
3608 2510 3760 2566 illum

2160 2606 2461 2662 idololatria
2489 2614 2591 2661 est.
2622 2602 2763 2672 Quid
2808 2619 2915 2659 non
2948 2603 3039 2679 Dei
3065 2612 3185 2670 est,
3214 2602 3361 2674 quod
3391 2603 3561 2658 Deum
3588 2601 3760 2660 oﬂ'en-

2159 2700 2275 2757 dit?
2302 2700 2409 2757 Sed
2431 2714 2554 2755 cum
2579 2697 2820 2762 oliendit,
2846 2696 2939 2753 Dei
2969 2711 3092 2752 esse
3116 2696 3311 2759 desiit;
3341 2705 3397 2751 et
3423 2709 3545 2751 cum
3569 2694 3753 2763 desiit,

2159 2792 2399 2849 olfendit.
2443 2792 2565 2864 Ipse
2594 2790 2758 2847 homo
2794 2790 3035 2845 omnium
3080 2788 3406 2859 flagitiorum
3435 2788 3758 2861 actor(l8),

2158 2904 2267 2943 non
2297 2896 2501 2943 tantum
2529 2901 2665 2958 opus
2690 2885 2805 2953 Dei,
2832 2899 3019 2941 verum
3065 2884 3226 2939 etiam
3253 2882 3431 2953 imago
3458 2890 3542 2937 est
3569 2881 3677 2954 (c),
3700 2892 3761 2938 et

2111 3038 2119 3045 ,
2160 2990 2337 3036 tamen
2369 2988 2425 3037 et
2453 2993 2684 3050 corpore
2709 2986 2766 3034 et
2805 2977 2994 3048 spiritu
3025 2975 3252 3032 descivit
3279 2972 3395 3047 (19)
3421 2989 3449 3028 a
3479 2989 3580 3029 suo
3602 2972 3759 3030 insti-

2158 3082 2353 3129 tutore.
2386 3071 2571 3144 Neque
2615 3072 2760 3128 enim
2810 3069 2997 3126 oculos
3026 3068 3092 3124 ad
3143 3067 3610 3139 eoneupiseentias
3636 3065 3761 3138 (‘10)

2159 3164 2507 3236 sumpsimus,
2528 3179 2712 3236 neque
2735 3162 2850 3235 (il)
2879 3162 3118 3234 linguam
3150 3159 3219 3216 ad
3270 3159 3635 3231 maliloquium
3655 3200 3671 3226 ,
3705 3168 3764 3215 et

2162 3274 2321 3317 aures
2347 3260 2415 3317 ad
2444 3258 2853 3333 exceptaculum
2880 3255 3174 3327 maliloquii
3199 3295 3215 3323 ,
3247 3264 3302 3310 et
3321 3254 3499 3326 gulam
3525 3252 3594 3308 ad
3622 3251 3763 3325 gula:

2157 3353 2362 3411 crimen
2395 3351 2462 3423 (Γ)
2483 3392 2499 3418 ,
2532 3358 2589 3406 et
2635 3356 2873 3407 ventrem
2903 3348 2970 3404 ad
3018 3347 3157 3419 gula:
3204 3347 3506 3403 satietatem
3531 3344 3683 3418 (22),
3705 3353 3764 3402 et

2167 3445 2422 3517 genitalia
2454 3443 2521 3500 ad
2547 3459 2801 3500 excessus
2819 3441 3167 3513 impudicitia:
3186 3483 3202 3508 ,
3234 3450 3288 3497 et
3313 3455 3505 3496 manus
3533 3439 3599 3495 ad
3627 3439 3760 3505 vim,

2154 3550 2215 3595 'et
2239 3554 2458 3611 gressus
2487 3537 2555 3595 ad
2580 3552 2770 3610 vagam
2798 3536 2964 3592 vitam
2989 3577 3005 3605 ,
3032 3540 3129 3591 aut
3155 3534 3376 3606 spiritus
3411 3531 3534 3590 ideo
3569 3531 3764 3589 lnsitus

1725 3670 2103 3734 LECTIONES
2138 3674 2551 3733 VARIANTES.

543 3786 591 3852 1)
622 3786 992 3852 Supervacuum
1016 3789 1137 3852 Jun.
1163 3785 1331 3840 Paris.

542 3848 591 3920 ἓ)
622 3848 870 3920 Ijecerant
893 3853 1015 3902 Jun.
1042 3850 1272 3920 fecerunt
1313 3848 1493 3920 Rigalt.

539 3911 593 3983 ξ)
629 3912 931 3983 Quamquam
955 3922 1026 3983 et_,
1050 3915 1091 3983 si
1117 3915 1184 3983 ita
1207 3919 1358 3963 esset.
1373 3911 1519 3983 f'l‘am
1543 3919 1637 3964 etc.
1659 3911 1912 3983 distinguit
1934 3918 2059 3968 Jun.

541 3973 594 4042 ᾗ)
627 3973 779 4042 gena,
805 3973 878 4042 itt_
884 3977 1045 4042 omnia
1068 3976 1182 4025 boni
1206 3977 1418 4026 auctoris
1434 3973 1545 4042 Riy.
1809 3973 1832 3983 '
1870 4016 1879 4023 .

544 4034 595 4102 ξ)
627 4034 820 4102 Equum
842 4034 1024 4102 Rigalt.

542 4096 595 4160 6)
627 4096 738 4160 Déo
762 4096 925 4151 Paris:
940 4097 1111 4160 Rigalt.

543 4157 597 4272 7)
631 4157 904 4210 Putaudum
932 4157 1089 4213 Paris.
1124 4172 1293 4225 neque
1323 4160 1481 4225 eulpte
1520 4161 1855 4224 deputandum
1878 4160 2056 4230 Rigalt.

543 4223 575 4271 8
631 4219 872 4271 Utendam
901 4224 1024 4272 Jun.

697 4233 872 4271 endam
901 4233 931 4272 J
942 4236 1024 4273 Im.

543 4223 575 4271 8
631 4223 872 4271 Utendam
901 4224 1024 4273 Jun.
1213 4223 1225 4225 ἡ
1410 4223 1419 4225 ἡ
1593 4223 1600 4224 “

541 4223 604 4396 ξιξ
626 4282 966 4333 Adutinistrarl
984 4285 1177 4349 jubeat,
1199 4300 1310 4349 qua:
1333 4285 1545 4336 instituit
1568 4281 1744 4349 Rigalt.

544 4345 567 4395 1
606 4344 626 4407 )
661 4344 781 4404 Qua
812 4345 882 4393 vis
906 4347 1080 4396 aemula
1105 4360 1169 4397 ex
1194 4348 1401 4397 adverso
1422 4346 1601 4413 Rigalt.

548 4407 624 4469 11)
658 4408 701 4456 A
730 4420 829 4470 quo
854 4409 1039 4459 Wouw.
1068 4412 1139 4458 Μ.
1168 4410 1223 4459 S.
1241 4406 1418 4471 Rigalt.

544 4344 626 4413 111)
661 4344 781 4413 Qua
812 4344 1401 4413 \‘isgeuiulaex'uadverso
1422 4346 1601 4413 Rigalt.

548 4406 624 4469 11)
658 4408 701 4456 A
730 4420 829 4470 quo
854 4409 1039 4459 Wouw.
1068 4412 1139 4458 Μ.
1168 4410 1223 4459 S.
1241 4406 1418 4475 Rigalt.

2079 4389 2134 4449 D

2251 3792 2331 3862 ρ)
2363 3790 2776 3862 (simillima:

2254 3856 2332 3926 ᾗ)
2367 3856 2419 3926 Si
2444 3856 2681 3926 appareat
2700 3856 2777 3926 cui
2800 3867 2921 3926 non.
2935 3856 3044 3926 Ilig.

2256 3914 2335 3979 14)
2367 3914 2671 3979 Indubitate,
2697 3914 2847 3970 Sentl.

2225 3980 2330 4041 (15)
2361 3980 2517 4031 Vides
2545 3983 2666 4032 Jun.

2249 4041 2532 4114 1.92913“
2573 4041 2682 4114 19's.

2154 4142 2163 4149 ε
2226 4103 2330 4175 (ΕΞ)
2364 4103 2823 4175 φσεβεαῇθςιιω.

2250 4166 2333 4234 lg)
2364 4169 2547 4234 Auctor
2569 4166 2734 4219 Paris.
2763 4166 2872 4228 Rig.
2910 4232 2917 4234 _
3005 4228 3014 4234 _
3047 4227 3076 4234 __
3155 4226 3170 4234 _
3314 4224 3369 4234 __

2254 4226 2328 4298 19)
2366 4228 2431 4298 Iit
2452 4234 2618 4298 tamen
2638 4226 2927 4298 corpore_et
2943 4227 3115 4292 spiritu
3139 4226 3417 4291 desiit

2249 4290 2331 4404 at
2842 4290 2953 4354 πίει·

2244 4365 2327 4477 ἒξ
2358 4365 2658 4467 ἕδοῗέῖέιθω
2690 4417 2813 4467 Jun.
2838 4426 2903 4465 ea:
2924 4414 3066 4465 M.S.
3091 4411 3215 4477 Εἰς..

1831 4517 2391 4580 COMMENTARIUS.

531 4625 626 4697 (ιι)
650 4626 732 4680 Ad
760 4627 892 4680 hanc
937 4626 1342 4683 obstinationem.
1374 4629 1674 4688 Familiaris
1715 4644 1796 4689 est
1850 4635 2055 4691 auctori

462 4711 564 4774 vox
606 4698 935 4774 _obslinat_io_
963 4699 1015 4774 in
1065 4698 1258 4774 bonam
1289 4711 1535 4774 partem,
1596 4719 1692 4774 pro
1745 4707 2051 4773 constantia,

457 4769 617 4843 sicuti
642 4768 1133 4843 et_aptulTacittun
1167 4770 1255 4825 lib.
1288 4771 1358 4827 IX
1392 4768 1659 4828 obstinatio
1690 4776 1828 4843 ﬁdei.
1866 4777 1999 4832 Pu.

534 4839 624 4915 (1»)
649 4839 977 4915 Abdicationc
999 4842 1338 4915 voluptatum.
1372 4843 1672 4914 Vagabatur
1690 4839 1889 4915 dogma
1917 4849 2058 4904 inter

459 4911 1111 4985 gentiles“philosophos,
1149 4923 1342 4985 utpote
1403 4911 1622 4984 magnos
1682 4911 2058 4985 procuratores

463 4981 738 5035 avertendi
780 4982 1021 5056 doloris,
1055 4981 1385 5056 abdicandus
1424 4981 1546 5040 esse
1584 4981 1881 5056 voluptates
1929 4990 2056 5046 ante

458 5060 713 5129 mortem,
749 5064 806 5107 ut
837 5053 952 5108 haec
980 5055 1165 5129 dolore
1190 5064 1415 5111 careret.
1451 5056 1649 5129 Dogma
1681 5053 1783 5114 hoc
1812 5058 2052 5129 philoso-

460 5122 674 5197 phicum
705 5134 1056 5197 reprzesentat
1078 5123 1281 5181 Seneca
1313 5129 1473 5197 epist.
1501 5122 1591 5183 27.
1628 5122 1891 5184 Putabant
1923 5146 2054 5197 ergo

460 5146 674 5189 puteum
706 5146 1056 5192 repraesentat
1078 5146 1281 5181 acneca
1313 5146 1473 5197 cpl5t.
1502 5146 1591 5183 ΖΙ.
1628 5146 1891 5184 γυιαυειηι
1923 5146 1984 5186 er
2022 5146 2052 5186 ο

458 5193 699 5275 gentiles
741 5194 867 5249 illud
897 5206 1219 5275 pra-ceptum
1250 5200 1490 5275 exerceri
1519 5198 1841 5275 Christianis
1867 5201 1920 5255 in
1954 5146 2052 5275 ag:

458 5264 731 5339 dicatione
760 5264 1212 5339 spectaculorum,
1258 5277 1315 5323 ut
1345 5274 1412 5336 Ita
1458 5269 1754 5339 paratiores
1778 5280 1959 5327 essent
1984 5271 2056 5328 ad

456 5334 735 5391 ferendam
766 5334 993 5391 mortem
1026 5338 1141 5392 sine
1165 5334 1373 5395 dolore.
1404 5334 1534 5395 Litc.

536 5408 613 5483 (c)
645 5406 784 5483 Qun:
813 5409 964 5483 etiam
998 5408 1202 5483 Ethnici
1230 5420 1284 5464 ut
1322 5411 1606 5466 indubitata
1643 5421 1689 5467 et
1714 5404 1981 5483 prohibent
2005 5422 2054 5468 et

463 5477 766 5552 defendunt.
814 5478 1137 5552 Defendunt,
1158 5482 1264 5552 hoc
1292 5491 1396 5549 est,
1429 5492 1699 5549 asserunt,
1714 5477 1917 5552 nempe
1935 5498 2056 5540 esse

457 5550 620 5612 mala,
663 5560 716 5625 et
742 5549 956 5625 quidem
981 5549 1323 5625 indubitata;
1370 5569 1490 5625 qua:
1519 5553 1725 5610 scilicet
1753 5549 1889 5610 mala
1934 5569 2056 5612 esse

455 5634 617 5694 nemo
644 5621 804 5694 etiam
834 5620 1448 5694 Etlmicorumambigit.
1474 5625 1594 5682 Βία.

531 5688 613 5762 ((1)
655 5686 870 5769 stagna:
896 5691 1310 5769 devinctionibus.
1341 5686 1933 5769 Devinctionesiaccipit
1954 5711 2055 5769 pro

455 5757 722 5831 ligatitris,
747 5757 819 5818 de
844 5762 1037 5832 quibus
1065 5762 1224 5818 latius
1246 5764 1337 5821 lib.
1369 5766 1437 5824 de
1463 5768 1679 5825 Anima.
1713 5767 1781 5824 Et
1808 5757 1893 5825 hi'c
1923 5757 2053 5827 vero

2161 4636 2383 4707 pulchra
2440 4646 2522 4694 est
2579 4637 2787 4695 Gelenii
2840 4638 3270 4711 castigatiotin
3319 4639 3537 4702 [taminia
3589 4654 3767 4711 necem

2162 4719 2361 4777 auctor,
2392 4724 2497 4781 pro
2518 4710 2570 4764 in
2592 4727 2710 4766 nece
2730 4721 2801 4766 est
2827 4720 3024 4765 auctor.
3052 4710 3130 4766 Ex
3155 4710 3253 4766 Ms.
3280 4710 3440 4781 paulo
3468 4718 3588 4781 post
3618 4710 3764 4781 lego,

2161 4781 2475 4906 gagitiorum
2508 4791 2651 4835 actor
2693 4798 2786 4849 pro
2816 4792 2995 4836 auctor
3026 4800 3038 4833 :
3065 4796 3236 4852 neque
3262 4783 3406 4836 enim
3453 4783 3640 4849 homo,
3664 4781 3766 4839 sed

2210 4851 2415 4906 iabolus
2444 4852 2792 4906 interpolator
2820 4853 3029 4906 illorum
3062 4863 3145 4906 est
3169 4860 3377 4906 auctor.
3408 4852 3550 4906 PM].

2210 4851 2415 4907 iabolus
2444 4852 2792 4921 interpolator
2820 4853 3029 4907 illorum
3062 4851 3377 4909 est’auctor.
3408 4852 3550 4909 PMI.

2235 4922 2320 4991 (θ)
2347 4922 2529 4994 Imago
2559 4922 2656 4976 Dei
2683 4933 2777 4978 est.
2806 4923 3050 4993 Iutellige
3075 4935 3309 4979 mentem
3337 4924 3616 4991 scriptoris
3642 4940 3657 4979 :
3688 4923 3767 4979 ait

2161 4990 2433 5048 hominem
2465 4990 2601 5049 'esse
2628 5002 2682 5049 et
2721 5006 2854 5065 opus
2901 4990 3009 5050 Dei
3040 5007 3096 5051 et
3141 4996 3426 5064 imaginem
3471 4995 3560 5049 Dei
3592 5008 3767 5064 :opus

2159 5073 2387 5137 propter)
2401 5079 2618 5137 corpus,
2648 5065 2932 5136 imaginem
2958 5074 3179 5134 prepter
3199 5067 3471 5137 spiritum.
3497 5065 3628 5121 Ideo
3654 5075 3767 5120 sta-

2161 5135 2253 5206 tim
2285 5135 2777 5206 adjicit,rdefeeisse
2815 5146 2869 5191 et
2888 5150 3116 5206 corpore
3135 5148 3188 5191 et
3214 5135 3423 5206 spiritu.
3449 5135 3635 5206 Itaque
3654 5150 3763 5191 non

2158 5204 2363 5277 debent
2380 5205 2634 5261 confundi
2661 5207 2846 5263 verba.
2879 5204 3012 5277 Nam
3041 5207 3203 5263 homo
3229 5204 3404 5277 iiuago
3432 5208 3526 5262 Dei
3550 5204 3762 5277 tantum

2158 5274 2356 5402 dieing-
2387 5286 2603 5347 propter
2632 5280 2901 5347 spiritum.
2934 5276 3082 5334 Zeno
3115 5274 3382 5334 Veronen.
3411 5294 3577 5334 serm.
3607 5276 3664 5332 2.
3708 5278 3762 5334 in

2158 5360 2280 5402 aen.
2350 5362 2436 5402 ac.

2156 5360 2280 5417 gen.
2307 5360 2436 5403 Lac.

2236 5418 2303 5492 (f)
2336 5417 2399 5472 Et
2444 5418 2617 5492 gulam
2642 5419 2711 5474 ad
2759 5421 2894 5492 gula:
2911 5420 3119 5476 crinten.
3149 5418 3304 5476 Gula:
3324 5421 3529 5477 crimen
3552 5419 3761 5492 solum-

2160 5488 2321 5544 modo
2352 5488 2728 5563 ecclesiasticis
2744 5488 2957 5563 fnotum
3006 5506 3101 5561 pro
3152 5492 3291 5563 gula:
3340 5491 3757 5563 intemperantia

2159 5572 2254 5614 seu
2283 5560 2603 5625 gulositate;
2633 5561 2870 5625 profanis
2898 5560 3180 5619 nonitem.
3202 5563 3464 5619 Similiter
3487 5562 3623 5619 dixit
3650 5562 3751 5620 lib.

2157 5628 2227 5706 de
2269 5628 2497 5706 Jejuniis
2522 5647 2536 5684 :
2566 5628 2746 5706 Adoni
2773 5634 2989 5689 salutem
3028 5634 3150 5706 gula
3184 5633 3525 5706 uendiditket
3565 5632 3660 5697 lib.
3705 5631 3749 5688 Ι.

2156 5699 2280 5754 adv.
2335 5699 2500 5755 Marc.
2555 5703 2821 5760 comitibus
2876 5699 3052 5777 gula;
3104 5705 3304 5760 libidini
3360 5704 3551 5760 scilicet
3596 5713 3760 5775 atque

2158 5770 2397 5826 lttsurite.
2429 5769 2563 5827 Pan.

2181 5785 2397 5826 usurus.
2431 5785 2563 5826 I’AI.
