4150 6352
320 299 427 361 65$

1493 301 1698 361 LIBER
1760 300 1849 360 DE
1885 299 2370 363 SPECTACULIS.
3053 303 3064 336 ’

3518 309 3624 372 δδι

321 417 564 491 corpori,
587 424 647 474 ut
670 415 1020 486 insidiarum,
1065 423 1123 474 et
1161 411 1407 474 fraudum
1433 459 1448 484 ,
1475 425 1532 474 et
1569 418 1911 490 iniquitatum
1939 423 1992 481 Α
2016 419 2440 490 spectaculorum
2490 419 2559 478 de
2599 420 2891 493 Scripturis
2939 423 3312 482 auctoritatem
3376 429 3626 498 exposcit

322 510 692 582 cogitatorium
715 512 866 567 ﬁeret
885 551 899 575 ,
934 526 1040 566 non
1072 509 1284 581 opinor.
1325 507 1458 565 Nam
1486 510 1530 566 si
1557 525 1772 566 omnem
1802 525 1915 566 ma-

323 603 658 673 lignitatem,
707 611 763 657 et
790 603 834 658 si
875 596 1084 658 tantam
1131 601 1214 675 (Ι)
1263 602 1516 658 malitiam
1558 602 1916 673 excogitatam

323 693 736 750 Deusexactor
789 694 1111 750 innocentia:
1174 693 1328 757 odit,
1397 693 1694 750 indubitate
1765 710 1915 764 qua:-

324 800 533 855 cunquc
576 785 850 852 condidit,
899 801 1006 841 non
1065 789 1117 840 in
1173 787 1374 864 exitum
1427 801 1652 858 cperunt
1706 793 1920 842 constat

329 878 634 935 condidisse
655 879 733 950 (a)
758 895 877 950 qua:
906 879 1148 947 damnat,
1168 877 1295 937 licet
1338 879 1525 936 eadem
1549 896 1713 950 opera
1744 897 1838 952 per
1856 893 1920 938 ea

325 987 442 1045 qua:
471 971 711 1027 condidit
745 971 1225 1040 administrentur,
1273 974 1491 1045 quando
1541 973 1657 1030 haec
1695 975 1765 1029 sit
1810 967 1919 1030 tota

323 1066 463 1123 ratio
489 1064 873 1133 damnationis,
896 1081 1150 1138 perversa
1177 1065 1567 1122 administratio
1595 1066 1920 1124 conditionis

321 1173 352 1214 a
376 1155 607 1214 conditis
637 1156 736 1228 (2).
766 1157 874 1212 Nos
902 1158 1063 1229 igitur
1089 1159 1202 1230 qui,
1232 1159 1459 1214 Domino
1481 1159 1560 1231 (5)
1575 1160 1788 1230 cognito
1818 1157 1915 1229 (b),

323 1253 482 1307 etiam
529 1251 782 1306 tumulum
809 1251 926 1322 ejus
969 1231 1283 1322 inspicimus
1322 1251 1400 1323 (4)
1427 1293 1441 1318 ,
1465 1251 1576 1323 qui,
1609 1253 1916 1308 institutore

323 1355 622 1416 comperto,
651 1347 813 1402 etiam
842 1347 1280 1418 interpolatorem
1304 1363 1408 1402 una
1427 1346 1880 1418 deprehendimus
1901 1387 1917 1415 ,

323 1454 498 1510 neque
525 1439 747 1506 mirari,
780 1455 953 1512 neque
1004 1440 1250 1497 dubitare
1289 1451 1524 1512 Oportet,
1553 1457 1716 1511 quum
1746 1442 1918 1511 ipsum

326 1528 626 1597 hominem,
656 1547 793 1601 opus
841 1541 894 1587 et
924 1533 1209 1603 imaginem
1241 1534 1534 1600 Dei,totius
1561 1533 1924 1590 universitatis

322 1640 716 1696 possessorem,
752 1625 840 1681 illa
871 1624 953 1699 (5)
978 1627 1056 1682 vis
1085 1627 1487 1698 interpolatoris
1514 1637 1568 1684 et
1594 1628 1924 1684 :emulatoris

321 1718 498 1790 angeli
527 1717 596 1773 ab
623 1719 777 1774 initio
797 1719 864 1776 de
888 1721 1192 1791 integritate
1216 1721 1496 1791 dejeeerit,
1513 1720 1594 1793 (ti)
1619 1723 1919 1779 universam

2018 511 2090 586 (ε)
2115 556 2130 579 ,
2163 523 2216 569 et
2248 529 2307 570 se
2333 516 2386 570 in
2434 515 2698 571 incertum
2726 517 3034 582 constituit,
3085 517 3226 590 quod
3259 533 3364 574 non
3409 511 3616 591 signiti-

2017 615 2205 661 canter
2234 621 2409 678 neque
2443 607 2759 662 nominatim
2789 607 3134 664 denuntietur
3160 611 3332 667 servis
3364 612 3456 667 Dei
3479 612 3608 668 abs-

2018 697 2241 752 tinentia
2265 697 2553 768 ejusmodi.
2585 697 2748 754 Plane
2777 715 3039 770 nusquam
3066 701 3390 768 invenimus,
3419 718 3610 774 quern-

2018 787 2306 845 admodum
2362 799 2548 860 aperte
2627 791 2857 860 positum
2903 799 2988 847 est
3047 791 3270 864 (Exod,
3301 794 3455 865 20.),
3503 795 3626 851 Non

2023 881 2220 936 occides
2239 924 2253 942 ,
2283 897 2384 936 non
2414 881 2610 936 idolum
2637 881 2773 936 coles
2792 925 2808 948 ,
2840 899 2941 936 non
2965 882 3276 939 adulterium
3300 926 3314 950 ,
3346 903 3446 940 non
3469 890 3620 959 frau-

2025 975 2138 1030 dem
2163 975 2397 1029 admittes
2427 991 2442 1040 ;
2473 975 2543 1030 ita
2573 983 2758 1031 exerte
2785 974 3085 1040 deﬁnitum,
3112 996 3130 1029 ι
3166 976 3280 1032 Non
3311 978 3362 1032 in
3402 975 3619 1034 Circum

2025 1068 2128 1124 ibis
2157 1066 2309 1141 (li),
2343 1083 2453 1123 non
2502 1067 2555 1123 in
2607 1067 2916 1134 theatrum;
2948 1085 3210 1141 agonem,
3268 1086 3464 1128 munus
3517 1088 3625 1130 non

2024 1161 2290 1231 spectabis
2320 1160 2457 1232 (i2).
2488 1179 2506 1214 ι
2543 1160 2649 1217 Sed
2678 1161 2980 1217 invenimus
3000 1161 3066 1217 ad
3091 1161 3227 1218 hanc
3253 1179 3465 1235 quoque
3495 1182 3628 1236 spe-

2025 1253 2164 1310 ciem
2193 1257 2463 1324 pertinere
2507 1254 2651 1310 illam
2684 1255 2912 1324 primam
2942 1257 3132 1311 vocetn
3186 1256 3385 1324 David,
3441 1258 3626 1329 Felix,

2022 1348 2196 1419 inquit
2223 1348 2241 1418 ζ
2249 1362 2330 1418 ps.
2362 1345 2429 1421 l.)
2459 1391 2474 1414 ,
2506 1348 2592 1418 qui
2635 1365 2737 1403 non
2767 1349 2890 1402 abiit
2935 1348 2988 1402 in
3017 1348 3292 1402 concilium
3319 1349 3590 1418 impiorum
3609 1389 3627 1418 ,

2024 1450 2069 1494 et
2091 1442 2143 1493 in
2163 1440 2242 1494 via
2273 1450 2588 1510 peccatorum
2629 1457 2730 1494 non
2759 1440 2912 1505 stetit,
2935 1450 2981 1496 et
3007 1442 3059 1494 in
3091 1441 3208 1510 (l5)
3238 1443 3479 1497 cathedra
3511 1460 3628 1512 pes-

2025 1533 2148 1586 tium
2172 1532 2254 1602 (d)
2288 1549 2389 1588 non
2438 1533 2588 1588 sedit.
2620 1532 2752 1588 Nam
2785 1532 2856 1602 (e)
2883 1535 2982 1587 etsi
3010 1533 3212 1602 justunt
3244 1534 3394 1590 illum
3422 1536 3634 1594 videtur

2025 1627 2370 1699 praedicasse,
2408 1609 2550 1698 quod
2582 1629 2632 1682 in
2669 1627 2899 1682 concilio
2915 1637 2968 1683 et
3016 1628 3068 1682 in
3096 1641 3362 1682 concessu
3397 1629 3510 1702 (14)
3539 1629 3634 1685 .lu-

2029 1719 2268 1774 daeorum
2300 1719 2366 1774 de
2414 1719 2524 1774 Deo
2554 1719 2869 1791 denegando
2900 1719 3480 1792 (15)consnltantium,
3526 1737 3632 1778 non

323 1813 683 1870 substantiam
731 1814 850 1884 ejus
890 1815 970 1888 (ἲ)
1021 1817 1229 1885 pariter
1256 1829 1376 1870 eum
1421 1815 1538 1886 ipso
1568 1816 1620 1870 in
1652 1817 1924 1885 perversi-
1952 1790 2004 1850 Β
2030 1813 2450 1872 communicavit
2483 1831 2497 1880 ;
2545 1815 2651 1870 late
2699 1822 2878 1868 tamen
2907 1829 3123 1884 semper
3150 1813 3425 1884 Scriptura
3453 1815 3632 1871 divina

322 1914 487 1961 tatem
515 1905 842 1961 detnutatam
863 1906 940 1978 (8)
967 1907 1225 1963 adversus
1254 1908 1615 1964 institutorem
1639 1949 1653 1974 ,
1681 1917 1736 1963 ut
1764 1924 1922 1980 quam

323 1995 574 2054 doluerat
599 1996 801 2053 homini
826 2013 1172 2066 concessam,
1217 2015 1325 2055 non
1352 2001 1454 2056 sibi
1477 2043 1491 2066 ,
1524 2002 1576 2056 in
1623 2018 1684 2057 ea
1715 2001 1826 2072 ipsa
1871 2010 1926 2059 et

322 2087 598 2144 hominem
637 2105 789 2145 reum
823 2090 933 2147 Deo
966 2091 1186 2160 laceret,
1237 2102 1293 2148 et
1320 2107 1474 2148 suam
1502 2093 1923 2152 dominationem

323 2180 639 2250 collocaret.

931 2278 1154 2336 CAPUT
1193 2279 1285 2336 III.

400 2367 512 2425 llac
563 2371 888 2428 conscientia
956 2371 1200 2430 instructi
1258 2373 1338 2446 (9)
1395 2374 1657 2430 adversus
1709 2376 1925 2447 opinio-

323 2477 453 2519 nem
500 2461 882 2531 ethnicorum,
936 2473 1314 2520 convertamur
1376 2467 1549 2538 magis
1598 2465 1667 2522 ad
1713 2477 1927 2522 nostro-

324 2567 448 2610 rum
498 2551 828 2611 detractatus
853 2555 987 2629 (10).
1036 2557 1402 2624 Quorumdam
1457 2557 1602 2614 enim
1655 2557 1787 2614 lides
1834 2565 1929 2614 aut

326 2644 658 2717 simplicior,
699 2656 791 2702 aut
819 2647 1184 2719 scrupulosior
1205 2691 1221 2718 ,
1249 2649 1316 2705 ad
1364 2648 1504 2704 hanc
1530 2648 1925 2706 abdicationem

2031 1907 2103 1980 (f)
2159 1905 2415 1961 dividitur
2453 1948 2466 1971 ,
2539 1906 2842 1977 ubicunque
2891 1905 3186 1960 secundum
3235 1907 3514 1976 praesentis
3556 1903 3632 1962 rei

2029 2015 2246 2056 sensum
2273 1998 2434 2054 etiam
2463 1998 2747 2069 disciplina
2778 1999 3014 2054 munitur
3034 2039 3050 2066 ,
3081 2007 3141 2054 ttt
3167 1998 3254 2054 hic
3283 1999 3400 2071 (l6)
3423 2015 3637 2071 quoque

2031 2107 2139 2148 non
2171 2092 2240 2147 sit
2265 2093 2440 2147 aliena
2469 2107 2574 2146 vox
2603 2107 2633 2145 a
2659 2091 3088 2162 spectaculorum
3136 2091 3531 2148 interdictione.
3561 2093 3619 2147 Si

2029 2183 2173 2240 enim
2200 2183 2457 2255 pauculos
2510 2192 2636 2238 tunc
2676 2182 2883 2253 judmos
2911 2183 3194 2254 impiorum
3233 2183 3517 2239 concilium
3551 2183 3634 2256 (g)

2030 2277 2270 2343 vocavit,
2323 2285 2527 2346 quanto
2570 2276 2740 2345 magis
2789 2284 2993 2330 tantum
3047 2285 3371 2330 conventum
3424 2275 3627 2332 ethnici

2029 2371 2209 2442 populi
2235 2371 2249 2425 !
2276 2373 2325 2425 ni
2354 2370 2425 2441 pii
2452 2369 2691 2435 ethnici,
2723 2369 2842 2441 (l7)
2881 2369 3056 2423 minus
3083 2376 3428 2442 peccatores,
3461 2368 3638 2424 minus

2028 2463 2210 2519 hostes
2236 2461 2457 2530 Christi,
2489 2476 2649 2532 quam
2693 2469 2818 2516 tunc
2846 2459 3038 2523 Judaei,
3070 2476 3175 2530 quo
3205 2459 3320 2533 (18)
3351 2471 3406 2516 et
3434 2471 3656 2516 caetera

2026 2565 2353 2629 congruunt.
2388 2555 2520 2612 Nam
2572 2553 2711 2626 apud
2753 2553 3063 2624 spectacula
3111 2564 3164 2635 et
3211 2553 3264 2608 in
3307 2553 3391 2608 via
3442 2560 3635 2609 statur.

2030 2648 2155 2705 Vias
2185 2649 2326 2704 enim
2360 2657 2552 2704 vocant
2579 2647 2656 2720 (h)
2687 2646 2932 2703 cardines
2977 2643 3275 2700 balteorum
3323 2660 3418 2717 per
3460 2645 3634 2701 ambi-

1573 2785 1960 2844 LECTIONES
2000 2785 2418 2843 VARIANTES.

393 2907 467 2980 (ε)
498 2893 934 2980 ’ζίιιιιιιιῃ-,ιίνοειιυἶ
957 2909 1029 2980 ἐξ.
1057 2907 1114 2958 S.
1140 2905 1248 2972 Ilig.

414 2969 468 3042 ἓ)
499 2973 542 3042 4
565 2970 776 3042 con_d_itis
803 2969 934 3021 abest
952 2969 1062 3035 Rig.

415 3027 469 3095 3)
502 3035 613 3084 Deo
638 3033 748 3106 Κίρ.
893 3091 904 3104 ο
999 3027 1035 3072 ι’

417 3097 469 3166 ἑ)
501 3095 955 3166 ἔρξρεκιειιιιεᾙιςι·
1013 3156 1092 3166 __
1160 3155 1170 3164 .

417 3153 469 3232 ξι
501 3153 770 3232 ξειεῖινανίρ-
799 3158 871 3232 vis
893 3153 1026 3232 abest
1047 3155 1213 3232 ξρεέεε

417 3217 470 3292 ρ)
504 3220 631 3292 Quin
659 3221 938 3291 universam
961 3217 1100 3292 addit
1131 3219 1319 3292 ironia.
1602 3279 1614 3292 ‘
1639 3280 1650 3292 _
1700 3278 1757 3292 ω

505 3283 699 3356 Eariter
723 3283 956 3356 contij
977 3279 1669 3356 integritatiinstitutatnadd.
1696 3279 1806 3347 Rig.

398 3343 466 3415 (is)
504 3343 1005 3415 pennitariLll’ouw.
1034 3346 1105 3394 Μ.
1133 3345 1188 3393 S.
1213 3344 1488 3396 demutavit
1510 3346 1620 3410 Rig.

409 3407 471 3469 '9)
504 3407 746 3456 Instructa
773 3407 880 3472 Rig.

423 3471 482 3520 10
540 3468 856 3519 Retractatus

397 3411 507 3595 ΞΗ)
540 3532 646 3582 Non
672 3532 771 3581 iliis
793 3532 844 3580 in
870 3534 880 3578 t

392 2975 413 3284 ἑ

423 3468 500 3520 101
540 3468 856 3519 Retractatus
888 3470 1076 3519 Wouw.
1105 3469 1172 3518 M.
1201 3468 1258 3519 S.

428 3529 507 3597 ll)
540 3532 646 3582 Non
672 3532 771 3581 iliis
793 3532 844 3580 in
870 3531 1062 3581 Circum
1081 3529 1194 3598 Rig.

2132 2905 2206 2970 12)
2245 2904 2580 2970 Exspectabis
2597 2901 2709 2970 Rig.

2131 2965 2210 3035 l5)
2241 2965 2433 3035 gee—
2458 2965 2678 3035 pestium
2691 2966 2822 3017 sedit
2838 2965 2946 3035 Εἰς.

2129 3031 2206 3096 lt)
2241 3029 2301 3096 ξι
2323 3031 2374 3080 in
2396 3029 2538 3096 sessu
2567 3031 2676 3096 Rig.

2130 3089 2208 3160 l5)
2242 3092 2320 3160 ge
2345 3092 2564 3160 negando
2587 3089 2784 3160 domino
2807 3089 2918 3160 Rig.

2133 3153 2210 3220 ιβ)
2241 3153 2363 3220 Haec
2405 3155 2589 3220 Wouw-
2618 3158 2687 3220 Μ.
2710 3155 2767 3220 ες

2129 3212 2204 3288 η)
2233 3217 2403 3288 pinus
2429 3212 2974 3288 impiielltniciﬁigalt.

2127 3279 2205 3346 18)
2227 3280 2356 3346 Quid
2379 3277 2508 3346 quod
2531 3277 2709 3346 Rigalt.
2738 3277 2922 3346 ethnici
2948 3278 3146 3343 pepuli?
3168 3279 3322 3346 impii,
3348 3279 3514 3346 minus
3529 3290 3645 3338 pec-

1957 3319 2005 3382 C
2037 3319 3646 3405 causa?Ita.33533113:“dirigamusistauastata?'55..

2051 3414 2105 3456 et
2127 3413 2308 3455 cetera
2345 3412 2640 3467 congruunt.
2673 3405 2856 3454 Wouw.
2876 3401 3016 3456 'Cod.
3050 3401 3219 3465 script.
3245 3401 3344 3466 quo
3369 3401 3430 3451 ad
3459 3408 3647 3453 caetera

2049 3474 2344 3530 congruunt.
2373 3468 2526 3520 Latin.
2547 3469 2667 3518 Jun.
2694 3467 2873 3518 mavult
2896 3470 3003 3527 Quo
3027 3475 3079 3518 et
3098 3472 3299 3517 cetera.

1704 3637 2267 3701 COMMENTARIUS.

418 3756 494 3830 (a)
537 3754 659 3811 Non
687 3758 740 3809 in
780 3756 969 3830 exitum
999 3754 1543 3830 operum_condidiss_e.
1573 3754 1750 3830 Locus
1775 3771 1951 3830 anno-

339 3825 536 3883 tandus
565 3837 752 3882 contra
773 3825 1075 3891 Calvinum,
1105 3827 1193 3897 qui
1213 3825 1446 3881 institut.
1479 3827 1570 3882 lib.
1597 3826 1682 3882 ΙΙΙ.
1710 3843 1830 3896 cap.
1854 3829 1943 3896 22,

336 3899 416 3956 2‘5
444 3908 499 3955 et
526 3899 617 3954 24.
647 3899 896 3965 adstruit,
928 3899 1070 3968 quod
1103 3898 1242 3953 Deus
1269 3899 1471 3954 creavit
1511 3900 1796 3955 maximam
1822 3916 1945 3968 par-

342 3983 454 4027 tem
481 3971 668 4043 mundi
694 3970 760 4023 ad
802 3970 1200 4043 damnationem
1229 3981 1288 4043 et
1313 3970 1667 4043 perditionem
1708 3970 1945 4043 simplici

342 4043 566 4098 decreto
587 4041 879 4095 voluntatis
902 4057 1035 4112 stur,
1063 4041 1515 4112 quemadmodum
1547 4042 1647 4112 ipsi
1671 4041 1739 4096 ab
1762 4041 1948 4100 llelve-

341 4114 436 4167 tiis
465 4113 732 4181 objectutu
781 4122 881 4166 est.
913 4111 1049 4167 Ρη.
1076 4110 1150 4152 '—
1194 4110 1263 4165 lu
1303 4115 1494 4167 exitum
1539 4110 1771 4182 operum.
1823 4114 1939 4170 Non

384 4185 522 4238 Iacet
549 4183 837 4248 Pamelius,
868 4184 957 4248 qui
1009 4182 1094 4238 hic
1141 4185 1342 4238 exitum
1369 4185 1579 4254 accepit
1631 4199 1726 4254 pro
1753 4187 1937 4241 exitio.

387 4200 522 4238 tacet
549 4200 837 4248 ratneuns,
868 4200 957 4248 qut
1009 4200 1094 4238 nte
1141 4200 1342 4238 exitum
1369 4200 1579 4254 accepit
1631 4200 1726 4254 pro
1753 4200 1937 4241 exuto.

339 4200 778 4312 Berfecussitnus
807 4265 891 4309 est
919 4271 1128 4310 sensus.
1149 4254 1279 4309 Nam
1300 4271 1400 4308 vox
1428 4256 1750 4311 conferenda
1773 4268 1852 4311 est
1873 4257 1940 4312 ad

346 4342 570 4398 pravum
603 4341 756 4380 usum
786 4342 986 4398 rerum,
1015 4335 1067 4381 et
1099 4327 1166 4380 ita
1189 4327 1368 4398 omnia
1391 4327 1698 4390 coluerunt;
1728 4343 1834 4382 non
1875 4328 1942 4384 ad

340 4397 636 4471 perniciem
656 4415 666 4449 :
685 4413 810 4471 (nam
834 4397 900 4452 de
923 4398 1023 4471 hac
1044 4412 1147 4452 non
1167 4397 1397 4471 disputat
1417 4398 1937 4471 Tertullianus.Lttc.

351 4467 359 4533 ί
416 4469 497 4542 (b)
536 4467 651 4542 Nos
680 4469 834 4542 igitur
859 4471 945 4541 qui
986 4467 1338 4542 Deo_cognito
1377 4470 1789 4542 etiamwmulum
1831 4473 1944 4540 ejus

339 4539 679 4609 inspeximus.
733 4539 879 4595 Nihili
924 4539 1246 4595 mutavimus
1295 4540 1346 4594 itt
1400 4542 1499 4594 hac
1529 4541 1771 4612 periodo,
1819 4539 1942 4612 quia

342 4613 423 4670 sic
453 4613 798 4667 eottstitutant
839 4613 1138 4681 reperimus
1172 4611 1221 4664 in
1250 4611 1436 4666 codice
1465 4611 1755 4681 Agohardi.
1803 4611 1869 4667 Et
1899 4616 1942 4668 si

343 4683 681 4740 commodior
732 4683 981 4740 videatur
1027 4685 1293 4752 srriptura
1348 4683 1470 4737 cod.
1522 4681 1692 4736 Fulvii
1725 4681 1942 4742 Ursini:

345 4754 462 4812 Nos
485 4756 637 4826 igitur
665 4756 753 4826 qui
785 4754 892 4810 Deo
920 4757 1121 4825 cognito
1143 4757 1293 4808 etiam
1323 4755 1563 4826 (cumtum
1587 4756 1698 4824 ejus
1722 4757 1948 4824 inspexi-

344 4845 463 4883 mus
489 4825 515 4891 ,
550 4825 685 4896 quid
718 4828 1006 4882 institutore
1048 4836 1304 4894 comperto
1343 4829 1493 4883 etiam
1522 4825 1946 4895 interpolatorem

345 4917 451 4954 una
473 4899 916 4970 deprehendimus,
947 4917 1038 4954 nec
1062 4901 1239 4954 mirari
1249 4943 1260 4958 .
1290 4917 1447 4968 neque
1475 4900 1706 4955 dubitare
1725 4913 1942 4969 Oportet,

343 4987 463 5026 cum
485 4973 650 5041 ipsunt
681 4972 954 5038 hominem,
983 4989 1111 5042 opus
1135 4983 1182 5026 et
1201 4973 1472 5042 imaginem
1502 4971 1621 5036 Dei,
1650 4975 1803 5027 totius
1827 4977 1944 5028 uui-

347 5044 603 5096 vcrsitutis
631 5059 990 5111 possessorem,
1020 5043 1112 5098 illa
1153 5046 1226 5098 vis
1252 5045 1630 5110 interpolatoris
1660 5055 1705 5098 et
1730 5047 1942 5100 tantula-

350 5114 476 5168 toris
505 5114 673 5185 angeli
700 5116 772 5166 ab.
793 5116 938 5169 initio
966 5117 1028 5170 de
1052 5116 1342 5186 integritate
1385 5116 1640 5186 dejecerit,
1670 5118 1791 5182 quin
1825 5119 1940 5171 titti-

345 5201 543 5259 versam
575 5187 908 5259 substantiam
955 5188 1086 5256 ejus,
1135 5188 1326 5255 pariter
1367 5203 1481 5240 cum
1519 5187 1629 5257 ipso
1667 5189 1943 5259 integritati

343 5257 654 5317 institutam,
685 5257 872 5325 pariter
896 5275 1010 5311 cum
1048 5259 1158 5326 ipso
1186 5259 1238 5312 in
1270 5259 1640 5329 perversitatem
1670 5257 1943 5316 deniutarit

346 5329 588 5382 adversus
609 5330 968 5395 institutorem,
999 5339 1103 5385 etc.
1134 5330 1254 5386 th.

421 5402 499 5468 (ο)
542 5399 619 5454 De
663 5402 928 5473 scripturis
966 5403 1317 5456 auctoritatem
1364 5403 1607 5472 exposcit.
1642 5402 1942 5473 Cyprianus

347 5470 418 5526 de
438 5472 852 5544 spectaculis-ait
877 5487 1092 5542 quoilue
1123 5475 1192 5527 ita
1224 5470 1506 5544 quaesitum
1531 5490 1558 5527 a
1589 5470 1932 5530 ChriStianis:

349 5543 536 5667 Σωτὴρ
561 5542 700 5610 ejus)
721 5541 840 5610 Ubi,
861 5541 1124 5614 inquiunt,
1151 5541 1342 5614 scripta
1357 5557 1474 5599 sunt
1499 5546 1636 5600 ista?
1659 5548 1742 5600 ubi
1761 5549 1935 5614 prohi-

384 5613 502 5667 ita.’
527 5623 582 5667 et
623 5613 805 5667 adiicit
847 5614 964 5667 loca
991 5616 1299 5667 Set-intuma.
1323 5619 1516 5667 ouilms
1543 5618 1840 5667 niterentur
1863 5619 1930 5667 ad

384 5613 458 5667 ita
477 5613 510 5687 2Δ
527 5623 582 5669 et
623 5613 805 5684 adjicit
847 5613 964 5670 loca
991 5613 1299 5686 Scripturte,
1323 5619 1516 5687 quibus
1543 5613 1840 5674 niterentur
1863 5619 1931 5674 ad

350 5684 555 5760 tuenda
594 5687 915 5760 Spectacula,
950 5689 1087 5760 male
1112 5684 1132 5760 ί
1148 5684 1428 5760 explicata,
1481 5699 1598 5757 post
1626 5705 1744 5760 qua:
1767 5690 1934 5758 subji-

348 5758 424 5829 cit
456 5754 622 5829 illoc
641 5757 693 5810 in
715 5757 824 5811 loco
854 5758 1087 5818 dixerim,
1116 5754 1264 5828 longe
1282 5757 1460 5812 melius
1482 5754 1659 5829 fuisse}
1687 5761 1795 5816 istis
1815 5754 1932 5816 nul-

353 5827 430 5882 lus
456 5828 649 5884 litteras
675 5845 842 5898 nosse,
871 5845 1022 5900 quam
1044 5831 1116 5885 sic
1141 5827 1334 5885 litteras
1353 5827 1531 5900 legere.
1563 5831 1694 5886 Lac.

2126 3759 2208 3833 (ti)
2251 3758 2316 3833 In
2347 3760 2588 3833 cathedra
2620 3757 3029 3833 pestiumaldem
3063 3757 3496 3833 habeteruditus
3519 3757 3645 3833 Cle-

2052 3829 2207 3887 mens
2236 3831 2392 3888 Alex.
2427 3831 2707 3902 Paedagogi
2736 3831 2828 3885 lib.
2862 3830 2948 3885 Ill.
2979 3845 3120 3902 (eum
3153 3831 3295 3886 enim
3347 3830 3513 3885 utitur
3543 3829 3648 3888 hoc

2053 3903 2171 3958 loco
2191 3904 2466 3973 prophetae
2493 3904 2647 3972 regii,
2669 3901 2933 3967 infertque
2953 3901 3271 3957 Christianis
3282 3902 3424 3955 omni
3447 3917 3646 3970 genere

2049 3974 2476 4044 spectaCnlorum
2499 3987 2620 4030 ease
2647 3973 3255 4042 interdictum,suhjicit,
3281 3980 3351 4026 Οὑ
3379 3977 3427 4027 δὲ
3450 3977 3647 4027 ἐτειχί-

2049 4069 2139 4107 τως
2168 4054 2232 4102 τὰ
2253 4050 2434 4100 στάδια
2461 4057 2544 4100 καὶ
2585 4052 2648 4099 rit
2675 4053 2852 4116 Ματρί(
2893 4048 3122 4115 καθέδραν
3165 4054 3358 4112 isquiis
3395 4054 3648 4116 προσέιποι

2047 4143 2122 4179 τις
2147 4122 2226 4180 ἂν,
2258 4117 2529 4188 neque-abs
2550 4117 2735 4188 requis
2761 4117 2955 4169 theatra
2977 4129 3020 4170 et
3039 4117 3328 4185 spectacula
3353 4116 3647 4170 cathedram

2046 4187 2344 4258 pestilentitr
2368 4188 2573 4243 dixerit.
2605 4187 2684 4242 Le
2710 4187 2806 4241 Ptt.

2118 4259 2196 4333 (e)
2239 4258 2378 4333 Nam
2437 4261 2540 4333 etsi
2593 4261 2808 4333 justum
2867 4257 3015 4312 illum
3061 4258 3261 4312 videtur
3315 4258 3645 4333 praedicasse.

2047 4328 2225 4386 liniu'it
2266 4328 3091 4403 .lnsepltutnArimathaaensem,
3140 4328 3519 4403 quemLucas
3572 4330 3647 4384 ait

2046 4403 2218 4456 virum
2250 4400 2414 4458 fuisse
2447 4402 2669 4470 probqu
2699 4415 2762 4456 ac
2802 4400 3027 4471 justum,
3079 4418 3176 4456 nec
3201 4400 3508 4457 interfuisse
3553 4411 3646 4455 aut

2046 4475 2385 4542 consensisse
2431 4473 2738 4528 Judmortuu
2791 4473 3018 4527 consilio
3060 4473 3317 4528 adversus
3344 4471 3643 4527 Christum.

1971 4583 2023 4642 1)
2051 4543 3642 4642 ἓὲξὶῗῖῗ.ΞῩῘΡΞΕεἶέὶῗῖίῗὶῗ¹¹ἑ¹ὶξῖἷΪῗίιῖφθῗς.Ϊῖἒῖῗξᾘδίῖίηῖ⁸

2056 4615 2401 4671 Tertulliauus
2421 4617 2474 4670 in
2507 4616 2634 4670 libro
2662 4615 2724 4668 de
2747 4615 3086 4685 Spectarulis,
3112 4617 3289 4670 asserit
3311 4615 3468 4685 hunc;
3488 4612 3648 4666 Psal-

2053 4705 2189 4739 mum
2223 4698 2266 4740 et
2311 4688 2372 4740 de
2401 4686 2628 4758 Josepho
2657 4683 2802 4755 posse
2827 4687 3075 4758 intelligi,
3112 4687 3199 4758 qui
3229 4703 3411 4758 corpus
3439 4683 3647 4738 Domini

2050 4759 2295 4828 sepeliuit,
2319 4769 2366 4812 et
2387 4761 2449 4812 de
2479 4756 2555 4812 his
2595 4760 2678 4828 qui
2724 4761 2791 4811 ad
2818 4757 3108 4827 spectacula
3140 4756 3373 4828 Gentium
3397 4773 3498 4808 non
3525 4771 3646 4828 con-

2052 4827 2274 4883 veniunt.
2323 4831 2459 4885 Sunt
2501 4831 2588 4900 qui
2609 4827 2714 4884 eos
2742 4831 3168 4883 Commentarios
3195 4827 3521 4900 Hieronymo
3546 4827 3645 4880 ad-

2052 4903 2309 4956 scribunt.
2342 4898 2533 4957 lnserti
2559 4913 2684 4956 sunt
2709 4912 2887 4954 autem
2916 4901 3170 4968 operibus
3196 4898 3376 4954 Betim.
3402 4898 3520 4953 RIG.

2125 4975 2190 5044 (ί)
2231 4973 2355 5030 Late
2418 4986 2584 5028 tamen
2637 4989 2832 5042 semper
2862 4972 3128 5044 Scriptura
3167 4970 3341 5044 divina
3377 4969 3643 5044 diuiditur.

2052 5044 2132 5100 Ex
2165 5039 2359 5100 divitue
2387 5046 2553 5116 copia:
2582 5039 2888 5108 occasione,
2920 5039 3078 5096 utiait
3121 5041 3381 5096 adversus
3413 5039 3650 5096 Valenti-

2048 5120 2255 5172 niauos.
2289 5119 2408 5174 lito.

2120 5191 2197 5259 (ε)
2233 5189 2446 5244 .lmlteos
2472 5189 2744 5256 impiorum
2775 5184 3066 5259 concilium.
3099 5182 3209 5238 lloe
3232 5184 3449 5259 _tnisero_
3468 5183 3648 5259 elogio

2046 5256 2220 5316 allec—ti
2247 5273 2366 5315 sunt
2390 5262 2472 5314 isti
2502 5259 2812 5314 miserrimi.
2836 5256 2924 5311 Sic
2945 5265 2999 5310 et
3026 5256 3348 5323 Augustinus
3365 5256 3524 5325 epist.
3549 5257 3644 5312 Μ.

2046 5331 2244 5401 ltnpios
2277 5345 2426 5388 vocat
2461 5331 2693 5394 ludatis,
2739 5327 2894 5384 Joan.
2922 5325 3385 5401 Chryso_st.__orat.
3430 5327 3484 5381 2.
3518 5329 3644 5382 adv.

2048 5395 2187 5464 illos,
2234 5404 2327 5457 dat
2371 5405 2480 5458 illis
2524 5405 2762 5463 ἀσεείιειν,
2817 5407 2871 5452 et
2925 5395 3080 5452 eone.
3109 5395 3392 5453 Trnllense
3436 5413 3554 5468 cap.
3593 5401 3645 5454 l.

2046 5480 2330 5530 δυσσέϐειαν.
2367 5475 2619 5544 Dionysio
2647 5470 3008 5526 Alexandrino
3034 5479 3292 5544 vocantur
3315 5470 3522 5538 perﬁdi.
3582 5471 3649 5525 Et

2037 5546 2192 5602 Joan.
2217 5541 2637 5618 Chrysostfloco
2676 5545 2838 5597 citato
2880 5549 3032 5595 vocat
3080 5541 3201 5618 i_|lns
3232 5548 3505 5611 πιρένομον
3551 5564 3642 5596 πο·

2039 5627 2236 5681 λιτείαν,
2270 5611 2478 5673 et'inl'ra
2510 5619 2712 5686 ὺαιργεῖς
2737 5625 3058 5683 χιὶμιαρονς.

2114 5691 2197 5762 (lt)
2251 5689 2366 5742 Vias
2395 5682 2730 5762 eniut_voc_ant
2751 5695 2797 5739 et
2823 5682 3055 5762 cardines
3080 5683 3381 5762 balteorum.
3418 5682 3492 5737 De
3542 5682 3628 5762 his

2035 5755 2282 5816 omnibus
2310 5775 2428 5829 qua:
2474 5757 2539 5811 ad
2585 5759 2798 5811 Circum
2835 5757 3111 5829 pertinent
3158 5755 3411 5829 notabilia
3456 5756 3623 5829 multa

2032 5831 2246 5903 collegit
2274 5824 2616 5886 doctissimus
2654 5824 2950 5886 Salmasius
2983 5825 3237 5882 l'liuiauis
3265 5825 3333 5881 ad
3377 5824 3622 5883 Solinum
