4150 6352
484 243 596 363 ὼε

1897 278 2358 341 τεκτῠιιιΔΝι

3670 278 3790 343 656

489 418 604 467 tum
658 405 758 479 (a),
798 411 854 463 et
889 401 1200 463 discrimina
1243 398 1582 473 popularium
1634 411 1733 471 per
1760 397 2080 470 proclivum.
2109 399 2163 460 Δ
2188 397 2241 453 in
2266 394 2553 454 cunabulis
2583 392 2666 468 (ὅ)
2696 394 2751 451 in
2799 393 2998 451 saecqu
3022 392 3390 452 adoleverint:
3436 396 3632 453 exinde
3657 396 3795 455 tito-'-

488 499 757 559 Catbedra
780 511 995 570 quoque
1022 495 1329 555 nominatur
1358 495 1477 567 ipse
1502 494 1557 551 in
1586 493 1829 551 anfractu
1858 492 1926 548 ad
1957 506 2085 549 coo-

489 610 698 657 sessum
727 594 883 653 situs.
912 591 1098 661 Itaque
1125 605 1157 647 e
1181 589 1457 646 contrario
1483 586 1671 645 infelix
1695 588 1786 659 qui
1815 588 1867 643 in
1906 585 2085 658 quod.

487 701 700 758 cunque
720 683 1008 742 concilium
1037 682 1331 753 impiorum
1357 680 1580 749 abierit,
1608 688 1663 736 et
1682 680 1738 735 in
1765 694 2085 752 quacunque

486 781 569 836 via
602 787 946 850 peccatorum
991 776 1235 843 steterit,
1285 783 1341 832 et
1368 776 1424 831 in
1465 788 1785 846 quacunque
1830 774 2084 831 cathedra

488 870 719 943 pestium
757 867 982 925 sederit.
1037 865 1377 925 Generaliter
1432 865 1634 927 dictum
1674 865 2040 937 intelligamus
2065 906 2081 930 ,

486 976 609 1018 cum
640 959 768 1031 quid
813 959 975 1016 etiam
1021 958 1327 1029 specialiter
1355 957 1698 1029 interpretari
1739 958 1902 1029 capit.
1951 957 2084 1013 Nam

488 1051 879 1132 etgspecialiter
894 1046 1139 1122 quadam
1171 1051 1508 1122 pronuntiata
1528 1050 1624 1122 (ὁ),
1654 1050 1977 1122 generaliter
1994 1066 2085 1106 sa-

490 1133 667 1219 piunt.
714 1145 850 1203 Cum
880 1144 1025 1201 Deus
1064 1143 1337 1201 lsraelitas
1362 1143 1618 1200 admonet
1664 1143 1963 1214 disciplinae
2000 1142 2087 1200 vel

488 1240 765 1311 objurgat,
795 1237 980 1305 utique
1021 1236 1090 1292 ad
1117 1251 1305 1292 omnes
1349 1235 1511 1292 habet
1543 1234 1738 1307 (Exod.
1784 1233 1932 1308 13.):
1962 1249 2084 1291 cum

492 1332 727 1405 Egypto
757 1340 813 1387 et
856 1328 1147 1401 lEthiopiae
1193 1328 1424 1385 exitium
1475 1327 1861 1393 comminatur,
1893 1327 1944 1381 in
1971 1342 2088 1383 om-

490 1441 615 1481 nem
640 1430 856 1495 gentem
883 1422 955 1493 (c)
989 1424 1345 1492 peccatricem
1397 1420 1730 1491 praeiudicat.
1769 1418 1862 1475 Sic
1907 1417 2089 1475 omnis

491 1532 625 1590 gens
668 1514 938 1585 peccatrix
963 1523 1183 1570 vocatur
1210 1504 1473 1584 ASg'yptus
1501 1520 1556 1568 et
1583 1510 1853 1583 ASthiopia
1877 1509 1992 1584 (la.
2020 1510 2089 1566 14

488 1620 537 1665 et
563 1606 733 1679 alibi.)
755 1649 768 1672 ,
792 1621 822 1661 a
847 1606 1026 1676 specie
1045 1603 1109 1660 ad
1137 1619 1323 1675 genus.
1349 1602 1810 1671 Quemadmodum
1832 1603 1996 1660 etiam
2021 1601 2089 1658 de

489 1700 698 1771 origine
725 1695 1159 1768 spectaculorum
1198 1709 1360 1753 omne
1390 1694 1758 1766 spectaculum
1796 1692 2085 1751 concilium

490 1800 645 1849 vocat
670 1789 992 1857 inmiorum,
1024 1802 1054 1843 a
1080 1802 1279 1859 genere
1305 1787 1374 1844 ad
1399 1787 1655 1859 speciem.

1097 1878 1323 1937 CAPUT
1361 1878 1452 1936 IV.

562 1977 641 2034 Ne
692 1976 814 2048 quis
866 1974 1235 2048 argumentari
1278 1989 1379 2030 nos
1428 1981 1604 2045 putet,
1635 1972 1706 2030 ad
1735 1972 2088 2045 principalem

491 2070 871 2126 auctoritatem
897 2066 1184 2127 convertar
1227 2066 1397 2138 ipsius
1422 2065 1684 2136 signaculi
1727 2066 1917 2123 nostri.
1950 2065 2087 2123 Cum

490 2178 685 2235 aquam
756 2161 987 2231 ingressi
1038 2157 1390 2215 christianam
1447 2157 1608 2215 fidem
1669 2158 1726 2214 in
1779 2156 1915 2228 legis
1972 2172 2088 2215 suae

490 2254 656 2311 verba
708 2251 1024 2323 proﬁtemur
1045 2290 1061 2317 ,
1090 2250 1436 2311 renuntiasse
1461 2263 1561 2305 nos
1588 2248 1805 2307 diabolo
1853 2258 1908 2304 et
1935 2262 2089 2319 pom-

490 2362 575 2419 pae
623 2352 679 2402 et
715 2343 921 2415 angelis
975 2343 1096 2414 ejus
1126 2357 1222 2399 ore
1277 2352 1463 2409 nostro
1509 2349 1897 2401 contestamur.
1946 2342 2089 2410 Quid

490 2440 597 2499 erit
643 2453 914 2501 summum
982 2452 1047 2495 ac
1101 2436 1180 2508 (ι)
1233 2437 1559 2507 praecipuum
1586 2477 1601 2502 ,
1658 2435 1713 2491 in
1747 2450 1855 2507 quo
1895 2434 2089 2492 diabo-

480 2534 577 2591 lus
632 2542 688 2591 et
737 2546 950 2603 pompa:
998 2539 1054 2588 et
1108 2530 1287 2601 angeli
1334 2528 1453 2600 ejus
1505 2539 1868 2596 censeantur,
1923 2540 2090 2600 quam

493 2624 841 2683 idololatria?
870 2639 937 2680 ex
964 2639 1067 2694 qua
1096 2622 1272 2681 omnis
1303 2620 1611 2679 immundus
1637 2631 1694 2678 et
1725 2636 1956 2691 nequam
1980 2621 2091 2691 spi-

467 2714 628 2774 'ritus
646 2759 661 2786 ,
692 2726 749 2774 ut
777 2718 849 2772 ita
877 2716 1133 2782 dixerim,
1168 2714 1293 2785 quia
1320 2729 1420 2770 nec
1447 2713 1651 2770 diutius
1676 2712 1745 2770 de
1769 2712 1893 2771 hoc.
1925 2712 2090 2785 igitur

492 2811 539 2868 si
568 2827 637 2866 ex
664 2809 965 2866 idololatria
989 2809 1298 2864 universam
1323 2806 1755 2878 Spectaculorum
1783 2815 2087 2877 paraturam

493 2913 749 2961 constare
796 2901 1137 2969 constiterit,
1194 2900 1493 2965 indubitate
1532 2894 1938 2975 praeiudicatum
1987 2898 2093 2955 erit

492 2999 655 3056 etiam
696 2997 763 3052 ad
795 2995 1101 3067 spectacula
1130 2994 1401 3065 pertinere
1442 2991 1855 3057 renuntiationis
1892 3001 2091 3048 nostrae

495 3088 864 3146 testimonium
923 3087 977 3143 in
1007 3088 1260 3156 lavacro,
1306 3100 1427 3157 quas
1465 3085 1680 3143 diabolo
1706 3092 1762 3143 et
1797 3099 2006 3157 pompae
2037 3093 2093 3141 et

498 3183 704 3255 angelis
727 3182 843 3239 eius
864 3182 974 3238 sint
991 3180 1295 3254 mancipata
1311 3222 1329 3251 ,
1360 3179 1569 3239 scilicet
1590 3196 1684 3252 per
1706 3178 2091 3239 idololatriatn.

493 3274 1055 3345 Commemorabimus
1083 3273 1318 3353 origines
1362 3273 1696 3346 singulorum
1720 3315 1737 3343 ,
1772 3271 1964 3345 quibus
2015 3264 2125 3349 (2)

2188 492 2270 549 los
2318 490 2712 563 quorumdam,
2745 489 2939 561 quibus
2997 488 3301 547 nominibus
3363 501 3788 562 nuncupentur:

2187 586 2384 643 exinde
2411 594 2705 657 apparatus
2725 626 2739 652 ,
2785 583 2979 655 quibus
3008 583 3483 652 superstitionibus
3510 585 3787 640 instruan—

2189 686 2275 736 tur
2315 697 2331 736 :
2381 689 2494 734 tum
2541 677 2619 751 (4)
2667 678 2784 734 loca
2811 720 2825 744 ,
2881 676 3076 747 quibus
3130 675 3449 747 praesidibus
3496 675 3787 734 dicentur:

2188 781 2300 829 tum
2334 773 2414 846 (5)
2443 780 2608 840 artes,
2635 771 2829 842 quibus
2850 769 3166 827 auctoribus
3192 770 3535 839 deputentur.
3567 771 3623 827 Si
3654 769 3789 841 quid

2190 878 2254 919 ex
2287 864 2372 920 bis
2398 878 2504 920 non
2533 862 2598 919 ad
2648 863 2850 918 idolum
2880 862 3237 932 pertinuerit,
3272 861 3324 917 id
3356 877 3531 934 neque
3567 863 3634 919 ad
3662 862 3787 921 ido-

2188 956 2455 1012 lolatriam
2480 998 2495 1023 ,
2526 970 2700 1027 neque
2725 954 2791 1010 ad
2823 962 3058 1008 nostram
3086 953 3438 1024 cierationem
3472 952 3785 1026 pertinebit.

2819 1046 3048 1105 CAPUT
3086 1047 3153 1103 γ.

2265 1144 2340 1199 De
2386 1141 2682 1216 originibus
2725 1139 2944 1212 quidem
2998 1149 3057 1195 ut
3097 1139 3483 1195 secretioribus
3531 1149 3587 1196 et
3636 1140 3793 1212 igno-

2194 1236 2261 1292 tis
2303 1250 2470 1306 penes
2516 1234 2699 1306 plures
2744 1243 3052 1289 nostrorum
3095 1232 3286 1299 altius,
3319 1246 3420 1287 nec
3462 1231 3679 1288 aliunde
3706 1233 3793 1288 in-

2188 1326 2558 1399 vestigandum
2592 1324 2686 1381 fuit
2716 1324 2819 1397 (d):
2846 1332 3005 1396 quam
3035 1324 3105 1380 de
3134 1324 3513 1380 instrumentis
3548 1324 3794 1381 ethnica-

2192 1436 2312 1476 rum
2342 1419 2424 1491 (6)
2474 1419 2793 1474 litterarum.
2843 1418 3071 1473 Exstant
3097 1427 3345 1474 auctores
3364 1417 3542 1486 multi,
3575 1418 3663 1487 qui
3692 1433 3793 1474 su-

2190 1528 2290 1585 per
2314 1514 2414 1568 ista
2438 1528 2501 1568 re
2526 1511 2946 1567 commentarios
2991 1508 3296 1566 ediderunt.
3326 1510 3410 1564 Ab
3434 1509 3517 1564 bis
3542 1509 3791 1566 ludorum

2192 1605 2343 1679 origo
2371 1606 2449 1662 sic
2471 1605 2696 1661 traditur
2731 1623 2749 1662 :
2780 1603 2958 1676 Lydos
2988 1618 3054 1659 ex
3083 1604 3215 1659 Asia
3238 1612 3552 1659 transvenas
3582 1604 3634 1659 in
3681 1604 3794 1660 lle-

2193 1699 2362 1755 truria
2411 1698 2764 1764 consedisse,
2816 1706 2873 1753 ut
2918 1695 3156 1753 Timaeus
3207 1694 3414 1762 refert,
3472 1695 3608 1751 duce
3651 1695 3796 1769 Tyr-

2115 1771 2165 1833 B
2193 1792 2365 1850 rbeno
2389 1833 2403 1858 ,
2436 1792 2528 1862 qui
2575 1789 2727 1846 fratri
2772 1805 2870 1845 suo
2909 1797 3152 1846 cesserat
3198 1788 3349 1859 regni
3396 1787 3741 1844 contentione
3773 1802 3795 1843 :

2191 1889 2353 1960 igitur
2385 1886 2440 1942 in
2463 1883 2733 1953 Hetruria,
2764 1884 2903 1940 inter
2930 1891 3159 1939 caeteros
3194 1883 3329 1938 ritus
3351 1881 3798 1952 superstitionum

2190 1992 2411 2036 suarum
2455 1978 2763 2050 spectacula
2802 1991 3017 2049 quoque
3063 1975 3342 2047 religionis
3372 1974 3590 2031 nomine
3637 1975 3795 2030 insti-

2196 2080 2354 2129 tuunt
2385 2089 2399 2128 :
2430 2071 2554 2127 inde
2574 2070 2802 2126 Romani
2831 2070 3123 2125 accersitos
3170 2068 3408 2125 artifices
3447 2076 3757 2123 mutuantur
3776 2108 3795 2135 ,

2192 2172 2404 2239 tempus
2427 2206 2443 2231 ,
2494 2163 2922 2220 enuntiationem
2948 2203 2964 2229 ,
3017 2171 3075 2217 ut
3103 2161 3216 2218 ludi
3261 2178 3291 2216 a
3322 2161 3487 2235 Lydis
3518 2162 3590 2235 (e)
3638 2177 3799 2219 voca-

2193 2265 2399 2312 rentur.
2427 2255 2533 2312 Sed
2563 2256 2664 2311 etsi
2714 2253 2887 2309 Varro
2933 2252 3091 2309 ludos
3131 2268 3162 2307 a
3193 2253 3350 2319 ludo,
3402 2253 3453 2307 id
3482 2262 3566 2308 est
3593 2267 3623 2306 a
3673 2253 3799 2309 lusu

2191 2351 2614 2421 interpretatur,
2662 2350 2801 2404 sicut
2836 2355 2891 2405 et
2918 2346 3194 2419 Lupercos
3222 2347 3377 2402 ludos
3416 2346 3794 2417 appellabant,

2191 2442 2335 2515 quod
2362 2440 2598 2498 ludendo
2646 2440 2983 2506 discurrant;
3043 2448 3227 2495 tamen
3270 2454 3395 2495 eum
3425 2439 3600 2494 lusum
3640 2439 3803 2510 jure-'-

2193 2550 2321 2591 num
2346 2546 2401 2591 et
2428 2534 2620 2590 diebus
2653 2533 2840 2600 festis,
2870 2546 2923 2589 et
2952 2531 3168 2603 templis
3187 2572 3203 2598 ,
3234 2541 3289 2587 et
3331 2530 3677 2602 religionibus
3708 2545 3799 2587 re-

2194 2635 2365 2698 putat.
2418 2625 2563 2681 Nihil
2605 2626 2718 2697 jam
2761 2625 2830 2680 de
2870 2638 3057 2681 caussa
3083 2623 3365 2688 vocabuli,
3419 2638 3541 2678 cum
3583 2624 3665 2703 (7)
3715 2623 3799 2679 rei

2193 2733 2385 2776 caussa
2414 2717 2721 2775 idololatria
2772 2716 2862 2771 sit.
2910 2715 3044 2771 Nam
3085 2725 3140 2771 et
3186 2729 3308 2770 cum
3351 2716 3654 2785 promiscue
3684 2714 3797 2770 ludi

2193 2809 2460 2866 Liberalia
2490 2808 2559 2882 (f)
2587 2816 2909 2869 vocarentur
2928 2849 2943 2873 ,
2978 2807 3239 2863 honorem
3266 2805 3449 2863 Liberi
3479 2806 3646 2878 patris
3674 2821 3797 2878 ma-

2195 2900 2390 2958 nifeste
2420 2901 2702 2958 sonabant.
2752 2900 2949 2956 Libero
2994 2900 3139 2955 enim
3168 2915 3201 2954 τι
3224 2899 3442 2955 rusticis
3486 2898 3661 2970 primo
3687 2898 3796 2955 ﬁe-

2194 2995 2324 3051 bant
2348 2995 2417 3051 ob
2459 2993 2781 3051 beneficium
2809 2991 2952 3064 quod
2993 2994 3042 3048 ei
3072 2992 3384 3049 adscribunt
3424 3005 3525 3064 pro
3566 2989 3646 3065 (8)
3690 2990 3793 3048 de-

2194 3102 2491 3149 monstrata
2515 3092 2685 3164 gratia
2731 3090 2864 3147 vini.
2901 3089 3113 3147 Exinde
3151 3090 3262 3148 ludi
3307 3089 3593 3147 Consualia
3624 3089 3753 3145 dicti
3776 3132 3795 3159 ,

2196 3187 2288 3257 qui
2315 3186 2393 3258 (9)
2424 3184 2576 3240 initio
2631 3183 2936 3256 Neptunum
2972 3181 3328 3239 honorabant.
3363 3181 3621 3238 Eumdem
3648 3182 3801 3239 enim

2197 3280 2515 3336 et-Consum
2541 3279 2807 3339 vocabant
2834 3277 2972 3351 (10).
3003 3276 3211 3335 Dehinc
3248 3273 3474 3348 Equiria
3499 3275 3617 3353 (ll)
3642 3273 3801 3330 Marti

1726 3397 2106 3458 LECTIONES
2143 3398 2557 3456 VARIANTES.

490 3522 493 3527 ‘
557 3516 632 3583 (1)
667 3517 832 3583 atque
856 3512 1031 3583 Rigalt-

559 3579 633 3652 ez
665 3580 711 3652 s
731 3579 1054 3652 άυίυμεῖξωε-

578 3638 634 3704 5)
670 3638 986 3711 Ineunabulis
1006 3638 1186 3706 Rigalt.

578 3706 627 3772 ἐ)
664 3705 801 3772 Iuno
828 3707 938 3772 3³9·
974 3766 1029 3772 _-

613 3830 633 3897 )
665 3830 992 3886 Ethnicalium
1010 3830 1120 3894 Ilig.

2262 3516 2336 3583 Cl.)
2362 3514 2499 3583 Dum
2522 3513 2632 3583 Βία,

2275 3577 2328 3651 ξ)
2362 3579 2459 3651 ξω
2475 3577 2614 3651 obest
2638 3577 2750 3647 Rig.

2273 3639 2516 3716 i’iﬂﬁeis
2539 3644 2669 3716 “'1:

2261 3705 2366 3831 (l0)
2401 3705 2585 3777 Vocant
2609 3705 2722 3777 Rig.
2744 3768 2756 3779 _

2261 3768 2337 3834 (ll
2400 3766 2522 3833 Quts
2552 3770 2674 3823 add.
2697 3774 2806 3836 Βία.

1847 3939 2406 4021 COMMENTARIUS.

495 4083 1007 4155 Exercitationibus,
1037 4095 1160 4155 pag.
1182 4079 1311 4138 895.
1335 4079 1457 4155 Καὶζ
1501 4151 1513 4155 _
1575 4150 1589 4155 Α
1710 4136 1717 4141 .

568 4155 645 4229 (a)
683 4154 752 4210 Et
780 4150 1013 4229 cardines
1041 4150 1381 4229 'Bnltegrum.
1420 4150 1594 4208 Baltei
1629 4151 1893 4229 repagula
1922 4160 2096 4229 erant,

494 4222 591 4287 seu
621 4222 834 4299 cingula
862 4228 1105 4284 coriacea
1135 4224 1293 4279 bullis
1316 4233 1526 4299 ornata,
1552 4222 1744 4299 quibus
1767 4222 2103 4299 constringe;

498 4302 694 4358 bantur
713 4294 963 4368 equitum
999 4311 1349 4368 romanorum
1399 4294 1655 4368 subsellia
1688 4295 1886 4368 _qu_i_in
1933 4309 2099 4368 cavea

492 4364 801 4441 sedebant;
837 4369 955 4424 loco
996 4376 1183 4441 operto
1214 4386 1227 4421 :
1264 4365 1428 4441 baltei
1457 4375 1635 4421 autem
1686 4364 1773 4441 isti
1806 4364 1978 4441 hamis
2004 4382 2100 4441 seu

494 4442 673 4498 fibulis
700 4440 1015 4510 quibusdam
1034 4436 1200 4494 erant
1220 4438 1438 4510 annexi,
1469 4452 1628 4510 quam
1658 4436 1728 4491 ob
1754 4451 1868 4491 rem
1899 4437 2098 4493 theatri

2276 4081 2357 4155 (e)
2387 4080 2456 4138 Ut
2485 4083 2596 4138 ludi
2623 4099 2655 4137 a
2678 4083 2834 4155 Lydis
2856 4091 3180 4139 vocarentur.
3219 4083 3384 4139 Varia
3416 4081 3504 4139 hic
3547 4083 3799 4140 ludorum

2204 4169 2399 4228 genera
2431 4166 2712 4228 enumerat
2748 4172 2867 4228 qua:
2897 4155 3014 4228 fuse
3064 4172 3093 4208 a
3144 4156 3281 4228 bene
3310 4155 3510 4228 multis
3535 4156 3802 4225 explicata

2205 4235 2349 4279 sunt.
2376 4225 2712 4295 Lupercales
2732 4227 2841 4282 ludi
2874 4228 2927 4280 in
2957 4227 3219 4281 honorem
3248 4226 3409 4282 Panis
3435 4226 3664 4295 primmn
3691 4240 3705 4289 ε
3732 4241 3801 4283 ac

2204 4296 2399 4352 deinde
2446 4299 2499 4352 in
2529 4295 2785 4353 honorem
2829 4298 2992 4368 Lup:e
3032 4298 3249 4353 Romuli
3297 4297 3520 4352 nutricis
3567 4298 3803 4354 instituti

2196 4368 2350 4429 sunt.
2391 4368 2655 4441 Liberalia
2687 4370 2737 4424 in
2772 4367 3030 4424 honorem
3053 4368 3251 4430 Liberi,
3284 4384 3379 4424 seu
3409 4367 3623 4441 Bacchi.
3656 4368 3817 4441 Cong

2205 4442 2393 4503 sualia,
2424 4440 2493 4494 ab
2535 4441 2657 4495 aliis
2685 4442 2792 4496 ludi
2826 4443 3129 4505 circenses,
3163 4441 3214 4494 in
3241 4441 3498 4495 honorem
3541 4439 3797 4509 Neptuni.

495 4515 680 4570 luxum
711 4509 949 4567 indicans
971 4509 1297 4582 Themistius
1323 4516 1469 4582 orat.
1492 4509 1651 4582 Dixit,
1670 4512 1879 4582 ὁκόᾳμος
1900 4526 1990 4582 τῶν
2013 4533 2100 4565 πε·
2124 4521 2178 4582 ])
2203 4511 2446 4567 Cerealia
2496 4512 2549 4567 in
2601 4512 2858 4567 honorem
2911 4511 3124 4567 Cereris
3148 4554 3163 4577 ,
3197 4510 3416 4581 Equiria
3440 4512 3491 4565 in
3536 4512 3801 4567 honorem

493 4592 829 4661 permaneas
863 4578 1324 4661 θεά-εφυειηιμηάκω
1362 4579 1721 4650 peristylorum
1740 4579 1924 4635 theatri
1946 4598 1966 4647 ;
1991 4596 2099 4652 quo

496 4652 660 4716 Sensu
684 4655 881 4713 dicitur
902 4652 1215 4708 mulieihris.
1246 4652 1376 4706 Enn.

570 4731 651 4803 (7b)
695 4727 834 4803 hiant
858 4736 905 4781 et
930 4722 1218 4803 specialiter
1246 4722 1486 4793 quaedam
1514 4723 1864 4803 pronuntiata.
1891 4723 2097 4803 Regula

570 4743 651 4803 (1))
695 4743 834 4782 nam
858 4743 905 4781 et
930 4743 1218 4851 sgecratuer
1246 4743 1486 4793 quwaam
1514 4743 1864 4793 pronunttata.
1894 4743 2097 4795 negttta

497 4804 565 4858 ad
590 4799 918 4877 intellectum
991 4796 1242 4877 cripturzn
1266 4809 1443 4877 sacrm
1471 4796 1714 4877 apprime
1937 4798 2099 4877 atqui

496 4874 640 4946 quod
672 4873 800 4926 dicit
833 4870 918 4925 hic
945 4864 1215 4946 omnibus,
1247 4867 1452 4921 dictum
1480 4866 1623 4946 quod
1651 4864 1904 4946 tisi-nolitis
1944 4864 2096 4946 dice-

496 4935 675 5011 batur,
724 4958 833 4997 non
864 4958 971 5001 uno
1015 4944 1066 4996 in
1097 4940 1215 4995 loco
1244 4935 1520 4993 annotavit
1560 4935 1622 4992 Β.
1657 4936 2014 5010 Hieronymus
2045 4939 2096 4993 in

498 5016 852 5089 proph._PAtt.

573 5078 646 5161 (e)
690 5085 754 5140 In
782 5102 980 5141 omnem
1006 5080 1564 5161 gentenrpeccutricent
1592 5078 1916 5161 pra'judicat.
1947 5079 2103 5161 llunc

498 5151 675 5215 locum
719 5167 909 5213 tractat
946 5151 1109 5213 etiam
1161 5151 1417 5213 adversus
1465 5151 1711 5225 Judaeos.
1733 5152 1821 5206 Sic
1845 5166 1897 5209 et
1925 5151 2100 5225 Aﬂgy-

496 5241 639 5301 plus,
692 5230 903 5301 inquit,
975 5242 1355 5296 uoununluam
1424 5230 1575 5281 totus
1636 5223 1784 5282 orbis
1851 5223 2102 5297 intelligi-

501 5315 607 5363 tur.
638 5310 741 5355 etc.
784 5305 899 5357 lilG.

576 5372 656 5445 (d)
699 5373 862 5428 Altius
888 5388 977 5428 nec
1002 5373 1210 5445 aliunde
1236 5370 1642 5445 investigandum
1670 5371 1785 5442 fuit.
1833 5370 1925 5445 Sit:
1972 5367 2093 5428 libri

499 5443 761 5499 haetenus
802 5446 1023 5506 excusi,
1073 5444 1233 5498 Penes
1278 5443 1447 5512 plures
1484 5452 1771 5496 nostrarum
1820 5443 1991 5497 altius.
2036 5446 2091 5499 lu

501 5516 796 5585 exemplari
828 5516 1091 5586 Agobardi
1120 5518 1342 5586 legitur:
1372 5515 1441 5587 Ut
1463 5515 1815 5571 secretioribus
1840 5526 1883 5569 et
1912 5517 2095 5587 ignotis

502 5604 656 5661 penes
686 5586 855 5661 plures
896 5596 1185 5661 nostrorum
1208 5589 1351 5642 artis.
1382 5586 1564 5661 Forte.
1596 5587 1745 5652 actis,
1791 5598 1847 5641 ιιι
1898 5588 2095 5643 Roma-

501 5658 696 5722 norum
749 5660 862 5715 sive
903 5658 1194 5715 Gentilium
1242 5675 1420 5715 rertrn
1472 5660 1745 5729 Origines,
1798 5668 1916 5713 acta
1973 5674 2095 5715 esse

504 5730 700 5787 dixerit
724 5732 1011 5786 secretiora
1035 5773 1048 5797 ,
1074 5740 1128 5785 et
1150 5729 1420 5801 plerisque
1437 5732 1854 5788 christianorum
1892 5733 2092 5802 ignota.

506 5802 612 5861 Sed
627 5803 847 5859 minime
862 5802 1104 5872 displicet
1128 5802 1337 5875 vulgata
1361 5802 1539 5872 lectio,
1564 5803 1731 5862 Altius
1753 5819 1841 5859 nec
1863 5801 2091 5869 aliunde.

2206 4583 2389 4639 Mortis
2410 4625 2425 4650 ,
2456 4585 2535 4639 sic
2565 4584 2688 4638 dicti
2720 4592 2845 4637 sunt
2874 4582 2905 4636 ii
2951 4582 3058 4637 ludi
3088 4582 3155 4637 ab
3184 4597 3442 4650 equorum
3474 4596 3668 4648 cursu,
3703 4583 3800 4653 qui

2205 4656 2259 4711 in
2282 4669 2473 4723 campo
2498 4654 2683 4709 Martio
2713 4654 3124 4710 exercebantur.
3150 4653 3227 4708 LE
3250 4653 3345 4709 Pn.

2278 4726 2349 4798 (f)
2394 4726 2689 4781 Promiscue
2736 4726 2844 4779 ludi
2890 4726 3121 4798 liberalia
3164 4741 3274 4779 voc.
3309 4723 3421 4780 Non
3472 4724 3797 4798 intellexere

2206 4796 2349 4853 hunc
2401 4799 2576 4852 locum
2624 4798 2713 4866 qui
2771 4798 2957 4853 dixere
3022 4796 3175 4851 ludos
3243 4811 3432 4851 omnes
3494 4796 3802 4866 promiscue

2206 4870 2379 4924 dictos
2405 4868 2672 4923 Liberalia
2693 4911 2708 4933 ,
2754 4869 2951 4923 lllllllOS
2973 4877 3134 4929 noto,
3181 4868 3237 4921 in
3278 4870 3464 4937 primis
3509 4868 3798 4924 lleraldum

2206 4941 2299 4995 lib.
2330 4956 2369 5005 ι,
2394 4940 2623 5010 digress.
2655 4955 2774 5007 t'ap.
2800 4938 2891 4995 28.
2922 4938 3053 4992 nihil
3079 4938 3382 5010 absurdius.
3410 4941 3512 5005 Au,
3546 4940 3794 5006 obsecro,

2205 5009 2495 5093 Consualia
2522 5011 2785 5093 ,_i3quiria
2806 5055 2826 5079 .,
2853 5010 3080 5093 Tarpeia
3103 5052 3143 5092 ,.
3172 5009 3487 5093 RobigalinI,‘
3512 5010 3615 5093 dici
3641 5020 3795 5079 pote-

2202 5092 2326 5140 rant
2354 5082 2659 5141 Liberolia?
2698 5097 2886 5152 apage.
2920 5081 3030 5135 Hoc
3060 5082 3201 5135 enim
3234 5081 3393 5135 nemo
3435 5081 3603 5144 dixit,
3635 5096 3799 5137 nemo

2205 5156 2427 5210 audivit.
2472 5155 2578 5222 Qui
2618 5155 2759 5210 iStud
2810 5156 3091 5224 imponunt
3129 5152 3493 5217 Tertulliano,
3544 5153 3794 5224 injuriam

2206 5227 2408 5283 faciunt
2463 5227 2664 5282 homini
2717 5225 3094 5281 scientissime.
3154 5225 3381 5280 Tantum
3434 5227 3793 5294 promiscuam

2208 5302 2346 5356 hanc
2377 5300 2777 5367 uSurpationem
2821 5295 3053 5361 nominis
3083 5297 3137 5351 in
3165 5312 3232 5352 eo
3259 5298 3436 5367 ponit,
3470 5296 3609 5367 quod
3636 5297 3797 5353 Libe-

2208 5373 2377 5434 ralia,
2426 5370 2749 5433 Consualia,
2797 5375 2852 5422 et
2898 5368 3100 5436 reliqna
3154 5368 3495 5438 huiusmodi,
3542 5368 3795 5425 dicuntur

2199 5449 2362 5502 etiam
2394 5445 2638 5499 absolute
2667 5444 2792 5499 ludi.
2826 5445 3007 5515 Itaque
3028 5458 3132 5500 vox
3163 5443 3286 5507 ista,
3317 5442 3496 5509 ludus,
3531 5443 3793 5498 miscetur

2200 5518 2448 5572 onmibus
2479 5516 2858 5575 festivitatibus
2884 5517 3273 5583 idololatricis;
3308 5532 3431 5571 nam
3484 5528 3671 5571 omnes
3700 5515 3795 5574 isti

2199 5589 2450 5644 dicuntur
2470 5588 2600 5644 ludi.
2623 5588 2689 5643 Et
2712 5591 2832 5645 ideo
2858 5590 3040 5646 statim
3070 5589 3217 5644 addit
3245 5632 3259 5658 ,
3294 5586 3499 5643 Exinde
3526 5586 3636 5642 ludi
3658 5585 3794 5642 Con-

2200 5660 2371 5734 sualia
2399 5660 2559 5725 dicti;
2587 5669 2645 5734 et
2695 5661 2821 5718 inde
2849 5664 3017 5734 liquet
3046 5677 3151 5716 non
3199 5674 3394 5734 neuneu
3426 5659 3595 5713 solum
3649 5658 3793 5734 ludi,

2201 5732 2298 5786 sed
2327 5746 2440 5804 rem
2463 5731 2813 5803 signiﬁcatam
2838 5729 2931 5804 per
2956 5734 3133 5788 ludum
3156 5732 3510 5802 mancipatam
3533 5729 3797 5804 esseda:-

2203 5803 2486 5873 mouibus;
2514 5799 2621 5860 hoc
2648 5805 2791 5863 enim
2835 5799 3063 5877 probare
3089 5799 3455 5860 Tertullianus
3481 5802 3612 5859 vult.
3654 5799 3790 5858 Lac.
