4136 6358
481 326 597 395 659

1901 327 2364 390 'I'ER'I‘ULLIANI

3677 326 3787 388 αθ

483 450 558 529 de
601 449 851 518 sedibus,
904 447 974 505 de
1020 448 1271 515 coronis,
1304 446 1372 504 de
1420 445 1662 514 exuviis,
1691 453 1891 518 quanta
1936 460 2081 517 praa-
2107 446 2163 509 Α
2190 446 2341 503 trinis
2368 443 2473 502 diis
2507 453 2726 517 parent,
2757 441 2999 515 magnis,
3053 441 3401 515 potentibus,
3457 441 3783 500 valentibus.

487 550 639 600 terea
691 555 877 607 saera,
925 548 1123 611 quanta
1204 538 1465 596 sacriﬁcia
1518 538 1860 611 praecedant,
1919 539 2085 596 inter-

486 634 719 698 cedant,
762 631 1093 698 succedant,
1134 641 1264 704 quot
1291 632 1512 704 collegia
1536 674 1551 700 ,
1579 639 1710 703 quot
1752 630 2081 699 sacerdotia,
2124 640 2127 645 ‘

486 732 620 797 quot
653 723 829 780 ofﬁcia
861 732 1211 790 moveantur,
1262 724 1441 779 sciunt
1470 722 1715 779 homines
1763 722 1909 778 illius
1936 720 2085 777 urbis

488 819 544 875 in
565 832 667 890 qua
689 817 1077 874 daemoniorum
1100 827 1399 874 conventus
1418 818 1659 874 consedit
1684 817 1789 889 (a).
1811 817 1883 872 Ea
1911 817 1955 871 si
1977 816 2084 872 mi-

476 912 619 968 ‘nore
645 927 773 968 cura
814 926 910 983 per
937 911 1242 983 provincias
1278 926 1375 983 pro
1420 911 1716 966 minoribus
1758 909 1963 965 viribus
1990 906 2086 963 ad-

484 1003 894 1074 ministrantur,
945 1012 1127 1060 tamen
1175 1018 1366 1059 omnes
1408 1003 1606 1074 ubique
1631 1003 1917 1059 Circenses
1963 1000 2087 1056 illuc

485 1095 821 1166 deputandi,
868 1097 1011 1152 unde
1064 1105 1119 1151 et
1183 1104 1472 1167 petuntur;
1529 1094 1655 1151 inde
1700 1095 2084 1165 inquinentur,

485 1188 629 1246 unde
659 1197 964 1246 sumuntur.
994 1186 1125 1244 Nam
1171 1198 1225 1245 et
1250 1188 1454 1244 rivulus
1487 1186 1660 1243 tenuis
1685 1202 1748 1242 ex
1777 1200 1876 1240 suo
1901 1186 2084 1249 fonte,

483 1290 541 1338 et
564 1281 812 1339 surculus
855 1280 1098 1338 modicus
1123 1296 1190 1337 ex
1227 1296 1322 1336 sua
1352 1278 1542 1336 fronde
1563 1320 1581 1347 ,
1631 1278 1944 1348 qualitatem
1973 1276 2085 1333 ori-

485 1375 627 1447 ginis
676 1375 939 1430 continet.
993 1374 1201 1429 Viderit
1240 1372 1460 1429 ambitio
1485 1373 1603 1429 sive
1643 1371 1918 1442 frugalitas
1965 1369 2085 1439 ejus

487 1481 594 1539 quo
620 1465 698 1539 (Ι)
746 1467 917 1522 Deum
964 1465 1221 1521 offendit:
1253 1464 1639 1536 qualiscunque
1679 1478 1873 1534 pompa
1912 1461 2080 1527 circi,

486 1560 588 1617 etsi
620 1575 787 1632 pauca
841 1560 1123 1616 simulacra
1146 1558 1524 1625 circumferat,
1559 1560 1742 1613 inuno
1781 1556 2082 1613 idololatria

487 1663 600 1709 est:
631 1661 685 1709 et
713 1653 756 1708 si
788 1669 948 1708 unum
1002 1654 1247 1709 thensam
1279 1651 1493 1719 trahat,
1524 1650 1678 1707 lovis
1723 1659 1900 1706 tamen
1934 1649 2083 1720 plau-

485 1728 657 1800 strum
688 1754 809 1800 est:
842 1745 1046 1816 qumvis
1090 1744 1392 1799 idololatria
1422 1742 1639 1798 sordide
1663 1742 1923 1797 instructa
1945 1782 1961 1806 ,
1992 1732 2081 1797 v’el

2186 539 2420 597 Eosdem
2451 536 2830 595 Samothracas
2855 535 3185 592 existimant.
3225 534 3458 593 Obelisci
3492 536 3787 594 enormitas

2186 633 2261 707 (ε)
2288 676 2302 699 ,
2330 642 2388 690 ut
2440 629 2775 689 Hermateles
2819 629 3083 697 afﬁrmat,
3109 629 3221 685 Soli
3278 629 3565 700 prostituta
3610 629 3788 707 ;scric

2187 704 2340 798 plura
2386 725 2508 795 ejus
2536 724 2678 780 unde
2724 733 2781 779 et
2807 735 3036 790 census,
3077 720 3145 777 de
3191 719 3427 794 Egypto
3473 704 3787 792 superstitio

2187 826 2289 875 est.
2338 816 2589 888 Frigebat
2639 814 2948 871 dscmonum
2989 812 3274 873 concilium
3315 813 3433 869 sine
3473 825 3569 869 sua
3612 821 3789 869 mire

2188 925 2412 981 magna;
2490 924 2553 965 ea
2603 909 2782 981 itaque
2829 907 2936 963 illic
2983 905 3240 978 praesidet
3292 905 3532 977 Euripo:
3571 904 3785 961 Consus

2188 1002 2210 1075 (
2236 1011 2293 1058 ut
2322 1000 2594 1072 diximus)
2619 1000 2759 1071 apud
2805 1010 2978 1056 metas
3003 1000 3105 1057 sub
3137 1009 3276 1055 terra
3317 997 3607 1055 delitescit.
3634 997 3787 1053 Mur-

2188 1097 2293 1151 tias
2327 1110 2543 1167 quoque
2585 1094 2785 1150 idolum
2849 1092 2975 1149 fecit
3006 1092 3111 1166 (9).
3160 1092 3405 1149 Murtiam
3449 1090 3594 1148 enim
3630 1089 3787 1147 deam

2189 1188 2388 1244 amoris
2428 1187 2501 1261 (Γ)
2545 1188 2767 1251 volunt,
2819 1186 2906 1257 cui
2937 1187 2992 1242 in
3033 1186 3121 1241 illa
3156 1194 3306 1255 parte
3353 1182 3525 1242 sedem
3565 1194 3786 1241 vovere.

2189 1278 2591 1345 Animadverte,
2622 1278 2935 1344 ehristiane,
2966 1286 3097 1349 quot
3118 1277 3333 1333 nomina
3366 1274 3483 1347 (l0)
3514 1274 3789 1332 immunda

2192 1373 2538 1445 posscderint
2571 1373 2809 1451 Circum.
2834 1372 3021 1428 Aliena
3048 1380 3133 1428 est
3156 1371 3249 1426 tibi
3280 1369 3489 1441 religio,
3520 1384 3682 1440 quam
3712 1379 3793 1424 tot

2187 1465 2387 1522 diaboli
2419 1464 2649 1536 spiritus
2681 1473 3106 1536 occupaverunt.
3141 1462 3217 1518 De
3242 1462 3377 1518 locis
3400 1459 3617 1532 quidem
3641 1460 3792 1516 locus

2187 1567 2272 1614 est
2294 1556 2618 1613 retractandi
2649 1556 2717 1612 ad
2760 1554 3195 1627 praeveniendam
3237 1553 3594 1627 quorumdam
3625 1553 3791 1610 inter-

2187 1649 2543 1721 rogationem.
2577 1649 2715 1718 Quid
2736 1649 2880 1705 enim
2906 1688 2924 1716 ,
2980 1648 3159 1720 inquis
3180 1690 3195 1715 ,
3228 1648 3274 1703 si
3309 1647 3417 1720 alio
3457 1648 3512 1702 in
3550 1655 3792 1716 tempore

2187 1739 2405 1799 Circum
2432 1742 2618 1798 adiero
2643 1782 2660 1809 ,
2701 1741 3048 1812 periclitabor
3073 1739 3143 1797 de
3175 1740 3619 1812 inquinamento?
3638 1738 3792 1795 Nulla

485 1836 697 1894 modice
720 1837 957 1908 locuples
983 1837 1060 1910 (2)
1082 1836 1358 1907 splendida
1386 1847 1469 1892 est
1509 1851 1677 1892 censu
1715 1834 1959 1891 criminis
1983 1832 2088 1889 sui.
2117 1823 2169 1884 B
2195 1844 2278 1891 est
2304 1834 2640 1907 praescriptio
2679 1834 2749 1891 de
2772 1834 2929 1890 locis.
2959 1833 3093 1889 Nam
3125 1849 3231 1889 non
3261 1833 3375 1889 sola
3405 1834 3503 1891 ista
3528 1832 3787 1890 eo‘ncilia-

1079 1928 1309 1986 CAPUT
1353 1928 1487 1985 VIII.

556 2023 628 2080 Ut
663 2023 812 2079 etde
860 2021 1023 2087 locis,
1070 2021 1365 2078 secundum
1416 2021 1747 2093 propositum
1779 2032 2080 2090 exsequar,

484 2115 661 2173 circus
708 2115 820 2173 Soli
872 2114 1239 2188 principaliter
1283 2122 1633 2171 consecratur
1684 2131 1697 2168 :
1734 2111 1889 2183 cujus
1938 2109 2084 2165 aedes

486 2209 663 2267 medio
714 2210 917 2281 spatio,
946 2219 1003 2265 et
1048 2209 1257 2281 efﬁgies
1304 2209 1372 2266 de
1425 2208 1641 2280 fastigio
1669 2206 1802 2262 mdis
1847 2207 2083 2271 emicat,

418 2312 421 2321 ’
485 2302 629 2373 σιιιοά
685 2318 792 2359 non
860 2303 1168 2373 putaverint
1257 2302 1338 2376 (5)
1395 2302 1498 2359 sub
1552 2311 1696 2359 tecto
1759 2312 2087 2356 consecranc

487 2397 656 2461 dum,
702 2411 869 2467 quem
928 2395 982 2450 in
1026 2403 1217 2465 aperto
1262 2394 1483 2451 habent.
1544 2393 1698 2463 Quod
1744 2391 1826 2466 (l)
1871 2398 2089 2462 specta-

430 2520 436 2531 ι
488 2488 667 2545 culum
714 2488 945 2563 primum
988 2503 1018 2541 a
1062 2488 1219 2544 Circe
1258 2487 1476 2543 habent.
1520 2487 1631 2544 Soli
1687 2487 1976 2558 patrisuo,
2033 2491 2093 2538 ut

486 2579 675 2634 volunt
717 2576 818 2651 (5),
846 2578 1071 2634 editum.
1097 2578 1400 2634 afﬁrmant:
1430 2579 1500 2634 ab
1552 2595 1612 2634 ea
1637 2588 1692 2634 et
1735 2577 1877 2632 Circi
1908 2574 2089 2645 appel-

490 2670 743 2726 lationem
771 2678 1234 2741 argumentantur.
1265 2669 1429 2725 Plane
1479 2668 1559 2743 (6)
1580 2663 1846 2724 'vencﬁca
1872 2671 1953 2725 eis
1979 2668 2086 2724 uti-

491 2777 596 2832 que
621 2760 891 2832 negotium
928 2760 1100 2830 gessit
1124 2761 1229 2817 hue
1251 2800 1267 2826 ,
1322 2761 1540 2816 nomine
1567 2776 1797 2832 quorum
1840 2763 2092 2819 sacerdos

490 2862 645 2919 erat,
692 2853 974 2910 daemoniis
1013 2862 1068 2909 et
1114 2854 1322 2925 angelis
1365 2853 1594 2909 scilicet.
1640 2854 1782 2923 Quot
1827 2854 1989 2926 igitur
2034 2855 2093 2912 in

492 2944 679 3002 habitu
716 2946 818 3003 loci
859 2946 1025 3017 ipsius
1073 2946 1405 3004 idololatrias
1450 2948 1832 3018 recognoscis!
1883 2949 2092 3020 singula

491 3050 809 3097 ornamenta
855 3040 1035 3108 Circi,
1084 3041 1293 3113 singula
1340 3041 1539 3111 templa
1568 3050 1714 3097 sunt.
1743 3040 1854 3097 Ova
1897 3040 2092 3099 honori

494 3129 774 3193 Castorum
823 3133 900 3207 (ὁ)
925 3133 1273 3198 adscribunt,
1322 3135 1411 3205 qui
1446 3132 1567 3189 illos
1616 3148 1719 3189 ovo
1760 3133 1934 3191 editos
1974 3150 2094 3191 cre—

493 3224 672 3282 dendo
724 3225 794 3282 de
832 3241 1002 3298 cygno
1054 3225 1187 3281 Jove
1235 3242 1341 3281 non
1392 3225 1717 3281 erubescunt
1747 3224 1845 3300 (c).
1880 3225 2096 3298 Delphi-

2184 1928 2307 1984 hula
2336 1928 2764 1998 spectaculorum
2785 1969 2798 1991 ,
2827 1927 2923 1984 sed
2951 1928 3111 1982 etiam
3136 1926 3331 1998 templa
3355 1926 3469 1997 ipsa
3493 1926 3614 1983 sine
3639 1925 3785 1996 peri-

2185 2021 2310 2077 culo
2353 2021 2654 2091 disciplina:
2705 2018 2858 2077 adire
2903 2035 3095 2076 servus
3145 2020 3240 2076 Dei
3289 2028 3501 2092 potest,
3557 2027 3783 2092 urgente

2189 2128 2377 2170 caussa
2406 2113 2635 2184 simplici
2665 2111 2947 2181 duntaxat,
2977 2127 3098 2183 qua:
3126 2127 3232 2167 non
3257 2111 3528 2185 pertineat
3553 2111 3621 2167 ad
3663 2125 3794 2182 pro-

2191 2211 2364 2278 prium
2405 2206 2521 2277 ejus
2545 2206 2649 2262 loci
2682 2206 2955 2277 negotium
2993 2204 3081 2261 vel
3124 2203 3383 2261 ofﬁcium.
3428 2204 3698 2260 Caeterum
3722 2212 3783 2260 et

2191 2301 2384 2371 platea:
2409 2340 2425 2368 ,
2476 2307 2531 2355 et
2566 2297 2744 2355 forum
2771 2340 2787 2365 ,
2836 2306 2893 2354 et
2922 2297 3127 2353 balnea:
3150 2338 3168 2363 ,
3197 2306 3253 2354 et
3280 2296 3490 2353 stabula
3517 2338 3535 2364 ,
3579 2306 3633 2352 et
3661 2295 3794 2366 ipsa:

2191 2393 2385 2449 domus
2425 2403 2627 2448 nostra:
2674 2391 2795 2447 sine
2842 2390 3002 2446 idolis
3025 2390 3250 2446 omnino
3279 2404 3391 2446 non
3417 2396 3579 2455 sunt;
3621 2396 3793 2444 totum

2193 2484 2453 2541 saeculum
2484 2484 2715 2540 Satanas
2738 2491 2794 2539 et
2821 2483 2996 2554 angeli
3029 2481 3149 2554 ejus
3175 2479 3535 2552 repleverunt.
3563 2477 3680 2536 Non
3715 2488 3797 2533 ta-

2193 2593 2316 2633 men
2344 2576 2485 2649 quod
2513 2577 2563 2631 in
2590 2575 2791 2631 szcculo
2817 2589 3035 2642 sumus,
3065 2591 3095 2629 a
3127 2574 3239 2631 Deo
3265 2573 3598 2638 excidimus,
3625 2572 3718 2629 sed
3748 2572 3797 2629 si

2197 2669 2327 2739 quid
2378 2670 2447 2725 de
2496 2669 2680 2726 szeculi
2728 2668 3045 2725 criminibus
3092 2667 3705 2747 attigerimus.Proinde
3746 2668 3795 2723 si

2195 2759 2554 2832 Capitolium,
2586 2762 2631 2817 si
2655 2760 2951 2832 Serapeum
2993 2760 3399 2817 sacriﬁcatoret
3438 2759 3691 2816 adorator
3716 2759 3799 2815 in-

2197 2862 2411 2909 travero
2430 2895 2447 2921 ,
2475 2869 2505 2909 a
2536 2856 2645 2910 Deo
2667 2853 2953 2921 excidam”
3005 2852 3462 2926 quemadmodum
3488 2855 3689 2929 circum
3708 2854 3799 2912 vel

2198 2944 2469 3001 theatrum
2506 2956 2797 3019 spectator.
2830 2945 2974 3001 Loca
3012 2961 3115 3002 nos
3153 2960 3260 3001 non
3287 2947 3659 3002 contaminant
3701 2961 3802 3017 per

2199 3053 2292 3104 se,
2340 3037 2433 3093 sed
2456 3054 2576 3108 quae
2624 3039 2677 3093 in
2732 3038 2864 3093 locis
2914 3037 3085 3103 ﬁunt,
3139 3053 3169 3092 a
3199 3038 3394 3109 quibus
3419 3048 3475 3095 et
3518 3039 3631 3110 ipsa
3678 3039 3799 3095 loca

2199 3130 2552 3187 contaminari
2580 3130 2824 3188 altercati
2853 3146 3075 3186 sumus:
3116 3128 3185 3185 de
3213 3129 3587 3185 contaminatis
3613 3138 3799 3186 conta-

2200 3226 2468 3280 minamur
2517 3223 2657 3298 (ll).
2712 3224 3005 3296 Propterea
3047 3232 3227 3280 autem
3267 3237 3797 3291 commemoramus,

494 3333 594 3374 nos
633 3318 881 3390 Neptuno
904 3328 1101 3374 vovent
1154 3316 1237 3391 (d)
1258 3361 1272 3385 ,
1304 3318 1582 3375 columnas
1610 3318 1695 3393 (7)
1738 3320 1937 3376 sessias
1962 3334 1992 3374 a
2018 3336 2100 3376 se-
2200 3317 2396 3389 quibus
2420 3316 2683 3388 ejusmodi
2715 3316 2832 3372 loca
2858 3315 3140 3384 dicentur,
3171 3323 3229 3371 ut
3248 3329 3436 3373 eorum
3466 3314 3801 3372 demonstre-

493 3411 915 3477 mentationibus,
966 3412 1194 3468 messias
1230 3426 1262 3467 a
1302 3412 1552 3469 messibus
1577 3454 1591 3478 ,
1644 3413 1901 3469 tutelinas
1941 3430 1970 3470 n
2012 3426 2098 3470 m-

495 3504 608 3560 telis
660 3504 739 3579 (8)
782 3504 1053 3590 fructuum
1117 3504 1412 3562 sustinent.
1460 3508 1601 3561 Ante
1640 3505 1738 3562 has
1782 3516 1893 3564 tres
1942 3522 2052 3563 arte
2076 3548 2093 3575 ,

2201 3424 2322 3467 mus
2348 3426 2472 3468 esse
2497 3452 2513 3479 ,
2553 3426 2674 3482 qua:
2716 3409 2772 3466 in
2817 3409 2903 3466 his
2930 3408 3063 3467 locis
3104 3408 3275 3479 ﬁunt,
3320 3409 3517 3482 quibus
3562 3409 3679 3467 loca
3709 3408 3799 3466 di-

2201 3512 2411 3561 cantur.
3560 3506 3567 3509 ’

1712 3620 2094 3681 LECTIONES
2130 3620 2549 3680 VARIANTES.

560 3730 1268 3808 (1)9900.Par.i§-*ersrmue
1283 3734 1419 3808 abest
1443 3733 1555 3808 Ris-
1607 3806 1627 3808 _
1704 3795 1716 3808 .

560 3732 634 3861 (1;
669 3732 809 3808 Quod
827 3735 991 3808 Paris.
1008 3738 1268 3811 utrumque
1283 3734 1419 3787 abest
1443 3733 1555 3809 Rig.
1704 3795 1716 3808 ι

663 3795 731 3869 ,ξι
744 3795 1005 3869 splendida
1021 3796 1295 3869 Etim-:sz
1320 3798 1573 3869 {plangam
1599 3806 1757 3851 ραι-ιδ,

663 3857 991 3980 Ιόιᾶἓέῖῧᾶξιηι.
1015 3857 1123 3927 Rig.
1150 3860 1213 3912 Et
1233 3868 1291 3912 ut
1320 3857 1429 3912 Pet.
1456 3859 1651 3912 Ciacon.

557 3918 632 4041 ξι)
668 3918 761 3979 Qui
786 3919 894 3987 Βία.
1075 3918 1098 3927 '
1147 3981 1160 3993 .

494 4026 498 4031 ’
558 3982 634 4108 (ἓ)
666 3981 1206 4108 Εξέιῗιξιὲὶιίιξῇὲηξιῇἶ

558 4041 634 4109 (6)
666 4044 969 4107 Argutantur
989 4045 1135 4108 plane
1157 4041 1279 4098 Ihm.

2366 3736 2580 3801 Yomunt
2601 3734 2842 3801 columnae
2870 3734 2980 3801 Εἰς.

2318 3739 2334 3862 ἶ
2366 3739 2580 3845 νοωῗιιι
2601 3739 2842 3808 columnae
2870 3739 2980 3801 Εἰς.

2258 3739 2331 3927 ἓ)
2362 3799 2544 3927 ξίὲξὶξ
2562 3801 2765 3925 stringique
2792 3861 2839 3912 id
2860 3861 2977 3913 olim
2999 3860 3118 3914 fecit
3133 3861 3238 3915 Lati

2278 3860 2351 3934 9)_
2362 3861 2544 3934 pluuia
2563 3860 2765 3925 qu'oque
2792 3861 2839 3912 id
2860 3861 2977 3913 olim
2999 3860 3118 3914 fecit
3133 3861 3289 3915 Latin.
3308 3862 3529 3916 Murtias.
3552 3861 3654 3916 Has
3668 3875 3798 3929 quo-

2196 3939 2298 3989 que
2315 3929 2424 3992 Κίρ.

2262 3988 2374 4056 (19)
2398 3986 2625 4056 ﬂumine
2646 3987 2771 4037 Jun-
2813 4045 2868 4056 _.

2254 4048 2364 4113 (ll)
2394 4048 2791 4101 Contaminautur
2808 4048 2919 4115 Rig.

1858 4156 2421 4216 COMMENTARIUS.

493 4286 895 4345 armamaxam,
925 4279 1002 4345 _ut
1047 4271 1138 4345 alii
1185 4271 1466 4345 scribunt)
1507 4272 1697 4345 Junius
1745 4272 1813 4329 ab
1842 4272 2035 4345 essedo
2062 4316 2079 4341 ,

496 4344 734 4414 pilento,
766 4343 1019 4412 petorito,
1050 4343 1175 4414 quia
1203 4345 1291 4399 alii
1313 4343 1647 4399 confundunt
1670 4359 1792 4401 cum
1825 4344 1949 4400 illis.
1983 4347 2083 4402 ait-

494 4431 599 4487 que
626 4429 747 4471 esse
776 4415 990 4487 proprie
1016 4425 1219 4472 vectem
1247 4417 1594 4487 gestatorinm
1615 4458 1630 4478 .
1661 4415 1775 4487 qui
1797 4430 1960 4485 opera
1990 4414 2086 4471 ho-

494 4485 697 4542 minum
747 4485 1027 4541 tolleretur
1050 4487 1295 4540 manibus
1339 4485 1650 4544 hun‘terisve
1666 4485 1691 4554 ,ί
1714 4486 1782 4541 ad
1812 4502 1931 4542 eum
1971 4502 2087 4543 mo-

493 4558 620 4613 dum
638 4600 654 4623 ,
685 4572 797 4629 quo
821 4557 969 4629 sella:
995 4557 1298 4629 gestatoria:
1322 4559 1461 4629 apud
1494 4558 1809 4629 Suetonium
1831 4600 1846 4623 ,
1874 4569 1929 4614 et
1954 4558 2083 4626 alec-

493 4631 615 4686 ticm
661 4627 802 4700 apud
842 4627 1122 4684 Senecam.
1158 4628 1300 4700 Ergo
1348 4628 1711 4684 Tertulliauus
1737 4644 1767 4683 a
1792 4630 2042 4685 curribus
2066 4671 2083 4697 ,

493 4702 584 4770 qui
607 4699 866 4769 jumentis
882 4700 1193 4770 agebantur,
1219 4716 1247 4752 a
1268 4699 1607 4766 thensiSqua:
1630 4700 1868 4762 funibus,
1898 4702 2090 4757 transit

493 4769 561 4827 ad
592 4769 965 4828 harmamaxzis
986 4811 1001 4835 ,
1027 4787 1146 4840 qua:
1177 4769 1415 4826 humeris
1443 4771 1765 4828 tollebantur
1811 4773 1879 4827 ab
1910 4772 2088 4826 homi-

495 4844 651 4915 nibus
677 4884 690 4908 ,
741 4842 1240 4915 ita‘attestantibus
1285 4841 1522 4897 studium
1565 4858 1720 4898 suum
1759 4859 1887 4915 erga
1935 4858 2088 4899 sacra

441 4956 455 4969 .
496 4914 792 4971 Circensia.
823 4912 957 4970 Lac.

564 4986 642 5056 (a)
685 4985 711 5038 Ι
721 4985 838 5040 llius
864 4985 1005 5056 yrbis
1030 4986 1083 5039 in
1120 5001 1219 5056 qua
1254 4985 1622 5040 dcemoniornnt
1662 4993 1935 5040 conventus
1960 5001 2087 5040 con-

494 5046 642 5128 sedit.
665 5046 893 5112 Romani
916 5065 971 5128 et
1003 5046 1320 5127 Capitolium
1342 5055 1625 5126 signiﬁcat.
1669 5057 1738 5112 Et
1760 5056 2082 5128 Capitolium

498 5127 729 5200 quidem,
744 5128 800 5200 in
828 5127 1055 5200 Apolog.
1083 5144 1203 5199 pag.
1251 5128 1550 5200 7.‘Curiam
1573 5130 1808 5184 Deorum
1830 5127 1949 5185 esse
1969 5130 2040 5183 ait
2064 5169 2081 5194 ,

499 5198 589 5323 Elii
639 5198 845 5323 ἓοῐιῖῗῐθι
878 5198 1125 5255 Deorum
1154 5198 1428 5272 synodus,
1462 5199 1705 5270 ejusdem
1748 5200 2085 5271 Apologetici

530 5306 543 5322 .
567 5286 618 5323 ι).
685 5311 698 5323 .
797 5285 850 5323 c.
1180 5306 1187 5315 -

494 5283 618 5327 can.
644 5281 698 5323 li.
732 5281 850 5327 IUG.
1180 5306 1187 5315 -

565 5286 1009 5411 {hybleacltonori
1051 5306 1368 5398 Castrorum.
1399 5340 1582 5412 Spatia
1612 5341 1997 5398 curriculorum
2029 5341 2080 5396 iu

494 5412 640 5468 circo
666 5411 782 5465 ovis
813 5421 992 5467 notata
1022 5413 1187 5470 fuisse
1215 5430 1279 5469 ex
1321 5411 1474 5469 Livio
1497 5456 1513 5481 ,
1549 5414 1749 5479 Dione,
1793 5422 1848 5469 et
1871 5412 2083 5469 Cassio-

492 5483 642 5556 doro
657 5484 860 5556 primus
885 5485 1425 5556 anniotavitiAleiatus
1455 5486 1548 5542 lib.
1577 5485 1634 5540 4.
1666 5485 1932 5556 Parergon
1954 5499 2077 5554 cap.

493 5557 590 5610 ult.
612 5555 730 5623 Quo
748 5553 910 5610 etiam
931 5555 1117 5611 alludit
1141 5555 1312 5612 Varro
1335 5556 1404 5611 de
1426 5572 1484 5613 re
1508 5557 1703 5612 rustica
1733 5553 1908 5611 libfi.
1942 5553 2078 5611 Pan.

565 5625 640 5698 (ρ)
683 5624 783 5693 Qui
813 5626 929 5680 illos
966 5627 1261 5698 accedito:
1310 5628 1594 5691 credendo,
1643 5628 1706 5681 de
1751 5643 1909 5697 cycno
1954 5626 2082 5681 Jove

493 5694 595 5770 non
620 5694 941 5770 erubescunt.
967 5696 1057 5753 Sic
1080 5694 1243 5770 habet
1274 5708 1423 5754 vetus
1473 5700 1746 5767 exemplar
1772 5694 2037 5770 Agebardi
2061 5736 2078 5762 ,

494 5769 596 5841 nisi
625 5768 766 5837 quod
788 5767 1045 5841 syllabam
1068 5768 1397 5841 geminavit,
1425 5770 1574 5825 decus
1595 5785 1758 5841 cygno
1776 5810 1791 5837 ,
1824 5767 1968 5840 quod
1996 5779 2083 5826 est

497 5836 563 5893 de
586 5853 745 5894 cucno
763 5876 780 5908 ,
812 5836 925 5895 Sive
949 5840 1012 5895 de
1032 5836 1211 5908 cycno.
1243 5838 1365 5895 lite.

2207 4345 2222 4364 ‘
2259 4273 2342 4364 (si)
2380 4272 2665 4364 Delphinos
2685 4272 3173 4364 ﬂammaue-munt
3216 4273 3316 4329 col.
3350 4272 3627 4364 Iuvenalis
3662 4276 3795 4364 ἐκ.

2189 4345 2247 4402 6.
2272 4344 2510 4401 Consulit
2535 4355 2653 4400 ante
2679 4345 2836 4415 falas,
2865 4345 3324 4417 delphinorumque
3341 4347 3633 4407 columnas.
3662 4347 3732 4403 Se

2190 4416 2376 4500 timius
2407 4416 2691 4500 columnas
2736 4415 2868 4500 dicit
2909 4431 3129 4500 vomere
3173 4415 3511 4500 delphinos,
3547 4419 3699 4500 quasi
3725 4363 3801 4476 ti:

2189 4487 2561 4561 columnarum
2589 4488 2723 4544 alvis
2763 4488 2992 4544 emissos
3012 4529 3027 4555 ,
3060 4496 3120 4543 ut
3147 4502 3244 4561 per
3273 4488 3430 4545 tubos
3461 4498 3520 4546 et
3547 4487 3790 4547 canales.

2108 4587 2165 4648 υ
2190 4559 2311 4617 Rte.

2266 4652 2342 4727 (_e)
2384 4650 2619 4727 Obelisci
2633 4652 2927 4727 enormitas.
2963 4651 3041 4727 De
3063 4651 3168 4708 hoc
3195 4650 3403 4727 Plinius
3422 4652 3519 4709 lib.
3535 4653 3640 4727 36.
3669 4668 3796 4727 cap.

2191 4725 2249 4797 9.
2279 4724 2328 4797 Is
2354 4734 2533 4780 autem
2558 4724 2841 4797 Obeliscus
2859 4764 2875 4790 ,
2901 4724 3071 4797 inquit
3094 4764 3110 4789 ,
3137 4738 3297 4795 quem
3327 4724 3492 4797 Divus
3520 4724 3793 4797 Augustus

2195 4796 2246 4850 in
2279 4796 2435 4851 Circo
2463 4811 2656 4867 magno
2678 4796 2894 4867 statuit,
2921 4794 3135 4851 excisus
3137 4809 3187 4867 _a
3219 4809 3346 4865 rege
3371 4794 3754 4867 Semnesérteo
3775 4838 3793 4862 ,

2194 4883 2301 4935 quo
2333 4864 2594 4937 regnante
2635 4865 2968 4938 Pythagoras
3013 4868 3083 4938 in,
3114 4864 3352 4938 Egypto
3391 4865 3531 4933 fuit,
3575 4876 3797 4924 centum

2195 4936 2910 5009 viginti’quinque'pedum
2946 4946 3002 4994 et
3054 4936 3336 5009 dodrantis
3380 4947 3576 5009 praeter
3616 4939 3798 5009 basim

2198 5009 2441 5079 ejusdem
2476 5009 2685 5080 lapidis.
2712 5008 2762 5064 ls
2788 5025 2918 5080 vero
2938 5009 3023 5080 qui
3049 5017 3134 5080 est
3175 5008 3451 5080 inicantpo
3476 5008 3664 5065 Martio
3692 5024 3795 5065 no-

2200 5096 2317 5135 vem
2349 5079 2577 5151 pedibus
2603 5080 2779 5135 minor
2805 5096 2835 5134 a
2864 5079 3188 5136 SeSostride.
3227 5079 3361 5136 Pu.

2259 5194 2328 5266 (Γ)
2384 5194 2641 5251 Murciam
2680 5196 2868 5267 _enim_
2900 5193 3055 5267 deam
3098 5196 3387 5267 marcetis,
3438 5196 3540 5267 leg.
3594 5194 3796 5267 Rigalt.

2186 5264 2516 5346 Augustinus
2560 5282 2631 5321 tv.
2662 5264 2730 5321 de
2756 5264 2915 5321 Civit.
2970 5265 3381 5346 Dei,rcap.16_.
3436 5264 3600 5323 Deam
3647 5264 3800 5323 Mur-

2184 5337 2321 5393 ciam
2376 5346 2734 5399 vocaverunt,
2802 5351 2922 5406 qua:
2993 5337 3471 5408 praeterimodum
3516 5354 3621 5395 non
3679 5353 3802 5394 mo-

2188 5418 2359 5472 veret,
2393 5424 2457 5465 ac
2485 5409 2687 5463 faceret
2713 5407 3008 5478 hominem.
3024 5419 3081 5461 ut
3101 5408 3177 5463 ait
3205 5407 3531 5478 Pomponius
3554 5452 3570 5475 ,
3594 5410 3796 5465 murci-

2187 5480 2317 5534 dum
2351 5521 2365 5544 ,
2414 5480 2465 5533 id
2502 5490 2619 5540 est.
2669 5480 2827 5534 nimis
2891 5477 3258 5545 desidiosum,
3299 5477 3356 5535 et
3425 5481 3796 5538 inaetuosum.

2190 5551 2311 5607 Illo.
2351 5580 2421 5621 έ-
2452 5548 2708 5607 Murciam
2749 5549 2910 5604 Deam
2960 5551 3170 5622 amoris.
3211 5549 3496 5622 Insigniter
3538 5553 3802 5622 deceptus

2187 5622 2469 5678 Turnebus
2498 5623 2589 5677 lib.
2620 5622 2711 5676 22.
2738 5623 2861 5677 adv.
2893 5635 2941 5677 c.
2969 5621 3058 5687 l7,
3078 5622 3167 5692 qui
3196 5622 3357 5692 legit:
3387 5621 3634 5677 Martium
3658 5621 3800 5678 enim

2186 5694 2350 5750 Deam
2380 5692 2670 5759 marmoris,
2711 5692 2852 5763 quod
2900 5708 3023 5748 cum
3074 5693 3310 5748 insolens
3363 5693 3440 5748 illi
3497 5695 3795 5763 videretur,

2184 5766 2410 5837 corrigit
2453 5763 2622 5837 Deam
2660 5762 2926 5830 mercaris,
2960 5764 3141 5837 aitque
3164 5836 3167 5837 ν
3191 5774 3493 5837 spectatum
3535 5765 3601 5820 ad
3628 5762 3790 5819 deam

2185 5834 2428 5912 segnium
2447 5835 2692 5896 Murtiam
2714 5838 2867 5908 cujus
2882 5835 3127 5893 meminit
3150 5834 3582 5895 Arnobius.Vere
3609 5837 3802 5909 legen-
