4150 6352
528 252 635 312 647

1123 375 1352 435 CAPUT
1389 378 1532 437 XIV.

601 464 752 521 Nunc
811 467 1125 537 interposito
1185 471 1403 528 nomine
1461 472 1777 531 idololatriae
1820 476 1938 548 (α),
1988 480 2132 550 quod

528 558 702 614 solum
751 557 1050 628 subjectum
1110 561 1364 619 sul‘lieere
1425 564 1650 622 deberet
1712 567 1778 622 ad
1834 569 2130 626 abdicatio-

526 665 652 706 nem
693 652 1145 721 speCLaculorum,
1177 655 1282 710 alia
1327 655 1439 726 jam
1490 660 1696 716 ratione
1724 669 2012 719 tractemus
2061 681 2128 720 ex

528 741 818 798 abundanti
850 761 864 798 :
898 755 1118 815 propter
1137 761 1231 802 eos
1255 749 1488 806 maxime
1512 751 1602 821 qui
1629 752 1727 808 sibi
1754 753 2125 823 blandiuntur,

523 835 666 905 quod
695 852 800 892 non
833 838 1147 894 nominatim
1178 840 1500 897 abStinentia
1539 844 1638 898 ista
1687 849 1993 919 prwscripta
2021 851 2120 917 sit,

523 925 677 995 quasi
701 941 890 997 parum
910 929 1072 984 etiam
1095 929 1162 986 de
1183 933 1504 1001 spectaculis
1522 934 1601 1005 (Ι)
1630 939 2005 1006 pronuntietur
2020 941 2122 1013 (‘2),

522 1031 645 1073 eum
667 1020 1117 1090 concupiscentia:
1140 1024 1323 1078 saeculi
1350 1024 1691 1082 damnantur.
1712 1027 1845 1085 Nam
1867 1030 2004 1087 sicut
2035 1049 2126 1102 pe-

411 1123 416 1126 '
521 1111 716 1177 cuniae,
747 1111 835 1168 vel
863 1112 1160 1182 dignitatis,
1189 1116 1270 1170 vel
1305 1117 1463 1186 gulae,
1497 1118 1582 1173 vel
1611 1119 1868 1185 libidinis,
1896 1123 1979 1178 vel
2004 1124 2123 1194 glo-

534 1204 630 1260 ria:
655 1221 670 1272 ;
699 1203 774 1260 ita
801 1214 856 1260 et
883 1206 1177 1278 voluptatis
1197 1209 1628 1279 c0neupiscentia
1655 1224 1737 1267 est
1766 1232 1779 1269 :
1804 1216 2010 1286 species
2029 1233 2125 1272 au-

526 1305 635 1352 tem
669 1298 960 1370 voluptatis
991 1301 1151 1356 etiam
1183 1304 1510 1373 Spectacula.
1542 1304 1766 1376 Opinor,
1797 1311 2120 1380 generaliter

525 1390 818 1445 nominata:
848 1389 928 1463 (5)
958 1379 1409 1463 concupiscentia:
1439 1396 1714 1453 continent
1745 1379 1818 1454 in,
1837 1416 1896 1456 se
1933 1413 1990 1458 et
2018 1417 2137 1458 vo--

520 1479 754 1551 luptates
778 1499 790 1535 :
815 1497 968 1553 reque
993 1484 1316 1556 generaliter
1354 1485 1637 1544 intellecta:
1672 1491 1974 1562 voluptates
1996 1509 2119 1566 Spe-

520 1575 732 1632 eialiter
759 1587 814 1632 et
843 1577 899 1633 in
929 1580 1230 1650 spectacula
1273 1579 1626 1639 disseruntur.
1663 1585 1933 1642 Caeterum
1965 1600 2116 1643 retu-

519 1668 680 1726 limus
717 1685 880 1742 supra
923 1670 992 1727 de
1036 1671 1278 1728 locorum
1316 1675 1646 1744 conditione,
1689 1679 1832 1750 quod
1873 1697 1978 1736 non
2021 1697 2117 1752 per

518 1761 808 1832 semetipsa
834 1777 934 1818 nos
966 1763 1268 1833 inquinent,
1300 1765 1395 1821 sed
1429 1781 1523 1838 per
1545 1783 1606 1823 ea
1626 1786 1744 1840 qua:
1776 1771 1882 1826 illic
1912 1788 2114 1844 gerun-

519 1862 627 1923 tur,
661 1869 757 1926 per
781 1871 900 1927 quin
920 1855 1082 1912 simul
1107 1856 1568 1928 inquinamentum
1590 1862 1965 1934 combiberint,
1993 1875 2117 1922 tunc

517 1957 572 2004 et
593 1949 646 2004 in
674 1948 873 2006 alteros
901 1948 979 2022 (4)
1011 1959 1271 2022 respuunt
1297 1949 1395 2025 (ὁ).

1067 2047 1074 2052 ’
1116 2044 1345 2103 CAPUT
1384 2046 1504 2103 XV.

1932 267 2394 333 TERTULLIANI

3615 294 3844 382 lus

2237 393 2413 492 plinas.
2445 397 2579 456 Nam
2627 403 2726 460 etsi
2758 406 2846 476 qui
2889 409 3138 468 medeste
3182 422 3236 470 et
3289 416 3457 488 probe
3516 421 3842 492 spectaculis

2235 484 2447 558 fruitur,
2483 508 2579 564 pro
2618 495 2892 566 dignitatis
2940 503 3023 558 vel
3063 507 3257 574 aetatis,
3290 484 3386 564 vel
3425 484 3588 568 etiam
3629 522 3841 569 natura:

2233 595 2347 637 sua:
2372 585 2679 644 conditione
2716 608 2728 644 :
2763 607 2867 648 non
2909 603 3086 652 tamen
3120 597 3408 657 immobilis
3436 606 3600 660 animi
3632 614 3716 662 est
3749 605 3840 680 (8)

2232 677 2349 730 sine
2379 679 2540 734 tacita
2569 682 2792 751 Spiritus
2816 687 3085 755 passione.
3110 688 3280 747 Nemo
3304 695 3371 748 ad
3398 695 3724 766 voluptatem
3748 677 3841 752 ve-

2154 808 2203 866 Α
2232 778 2307 866 nit
2330 770 2447 826 sine
2469 772 2685 866 allecto,
2719 792 2880 833 nemo
2906 779 3158 838 all‘eetum
3204 785 3320 841 sine
3363 788 3577 845 casibus
3607 791 3720 846 suis
3743 805 3842 861 pa-

2235 860 2362 916 titur
2397 903 2412 918 .
2469 862 2571 934 Ipsi
2611 881 2766 924 casus
2797 870 3144 930 incitamenta
3194 887 3319 934 sunt
3367 878 3612 940 allectus.
3657 860 3840 939 Cretes

2228 970 2348 1010 rum
2369 957 2412 1011 si
2440 971 2616 1015 cessat
2660 960 2902 1032 all’ectus,
2933 967 3076 1022 nulla
3106 977 3191 1024 est
3218 972 3484 1044 voluptas,
3516 983 3571 1031 et
3602 987 3684 1032 est
3707 992 3836 1035 reus
3907 993 3916 1000 '

2222 1046 2334 1117 jam
2367 1049 2454 1105 ille
2479 1052 2726 1110 vanitatis
2763 1071 2830 1110 co
2858 1060 3206 1131 Conveniens,
3235 1063 3328 1120 ubi
3369 1065 3504 1121 nihil
3533 1069 3796 1141 consequi
3828 1101 3830 1103 ν

2229 1149 2332 1195 tur.
2375 1141 2508 1198 Puto
2532 1154 2733 1212 autem,
2759 1148 2922 1205 etiam
2968 1152 3178 1210 vanitas
3218 1165 3479 1215 extranea
3519 1171 3601 1216 est
3642 1161 3830 1218 nobis.

2225 1229 2361 1298 Quid
2390 1233 2532 1304 quod
2561 1246 2615 1291 et
2661 1238 2777 1308 ipse
2805 1254 2865 1295 se
2886 1239 3097 1310 judicat
3126 1246 3268 1301 inter
3292 1262 3387 1304 eos
3412 1251 3618 1321 positus
3637 1295 3654 1321 ,
3681 1267 3823 1324 quo-

2223 1339 2340 1380 rum
2381 1341 2440 1383 se
2480 1327 2711 1386 similem
2749 1333 2939 1391 nolens
2969 1339 3148 1410 utique
3180 1339 3569 1402 detestatorem
3597 1347 3831 1404 conlite-

2224 1418 2340 1474 tur?
2365 1418 2529 1477 Nobis
2555 1424 2685 1480 satis
2717 1440 2821 1482 non
2851 1437 2934 1483 est
2957 1469 2971 1494 ,
3013 1431 3058 1486 si
3091 1431 3189 1502 ipsi
3221 1433 3355 1490 nihil
3384 1436 3491 1493 tale
3525 1436 3828 1511 faciamus,

2223 1513 2325 1568 nisi
2371 1522 2426 1569 et
2497 1515 2624 1572 talia
2677 1516 3001 1580 facientibus
3058 1541 3166 1582 non
3228 1529 3586 1587 conteramur.
3643 1532 3699 1589 Si
3742 1532 3831 1590 l'u-

2221 1621 2359 1672 rem,
2388 1607 2560 1680 inquit
2580 1608 2709 1687 _(Ps.
2737 1612 2856 1684 49),
2886 1615 3130 1688 videbas,
3157 1624 3519 1680 concurrebas
3565 1641 3686 1680 cum
3730 1641 3826 1685 eo.

2225 1696 2439 1756 Utinam
2492 1717 2562 1759 ne
2590 1704 2656 1780 in_
2696 1707 2896 1764 saeculo
2921 1710 3136 1781 quidem
3163 1714 3326 1770 simul
3352 1732 3474 1772 cum
3502 1718 3608 1774 illis
3634 1734 3821 1775 mora-

2221 1807 2404 1850 remur
2425 1813 2438 1850 :
2457 1796 2550 1852 sed
2570 1808 2744 1856 tamen
2767 1801 2820 1856 in
2851 1805 3196 1864 saecularibus
3221 1823 3554 1883 separamur,
3580 1813 3704 1885 quia
3728 1829 3827 1871 sie-

2221 1885 2400 1942 culum
2427 1887 2521 1945 Dei
2545 1900 2649 1961 est,
2673 1895 2949 1951 saecularia
2971 1907 3146 1953 autem
3167 1899 3385 1957 diaboli.

2794 2027 3027 2087 CAPUT
3066 2031 3208 2088 XVI.

589 2135 795 2238 Yideril
821 2152 971 2238 ergo,
1017 2135 1362 2238 “ludii-imus
1419 2141 1515 2213 (5).
1575 2141 1885 2214 PriDCiPaliS
1928 2147 2112 2203 ιὶῑυιιιε
2141 2153 2188 2214 Β
2285 2156 2420 2212 Cum
2467 2173 2595 2230 ergo
2633 2159 2780 2216 l‘uror
2827 2162 2911 2234 (9)
2968 2165 3305 2224 interdicitur
3337 2114 3524 2238 nobis,
3558 2173 3626 2230 ab
3669 2177 3815 2234 omni

514 2229 835 2286 idololatria:
863 2233 947 2302 (6)
977 2230 1254 2302 ,reliquas
1307 2232 1542 2303 ipsarum
1602 2250 1781 2291 rerum
1829 2239 2112 2308 qualitates

513 2333 701 2380 contra
743 2325 836 2380 Dei
875 2324 954 2397 (7)
999 2340 1194 2382 omnes
1244 2325 1478 2382 feramus
1523 2328 1614 2400 (c).
1669 2330 1810 2386 Deus
1859 2333 2112 2404 praecepit

512 2417 769 2489 Spiritum
798 2430 1040 2476 sanctum
1063 2418 1166 2492 id),
1193 2429 1374 2493 utpote
1398 2437 1494 2492 pro
1517 2432 1718 2479 natura:
1739 2440 1852 2480 suae
1875 2426 2016 2482 bono
2041 2436 2111 2482 te-

512 2526 702 2566 nerum
725 2511 1079 2568 etdelicatum
1104 2513 1266 2585 (Eph.
1290 2513 1402 2586 IV),
1426 2516 1828 2586 tranquillitate,
1856 2529 1912 2575 et
1927 2521 2109 2592 quiete

509 2613 565 2660 et
597 2619 725 2673 pace
752 2615 1003 2671 tractare,
1037 2621 1141 2661 non
1175 2606 1386 2676 furore,
1420 2624 1526 2664 non
1557 2610 1682 2677 bile,
1713 2628 1818 2668 non
1861 2615 1962 2681 ira,
1995 2632 2102 2671 non

507 2695 692 2754 dolore
713 2698 1030 2770 inquietare.
1064 2699 1197 2754 Huic
1217 2701 1486 2771 quomodo
1515 2717 1635 2756 cum
1662 2705 1982 2773 spectaculis
2003 2723 2103 2778 po-

507 2791 631 2847 terit
656 2793 977 2848 convenire?
1001 2791 1172 2848 Omne
1192 2795 1334 2848 enim
1356 2795 1720 2864 Spectaculum
1738 2797 1855 2852 sine
1876 2812 2104 2855 concus-

504 2883 657 2939 sione
689 2883 913 2955 spiritus
943 2901 1048 2941 non
1077 2896 1179 2941 est.
1214 2886 1313 2941 Ubi
1339 2887 1482 2942 enim
1515 2887 1782 2959 voluptas,
1811 2890 1881 2946 ibi
1910 2898 1964 2946 et
1988 2900 2102 2948 stu-

502 2975 689 3044 dium,
745 2991 841 3047 per
893 2975 1038 3048 quod
1085 2977 1291 3034 scilicet
1334 2979 1579 3050 voluptas
1630 2981 1790 3050 sapit.
1834 2981 1936 3038 Ubi
1985 2993 2100 3038 stu-

501 3068 673 3140 dium,
707 3079 762 3127 et
787 3073 1076 3140 tertiulatio,
1119 3088 1214 3142 per
1254 3088 1414 3144 quam
1437 3073 1671 3130 Studium
1716 3075 1874 3146 sapit.
1926 3076 2096 3133 Porro

500 3172 558 3219 et
579 3163 666 3218 ubi
688 3165 978 3231 aemulatio,
1006 3165 1079 3222 ibi
1101 3172 1154 3221 et
1175 3163 1323 3221 furor
1338 3177 1393 3221 et
1409 3165 1550 3236 bilis,
1572 3175 1627 3223 et
1649 3166 1725 3222 ira
1748 3175 1804 3223 et
1822 3168 1982 3225 dolor
1997 3167 2092 3244 (ε),

499 3265 556 3314 et
581 3267 775 3314 extera
809 3273 875 3317 ex
902 3258 984 3333 his
1017 3274 1137 3332 qua:
1164 3273 1286 3316 eum
1327 3259 1412 3315 his
1437 3275 1546 3318 non
1573 3269 1892 3333 competunt
1927 3261 2092 3318 disci-

2213 2251 2519 2318 speetaculo
2570 2251 2894 2323 auferimur,
2937 2257 3096 2314 etiam
3148 2274 3178 2314 a
3234 2261 3412 2328 Circo,
3459 2263 3547 2319 ubi
3599 2267 3815 2338 proprie

2211 2343 2358 2398 furor
2402 2345 2674 2415 praesidet.
2736 2349 2931 2419 ASpice
2973 2353 3227 2422 populum
3281 2355 3346 2410 ad
3376 2353 3804 2429 (10)spectacu-

2211 2433 2321 2490 lum
2346 2435 2457 2506 jam
2495 2453 2616 2493 eum
2647 2438 2827 2497 furore
2870 2445 3170 2500 venientem
3191 2485 3206 2512 ,
3231 2445 3342 2517 jam
3387 2447 3770 2508 tumultuOSum
3790 2496 3808 2523 ,

2204 2526 2316 2597 jam
2363 2544 2589 2598 caecum,
2612 2532 2720 2600 jam
2767 2533 2836 2589 de
2882 2537 3262 2606 sponsionibus
3300 2542 3645 2598 concitatum.
3675 2544 3808 2601 Tar-

2212 2617 2313 2674 dus
2359 2631 2442 2676 est
2487 2623 2560 2676 illi
2612 2623 2836 2693 Praetor,
2878 2643 3093 2699 semper
3134 2632 3272 2687 oculi
3304 2635 3358 2688 in
3390 2650 3518 2690 urna
3545 2635 3660 2707 ejus
3683 2652 3804 2696 cum

2206 2717 2442 2771 sortibus
2467 2717 2792 2774 volutantur.
2822 2721 3023 2779 Deltinc
3046 2725 3113 2781 ad
3135 2725 3343 2796 signum
3373 2731 3514 2783 anxii
3543 2731 3800 2800 pendent,

2205 2803 2362 2854 unius
2404 2801 2686 2858 dementiae
2726 2820 2830 2860 una
2873 2822 2974 2862 vox
3016 2817 3117 2864 est.
3139 2810 3801 2886 Cognosee(tl)demen-

2207 2890 2335 2946 tiam
2363 2891 2431 2948 de
2458 2896 2708 2951 vanitate.
2737 2897 2878 2953 Misit
2903 2899 3083 2956 dicunt
3101 2900 3191 2973 (ί),
3210 2914 3264 2959 et
3292 2907 3536 2962 nuntiant
3553 2908 3801 2978 invicem,

2203 2985 2346 3056 quod
2361 2986 2521 3042 simul
2542 2989 2609 3044 ab
2630 2991 2878 3046 omnibus
2901 2993 3074 3049 visum
3098 3006 3200 3051 est.
3224 2995 3406 3053 Teneo
3431 3001 3793 3058 testimonium

2201 3078 2458 3134 excitatis
2496 3078 2572 3152 (g)
2602 3097 2750 3138 :non
2793 3083 2971 3141 vident
3001 3085 3127 3156 quid
3152 3088 3221 3143 sit
3250 3106 3264 3142 :
3300 3106 3546 3162 mappam
3575 3093 3796 3150 missam

2199 3180 2388 3242 putant
2427 3188 2443 3239 ;
2491 3172 2587 3230 sed
2620 3184 2722 3233 ,εει
2762 3176 2961 3250 diaboli
3005 3179 3073 3234 ab
3137 3181 3246 3236 alto
3309 3171 3620 3255 praecipitati
3678 3185 3800 3258 (η)

2199 3265 2318 3336 gula
2349 3265 2462 3336 (I5)
2493 3265 2596 3337 (Ιι).
2625 3266 2703 3324 Ex
2734 3283 2799 3326 eo
2825 3269 3001 3342 itaque
3031 3272 3136 3328 itur
3157 3273 3211 3332 in
3237 3273 3403 3332 furias
3429 3284 3484 3332 et
3512 3278 3719 3336 animos
3746 3288 3804 3336 et

1734 3352 2114 3415 LECTIONES
2151 3353 2567 3415 VARIANTES.

565 3447 635 3520 [1)
656 3449 739 3520 Pe
762 3447 947 3520 litteris
966 3445 1134 3520 Paris.

579 3513 631 3577 2)
656 3513 1168 3577 Pronuntietnusnig.

579 3574 632 3646 ἦ)
655 3575 858 3646 Nomina
880 3574 1122 3646 P_amet._.

583 3638 635 3705 4)
658 3639 720 3690 Et
743 3648 860 3691 tunc
881 3638 1039 3688 altero
1063 3638 1173 3702 Κίρ.

581 3704 628 3753 5t
658 3702 751 3752 Hic
775 3703 874 3753 erit
891 3713 1031 3753 ergo.
1058 3707 1114 3750 ut.
1134 3701 1173 3750 d.

556 3765 610 3891 ἐξ

658 3702 751 3752 Hic
775 3703 874 3753 erit
891 3713 1031 3763 ergo,
1058 3707 1114 3750 ut.
1126 3699 1184 3750 'd.
1209 3699 1332 3750 Jun.

655 3764 931 3816 Idololatria
952 3762 1062 3826 Rig.

655 3828 920 3880 Contrariis
939 3824 1114 3877 omnes
1136 3824 1350 3888 Franeq.

611 3708 628 3893 ξ

2283 3450 2328 3508 8)
2355 3450 2594 3502 Immobili
2619 3456 2778 3506 animo
2798 3463 2874 3508 est
2895 3457 3017 3508 Jun.

2285 3513 2336 3566 ξι)
2365 3513 2554 3565 Furore
2578 3517 2700 3566 Jun.

2267 3577 2370 3663 Si?)
2397 3577 2459 3663 ἐπεὶ
2467 3578 2662 3663 399:1"
2664 3593 2773 3663 '33:-

2297 3640 2372 3702 Η)
2397 3640 2649 3703 Cognoseo
2673 3643 2784 3712 Rigz

2291 3703 2370 3777 lg)
2393 3703 2825 3777 gracithParu.
2852 3706 2974 3757 Jun.

2265 3765 2367 3831 (t3)
2393 3765 2595 3836 Figura,
2619 3768 2766 3821 Serui.

1869 3909 2425 3969 COMMENTARIUS.

565 4006 643 4086 (a)
672 4007 1143 4086 Nuncinterposilo
1180 4007 1381 4086 nomine
1414 4003 1749 4086 idololatria.
1799 4003 1912 4086 lloc
1955 4013 2041 4086 est
2068 4048 2084 4073 ,

491 4075 714 4158 nomine
735 4075 1048 4158 idololatria:
1085 4080 1341 4158 tantisper
1357 4077 1583 4158 omisso,
1605 4077 1941 4158 intermlsso...
1964 4075 2082 4158 lito.

563 4151 641 4222 (b)
672 4151 803 4206 Tum
831 4154 992 4207 altero
1012 4145 1275 4226 respuunt.
1298 4147 1443 4226 llic.)
1472 4145 1652 4226 Gudes
1676 4145 1942 4226 Agobardi
1969 4162 1984 4201 ξ
2019 4146 2085 4201 Et

491 4217 599 4276 tum
619 4226 778 4278 altera
802 4233 1069 4293 respuunt.
1096 4217 1272 4276 'Aitero
1301 4217 1450 4293 dixit
1470 4217 1866 4293 adverbialiter,
1891 4232 2078 4293 quem-

490 4294 780 4349 admodum
811 4287 924 4348 Alio
949 4303 1002 4348 et
1026 4293 1126 4348 sub
1154 4293 1314 4346 linem
1335 4291 1454 4345 libri
1487 4289 1572 4343 H.
1603 4287 1668 4342 ad
1689 4287 1849 4342 Uxor.
1876 4287 2079 4342 Alteru-

491 4375 589 4420 tro.
621 4367 711 4421 Sic
746 4375 802 4420 et
847 4366 1044 4418 Alteras
1081 4367 1311 4434 positum
1356 4361 1482 4415 olim
1515 4359 1680 4434 [uisse
1723 4359 1798 4412 ait
1836 4357 2025 4434 Festus
2058 4402 2072 4427 ,

487 4451 587 4507 pro
617 4452 685 4494 eo
709 4436 850 4507 quod
877 4444 959 4490 est
985 4430 1292 4489 adverbium
1321 4434 1481 4487 Alias.
1516 4431 1600 4507 De
1621 4430 1769 4507 hisce
1799 4440 1976 4485 autem
1997 4431 2074 4484 Io-

488 4501 1126 4583 coruminquinamentis
1149 4546 1164 4569 ,
1193 4519 1353 4583 supra
1377 4545 1394 4570 ,
1421 4504 1622 4583 Cap;_3.
1654 4501 1797 4583 Iltq._
1845 4573 1857 4583 .

559 4581 633 4651 (ο)
655 4574 842 4636 Contra
869 4578 964 4651 Dei
994 4593 1166 4651 omnes
1217 4578 1482 4651 feramusn
1517 4574 1607 4630 Sic
1649 4574 1983 4651 restituitntts
2007 4588 2073 4628 ex

486 4645 671 4708 codice
699 4649 969 4724 Agobtlrtli
999 4667 1010 4702 :
1041 4645 1312 4724 Ferarum,
1341 4645 1512 4724 inquit
1531 4660 1653 4724 ,γει
1677 4646 2078 4724 spectaculorum

486 4735 661 4778 contra
682 4715 772 4778 ι·εέ
785 4721 897 4776 Dei.
926 4719 1061 4776 Nuta
1085 4717 1280 4774 locutio
1300 4758 1314 4780 ,
1347 4715 1454 4770 Res
1483 4717 1572 4770 Dei
1602 4757 1616 4781 ,
1649 4730 1748 4785 pro
1773 4715 1952 4769 divina
1983 4730 2081 4773 seu

485 4792 788 4849 Christiana
810 4792 1114 4863 disciplina.
1142 4788 1337 4845 Contra
1362 4790 1520 4863 ferre,
1545 4796 1628 4841 est
1670 4796 1846 4863 contra
1868 4803 2076 4863 ponere,

485 4880 792 4935 opponere,
821 4856 1182 4935 componere,
1208 4860 1878 4935 committere,conferre1
1905 4856 2025 4935 R_u;_.

560 4927 642 5007 (d)
673 4927 812 4991 Deus
856 4927 1372 5007 précepitﬁpiritum
1410 4928 1470 5007 8‘.
1505 4927 1718 5007 Allutﬂlit.
1743 4927 1881 5007 haud
1915 4928 2081 5007 dubie

484 5005 551 5060 ad
565 4993 708 5063 illud
739 4993 938 5079 Ephes.
971 4993 1031 5061 ιζ
1047 5023 1071 5079 μ(
1099 4993 1270 5079 Nolite
1291 5001 1609 5079 contristare
1629 4993 1883 5079 Spiritum
1913 5000 2076 5079 Sanc-

485 5086 596 5152 tum
630 5081 760 5146 Dei,
789 5069 856 5133 'in
889 5094 996 5149 quo
1015 5074 1206 5152 signati
1248 5070 1379 5152 estis
1424 5072 1482 5152 in
1528 5071 1616 5152 die
1665 5069 2071 5152 redemptionis.

482 5147 670 5223 Omnis
695 5142 1024 5223 amaritudo,
1051 5142 1107 5204 et
1136 5147 1220 5223 ira
1235 5156 1319 5223 ,_et
1350 5142 1641 5223 indignatio
1666 5182 1680 5203 ,
1707 5142 1994 5223 e_t._e_lamor
2013 5151 2068 5223 et

483 5221 814 5292 blasphemia
845 5211 1310 5294 tollaturavobis,
1330 5211 1852 5294 eutn’onmianalitia
1883 5229 1901 5294 :_
1938 5211 2071 5294 iurii-

481 5282 728 5365 cans'per
753 5294 1045 5365 posteriora
1074 5290 1162 5365 illa
1187 5287 1346 5365 verba
1367 5283 1642 5365 _ex_plicari
1694 5282 2070 5365 praecedentia.

443 5410 446 5412 .
516 5435 520 5436 ί
557 5354 726 5436 (θ)Ἐι
753 5354 834 5417 ira
860 5372 914 5436 et
932 5363 1096 5436 dolor.
1125 5356 1524 5436 lnslgnebujus
1547 5355 1630 5436 rei
1657 5354 1958 5436 exemplum
1983 5369 2069 5408 re-

478 5425 834 5508 citat'PIinius
863 5435 956 5508 lib.
988 5434 1039 5486 7.
1063 5447 1181 5508 cap.
1213 5425 1280 5486 7':
1316 5427 1585 5494 Universi,
1615 5426 1806 5508 inquit,
1836 5425 2058 5492 Pompe-

477 5508 583 5561 i..ni
610 5506 878 5579 elephanti
905 5506 1239 5579 eruptionem
1269 5511 1544 5579 tentavere
1569 5539 1583 5563 ,
1614 5506 1865 5579 nonnsine
1894 5509 2056 5574 vexa-

479 5579 624 5649 tione
652 5566 828 5648 ρὸριιιὶ
847 5619 864 5643 ,
891 5566 1205 5649 circumdati
1234 5571 1454 5649 clatliris
1482 5569 1693 5649 ferreis.
1863 5566 2057 5649 amis-sa

476 5647 614 5719 fuga:
651 5637 785 5719 spe,
827 5637 1249 5719 misericordiam
1294 5643 1434 5719 vulgi
1484 5638 1827 5719 inenarrabili
1861 5637 2054 5719 habitu

475 5711 799 5788 quieren'tes,
824 5711 1476 5790 supplicavere,__qua_dam
1529 5725 1652 5790 sese
1678 5711 2058 5790 lamentatione

475 5780 868 5861 complorantes
895 5780 1045 5848 tanto
1073 5780 1490 5859 pop'uli'dolore,
1517 5790 1574 5838 ut
1605 5780 1800 5858 oblitus
1827 5780 2058 5851 impera-

2191 4006 2324 4076 toris
2370 4019 2432 4060 ac
2475 4004 2855 4060 muniﬁcentia:
2905 4004 3094 4061 honori
3145 4019 3243 4059 suo
3286 4004 3606 4076 exquisitae,
3655 4003 3795 4064 ﬂens

2190 4075 2470 4150 universus
2495 4085 2877 4150 consurgeret,
2913 4076 3166 4150 dirasque
3205 4075 3462 4149 Pompeio
3489 4118 3505 4145 ,
3538 4091 3672 4150 quas
3703 4079 3796 4137 ille

2187 4162 2310 4202 mox
2339 4147 2464 4211 luit,
2500 4163 2683 4217 pinnas
2711 4149 3113 4215 imprecarctur.
3149 4148 3285 4203 I’Au.

2258 4217 2324 4290 (Γ)
2368 4218 2528 4291 illisit,
2559 4217 2755 4273 dicunt.
2787 4220 2964 4291 Placet
2993 4218 3172 4274 Budtci
3199 4219 3486 4283 sententia,
3511 4221 3601 4291 qui
3630 4223 3798 4279 tradit

2181 4289 2391 4360 signum
2419 4289 2586 4345 fuisse
2607 4290 3115 4344 committoudorunt
3143 4293 3469 4361 aurigarum.
3493 4289 3796 4361 Conﬁrma-

2183 4368 2269 4432 tur
2307 4361 2532 4431 idipsum
2561 4377 2628 4416 ex
2653 4361 2906 4416 Suetonio
2936 4361 3064 4429 (Vit.
3092 4360 3287 4432 Neron.
3317 4377 3364 4417 e.
3391 4361 3463 4416 22
3490 4360 3531 4432 ),
3563 4365 3793 4418 Martiali

2181 4429 2202 4501 (
2221 4432 2255 4485 Ι.
2285 4429 2394 4502 12)
2425 4431 2737 4488 etJuveuaIi
2779 4431 2978 4504 (Satir.
3015 4429 3143 4503 22).
3171 4432 3330 4489 Certe
3374 4429 3612 4504 nostram
3656 4450 3794 4490 sen-

2101 4525 2153 4585 D
2185 4504 2404 4585 tentiam
2429 4519 2607 4585 verum
2638 4517 2759 4585 esse
2788 4503 3058 4585 eonvincit
3084 4505 3432 4585 (lassiodorus
3465 4503 3633 4585 (Var.
3660 4505 3696 4559 Ι.

2182 4589 2274 4642 ep.
2305 4574 2368 4630 51
2399 4574 2464 4629 ad
2492 4573 2744 4646 Faustum
2770 4573 3023 4644 praepos.)
3052 4593 3064 4629 :
3096 4575 3282 4644 Mappa
3303 4616 3318 4641 ,
3351 4573 3548 4646 inquit,
3576 4591 3691 4645 qua
3712 4577 3791 4629 si-

2182 4662 2338 4716 gnum
2357 4647 2503 4716 idare
2531 4645 2656 4700 solet
2686 4646 3006 4709 circensibus,
3039 4646 3128 4699 tuli
3157 4663 3279 4700 casu
3306 4647 3456 4716 ﬂuxit
3487 4646 3539 4699 in
3571 4662 3791 4700 morem.

2185 4715 2314 4770 Cum
2343 4715 2483 4770 Nero
2511 4716 2781 4786 prandium
2807 4717 3155 4785 protenderet,
3185 4728 3229 4770 et
3260 4717 3586 4782 celeritatem,
3617 4726 3668 4769 ut
3694 4734 3788 4771 as-

2184 4788 2326 4846 solet.
2355 4788 2533 4840 auidus
2571 4789 2831 4859 spectandi
2857 4786 3076 4859 populus
3102 4788 3382 4859 ﬂagitaret,
3404 4787 3493 4841 ille
3521 4804 3792 4858 mappam,

2183 4873 2283 4927 qua
2315 4860 2561 4929 tergendis
2604 4858 2834 4912 manibus
2871 4859 3120 4922 utebatur,
3146 4858 3299 4929 jussit
3333 4858 3483 4930 abjici
3521 4874 3610 4927 per
3647 4859 3794 4930 [ene-

2185 4940 2374 4995 stram,
2407 4939 2457 4981 ut
2501 4930 2780 4983 libertatem
2820 4930 2962 4983 daret
3010 4931 3298 4984 certaminis
3333 4929 3594 5000 postulati.
3647 4929 3789 4983 Hinc

2185 5008 2398 5053 tractum
2423 5007 2518 5066 est,
2548 5009 2621 5065 ut,
2654 5010 2852 5053 ostensa
2879 5018 3086 5070 mappa,
3116 5012 3252 5056 certa
3273 5002 3505 5055 videatur
3523 5015 3630 5055 esse
3655 5017 3785 5070 pro-

2181 5071 2351 5125 missio
2379 5071 2675 5126 circensium
2703 5071 2954 5137 furorum.
3001 5072 3137 5127 Pu.

2255 5143 2330 5211 (ε)
2360 5140 2528 5196 Teneo
2581 5143 2920 5196 testimonium
2955 5144 3215 5198 «veitatis.
3259 5142 3372 5198 Hoc
3412 5151 3527 5206 est,
3555 5142 3770 5198 Accuso

2178 5211 2552 5284 excitatisEt
2590 5214 2883 5284 ClBOIlilleIll
2914 5213 3147 5284 explicat
3186 5214 3460 5284 deinceps.
3493 5214 3618 5268 lito.

2253 5282 2343 5356 (h)?
2369 5282 2474 5337 Sed
2533 5292 2613 5356 est
2646 5282 2836 5338 diaboli
2881 5283 2942 5336 ab
2983 5282 3086 5339 alto
3120 5282 3421 5355 pracipitati
3463 5285 3604 5356 gula.
3658 5282 3772 5340 Ex-

2180 5353 2697 5426 βιέεδίιηυςλςιξᾱίοἰε
2721 5356 3062 5426 vetustissimi
3088 5353 3430 5426 scripturam.
3465 5353 3648 5421 Antea
3681 5358 3770 5426 Vle-

2159 5423 2652 5498 geliaturtubiaboli
2766 5427 2870 5498 alto
2919 5423 3234 5498 praacipitat'i'
3262 5429 3430 5498 ﬁgura
3449 5467 3466 5493 ,
3508 5425 3767 5498 acutltine

2161 5493 2582 5568 ObtusoAlludit
2605 5496 2749 5550 enim
2776 5497 2842 5550 ad
2869 5493 2930 5552 ea
2957 5493 3086 5566 que
3105 5493 3273 5554 sacris
3295 5493 3501 5568 paginis
3533 5495 3763 5552 tradun-

2162 5573 2245 5619 tur
2272 5563 2340 5639 de
2360 5566 2596 5639 Satana_,
2633 5581 2790 5636 quem
2812 5567 2877 5621 de
2906 5563 3046 5623 etelo
3097 5569 3238 5624 Dens
3289 5563 3398 5639 egit
3443 5568 3496 5623 itt
3554 5575 3764 5622 tartara

2185 5636 2544 5709 praecipitent.
2569 5636 2748 5706 Itaque
2778 5653 3022 5708 mappam
3054 5639 3196 5695 illam
3225 5636 3520 5708 Septimius
3555 5679 3568 5702 ,
3597 5650 3766 5709 quam

2160 5706 2364 5781 Prwtor
2385 5721 2480 5776 pro
2505 5707 2658 5781 signo
2686 5706 3130 5781 mitteresolebat
3151 5752 3166 5774 ,
3193 5706 3443 5781 mappam
3486 5706 3633 5764 esse'
3667 5722 3766 5781 ne-

2158 5778 2379 5850 gat-Ait
2407 5792 2532 5838 vero
2565 5777 2750 5850 "ipsum
2794 5794 2913 5838 esse
2957 5780 3254 5852 Diabolum,
3284 5777 3394 5854 'qui
3443 5789 3586 5837 totus
3636 5777 3769 5852 gula
