4150 6352
346 333 449 393 M9

1524 323 1729 383 LIBER
1765 321 1856 380 DE
1893 319 2380 386 SPECTACULIS.

3540 336 3649 396 650

348 461 399 507 et
418 448 741 517 discordias,
766 455 823 506 et
841 446 1099 520 quidquid
1119 445 1367 504 noulicet
1390 442 1756 502 sacerdotibus
1777 441 1944 513 pacis.
1972 444 2026 505 Α
2052 441 2153 500 bus
2178 458 2315 515 Opus
2343 460 2450 503 non
2484 458 2602 517 est,
2631 452 2982 522 praedicatur.
3005 453 3181 511 Taceo
3206 454 3274 511 de
3297 454 3519 528 reliquis
3536 496 3553 525 ,
3584 472 3650 514 ea

340 539 474 599 Inde
494 540 800 609 maledicta,
830 540 1073 596 convicia
1103 538 1221 595 sine
1239 536 1472 610 justitia,
1504 536 1614 592 odii
1639 535 1802 592 etiam
1831 531 1941 588 sul-

343 631 517 705 fragia
539 633 622 704 (1)
644 632 763 688 sine
788 632 981 693 merito
1008 630 1229 686 amoris.
1261 628 1401 697 Quid
1426 628 1569 684 enim
1596 622 1942 683 consecuturi

341 741 496 784 suum
520 724 602 798 (Ξ)
634 725 742 780 illic
764 735 951 797 agunt,
978 724 1068 799 qui
1096 724 1179 780 sui
1209 739 1319 779 non
1344 722 1508 778 sunt?
1538 721 1638 777 nisi
1671 719 1810 775 forte
1840 718 1943 774 hoc

322 820 537 885 solum,
566 834 664 890 per
688 818 833 890 quod
862 818 948 875 sui
975 833 1083 882 non
1113 826 1240 874 sunt
1284 834 1298 871 :
1336 817 1405 873 de
1429 816 1606 872 aliena
1630 812 1942 871 infelicitate

338 914 758 980 contristantur,
792 913 861 969 de
880 913 1056 968 aliena
1084 912 1339 968 felicitate
1367 912 1637 967 ltetantur.
1671 906 1940 979 Quidquid

337 1019 553 1081 optant,
579 1008 837 1082 quidquid
865 1008 1262 1075 abominantur,
1281 1017 1599 1063 extraneum
1620 1003 1815 1059 abillis
1834 1010 1938 1068 est,

338 1102 411 1159 ita
442 1112 497 1159 et
516 1118 671 1158 amor
695 1100 836 1171 apud
864 1100 989 1157 illos
1008 1100 1234 1167 otiosus,
1265 1099 1526 1156 etodium
1563 1098 1845 1168 injustum.
1873 1096 1944 1151 At

338 1194 564 1253 forsitan
581 1196 698 1252 sine
721 1196 800 1266 (3)
821 1200 1011 1251 caussa
1039 1209 1222 1251 amare
1250 1193 1432 1259 liceat,
1447 1208 1605 1265 quam
1617 1191 1734 1247 sine
1755 1204 1943 1246 caussa

338 1290 540 1348 odisse.
560 1290 705 1363 Deus
727 1300 878 1347 certe
903 1290 1065 1346 etiam
1096 1304 1217 1345 cum
1242 1304 1431 1345 caussa
1458 1285 1709 1360 prohibet
1733 1285 1939 1352 odisse,

337 1386 428 1458 qui
460 1383 707 1441 inimicos
733 1383 879 1454 diligi
905 1382 1077 1453 jubet.
1097 1385 1243 1439 Deus
1268 1383 1431 1438 etiam
1460 1395 1583 1437 cum
1610 1392 1802 1435 caussa
1832 1392 1945 1433 ma-

338 1478 580 1535 ledicere
610 1492 716 1533 non
748 1476 899 1542 sinit,
926 1475 1021 1548 qui
1057 1474 1444 1530 maledicentes
1476 1470 1721 1529 benedici
1749 1470 1942 1542 praeci-

339 1572 419 1644 pit
445 1570 662 1643 (Matth.
686 1570 753 1626 γ.
795 1568 965 1625 Marc.
992 1567 1110 1624 VII.
1140 1567 1293 1623 Rom.
1321 1565 1484 1637 XIII).
1514 1564 1621 1622 Sed
1641 1564 1798 1620 Circo
1817 1561 1946 1634 quid

339 1665 583 1722 amarius
601 1707 617 1729 ,
647 1664 736 1721 ubi
766 1680 834 1720 ne
866 1662 1194 1733 principibus
1222 1660 1443 1733 quidem
1470 1666 1563 1715 aut
1590 1656 1796 1713 civibus
1835 1655 1946 1723 suis

226 1819 237 1834 κ
340 1757 603 1829 parcunt?
645 1755 702 1812 Si
742 1754 870 1827 quid
899 1754 1092 1811 horum
1118 1753 1313 1825 quibus
1338 1752 1526 1809 Circus
1566 1748 1715 1815 furit,
1748 1747 1944 1805 alicubi

2043 548 2162 604 qua:
2187 535 2240 590 in
2268 537 2505 595 tenebris
2528 548 2584 597 et
2608 541 2661 598 in
2701 545 2979 616 speluncis
3008 547 3122 602 suis
3142 544 3461 604 delitescere
3484 547 3649 605 dece-

2043 623 2176 695 bat,
2232 644 2301 685 ne
2351 630 2493 687 diem
2538 638 2997 694 contaminarent.
3043 637 3352 696 Erubescat.
3385 649 3646 708 senatus,

2044 720 2365 777 erubescant
2389 724 2607 785 ordines
2636 742 2850 786 omnes.
2879 729 3016 800 Ipsa:
3046 731 3153 786 illa:
3182 731 3403 803 pudoris
3431 731 3514 787 sui
3556 732 3643 789 in-

2044 814 2416 885 teremptrices
2438 858 2455 884 ,
2481 818 2551 875 de
2578 821 2819 891 gestibus
2844 825 2957 879 suis
2999 824 3066 880 ad
3109 824 3283 883 lucem
3308 836 3363 883 et
3386 827 3644 898 populum

2044 916 2465 976 expavescentes
2486 951 2503 978 ,
2533 912 2705 969 semel
2730 929 2875 972 anno
2904 916 3229 973 erubescant
3261 918 3365 992 (ά).
3400 919 3557 987 Quod
3598 920 3649 977 si

2044 998 2201 1056 nobis
2240 1001 2416 1058 omnis
2460 1003 2792 1076 impudicitia
2830 1009 3167 1066 exsecranda
3193 1021 3315 1080 est,
3346 1027 3443 1068 cur
3480 1012 3646 1071 liceat

2045 1092 2232 1149 audire
2259 1110 2379 1166 qua:
2403 1096 2552 1170 loqui
2578 1115 2685 1156 non
2714 1100 2879 1158 licet?
2908 1102 3045 1159 Cum
3071 1106 3232 1160 etiam
3257 1105 3642 1163 scurrilitatem

2046 1198 2100 1244 et
2123 1203 2285 1246 omne
2309 1206 2507 1271 vanum
2528 1195 2752 1252 verbum
2766 1196 3063 1268 judicatum
3084 1214 3115 1254 a
3143 1200 3252 1256 Deo
3277 1203 3532 1269 sciamus,
3550 1217 3649 1258 cur

2048 1296 2200 1352 aeque
2245 1282 2405 1341 liceat
2452 1286 2659 1355 videre,
2701 1306 2824 1362 quae
2868 1291 3052 1348 facere
3087 1291 3347 1365 flagitium
3386 1296 3504 1351 est?
3538 1294 3650 1352 Cur

2049 1389 2291 1446 qumore
2312 1378 2518 1448 prolata
2539 1383 2941 1440 communicant
2969 1384 3268 1453 hominem,
3302 1402 3365 1444 ea
3395 1402 3492 1458 per
3517 1402 3652 1444 acu.

2049 1467 2132 1523 los
2157 1478 2213 1526 et
2236 1487 2395 1528 aures
2437 1474 2675 1531 admissa
2724 1492 2831 1533 non
2873 1478 3167 1565 videantur"
3196 1479 3468 1538 hominem
3495 1496 3652 1538 com-

2051 1564 2325 1621 municare
2355 1583 2369 1621 :
2394 1581 2515 1623 cum
2542 1568 2752 1639 spiritui
2774 1581 3065 1642 appareant
3094 1586 3251 1630 aures
3286 1573 3356 1646 (ε)
3384 1584 3439 1631 et
3464 1574 3602 1631 oculi
3627 1616 3646 1643 ,

2049 1671 2149 1713 nec
2175 1660 2347 1729 possit
2375 1660 2607 1717 mundus
2632 1664 2880 1733 praestari
2902 1665 3095 1736 ,.cujus
3116 1667 3451 1736 apparitores
3477 1669 3655 1741 inqui-

2050 1753 2281 1807 namur?
2312 1752 2489 1811 llabes
2510 1755 2670 1826 igitur
2693 1767 2747 1813 et
2773 1756 2969 1814 theatri
2996 1758 3446 1829 interdictionem,
3472 1760 3542 1817 de
3567 1762 3656 1819 in-

340 1853 598 1924 competit
614 1851 839 1918 sanctis,
869 1852 1033 1908 etiam
1064 1850 1118 1907 in
1140 1850 1298 1907 Circo
1336 1847 1538 1906 licebit.
1566 1846 1624 1904 Si
1650 1861 1783 1903 vero
1811 1859 1937 1902 nus-
1974 1834 2023 1895 Β
2059 1843 2377 1902 terdictione‘
2402 1846 2768 1918 impudicitim.

340 1959 522 2017 quam,
551 1942 673 2000 ideo
701 1956 803 2000 nec
827 1942 883 1999 in
908 1942 1087 1999 Circo.

915 2034 1144 2094 CAPUT
1181 2032 1355 2091 XVII.

412 2128 673 2187 Similiter
711 2126 1100 2199 impudicitiam
1166 2126 1242 2199 (a)
1310 2138 1526 2181 omnem
1597 2122 1809 2179 amoliri
1864 2121 1944 2195 (ι)

338 2225 611 2297 iubemur.
676 2222 789 2279 Hoc
856 2221 1020 2293 igitur
1064 2220 1227 2277 modo
1270 2219 1431 2275 etiam
1475 2233 1505 2273 a
1549 2216 1760 2273 theatro
1789 2230 1946 2287 sepa-

343 2333 528 2375 ramur
559 2358 577 2384 ,
636 2314 782 2387 quod
833 2323 919 2371 est
966 2315 1232 2385 privatum
1281 2312 1661 2394 consistorium
1717 2308 1947 2380 impudi-

343 2411 485 2467 citia:
507 2452 523 2477 ,
551 2409 643 2467 ubi
673 2405 809 2464 nihil
833 2407 1115 2479 probatur,
1162 2422 1323 2479 quam
1353 2404 1495 2477 quod
1525 2404 1649 2459 alibi
1678 2420 1786 2459 non
1815 2418 1943 2475 pro-

343 2501 520 2558 batur.
549 2498 627 2555 Ita
649 2514 855 2555 summa
890 2499 1059 2570 gratia
1094 2498 1213 2568 ejus
1238 2497 1306 2553 de
1344 2496 1599 2567 spurcitia
1639 2495 1931 2566 plurimum

345 2594 663 2651 concinnata
685 2602 791 2659 est,
815 2608 974 2663 quam
1003 2592 1279 2648 Atellanus
1297 2589 1371 2663 (b)
1392 2588 1760 2662 gesticulatur,
1783 2606 1943 2662 quam

346 2686 549 2741 mimus
573 2687 734 2741 etiam
766 2700 861 2755 per
888 2685 1146 2741 mulieres
1165 2726 1181 2751 ,
1204 2692 1592 2754 repraesentat,
1621 2698 1810 2739 sexum
1844 2700 1942 2753 pu-

345 2777 496 2835 doris
519 2778 880 2833 exterminans
900 2776 995 2851 (c),
1017 2788 1075 2832 ut
1099 2777 1309 2832 facilius
1338 2775 1483 2830 domi
1505 2791 1665 2846 quam
1698 2775 1752 2831 in
1781 2790 1941 2831 scena

351 2870 708 2937 erubescant;
758 2884 916 2940 quam
963 2869 1197 2940 denique
1251 2869 1611 2938 pantomimus
1652 2883 1683 2923 a
1719 2866 1944 2940 pueritia

348 2963 548 3033 patitur
571 2962 622 3016 in
649 2976 876 3033 corpore
896 3004 911 3029 ,
942 2971 1002 3016 ut
1031 2962 1223 3017 artifex
1254 2976 1377 3017 esse
1401 2960 1593 3032 possit.
1626 2959 1746 3031 Ipsa
1775 2960 1942 3037 etiam

345 3053 639 3125 prostibula
669 3053 896 3125 publica:
926 3052 1166 3109 libidinis
1186 3053 1377 3108 hostiae
1402 3052 1458 3107 in
1483 3067 1642 3108 scena
1667 3048 1945 3123 proferim-

347 3158 454 3213 tur,
488 3148 607 3217 plus
634 3146 848 3203 misera:
869 3147 920 3202 in
950 3146 1237 3217 prmsentia
1264 3144 1607 3211 feminarum,
1636 3143 1831 3215 quibus
1851 3156 1939 3199 so-

2619 1940 2847 2000 CAPUT
2885 1944 3074 2001 XVIII.

2118 2030 2213 2088 Sin
2252 2040 2308 2087 et
2351 2031 2648 2089 doctrinam
2695 2036 2969 2093 saecularis
3005 2036 3322 2095 litteraturae
3348 2081 3364 2107 ,
3410 2048 3469 2096 ut
3509 2042 3651 2097 stul-

2048 2123 2180 2178 titiae
2231 2124 2374 2195 apud
2438 2125 2605 2182 Deum
2672 2126 2981 2198 deputatam
3012 2171 3028 2197 ,
3075 2144 3467 2201 aspernamur,
3519 2132 3653 2188 satis

2052 2216 2421 2287 prmscribitur
2446 2218 2601 2274 nobis
2645 2229 2695 2275 et
2741 2220 2810 2276 de
2852 2220 2959 2277 illis
3001 2223 3285 2293 Speciehus
3312 2226 3650 2296 Spectaculo-

2050 2323 2170 2364 rum
2196 2349 2212 2375 ,
2242 2323 2364 2378 quae
2388 2310 2639 2366 saeculari
2668 2311 2969 2369 litteratura
2998 2314 3254 2372 lusoriam
3287 2316 3371 2373 vel
3392 2319 3652 2390 agonisti-

2046 2413 2163 2455 cam
2193 2397 2261 2470 (ί)
2286 2414 2504 2457 scenam
2548 2403 2629 2475 (5)
2675 2402 3023 2477 dispungunt.
3070 2406 3223 2474 Quod
3261 2408 3307 2463 si
3341 2408 3420 2481 (6)
3450 2420 3651 2482 tragus-

2045 2490 2149 2547 dia:
2178 2498 2230 2547 et
2255 2492 2536 2549 comoediae
2578 2494 2845 2551 scelerum
2872 2506 2928 2552 et
2956 2496 3237 2554 libidinum
3274 2501 3501 2558 actrices
3532 2498 3644 2574 (7),

2045 2594 2283 2641 cruenta:
2324 2592 2380 2641 et
2424 2586 2672 2653 lasciva),
2706 2587 2883 2659 impia:
2918 2596 2973 2644 et
3001 2589 3238 2662 prodigia
3270 2608 3284 2645 :
3322 2592 3522 2649 nullius
3563 2594 3649 2651 rei

2046 2686 2134 2732 aut
2153 2677 2373 2745 atrocis,
2399 2687 2493 2734 aut
2509 2678 2649 2746 vilis,
2674 2682 3118 2737 commemoratio
3144 2682 3336 2739 melior
3354 2693 3440 2741 est
3467 2703 3481 2740 :
3506 2685 3654 2758 quod

2046 2771 2101 2826 in
2128 2771 2269 2827 facto
2293 2772 2558 2843 rejicitur,
2584 2774 2748 2830 etiam
2772 2775 2828 2831 itt
2854 2775 2998 2830 dicto
3019 2786 3235 2832 nonest
3258 2779 3649 2851 recipiendum.

2044 2861 2200 2932 Quod
2229 2865 2274 2921 si
2297 2875 2350 2919 et
2373 2865 2604 2921 stadium
2626 2868 2924 2923 contendas
2949 2867 3001 2923 in
3035 2867 3333 2942 Scripturis
3355 2856 3645 2940 nominari,

2041 2972 2175 3013 sane
2212 2957 2499 3014 obtinebis.
2531 2958 2639 3016 Sed
2670 2974 2791 3030 qua:
2819 2959 2875 3016 in
2918 2961 3091 3017 stadio
3115 2973 3404 3034 geruntur,
3434 2964 3654 3038 indigna

2043 3050 2353 3120 conspectui
2395 3049 2483 3125 (8)
2519 3059 2609 3107 tuo
2640 3066 2750 3107 non
2782 3052 3034 3124 negabis,
3064 3068 3272 3126 pugnos
3298 3064 3353 3110 et
3380 3056 3558 3114 calces
3586 3067 3644 3114 et

2044 3144 2303 3215 colaphos
2321 3153 2377 3201 et
2407 3159 2622 3202 omnem
2650 3146 2998 3217 petulantiam
3025 3163 3237 3215 manus,
3257 3158 3312 3207 et
3335 3166 3653 3222 quamcum-

345 3239 412 3295 lis
444 3213 712 3306 latebant,
743 3213 1151 3310 perque'omnis
1189 3236 1363 3293 accitis
1390 3277 1405 3302 ,
1451 3236 1629 3290 omnis
1657 3213 1937 3305 dignitatis
1966 3213 2012 3276 (ἶ
2043 3251 2147 3308 que
2169 3213 2396 3292 humani
2423 3237 2534 3293 oris
2570 3213 2672 3312 (9),
2702 3237 2755 3295 id
2793 3246 2910 3309 est,
2941 3239 3137 3296 divina:
3169 3213 3417 3312 imaginis
3446 3242 3650 3314 depug-

262 3352 267 3355 ·
346 3349 441 3390 ora
468 3334 916 3401 transducuntur;
947 3330 1118 3401 locus,
1137 3332 1325 3402 stipes,
1349 3330 1604 3403 elogium,
1628 3331 1789 3386 etiam
1819 3330 1937 3401 qui-

2043 3328 2338 3385 nationem.
2379 3327 2496 3386 Non
2534 3329 2771 3401 probatis
2809 3343 3050 3404 usquam
3078 3347 3246 3390 vanos
3274 3349 3465 3391 cursus
3489 3335 3651 3406 jacu-

1594 3443 1887 3502 LECTION
1894 3444 1975 3503 ES
2012 3442 2427 3501 VARIANTES.

436 3570 486 3631 1)
509 3569 630 3621 Sine
646 3567 833 3644 iustitia
855 3567 981 3627 odii;
1004 3566 1151 3616 etiam
1169 3564 1398 3639 suﬂ‘ragia
1420 3566 1531 3677 Ilia.
1602 3621 1615 3633 ο

434 3634 482 3677 ἐὶ
508 3632 643 3677 Quod
669 3645 799 3677 enim
821 3644 965 3677 suum
984 3637 1293 3677 consecuturi
1315 3635 1475 3677 sunto
1515 3642 1531 3677 ι
1554 3629 1613 3677 Rt

434 3629 482 3695 2)
508 3629 799 3695 Quod'enim
821 3644 965 3695 suum
984 3630 1293 3695 consecuturi
1315 3629 1664 3695 Sllaniti‘ng.

415 3686 477 3759 (3]
505 3686 570 3759 Et
605 3694 807 3746 forsitan
846 3694 956 3744 siue
1000 3691 1155 3742 Fran.
1208 3690 1372 3742 Paris.
1410 3686 1489 3740 An
1532 3686 1638 3740 fors"
1672 3690 1755 3740 sit.
1797 3686 1948 3739 Seml.

347 3756 742 3887 Οὺῶυξὶωὶιὶιθιι
761 3830 857 3871 nec
877 3815 1228 3881 impudicitiam
1249 3828 1448 3867 omnem
1473 3826 1637 3865 amare
1657 3812 1769 3881 Εἰς.

2122 3561 2187 3627 l5)
2217 3561 2375 3627 $090.3
2397 3562 2583 3627 Mt.
2698 3613 2769 3627 μ-.

2137 3622 2189 3685 6)
2210 3624 2351 3685 Quod
2373 3626 2471 3674 sint
2500 3622 2651 3674 Fran.
2678 3622 2875 3677 Oberllt.

2139 3685 2190 3740 ’1)
2214 3688 2473 3737 Auctrices
2495 3686 2649 3738 Fran.
2679 3685 2875 3740 Oberllt.

2136 3748 2188 3812 8)
2213 3748 2487 3812 Conspectu
2508 3750 2547 3799 ,1
2550 3763 2633 3800 un.

2139 3811 2192 3876 9)
2215 3811 2529 3864 Humanioris
2550 3813 2706 3865 Fran.

2171 3560 2190 3813 ἐ

1721 3916 2282 3978 COMMENTARIUS.

346 4049 490 4097 totus
540 4055 734 4112 gurges
758 4082 773 4106 ,
805 4047 948 4096 totus
974 4054 1170 4112 vorago
1198 4038 1537 4111 erpauditur,
1561 4047 1615 4095 et
1652 4037 1941 4112 furi‘teﬂ‘uf

345 4126 438 4168 sus
466 4107 576 4167 toto
602 4107 748 4168 ci'rco
771 4156 784 4173 .
813 4120 870 4167 et
892 4111 1047 4167 saevit
1084 4107 1407 4167 imtttaniter.
1462 4112 1581 4168 Hic.
1632 4140 1705 4150 —
1735 4107 1944 4164 Diaboti

346 4185 409 4238 ab
436 4186 541 4239 alto
584 4183 908 4254 prtecipitati.
958 4182 1048 4237 Sic
1093 4183 1230 4239 libro
1278 4183 1348 4239 de
1384 4183 1597 4247 Anima,
1646 4197 1763 4254 pag.
1813 4182 1940 4238 519.

346 4253 601 4312 Satanam
647 4253 1002 4326 prospectarit
1043 4254 1110 4311 de
1136 4255 1276 4311 caelo
1305 4255 1715 4324 praecipitatum.
1749 4253 1869 4309 llic.

415 4348 569 4422 CA
592 4348 832 4422 XVII.—
846 4346 934 4422 (a)
991 4348 1192 4422 imiliter
1204 4350 1272 4422 int
1280 4349 1581 4422 pudicitiam
1595 4364 1792 4422 omnem
1804 4363 1945 4422 amo:

347 4421 692 4488 liriiubetnur.
712 4421 768 4475 In
780 4417 886 4491 quo
901 4417 1052 4473 illum
1067 4420 1247 4476 diserti
1262 4417 1537 4491 imitantur
1553 4420 1611 4473 Β.
1629 4417 1945 4491 Cypr.(cp_._2

284 4528 295 4541 .
348 4503 393 4547 et
418 4493 455 4547 ι.
482 4496 543 4546 tle
558 4493 756 4563 δραι,
779 4489 827 4547 ὁ.
855 4490 1206 4561 5);Lactant.
1230 4490 1452 4563 μνη.
1473 4490 1589 4562 c£0);
1620 4489 1755 4557 Aug.
1776 4489 1943 4563 (LII,

347 4564 411 4617 de
452 4562 746 4623 Ciuit.Dei,
796 4579 845 4618 ε.
874 4564 930 4628 4,
968 4564 1023 4624 5,
1057 4566 1110 4634 ρ,
1139 4563 1193 4628 7,
1218 4562 1271 4634 si,
1305 4563 1360 4634 9,
1392 4562 1931 4634 10,11,135”).

2048 4047 2165 4166 trq‘,
2193 4053 2263 4164 lit:
2288 4038 2569 4164 pimsentia
2612 4053 2708 4095 sua
2755 4031 3050 4111 spectaculi
3075 4045 3515 4105 consuetudinem
3546 4050 3651 4107 im-

2048 4125 2114 4166 ne
2157 4126 2230 4166 tre
2259 4149 2274 4163 .
2350 4125 2437 4166 ac.

2048 4120 2280 4182 pecu-et.
2308 4120 2437 4166 Lac.

2123 4182 2223 4262 (d)_
2248 4181 2421 4262 semel
2460 4198 2596 4237 anno
2651 4183 2979 4262 erubescant.
3017 4185 3340 4262 _F_'loralibus
3391 4189 3597 4249 scilicet
3614 4208 3644 4262 ε,

2087 4254 2184 4309 nos
2212 4254 2415 4308 ludosa
2447 4255 2747 4310 meretricia
2780 4256 2929 4311 lttrba
2952 4256 3210 4314 celebrari
3241 4261 3429 4316 solitos
3455 4254 3640 4320 narrat

2049 4269 2269 4381 avidius
2296 4323 2504 4379 Faster.
2528 4324 2595 4381 V.
2626 4324 2682 4380 In
2713 4328 2777 4381 iis
2820 4328 2963 4381 enim
2994 4331 3335 4381 meretricum
3362 4374 3377 4381 -
3431 4346 3640 4381 senium

2101 4325 2269 4405 vidius
2296 4323 2504 4405 Faster.
2528 4324 2595 4381 V.
2625 4324 2682 4405 In
2713 4328 2963 4405 ii_5_enim
2978 4331 3335 4405 meretricum
3362 4374 3377 4398 ,
3431 4346 3645 4405 semper

2049 4397 2181 4474 alias
2197 4396 2588 4474 impudentiam
2609 4397 2840 4474 lascivia
2884 4399 3086 4474 major,
3107 4412 3161 4455 et
3199 4396 3483 4460 liberiores
3508 4396 3639 4474 joci.

2049 4468 2153 4524 Sed
2194 4467 2478 4546 ipsaealias
2497 4467 2712 4546 quidem
2736 4470 2788 4523 in
2815 4470 2968 4546 cellis
2989 4480 3054 4546 et
3066 4472 3359 4529 fornicibus
3381 4467 3640 4546 pudtirem

2048 4550 2277 4617 esuunt,
2321 4539 2406 4594 hic
2431 4554 2560 4617 vero
2588 4540 2639 4594 in
2672 4542 2970 4617 propatulo.
3008 4539 3400 4617 Expavescant;
3433 4549 3638 4617 inquit,

346 4604 771 4690 λῖιιῖἁῖὲᾝῶἷξιὶι
796 4604 930 4689 ⁷ἰιίῖι⁹
960 4604 1162 4688 λ’ἷιέἱῖηῖ
1178 4604 1271 4705 ’aii
1307 4604 1633 4699 ἷίἱηάᾝιέιὲἑί
1658 4604 1839 4705 (IIII):

2047 4612 2107 4705 ξεῖ
2129 4612 2292 4665 lucem
2316 4610 2564 4683 pupulum
2594 4651 2610 4678 ,
2655 4604 2702 4665 et
2736 4604 2916 4667 saltem
2956 4604 3110 4669 semel
3157 4630 3292 4670 anno
3322 4604 3637 4673 erubescant:

347 4722 456 4776 quo
508 4707 709 4772 reliqua
765 4706 894 4760 citat
939 4705 1038 4759 sub
1068 4704 1225 4760 finem
1254 4703 1413 4773 hujus
1458 4704 1647 4776 capitis
1677 4703 1688 4758 ἐ
1723 4705 1851 4776 Qum
1878 4703 1941 4756 de

347 4774 553 4832 nomine
576 4786 777 4840 exeunt,
810 4778 901 4831 illa
930 4777 1302 4830 communicant
1332 4775 1604 4834 hominem.
1646 4785 1751 4829 etc.
1779 4791 1794 4839 ;
1822 4774 1931 4828 for-

349 4849 584 4923 lassiset
604 4848 833 4923 atl_tllud
861 4848 1013 4903 Rom.
1042 4846 1163 4903 XIII
1200 4864 1214 4900 :
1249 4844 1373 4901 Non
1400 4848 1451 4901 in
1482 4844 1733 4923 cubilibus
1773 4856 1819 4900 et
1845 4847 1943 4899 im-

350 4920 626 4992 pudicitiis.
666 4919 799 4974 Pus.

421 4992 500 5062 (lt)
532 4992 792 5063 Atteluuus
821 4991 1169 5063 gesticulatur.
1199 4989 1469 5063 Ludioncs
1499 4988 1749 5045 Attellani
1779 4989 1946 5063 notis-

350 5060 470 5120 simi
499 5072 625 5118 sunt
646 5062 714 5116 ab
739 5060 869 5118 urbe
896 5064 1098 5127 Atella,
1148 5069 1358 5116 vetusto
1400 5060 1660 5116 Oscorunt
1702 5062 1899 5131 Oppido
1930 5080 1943 5113 :

350 5151 412 5190 ea
446 5135 498 5188 in
542 5136 689 5205 urbe
710 5136 983 5205 egregium
1025 5142 1140 5189 erat
1178 5133 1315 5205 ulint
1345 5132 1837 5205 :unphitlteatrnm;
1872 5134 1948 5188 vi-

351 5206 520 5262 deris.
548 5206 609 5259 C.
651 5204 1031 5275 Hieronymum
1076 5206 1224 5273 epist.
1250 5204 1318 5257 ad
1346 5204 1702 5259 Sabinianum.
1731 5204 1809 5260 LE
1849 5206 1943 5259 Pa.

424 5296 503 5367 (c)
551 5294 743 5369 sexum
792 5298 1002 5369 pudoris
1047 5298 1407 5369 exterminans.
1474 5296 1660 5353 Grmca
1712 5297 1944 5367 phrasis.

351 5369 550 5424 Scitum
607 5368 765 5439 longe
794 5368 835 5421 a
888 5369 1089 5437 pudore
1141 5368 1431 5424 alnluceus.
1477 5383 1650 5439 gt‘at'Cn
1698 5369 1943 5424 locutio:

351 5451 594 5496 statuens
618 5451 767 5495 extra
795 5440 1052 5495 terminos
1080 5439 1712 5510 ptttlorls.th.—Sea:um
1740 5440 1948 5510 pudoris

352 5515 718 5566 exterminans.
748 5510 924 5565 Retuli
971 5511 1038 5566 ad
1070 5510 1412 5566 nudationem
1457 5526 1771 5581 corporum,
1826 5527 1947 5567 nam

352 5584 535 5638 mima:
564 5583 634 5636 ita
663 5597 807 5653 saepe
833 5584 884 5636 in
914 5582 1332 5637 tlteatro.\'aler‘.
1348 5582 1486 5637 Max.
1519 5583 1611 5637 lib.
1642 5584 1694 5638 '5.
1728 5584 1967 5653 loquens-

352 5655 420 5709 de
449 5653 722 5709 lloralibus
750 5654 859 5717 ait,
919 5654 988 5709 Μ.
1040 5655 1227 5708 Porcio
1274 5653 1475 5709 Catone
1524 5665 1801 5723 spectante
1851 5654 1951 5710 hos

352 5726 514 5781 ludus
554 5726 804 5796 pupulum
848 5725 1128 5781 erubuisse
1168 5726 1458 5795 postulare,
1493 5727 1757 5796 ul_lllitll.'c
1785 5727 1951 5781 nuda-

354 5794 734 5865 renturIQuod
772 5812 893 5852 cum
923 5798 1056 5851 Cato
1103 5794 1451 5866 cognosceret
1482 5812 1511 5850 a
1555 5794 1760 5854 Fannio
1818 5798 1949 5852 ami-

356 5869 577 5924 cissimo
603 5883 706 5923 una
734 5884 917 5923 secum
945 5868 1168 5923 sedente
1191 5872 1243 5922 in
1272 5868 1408 5924 ludis
1427 5910 1443 5935 ,
1466 5868 1714 5925 discessit
1739 5885 1770 5925 c
1798 5868 1949 5926 thea-

642 5962 1081 6024 TERTULLIANI
1123 5961 1174 6024 l.

2043 4681 2163 4739 ιω.

2116 4774 2192 4847 (e)
2231 4773 2356 4830 Cum
2404 4775 2604 4847 spiritui
2653 4787 2936 4848 appareant
2975 4794 3145 4832 aures.
3194 4778 3285 4833 Sic
3336 4788 3392 4834 et
3437 4780 3645 4839 Tullius

2045 4861 2233 4922 sensus
2260 4859 2414 4922 vocat
2451 4848 2648 4922 mentis
2686 4849 2965 4922 satellites.
3007 4848 3171 4920 Greg.
3226 4850 3381 4922 Nyss.
3435 4852 3525 4906 lib.
3576 4855 3644 4911 de

2049 4917 2281 4989 perfecta
2351 4919 2641 4975 Christiani
2727 4918 2942 4985 forma,
3014 4917 3287 4989 δεχομένηί
3336 4938 3419 4985 τῆς
3495 4930 3644 4988 ἀκοῆς

2048 5000 2136 5047 τὶν
2205 4996 2436 5061 ὒρῆγησιν
2517 4992 2725 5045 auribus
2777 4992 3045 5060 imperium
3123 4994 3484 5058 accipientibus
3516 5039 3527 5057 .
3587 5009 3645 5053 ut

2048 5076 2188 5140 quae
2223 5065 2449 5140 solidiue
2478 5063 2704 5140 spiritui.
2756 5061 2853 5140 llic
2884 5070 3097 5140 notetur
3142 5064 3289 5118 locus
3332 5065 3642 5140 llieronymi

2050 5131 2146 5211 l_ih.
2175 5132 2212 5186 I.
2250 5134 2369 5190 adv.
2400 5133 2688 5211 .l_out'_nian.,
2723 5133 2929 5211 ubi__:tit
2969 5135 3203 5211 quinque
3253 5150 3455 5211 sensus
3490 5131 3644 5211 rcges

2050 5205 2217 5261 fuisse
2263 5214 2319 5260 et
2362 5206 2627 5275 principes
2662 5204 2868 5268 saeculi,
2899 5213 3023 5259 ante
3070 5205 3357 5262 adventum
3396 5204 3597 5266 Christi
3628 5229 3645 5264 :

2049 5293 2184 5345 QU‘DS
2228 5287 2407 5332 tamen
2450 5276 2657 5333 JESUS
2702 5276 2771 5330 ita
2817 5276 3073 5347 subjecit,
3116 5285 3173 5331 ut
3216 5278 3334 5334 illos
3375 5280 3647 5341 occisione

2051 5348 2381 5474 ilnterlelc‘erit
2410 5367 2423 5404 :
2449 5349 2517 5404 ad
2542 5362 2702 5419 quam
2728 5360 2840 5401 rem
2867 5349 3234 5404 accommodat
3262 5349 3437 5406 locum
3465 5351 3652 5426 Scrip-

2077 5436 2208 5474 urge.
2284 5434 2371 5474 At}.

2053 5427 2208 5474 turae.
2236 5427 2371 5475 Lac.

2126 5512 2280 5568 CAP.
2300 5509 2561 5571 XVIII.—
2576 5510 2638 5582 (Γ)
2672 5510 3014 5583 Agonisticant
3034 5529 3255 5568 scenam.
3276 5513 3413 5583 Quin
3438 5516 3553 5574 Itzec
3572 5520 3643 5578 de

2055 5582 2403 5639 histrionibus
2416 5592 2467 5637 et
2483 5581 3121 5653 pantominisaccipiendu
3138 5586 3246 5640 sint
3259 5581 3417 5642 nemo
3435 5589 3645 5648 dubitet

2055 5662 2316 5733 nivosam-rat
2333 5654 2595 5733 Hesychio
2616 5662 2740 5733 Stltll
2760 5660 3033 5727 ὕποκριταί,
3056 5656 3157 5733 huc
3174 5668 3257 5712 ρει
3284 5658 3452 5733 mittil.
3473 5659 3647 5733 Caput

2054 5739 2232 5782 autem
2252 5728 2391 5801 istud
2409 5724 2462 5779 et
2483 5724 2721 5801 proxime
2742 5724 2974 5801 sequens
2992 5729 3332 5801 antiquorum
3358 5724 3647 5801 impunita-

2057 5806 2164 5854 tem
2181 5799 2384 5868 arguit;
2404 5796 2546 5851 uude
2572 5798 2738 5851 miror
2763 5796 3462 5857 vehementerChristianos
3481 5804 3649 5861 homi-

2055 5884 2153 5926 nes
2170 5879 2450 5940 tantopere
2461 5868 2755 5936 laborasse,
2774 5880 2831 5925 ut
2849 5870 3229 5942 turpitudinem
3248 5873 3358 5927 suis
3378 5888 3650 5936 commen.

2897 5965 3126 6047 (Vingt
3157 5967 3410 6049 clune.)
