4150 6352
427 5559 561 5617 Lac.

427 292 541 359 653

1659 289 1881 355 ἨΒΕιὶ
1918 288 2010 353 DE
2050 281 2536 357 SPECTACULIS.

3627 288 3733 360 654"

426 424 577 472 satur
604 414 745 487 quod
777 414 916 471 Deus
938 409 1179 469 damnat.
1203 408 1482 483 Nusquam
1511 414 1566 466 et
1594 424 1864 482 nunquam
1886 410 2031 480 licet,
2060 404 2114 471 Α
2137 409 2338 467 fectum
2372 409 2444 485 (e)
2469 412 2635 468 etiam
2663 411 2774 468 oris
2794 412 2874 485 (Ali)
2904 413 3210 483 spectaculo
3230 419 3458 485 repetat,
3485 419 3739 476 libentius

425 508 577 582 quod
606 522 822 580 semper
852 515 907 564 et
942 507 1140 578 ubique
1180 522 1285 561 non
1313 505 1457 561 licet.
1491 502 1618 560 llaec
1655 511 1739 559 est
1782 502 2027 559 veritatis

427 602 704 675 integritas
729 601 826 675 (a),
860 611 915 657 et
940 612 1063 673 quae
1091 601 1139 657 ei
1168 600 1398 656 debetur
1421 594 1719 670 disciplinae
1750 594 2027 669 plenitudo

432 706 486 754 et
513 696 791 769 a‘qualitas
813 697 1039 761 timeris,
1066 704 1118 752 et
1148 694 1283 751 ﬁdes
1310 689 1576 766 obsequii,
1610 702 1714 749 non
1740 692 2025 748 immutare

425 790 747 847 sententiam
773 831 788 855 ,
833 803 935 845 nec
960 790 1165 844 variare
1188 786 1473 859 judicium.
1508 784 1623 841 Non
1670 793 1848 857 putest
1880 780 2025 839 aliud

425 894 570 951 esse,
598 883 740 954 quod
771 898 899 939 vere
939 883 1154 954 quidem
1182 892 1266 938 est
1292 882 1491 937 bonum
1514 896 1609 937 seu
1641 880 1858 937 malum.
1890 878 2021 936 0m-

426 977 517 1032 nta
549 970 728 1033 autem
757 988 923 1048 penes
952 977 1237 1032 veritatem
1265 974 1365 1029 Dei
1388 973 1492 1030 lixa
1517 981 1662 1030 sunt.

998 1064 1232 1125 CAPUT
1269 1065 1416 1122 XXI.

494 1161 705 1218 Ethnici
770 1159 931 1234 (ὁ),
1004 1175 1139 1232 quos
1208 1173 1373 1231 penes
1444 1159 1592 1216 nulla
1645 1164 1729 1215 est
1786 1157 2027 1214 veritatis

422 1257 722 1329 plenitudo,
771 1257 895 1328 quia
939 1270 1039 1311 nec
1078 1254 1269 1311 doctor
1318 1256 1556 1310 veritatis
1592 1255 1769 1320 Deus,
1824 1252 2025 1307 malum

423 1364 487 1406 ac
533 1351 731 1406 bonum
780 1363 879 1420 pro
921 1348 1148 1404 arbitrio
1196 1362 1261 1403 ac
1303 1347 1524 1403 libidine
1574 1349 2022 1417 interpretantur,

427 1442 554 1498 alibi
599 1442 798 1497 bonum
848 1441 991 1513 quod
1015 1441 1142 1496 alibi
1173 1440 1397 1508 malum,
1427 1446 1483 1496 et
1504 1438 1629 1495 alibi
1657 1439 1855 1493 malum
1880 1436 2025 1509 quod

426 1536 551 1591 alibi
580 1536 800 1590 bonum.
852 1535 944 1591 Sic
969 1549 1099 1606 ergo
1128 1533 1343 1599 evenit,
1373 1541 1432 1588 ut
1465 1532 1555 1604 qui
1600 1533 1652 1586 in
1695 1531 1909 1603 publico
1940 1530 2027 1584 vix

423 1632 741 1684 noticssuale
778 1627 973 1683 vesica:
1000 1628 1234 1683 tunicam
1296 1627 1470 1693 levet,
1508 1626 1648 1681 idem
1681 1627 1731 1680 in
1755 1625 1899 1680 σίτου
1926 1623 2025 1678 ali-

424 1722 507 1776 ter
553 1736 661 1776 non
702 1719 1065 1793 exsultet(l),
1098 1718 1203 1774 nisi
1244 1727 1409 1773 totum
1439 1717 1698 1788 pudorem
1739 1717 1793 1771 in
1835 1714 2026 1771 faciem

424 1815 969 1880 omnium’intentet;
1014 1824 1069 1870 et
1111 1814 1199 1884 qui
1226 1813 1305 1885 (2)
1352 1812 1474 1867 ηιίω
1505 1812 1728 1883 virginis
1771 1812 1840 1867 ab
1881 1811 2027 1865 omni

2057 1865 2105 1925 B

2130 506 2525 576 recognoscens
2559 503 2626 560 de
2666 504 2946 576 proximo,
2972 516 3128 578 quem
3173 507 3348 564 voluit
3370 507 3453 583 (5)
3481 510 3733 571 occidere

2127 598 2196 656 de
2218 586 2531 671 longinquo,
2562 602 2709 654 tanto
2740 598 2927 654 durior
2950 600 2994 654 si
3019 596 3190 657 noluit
3221 600 3324 674 (6).

2700 682 2930 750 CAPUT
2969 692 3134 751 XXII.

2200 785 2337 855 Quid
2376 786 2571 842 mirum
2604 786 2671 843 de
2711 784 2794 859 (7)
2841 788 3109 860 inchuata-
3139 790 3235 848 ista
3274 790 3551 850 hominum
3594 796 3729 853 inis-

2128 880 2361 936 ceutium
2432 885 2489 934 et
2545 881 2992 936 commutantium
3061 886 3259 939 Statum
3318 884 3447 943 boni
3510 886 3565 944 et
3602 889 3731 946 mali

2128 974 2226 1043 per
2273 972 2684 1028 inconstantiam
2729 977 2921 1028 sensus
2969 981 3024 1029 et
3061 973 3250 1045 judicil
3296 976 3569 1035 varietate
3614 979 3732 1055 (8)?

2130 1060 2341 1120 Etenim
2372 1063 2469 1135 ipsi
2512 1070 2727 1119 actores
2755 1064 2833 1137 (9)
2862 1068 2919 1121 et
2942 1065 3409 1125 administratores
3447 1078 3729 1143 spectatio-

2129 1155 2324 1222 lorum,
2357 1156 2746 1227 quadrigarios,
2777 1159 3044 1226 scenicos,
3077 1159 3731 1239 xysticosarenarios“)

2128 1248 2249 1305 illos
2270 1249 2666 1304 amentissimus
2692 1246 2827 1321 (l0),
2849 1251 3043 1322 quibus
3093 1252 3191 1308 viri
3228 1253 3344 1325 (ll)
3372 1256 3578 1311 animas
3600 1258 3680 1331 (g)
3711 1296 3728 1327 ,

2129 1342 2386 1411 foeininze,
2404 1355 2495 1400 aut
2511 1345 2582 1400 illi
2598 1347 3009 1418 etiam,corpora
3027 1362 3118 1404 sua
3133 1348 3498 1419 substernunt,
3518 1361 3735 1424 propter

2132 1440 2267 1511 quos
2299 1439 2349 1493 in
2383 1454 2445 1495 ea
2476 1440 2823 1496 committunt
2848 1454 2969 1513 qua:
2992 1441 3413 1513 reprehendunt,
3445 1456 3513 1500 ex
3543 1444 3731 1502 eadem

2132 1536 2249 1589 arte
2273 1533 2386 1605 (I2)
2409 1576 2424 1599 ,
2453 1549 2610 1604 quam
2646 1532 2763 1606 (15)
2804 1534 3222 1607 magnifaciunt,
3259 1537 3537 1609 deponunt
3574 1537 3735 1611 (l4),

2134 1629 2243 1683 imo
2293 1626 2579 1685 manifeste
2618 1622 2877 1685 damnant
2918 1631 3206 1702 ignominia
3240 1640 3295 1688 et
3337 1631 3528 1704 capitis
3552 1632 3731 1688 minu-

2110 1732 2113 1735 ‘
2135 1720 2282 1775 tione
2304 1721 2406 1792 (Ii),
2428 1728 2673 1777 arcentes
2690 1721 2857 1785 curia,
2884 1720 3093 1788 rostris,
3116 1731 3327 1788 senatu,
3358 1723 3557 1794 equite,
3576 1724 3738 1780 etate-

2133 1812 2315 1884 risque
2352 1812 2648 1867 honoribus
2694 1814 2945 1869 omnibus
2992 1813 3151 1869 simul
3178 1829 3241 1869 ac
3269 1818 3597 1872 ornamentis
3618 1814 3737 1887 qui-

422 1921 623 1979 spurco
653 1908 818 1964 verbo
845 1924 1005 1964 aures
1035 1916 1212 1963 tuetur
1237 1950 1251 1976 ,
1284 1906 1397 1978 ipse
1417 1920 1535 1961 eam
1564 1907 1615 1961 in
1662 1906 1928 1962 theatrum
1957 1904 2024 1960 ad
2057 1904 2105 1925 "
2132 1906 2377 1963 busdam.
2412 1907 2618 1975 Quanta
2648 1908 2971 1978 perversitas
2996 1908 3009 1961 !
3044 1908 3240 1963 Amant
3264 1922 3399 1979 quos
3439 1908 3697 1965 mulctaht
3716 1951 3734 1978 ,

423 2003 542 2059 illas
572 2017 734 2059 voces
761 2000 1311 2074 gesticulationesque
1334 1999 1596 2065 deducat;
1623 2002 1677 2054 et
1714 1999 1802 2070 qui
1835 1999 1887 2053 in
1915 1997 2026 2069 pla-

425 2096 527 2152 teis
559 2097 708 2152 litem
736 2111 899 2151 manu
919 2104 1167 2167 agentem
1205 2106 1297 2149 aut
1321 2093 1613 2164 cumpescit
1636 2136 1652 2161 ,
1678 2102 1769 2148 aut
1795 2092 2029 2148 detesta-

424 2197 551 2255 tur,
597 2189 738 2243 idem
789 2189 840 2243 in
888 2187 1063 2243 stadio
1108 2187 1444 2259 gravioribus
1486 2186 1677 2257 pugnis
1715 2178 2026 2256 sull'ra'gium

424 2278 569 2337 ferat
594 2299 608 2349 ;
635 2292 691 2336 et
730 2282 819 2352 qui
872 2280 938 2335 ad
967 2280 1196 2336 cadaver
1223 2278 1455 2335 hominis
1478 2278 1748 2333 communi
1789 2277 1906 2348 lege
1934 2277 2030 2333 de-

425 2373 599 2430 functi
624 2373 903 2440 exhorret,
929 2373 1069 2429 idem
1100 2374 1152 2428 in
1192 2370 1548 2443 amphiteatro
1573 2370 1763 2426 derosa
1790 2378 1844 2425 et
1870 2370 2027 2425 dissi-

431 2467 650 2540 palato)
676 2509 692 2534 ,
722 2476 777 2522 et
804 2467 857 2520 in
902 2478 1001 2521 suo
1049 2466 1312 2537 sanguine
1360 2465 1655 2535 squalentia
1683 2470 1908 2536 corpora
1936 2478 2030 2535 pa-

429 2559 767 2616 tientissimis
795 2557 965 2613 oculis
992 2557 1223 2629 desuper
1249 2557 1537 2612 incumbat.
1566 2555 1681 2611 lino
1702 2557 1789 2627 qui
1816 2563 2032 2627 propter

427 2650 713 2707 homicidae
738 2663 955 2722 pmuam
984 2650 1314 2722 probandam
1344 2648 1411 2704 ad
1434 2648 1795 2720 spectaculum
1827 2646 2029 2715 veniat,

2132 2000 2433 2071 depretiant
2467 2000 2602 2071 quos
2643 1998 2887 2071 probant.
2923 2001 3107 2056 Artem
3158 1999 3535 2073 magnificam,
3568 2004 3741 2058 artiii-'

2132 2106 2249 2147 cem
2283 2098 2489 2147 notant.
2517 2093 2685 2161 Quale
2709 2092 2969 2163 judicium
3005 2094 3119 2160 est,
3151 2094 3209 2148 ut
3230 2072 3299 2149 ub
3326 2072 3388 2150 ea
3418 2096 3536 2166 quis
3565 2095 3736 2152 οπως·-

2134 2186 2306 2251 cetur,
2339 2199 2435 2255 per
2459 2199 2579 2255 quae
2604 2184 2981 2255 promeretur?
3008 2184 3117 2240 lmo
3140 2195 3336 2256 quanta
3360 2185 3628 2243 confessio
3651 2185 3735 2245 est

2134 2275 2289 2331 malae
2316 2276 2417 2343 rei,
2450 2277 2603 2347 cujus
2625 2283 2872 2334 auctdres
2898 2277 3042 2350 (l5),
3071 2284 3193 2336 cum
3219 2280 3574 2352 acceptissimi
3601 2284 3730 2353 sint,

2135 2370 2251 2426 sine
2279 2376 2404 2425 nota
2433 2385 2539 2426 non
2565 2369 2724 2426 siml!

2698 2462 2930 2521 CAPUT
2968 2460 3161 2520 XXIII.

2208 2553 2380 2622 Quum
2430 2553 2590 2624 igitur
2641 2553 2874 2611 humana
2924 2555 3259 2625 recordatio,
3312 2557 3472 2615 etiam
3521 2558 3737 2619 obstre-

2138 2646 2298 2715 pente
2348 2647 2515 2717 gratia
2559 2647 2880 2719 voluptatis,
2934 2649 3267 2706 damnandos
3325 2665 3422 2708 eos
3470 2662 3734 2724 censeat,

429 2743 574 2800 idem
611 2743 961 2815 gladiatorem
1004 2742 1071 2798 ad
1118 2741 1465 2797 homicidium
1511 2739 1737 2811 ﬂagellis
1776 2749 1831 2796 et
1872 2739 2033 2811 virgis
2138 2739 2401 2810 ademptis
2430 2739 2585 2795 bonis
2609 2739 2926 2811 dignitatum
2952 2743 3004 2796 in
3028 2743 3317 2813 quemdam
3345 2745 3621 2817 scapulum
3652 2745 3736 2802 fa-

427 2842 716 2913 compellat
740 2842 962 2897 invitum
992 2858 1006 2908 ;
1037 2850 1091 2896 et
1117 2841 1204 2911 qui
1235 2838 1509 2910 insigniori
1536 2838 1728 2909 cuique
1750 2835 2034 2892 homicidae
2140 2833 2408 2890 mositatis
2430 2876 2444 2901 ,
2477 2844 2679 2905 quanto
2708 2832 2874 2907 magis
2901 2836 3082 2891 divina
3123 2837 3327 2907 justitia
3376 2839 3430 2893 in
3472 2838 3746 2909 ejusmOdi

426 2932 635 2990 leonem
668 2936 879 3006 poscit,
922 2934 1063 2990 idem
1104 2932 1385 3005 gladiatori
1416 2930 1591 2987 atroci
1617 2936 1761 3000 petat
1803 2928 1991 2985 rudem
2012 2970 2028 2995 ,

2135 2927 2368 2983 artifices
2419 2926 2833 2983 animadvertit?
2877 2930 2957 2983 An
3008 2926 3378 3000 Deo’placcbit
3407 2932 3591 3005 auriga
3639 2933 3732 2991 ille

425 3034 481 3086 el
507 3029 701 3101 pileum
736 3028 816 3102 (cl)
849 3029 1129 3100 praemium
1150 3026 1429 3084 conferat:
1461 3024 1611 3081 illum
1641 3039 1768 3079 vero
1796 3021 1876 3097 (3)
1902 3038 2031 3079 con-
2132 3028 2211 3076 tot
2233 3021 2530 3077 animarum
2558 3020 2913 3091 inquietator,
2947 3030 3025 3079 tot
3046 3022 3305 3080 furiarum
3348 3024 3414 3099 (i)
3441 3026 3690 3085 minister
3714 3071 3732 3100 ,

1656 3114 2037 3174 LECTIONES
2072 3110 2486 3171 VARIANTES.

519 3215 560 3268 ll
588 3215 750 3268 Exuat
778 3218 966 3268 Wouw.
999 3218 1071 3267 Η.
1100 3217 1154 3268 S.

514 3279 561 3344 2)
589 3279 655 3344 lit
677 3281 762 3344 qui
795 3282 983 3344 Wouw.
1005 3282 1078 3329 Μ.
1106 3281 1161 3331 S.
1236 3341 1245 3344 _
1300 3336 1305 3341 η

512 3341 559 3407 3)
587 3342 650 3407 Et
674 3341 856 3407 pileum
879 3342 1016 3393 illum
1040 3356 1160 3407 vero
1185 3341 1295 3407 Rig.

495 3402 564 3459 ἰοί)
588 3402 781 3456 Amoris
805 3407 956 3457 Fran.
981 3404 1147 3457 Paris.
1174 3402 1370 3456 Ob'erth.

497 3466 561 3529 (ὅ)
591 3468 748 3527 Quem
773 3469 928 3518 noluit
953 3466 1071 3520 Cod.
1103 3470 1291 3520 Wouw.

496 3524 564 3602 (εἰ)
588 3524 642 3602 Si
666 3529 961 3602 voiuitt‘gd.
998 3531 1187 3583 Wouw.
1209 3533 1374 3580 sinon
1394 3525 1554 3581 voluit
1575 3524 1682 3591 Rig.

513 3595 560 3658 7)
588 3601 675 3658 De,
701 3594 843 3645 abest
864 3594 975 3658 Rig.

513 3656 560 3725 8)
587 3657 894 3727 Varietatem
916 3656 1076 3709 Paris.

495 3215 509 3408 Ξ

2165 3202 2508 3279 (gauderes
2531 3206 2681 3279 Sami.
2694 3196 2904 3279 _0bertlt.
2942 3212 3085 3279 Leop.

2168 3270 2183 3341 ς
2195 3272 2208 3341 i
2221 3271 2272 3341 9)
2291 3270 2869 3341 Aiuantissimosjrani
2879 3270 3207 3341 amatissimos
3229 3276 3348 3328 God.
3361 3278 3554 3332 ποιεῖν.

2192 3333 2267 3393 ll)
2291 3332 2430 3393 Viles
2451 3335 2633 3384 animas
2654 3335 2807 3386 Fran.
2830 3332 3024 3389 Oberlh.

2191 3393 2271 3447 iii
2298 3393 2444 3446 Parte
2463 3396 2616 3447 Fran.

2191 3455 2266 3516 13)
2298 3458 2400 3516 Qua
2426 3455 2539 3516 Εἰς.

2193 3522 2270 3581 14)
2296 3520 2360 3570 Et
2379 3520 2671 3572 deminuunt
2686 3521 2807 3573 add.
2825 3523 2988 3574 Fran.

2192 3584 2264 3648 15)
2292 3581 2437 3647 Cujus
2458 3591 2650 3635 actores
2679 3586 2866 3637 Wouw.
2896 3589 2971 3637 M.
2993 3587 3046 3637 S.

2164 3332 2186 3646 ἓ

1783 3716 2346 3791 COtiMENTARIUS.

425 3846 482 3897 et
515 3820 957 3909 amphitheatris,
1005 3834 1383 3909 ad_ornatum,
1425 3819 1587 3909 et_ad
1643 3827 2011 3885 excludendos

423 3910 562 3966 ictus
597 3903 726 3966 solis
775 3907 1029 3963 fervidos.
1064 3906 1137 3963 Ea
1177 3920 1308 3961 vero
1334 3903 1659 3975 quandoque
1700 3916 1972 3975 purpurea
1996 3942 2012 3967 ,

425 3996 533 4053 quo
569 3982 751 4037 colore
788 3979 1245 4053 praestantissimae
1269 4019 1285 4043 ,
1318 3971 1377 4053 ut
1422 3971 1696 4053 versimiie
1722 3982 1843 4053 est__,
1872 3971 2014 4053 ianua

424 4043 841 4118 imbuebantur,
893 4051 1078 4119 quales
1105 4066 1173 4105 ex
1203 4048 1414 4120 Apulia.
1455 4044 1750 4120 Martialis,
1791 4043 2012 4120 Velleri-

423 4124 517 4252 ἔξω
543 4125 718 4196 primis
739 4115 976 4194 Apuleio.
1008 4120 1162 4181 Unde
1189 4131 1241 4178 et
1254 4115 1404 4177 'velis
1431 4134 1626 4175 nomen
1667 4115 2011 4187 (Apularium.

478 4213 546 4252 ια.

478 4213 546 4255 Ιῦο

499 4268 576 4343 (ει)
612 4267 859 4343 Veritatis
889 4268 1175 4343 integritas.
1205 4264 1518 4343 Incorrupta
1545 4261 1848 4343 delietesse
1873 4259 2013 4343 veri-

423 4331 517 4397 tas'
550 4331 666 4412 qum
714 4350 769 4394 et
817 4331 1133 4409 virginitatis
1179 4338 1396 4392 nomine
1424 4331 1709 4412 aliquando
1757 4331 2008 4386 donatur.

425 4408 833 4468 unde’bmrctiei
877 4412 1155 4468 veritatem
1199 4408 1487 4477 cauponari
1518 4421 1614 4462 seu
1664 4417 2012 4477 corrum_ner_e

424 4483 695 4551 dicuntur,
713 4494 800 4542 τὴν
820 4489 1060 4546 ἀλήθειαν
1081 4474 1383 4545 καπηλεὺέιν,
1411 4494 1533 4535 can.
1553 4476 1608 4532 2.
1639 4476 1830 4551 εχηοόί
1857 4474 2014 4529 Trul-

2191 3827 2266 3902 (ε)
2284 3826 2443 3882 Illum
2454 3842 2567 3883 vero
2588 3833 2871 3902 confectum
2897 3830 3047 3884 etiam
3070 3831 3178 3885 oris
3197 3834 3486 3901 spectaculo
3508 3845 3724 3900 repetat.

2118 3899 2383 3958 Ut‘e‘tiam
2404 3915 2471 3971 ros
2493 3908 2548 3971 et
2571 3899 2776 3955 vultum
2807 3902 3102 3971 expirantis
3131 3899 3324 3959 intueri
3354 3906 3497 3961 velit.
3530 3899 3649 3965 Βία.

2190 3972 2345 4048 CAP.
2374 3970 3013 4048 XXII.—(l')1_lrenttrios.
3044 3972 3224 4048 _Ludus
3245 3977 3439 4045 quippe
3461 3978 3727 4048 gladium.

2121 4044 2253 4118 rius,
2281 4043 2424 4098 sicut
2446 4052 2501 4118 et
2527 4043 3004 4118 amphitheatrum,
3027 4043 3512 4118 dictuszo‘ze’tzaziv
3539 4065 3722 4109 arena.

2122 4114 2255 4190 Nam
2287 4116 2495 4190 tametsi
2528 4113 2642 4170 inec
2672 4130 2856 4185 sparsa
2904 4117 2954 4170 iu
2985 4116 3115 4171 locis
3163 4113 3386 4190 aliorum
3422 4113 3684 4178 ludorum
3705 4166 3722 4190 ,

2123 4185 2216 4265 sed
2261 4200 2453 4242 nomen
2479 4187 2651 4265 ipsum
2681 4196 2880 4265 tantum
2912 4189 3364 4265 communicatum
3392 4201 3476 4265 est
3518 4185 3728 4265 amplii-l

2123 4257 2354 4337 tbeatro,
2386 4260 2617 4337 pessime
2645 4274 2771 4337 vero
2789 4258 3036 4337 Barricus
3066 4257 3730 4337 explicatiarQuadr'iga-

2116 4330 2229 4386 rios
2256 4340 2311 4387 et
2333 4332 2637 4401 arenarios,
2683 4331 2801 4385 illos
2844 4330 2934 4401 qui
2982 4344 3173 4386 currus
3219 4330 3564 4401 reﬁciebant,
3594 4330 3728 4393 islos

2115 4403 2205 4474 qui
2234 4417 2451 4458 arenam
2481 4400 2794 4458 deferebant
2824 4400 2874 4456 in
2908 4402 3367 4474 amphitheatrum
3405 4425 3450 4461 ι.
3483 4404 3603 4463 Non
3642 4416 3730 4465 est

2117 4472 2225 4540 ita;
2253 4474 2465 4544 aurigas
2495 4484 2549 4529 et
2582 4474 2918 4545 gladiatores
2950 4472 3223 4546 intelligit.
3274 4476 3408 4533 Lac.

423 4555 703 4639 lantenubi
735 4568 1079 4639 recensentur
1099 4568 1333 4639 canones
1357 4548 2012 4639 tum..A_po§y;1i}fili1‘3[‘j[“
2037 4533 2092 4593 Β
2191 4568 2266 4639 (g)
2297 4565 2493 4637 Quibus
2521 4567 2615 4622 viri
2639 4568 2867 4639 animos,
2897 4567 3152 4638 (minime,
3181 4577 3270 4623 aut
3299 4570 3453 4624 etiam
3478 4569 3578 4638 illi,
3608 4588 3723 4627 cor-

424 4619 764 4754 εῗιιυὲἰὶηιὲι
794 4628 1169 4693 conciliorum,
1197 4623 1388 4697 quibus
1412 4619 1796 4678 adliaarendum
1825 4619 2013 4674 decer-

424 4715 458 4754 n
486 4710 585 4754 tur.
658 4716 690 4754 ιε
750 4715 801 4754 n.

423 4700 585 4755 nitur.
613 4700 690 4754 Le
708 4700 801 4754 Pa.

496 4772 650 4827 CAP.
685 4769 828 4827 XXI.
854 4801 926 4815 --
953 4768 1031 4841 (b)
1062 4767 1294 4826 Ethnici.
1319 4782 1445 4841 quos
1487 4779 1640 4836 penes
1662 4763 1807 4841 nulla
1826 4770 1899 4841 est
1923 4776 2012 4815 tie-

423 4844 589 4916 ritatis
606 4843 901 4916 .plenituda.
943 4834 1054 4916 llo'c
1081 4853 1163 4897 est
1184 4834 1382 4916 ,_qtmd
1405 4834 1566 4910 supra
1594 4834 1977 4906 explicavimus
1994 4872 2010 4900 ,

424 4912 480 4971 Si
514 4910 687 4971 tamen
718 4916 913 4971 boiium
943 4914 1176 4980 sapiunt.
1207 4910 1325 4965 Rm.

498 4987 573 5059 (c)
620 4986 684 5041 Et
724 4988 989 5059 dissipata.
1011 4974 1264 5053 'Inteilige
1295 4982 1431 5059 hanc
1459 4980 1822 5059 voculamhei
1852 4974 2012 5059 simini

425 5047 566 5128 cape'
581 5047 942 5115 incredibilem
964 5047 1298 5128 atrocitatem
1324 5052 1432 5108 ludi
1448 5050 1771 5128 gladiatorii.
1791 5047 2012 5128 Solebat

424 5125 598 5202 victor
624 5130 887 5202 gladiator
930 5130 1010 5202 ita
1032 5126 1340 5202 frequenter
1378 5125 1598 5179 vulnera
1626 5132 1906 5202 repetere,
1954 5125 2013 5173 ut

422 5193 653 5257 victum"
672 5203 924 5257 miserum
982 5193 1264 5267 dissiparet
1306 5197 1359 5251 in
1387 5206 1601 5266 partes,
1642 5193 2012 5267 dividereique

424 5273 692 5335 horrenda
723 5273 1066 5330 laceratione.
1110 5262 1289 5327 Testis
1319 5262 1475 5340 hujus
1521 5264 1858 5340 crudelitatis
1878 5262 2013 5340 [fac-

426 5334 561 5400 tant.
598 5364 611 5401 :
642 5349 765 5417 quin
802 5345 971 5417 etiarn
996 5359 1256 5417 percussos
1290 5334 1615 5417 jacenlesque
1650 5338 1813 5407 repeti
1824 5334 2013 5417 jubent

424 5405 730 5485 spectatores
749 5458 764 5479 ,
796 5426 842 5471 et
878 5405 1126 5470 cadavera
1151 5405 1329 5469 ictibus
1353 5405 1864 5485 dissipriri,ne_guis
1892 5405 2011 5485 ilius

424 5476 665 5545 simulata
690 5476 847 5544 morte
872 5486 1102 5543 deludat.
1146 5487 1419 5542 Habentur
1460 5476 1577 5540 Ilaec
1605 5483 1698 5539 lib.
1719 5476 1811 5538 Vl.
1842 5492 1893 5534 c.
1920 5476 2013 5533 20.

498 5634 582 5703 (d)
619 5631 768 5688 Petat
809 5632 986 5688 rudem
1016 5640 1062 5687 et
1102 5629 1324 5685 Pilettm.
1366 5628 1536 5686 Rudis
1564 5638 1617 5685 ct
1645 5625 1818 5703 pileus
1857 5622 2010 5703 signa

420 5698 681 5760 libertatis
704 5749 719 5767 ,
747 5706 880 5761 rude
909 5705 1161 5759 nimirum
1188 5717 1282 5758 seu
1314 5704 1500 5773 baculo
1528 5698 1816 5773 grandiore
1842 5698 2014 5752 dona-

420 5777 618 5832 bantur
637 5778 956 5846 gladiatores
985 5776 1071 5846 qui
1102 5776 1152 5827 in
1172 5788 1332 5846 arena
1362 5772 1599 5830 feliciter
1626 5778 2012 5845 pugnaverant,

417 5852 579 5922 atque
605 5845 807 5905 radiari
831 5845 1170 5904 dicebautur.
1199 5845 1280 5901 LE
1313 5845 1414 5901 Pu.

2119 4638 2245 4711 pora
2270 4657 2363 4694 sua
2419 4639 2759 4694 substernunt.
2792 4638 3136 4711 Gladiatores
3187 4640 3489 4711 signiﬁcat,
3520 4654 3729 4702 amatos
3772 4644 3779 4653 ’

2117 4709 2183 4766 ad
2204 4712 2465 4767 insaniam
2494 4725 2661 4781 usque
2690 4720 2743 4766 et
2767 4710 2896 4765 viris
2917 4721 2972 4766 et
2996 4709 3265 4767 laminis}
3292 4711 3445 4779 viris,
3470 4713 3631 4769 etiam
3658 4732 3726 4772 ex

2118 4783 2374 4839 nobilium
2404 4782 2615 4845 ordine.
2647 4783 2697 4837 in
2727 4798 2950 4839 arenam
2974 4781 3453 4850 descendentibus;
3490 4784 3725 4842 heminis

2117 4870 2328 4925 quoque
2368 4854 2732 4915 nobilissimis,
2771 4855 2880 4909 imo
2906 4863 2959 4909 et
3010 4853 3172 4918 viris,
3209 4854 3521 4923 pudicitiam
3569 4872 3723 4914 suam

2118 4923 2359 5001 vilissimi
2390 4926 2613 5001 alicujus
2640 4925 2980 5001 mirmillonis
3011 4935 3103 4979 aut
3130 4926 3331 5001 retiarii
3358 4942 3543 5001 amore
3594 4930 3722 5001 pro-

2117 4995 2440 5067 ﬂigantibus.
2491 4996 2655 5066 Cujus
2704 4996 2927 5052 insania:
2981 4997 3227 5066 exempla
3282 4999 3521 5069 suggerit
3565 4995 3717 5058 sexta

2117 5069 2394 5127 Juvenalis
2421 5070 2606 5126 satira.
2634 5069 2757 5127 BIG.

2189 5164 2267 5238 (li)
2297 5164 2362 5219 Et
2404 5165 2589 5238 capitis
2617 5163 2919 5238 minutione.
2952 5160 3079 5238 llajc
3114 5158 3323 5238 phrasis
3368 5162 3731 5238 estjurecon-

2116 5231 2377 5294 stultorum
2406 5231 2546 5298 apud
2589 5250 2725 5307 quos
2755 5243 2840 5290 est
2890 5235 2952 5288 ι).
2987 5233 3081 5290 lib.
3124 5231 3215 5302 ιν,
3250 5233 3332 5288 tit.
3365 5233 3419 5290 5.
3443 5231 3513 5291 de
3552 5235 3732 5307 capite
3824 5264 3827 5265 ν

2117 5308 2414 5365 diminutis.
2444 5307 2581 5363 PAII.
3114 5350 3151 5361 ..

2200 5402 2353 5459 CAP.
2385 5398 2718 5471 XXIII.-—-(i)
2736 5397 2834 5453 Tot
2855 5398 3105 5471 furiarum
3124 5398 3370 5471 minister,
3389 5406 3461 5452 tot
3477 5407 3724 5456 statuam.

2130 5474 2289 5531 Notat
2306 5474 2502 5529 furi03a
2521 5468 2759 5528 veterum
2777 5468 2919 5526 circa
2939 5469 3151 5541 aurigas
3173 5468 3293 5524 sive
3308 5471 3594 5540 agitatores
3611 5481 3725 5525 stu-

2129 5546 2239 5613 dia,
2274 5547 2327 5601 in
2353 5561 2473 5617 quae
2497 5559 2867 5617 stupenume‘ro
2896 5541 3181 5617 contrariis
3204 5541 3349 5617 votis
3367 5543 3725 5617 spectantium

2130 5628 2341 5675 mentes
2352 5613 2749 5681 scindebantur;
2764 5614 2883 5671 aliis
2898 5614 3152 5685 prasinml
3165 5613 3373 5680 actioni,
3388 5614 3507 5669 aliis
3519 5622 3727 5670 veneta:

2131 5690 2431 5746 faventibus
2459 5706 2473 5741 ι
2497 5688 2642 5743 unde
2671 5683 2971 5742 animorum
3002 5683 3134 5739 varii
3161 5692 3361 5751 motus,
3381 5694 3436 5741 et
3465 5686 3597 5740 varii
3618 5694 3729 5740 sta-

2133 5770 2236 5828 tus,
2260 5777 2355 5831 pro
2371 5760 2512 5814 varia
2531 5760 2735 5815 scilicet
2750 5759 3054 5831 agitatione,
3072 5755 3381 5831 ministrati.
3407 5756 3591 5831 Itaque
3610 5755 3728 5811 vul-

2130 5828 2306 5906 gatam
2332 5831 2399 5890 ab
2423 5831 2687 5891 Rbenano
2730 5828 3047 5889 etPamelio
3073 5828 3356 5885 lectionem
3391 5829 3688 5888 retinemus
3711 5869 3731 5897 ,
