4150 6352
378 247 488 309 055

1810 231 2268 292 TEBTULLIANI

3577 230 3690 292 οδε

378 374 462 424 tot
482 374 735 432 statuum,
767 369 828 420 ut
878 357 957 434 (ι)
986 356 1242 416 sacerdos
1267 360 1578 422 coronatus,
1603 352 1687 409 vel
1711 350 1983 408 coloratus
2007 353 2064 414 Α
2089 361 2183 408 aut
2200 366 2506 425 congruens
2534 352 2626 409 Dei
2655 352 2825 408 servis
2854 349 3118 428 (8),'quod
3147 350 3377 410 Domino
3429 350 3688 424 placitum

382 468 445 515 ut
470 459 630 526 leno,
660 471 819 529 quem
866 469 1031 511 curru
1072 450 1386 523 rapiendum
1429 446 1678 504 diabolus
1723 444 1986 501 adversus

382 549 594 606 Heliam
637 545 957 606 exornavit?
994 543 1234 600 Placebit
1276 551 1332 598 et
1373 541 1463 597 ille
1511 538 1628 613 (2),
1676 538 1765 609 qui
1807 537 1986 593 vultus

379 658 510 700 suos
550 642 809 701 novacula
857 638 1067 695 mutat?
1108 636 1341 693 inﬁdelis
1371 648 1499 707 erga
1542 632 1737 688 faciem
1782 646 1934 688 suam
1964 671 1980 699 ,

379 753 540 810 quam
573 750 679 791 non
704 740 988 790 contentus
1009 731 1245 789 Saturno
1269 738 1325 785 et
1348 726 1477 783 Isidi
1501 737 1554 783 et
1578 726 1774 782 Libero
1793 724 1983 797 proxi-

378 845 524 886 mam
552 828 755 894 facere,
794 827 1013 897 insuper
1055 822 1395 880 contumeliis
1422 821 1694 892 alaparum
1734 818 1812 874 sic
1841 817 1986 887 objiw

382 924 478 987 cit,
498 920 651 993 quasi
672 920 741 976 de
762 927 1034 990 prmcepto
1062 917 1274 974 Domini
1300 914 1486 972 ludat?
1516 915 1681 970 Docet
1704 912 1908 969 scilicet
1930 920 1985 967 et

379 1013 627 1071 diabolus
692 1010 1085 1069 verberandam
1147 1008 1420 1065 maxillam
1466 1006 1738 1080 patienter
1789 1005 1984 1061 oll‘erre

377 1104 615 1176 (Matth.
660 1103 799 1177 VI).
844 1102 935 1159 Sic
978 1112 1033 1159 et
1088 1099 1360 1172 tragoedos
1407 1099 1689 1155 cothurnis
1747 1097 1938 1153 extulit
1964 1139 1979 1164 ,

375 1198 500 1272 quia
523 1213 682 1254 nemo
706 1206 882 1268 potest
911 1195 1145 1267 adjicere
1171 1194 1406 1251 cubitum
1436 1209 1598 1249 unum
1626 1192 1693 1248 ad
1721 1201 1982 1248 staturam

377 1305 530 1349 suam
563 1290 708 1363 (Luc
745 1289 881 1361 XII)
922 1307 935 1344 :
977 1287 1293 1344 mendacem
1324 1284 1506 1342 facere
1532 1285 1645 1341 vult
1687 1284 1978 1340 Christum.

382 1384 502 1441 Jam
526 1399 656 1441 vero
684 1384 858 1454 ipsum
877 1396 1011 1452 opus
1023 1394 1400 1453 personarum,
1420 1393 1606 1449 quaero
1637 1391 1707 1431 an
1736 1377 1844 1432 Deo
1866 1376 1980 1446 pla-

379 1485 522 1545 ceat,
555 1476 647 1548 qui
689 1490 904 1532 onmem
951 1471 1355 1529 similitudinem
1386 1478 1532 1526 vetat
1565 1469 1682 1525 ﬁeri
1711 1509 1726 1536 ,
1777 1478 1981 1540 quanto

378 1569 554 1639 magis
584 1567 829 1640 imaginis
850 1581 981 1623 suae.
1015 1563 1133 1620 Non
1171 1574 1317 1619 amat
1341 1563 1537 1620 falsum
1567 1571 1756 1619 auctor
1785 1563 1982 1618 verita-

378 1663 494 1733 tis(
521 1662 695 1718 Exod.
742 1657 878 1732 XX)
908 1677 921 1713 :
954 1658 1275 1714 adulterium
1306 1666 1389 1714 est
1431 1655 1572 1728 apud
1624 1656 1770 1711 illum
1819 1669 1981 1711 omne

2089 462 2197 505 non
2225 449 2330 517 sit,
2362 449 2409 505 si
2430 448 2611 505 omnia
2642 455 2861 521 propter
2887 447 3160 504 diabolum
3202 448 3445 507 instituta
3467 490 3482 516 ,
3521 456 3577 502 et
3618 460 3689 503 ex

2062 539 2289 597 'diaboli
2316 541 2747 599 rebusinstructa
2770 541 3187 606 monstravimus
3211 561 3224 597 :
3256 541 3389 597 nihil
3412 540 3555 596 enim
3579 552 3690 594 non

2090 630 2289 689 diaboli
2318 643 2422 702 est,
2447 632 2704 704 quidquid
2731 633 2828 690 Dei
2861 647 2968 689 non
2994 641 3097 701 est,
3126 634 3212 690 vel
3241 633 3354 690 Deo
3382 632 3636 703 diSpIicet
3669 646 3686 686 :

2090 724 2193 780 hoc
2220 725 2323 781 erit
2350 740 2543 797 pompa
2567 726 2802 793 diaboli,
2843 725 3104 783 adversus
3129 741 3290 798 quam
3323 727 3380 781 in
3409 723 3688 798 signaculo

2090 816 2213 873 ﬁdei
2243 819 2530 889 ejeramus.
2577 818 2732 887 Quod
2775 828 2953 875 autem
2982 821 3251 891 cjeramus
3270 863 3285 886 ,
3314 835 3489 890 neque
3511 818 3652 876 facto
3672 860 3691 886 ,

2088 924 2266 981 neque
2291 910 2458 979 dicto,
2490 926 2665 983 neque
2693 911 2834 979 visu,
2861 927 3035 983 neque
3057 921 3345 984 prospectu
3368 910 3695 982 participare

2087 1000 2369 1058 debemus.
2401 1002 2665 1059 Caeterum
2694 1019 2875 1059 nonne
2921 1003 3198 1075 ejeramus
3240 1014 3295 1060 et
3334 1003 3693 1059 rescindimus

2087 1094 2446 1166 signaculum,
2472 1095 2834 1153 rescindendo
2864 1098 3207 1154 testationem
3238 1097 3399 1169 ejus?
3422 1096 3695 1168 Numquid

2087 1202 2217 1259 ergo
2243 1197 2492 1261 superest
2521 1198 2581 1245 ut
2606 1189 2675 1259 ab
2715 1190 2845 1262 ipsis
2884 1190 3114 1247 ethnicis
3138 1206 3457 1262 responsum
3487 1190 3695 1262 flagite-

2087 1283 2247 1337 mus?
2286 1282 2365 1337 Illi
2386 1282 2496 1352 jam
2527 1283 2684 1339 nobis
2713 1284 3059 1350 renuntient,
3105 1299 3173 1339 an
3199 1285 3359 1340 liceat
3384 1283 3693 1340 christianis

2086 1375 2397 1445 spectaculo
2436 1376 2535 1431 uti.
2567 1377 2767 1448 Atquin
2812 1376 2940 1433 hinc
2983 1378 3068 1435 vel
3112 1378 3348 1434 maxime
3393 1371 3696 1448 intelligunt

2084 1466 2287 1525 factum
2334 1468 2684 1526 christianum
2706 1513 2721 1538 ,
2749 1470 2818 1527 de
2838 1472 3066 1543 repudio
3108 1472 3558 1544 spectaculorum.
3589 1472 3695 1527 Ita-

2085 1576 2191 1633 que
2216 1570 2376 1634 negat
2402 1563 2720 1632 manifeSIe,
2749 1566 2839 1636 qui
2890 1580 2985 1636 per
3009 1565 3152 1637 quod
3181 1566 3491 1637 agnoscitur
3529 1564 3687 1623 tollit.

2087 1654 2227 1723 Quid
2276 1665 2452 1712 autem
2490 1657 2605 1728 spei
2677 1669 2926 1729 superest
2964 1660 3020 1715 in
3084 1659 3387 1732 huiusmodi
3433 1659 3692 1715 homine?

380 1729 525 1826 quod
553 1743 790 1825 tingitur.
842 1729 1077 1807 Proinde
1122 1765 1305 1807 vocem
1327 1795 1342 1817 ,
1375 1766 1568 1817 sexus,
1612 1760 1797 1806 aetates
1828 1764 1978 1805 men-
2007 1729 2056 1789 Β
2084 1748 2254 1806 Nemo
2284 1750 2336 1804 in
2372 1759 2547 1804 castra
2581 1751 2815 1807 hostium
2848 1741 3068 1821 transit,
3093 1729 3197 1811 nisi
3230 1752 3485 1824 projeclis
3526 1751 3691 1808 armis

378 1847 627 1913 tienlem,
649 1860 883 1909 amores,
914 1845 1045 1913 iras,
1073 1845 1328 1915 gemitus,
1361 1844 1627 1916 lacrymas
1651 1843 1977 1899 adseveran-

382 1947 491 1995 tem
523 1953 630 1995 non
661 1936 942 2009 probabit,
984 1938 1073 2009 qui
1116 1951 1333 1993 omnem
1383 1935 1693 2008 hypocrisin
1737 1936 1977 1990 damnat.

380 2030 652 2089 Caeterum
680 2048 801 2088 cum
835 2033 888 2087 in
916 2031 1035 2103 lege
1051 2030 1372 2101 prrescribit,
1398 2030 1738 2085 maledictum
1752 2044 1873 2086 esse
1892 2029 1981 2099 qui

378 2126 733 2183 muliebribus
785 2124 863 2197 (α)
924 2125 1175 2179 vestietur
1247 2122 1689 2195 (Dent.XXlI),
1736 2122 1862 2193 quid
1913 2121 1982 2177 de

378 2218 715 2289 pantomimo
758 2216 1054 2288 iudicabit,
1087 2215 1363 2288 quietiam
1408 2214 1758 2291 muliebribus
1785 2214 1860 2287 (ὁ)
1889 2230 1983 2270 cu-

378 2318 533 2366 ratur
565 2308 686 2383 (3)?
714 2308 857 2366 Sane
907 2318 963 2365 et
1005 2308 1097 2364 ille
1144 2308 1335 2363 artifex
1360 2322 1657 2379 pugnorum
1691 2308 1985 2379 impunitus

378 2403 515 2460 ibit?
542 2402 700 2459 Tales
725 2403 869 2459 enim
895 2402 1175 2459 cicatrices
1202 2411 1481 2469 czestuum,
1506 2409 1561 2457 et
1587 2400 1755 2457 callos
1781 2415 1985 2472 pugno—

378 2509 525 2562 rum,
555 2503 610 2550 et
636 2494 847 2550 aurium
876 2493 1173 2565 (4)fungos
1218 2511 1248 2548 a
1299 2494 1408 2550 Deo
1437 2508 1558 2549 cum
1617 2508 1716 2548 suo
1754 2494 1986 2564 plasma-

377 2594 435 2641 te
466 2586 545 2658 (5)
576 2586 805 2657 accepit.
836 2585 961 2641 ldeo
989 2585 1063 2640 illi
1121 2585 1203 2656 (6)
1258 2586 1441 2642 oculos
1502 2586 1643 2642 Deus
1671 2584 1981 2655 plasmavit,

380 2686 444 2732 nt
470 2677 775 2749 vapulando
804 2676 1079 2734 deﬁciant.
1109 2678 1283 2734 Taceo
1322 2677 1389 2734 de
1434 2677 1528 2733 illo
1547 2720 1563 2747 ,
1591 2680 1683 2750 qui
1714 2678 1985 2734 hominem

383 2770 531 2826 leoni
574 2786 686 2841 prae
733 2785 797 2826 se
836 2771 1099 2843 opponit,
1133 2786 1201 2827 ne
1228 2786 1415 2842 parum
1463 2772 1534 2826 sit
1576 2771 1844 2830 homicida
1875 2771 1983 2843 (c),

388 2862 476 2935 (7)
503 2865 594 2935 qui
620 2862 873 2945 eumdem
897 2863 1240 2937 postmodum
1258 2864 1489 2935 jugulat.

962 2999 1189 3057 CAPUT
1227 3000 1422 3057 XXIV.

2085 1842 2219 1908 suis,
2252 1842 2357 1897 nisi
2384 1841 2655 1899 destitutis
2684 1844 2853 1915 signis
2873 1854 2928 1901 et
2948 1848 3303 1903 sacramentis
3326 1843 3406 1918 (α)
3434 1843 3690 1917 principis

2085 1935 2189 2000 sui,
2222 1934 2326 2011 nisi
2358 1943 2544 2005 pactus
2572 1936 2731 1991 simul
2755 1936 2953 2007 perire.

2656 2029 2885 2087 CAPUT
2924 2029 3091 2087 XXV.

2160 2122 2241 2176 An
2280 2121 2373 2178 ille
2424 2122 2741 2194 recogitabit
2793 2137 2859 2178 eo
2901 2132 3141 2194 tempore
3188 2123 3257 2180 de
3315 2123 3449 2191 Deo,
3480 2121 3685 2195 positus

2086 2214 2198 2270 illic
2260 2213 2349 2270 ubi
2426 2216 2557 2271 nihil
2604 2225 2689 2271 est
2744 2214 2813 2270 de
2866 2216 3011 2271 Deo?
3067 2231 3273 2287 pacem,
3323 2216 3535 2287 opinor,
3589 2214 3682 2269 ha-

2086 2306 2235 2362 bebit
2274 2308 2326 2362 in
2372 2309 2554 2363 animo
2583 2308 2919 2364 contendens
2960 2324 3058 2380 pro
3107 2310 3329 2380 auriga;
3380 2307 3689 2380 pudicitiam

2088 2397 2314 2467 ediscet,
2355 2399 2614 2455 attonitus
2642 2399 2696 2454 in
2728 2399 2940 2455 mimos.
2978 2399 3091 2455 Imo
3123 2401 3176 2456 in
3205 2399 3351 2456 omni
3379 2398 3690 2471 spectaculo

2091 2490 2300 2545 nullum
2346 2492 2518 2562 magis
2554 2491 2865 2547 scandalum
2920 2503 3190 2559 occurret,
3237 2509 3395 2564 quam
3427 2494 3544 2564 ipse
3597 2493 3688 2549 ille

2093 2583 2383 2639 mulierum
2408 2594 2462 2640 et
2491 2585 2724 2640 virorum
2746 2586 3051 2642 accuratior
3070 2588 3245 2642 cultus
3271 2609 3283 2643 :
3313 2588 3425 2657 ipsa
3455 2601 3689 2642 consen-

2094 2675 2195 2743 sio,
2225 2676 2339 2746 ipsa
2369 2677 2422 2731 in
2453 2677 2722 2733 favoribus
2750 2677 2820 2750 (e)
2861 2688 2954 2733 aut
2989 2680 3316 2750 conspiratio
3343 2688 3437 2735 attt
3475 2679 3692 2734 dissen-

2097 2769 2180 2827 sio
2210 2770 2353 2827 inter
2395 2786 2455 2827 se
2484 2770 2554 2827 de
2599 2773 2926 2828 commercio
2991 2771 3057 2846 (Ῑ)
3111 2773 3370 2829 scintillas
3418 2772 3697 2829 libidinum

2096 2862 2493 2918 constabellant
2516 2862 2620 2935 (g).
2649 2862 2819 2919 Nemo
2839 2863 3071 2936 denique
3100 2865 3153 2919 in
3180 2866 3485 2936 spectaculo
3509 2866 3698 2920 ineun-

2098 2953 2170 3011 do
2202 2955 2346 3026 prius
2372 2955 2593 3026 cogitat,
2622 2956 2723 3010 nisi
2765 2956 2940 3014 videri
2972 2967 3026 3013 et
3055 2957 3258 3014 videre.
3292 2957 3398 3014 Sed
3448 2956 3698 3029 tragoedo

2095 3048 2427 3105 vociferante
2452 3048 2555 3121 (Ιι),
2588 3050 3007 3107 exclamationes
3042 3036 3131 3108 ille
3169 3052 3395 3123 alicujus
3423 3051 3697 3123 pr0pheta’:

463 3135 606 3205 Quot
659 3135 837 3194 adhuc
906 3136 1082 3193 modis
1156 3137 1547 3208 perorabimus,
1603 3137 1732 3193 nihil
1797 3155 1866 3195 ex
1905 3139 1989 3196 his
2014 3143 2060 3207 C
2095 3141 2425 3209 retractabit,
2458 3150 2513 3197 et
2543 3142 2682 3198 inter
2708 3142 3020 3198 ell‘oeminati
3040 3144 3318 3200 histrionis
3343 3144 3534 3200 modos
3558 3143 3699 3214 psal—

391 3242 513 3300 quae
570 3227 907 3300 Spectaculis.
940 3227 1311 3299 deputantur,
1369 3228 1623 3300 placitum
1687 3229 1800 3285 Deo
1865 3246 1988 3288 esse

2093 3249 2245 3290 mum
2276 3249 2457 3290 secum
2487 3235 2944 3303 comminiscetur,
2973 3247 3028 3293 et
3067 3252 3189 3293 cum
3224 3236 3447 3293 athleta:
3495 3243 3693 3307 agent,

1615 3319 1907 3382 LECTION
1914 3324 2004 3383 ES
2040 3325 2455 3385 VARIAN'I‘ES.

453 3413 524 3544 (1}
550 3415 703 3467 Velut
731 3415 920 3467 Wonw.
946 3418 1017 3487 ill.
1046 3417 1101 3466 S.

454 3478 508 3544 (ἓ
553 3478 616 3544 Et
636 3478 720 3529 ille
743 3478 877 3544 abest
897 3478 1101 3544 Rigaltt

478 3478 524 3542 Et)
553 3478 616 3542 Ει
636 3478 720 3529 ille
743 3478 877 3531 abest
897 3478 1079 3542 Rigalt.

478 3478 524 3544 Et)
553 3478 616 3529 Et
636 3478 720 3529 ille
743 3478 877 3531 abest
897 3478 1079 3542 Rigalt.

384 3544 389 3603 ⁵
453 3478 528 3670 iii
552 3540 951 3655 sema:
976 3542 1048 3591 Μ’
1071 3542 1125 3591 ⁸·

388 3784 521 3840 nihil
547 3784 695 3841 enim
742 3781 830 3837 hic
863 3781 1015 3850 juvat
1040 3781 1223 3836 mutila
1254 3780 1456 3836 codicis
1495 3781 1823 3848 Agobardiui
1850 3784 1986 3839 scri-

385 3866 544 3925 ptura
564 3896 580 3922 ,
611 3853 705 3909 Tot
735 3854 985 3925 furiarum
1015 3853 1242 3906 minister
1261 3895 1274 3917 ,
1307 3862 1377 3906 tot
1403 3863 1571 3925 status
1588 3864 1642 3907 ut
1687 3854 1821 3908 leno.
1851 3853 1985 3910 Cas-

390 3928 640 3982 siodorus
664 3943 679 3982 :
711 3945 729 3976 ι
755 3924 973 3979 Transit
993 3924 1255 3997 prasinus;
1277 3938 1403 3997 pars
1417 3924 1595 3997 populi
1610 3937 1825 3997 niteret;
1853 3942 1986 3997 prae-

392 3996 536 4052 cedit
562 4006 786 4051 venetus
811 4013 824 4059 ;
848 3994 1104 4067 et_potior
1126 3995 1277 4067 turba
1305 3994 1538 4067 civitatis
1566 3994 1818 4067 affligitur
1846 3994 1863 4063 ζ
1907 3999 1989 4052 ni-

393 4067 472 4121 hil
517 4066 855 4138 prollcientes
904 4064 1170 4121 ferventer
1199 4064 1489 4138 insultant;
1544 4064 1988 4136 nihil'patientes

392 4136 1003 4209 gravitervulnerantur
1036 4154 1048 4189 :
1100 4146 1152 4209 et
1183 4136 1249 4191 ad
1296 4137 1481 4192 inanes
1507 4140 1883 4195 contentiones
1910 4139 1989 4195 sic

2162 3418 2231 3491 ίεξ)
2258 3418 2378 3491 Cum
2403 3420 2730 3491 plasmaretur
2752 3420 2867 3488 Rig.

2262 3481 2592 3621 ιὲεὲηῗηέᾀά.
2609 3549 2758 3617 Ραηι.
2786 3549 2933 3600 Seml.

2186 3607 2234 3671 8)
2264 3607 2422 3659 Servo
2440 3608 2537 3659 Det
2560 3612 2670 3671 Rtg.

2186 3607 2234 3672 8)
2264 3607 2422 3659 Servo
2440 3608 2537 3659 Dei
2560 3607 2670 3677 Rig.

1755 3689 2319 3749 COMMENTARIUS.

2093 3786 2381 3855 opposuit;
2415 3786 2607 3842 iterum
2633 3802 2777 3854 vero,
2800 3804 2921 3861 cum
2943 3788 3190 3845 eumdem
3223 3790 3395 3859 ipsum
3418 3832 3433 3855 ,
3459 3790 3612 3861 cujus
3647 3806 3707 3848 se

2096 3870 2333 3932 corpore
2365 3868 2604 3932 texerat,
2631 3860 2967 3929 postmodum
2991 3862 3271 3931 jugulavit.
3308 3860 3547 3932 Denique
3579 3880 3610 3918 n
3633 3878 3707 3918 on

2094 3942 2283 4053 Rarum
2321 3926 2586 3985 homicida
2631 3926 2747 3997 est,
2778 3933 2869 4002 qui
2897 3926 3229 3989 servaloretn
3274 3948 3430 3988 suum
3457 3926 3701 4009 jugulat.

2145 4013 2218 4055 te.
2543 4040 2557 4053 .

2166 4068 2322 4124 CAP.
2353 4068 2646 4145 XXIV.—
2669 4072 2749 4145 (d)
2774 4073 2947 4143 Signis
2975 4086 3022 4130 et
3042 4077 3392 4132 sacramentis.
3425 4078 3466 4131 A
3501 4077 3695 4132 militia

2098 4149 2368 4215 sumptum
2393 4152 2450 4195 ut
2471 4144 2671 4212 reliqtta
2702 4144 2856 4215 hujus
2880 4155 3152 4203 tractatus.
3175 4146 3466 4204 Fulhcrtus
3487 4149 3697 4205 Carno-

398 4206 742 4288 descenditur
767 4216 1079 4288 ,ntauquam
1118 4206 1185 4262 dc
1229 4214 1367 4261 statu
1414 4208 1761 4278 periclitantis
1802 4212 1989 4280 patriae
2018 4228 2073 4288 1)
2100 4206 2556 4288 tensis_epi_st_.gl_l.
2589 4206 2719 4288 Lac.

398 4280 692 4336 laboretur.
734 4298 752 4330 1
798 4278 915 4334 Ilio.

477 4352 557 4426 la)
591 4349 690 4414 Qui
728 4347 1525 4426 muliebribus-_vestietttr._Illud
1557 4366 1768 4421 quoque
1797 4351 1859 4407 Β.
1884 4352 1994 4426 Cy-

405 4419 627 4493 prianus
654 4421 999 4493 exagitat_ep3
1047 4419 1135 4485 61,
1160 4420 1225 4493 ad
1254 4419 1617 4475 Euchratium.
1671 4419 1843 4492 Atque
1871 4419 1991 4478 can.

406 4488 478 4548 62
523 4492 733 4548 concilii
762 4488 828 4546 in
872 4488 1057 4546 Trullo
1111 4491 1448 4560 prohibetur,
1501 4508 1568 4548 ne
1607 4494 1687 4548 vir
1733 4488 1997 4551 linmiueis

404 4564 678 4627 vestibus,
710 4572 871 4632 atque
895 4563 1058 4616 etiam
1093 4577 1158 4616 ne
1202 4561 1416 4617 hemina
1469 4567 1703 4620 virorqu
1757 4568 1997 4622 vestibus

410 4645 589 4710 utatur
613 4677 628 4702 ,
655 4642 747 4710 aut
771 4634 1004 4710 comicas
1033 4646 1309 4710 personas,
1344 4634 1585 4691 satiricus
1607 4680 1621 4703 ,
1649 4647 1740 4692 aut
1772 4641 1997 4710 tragicas

409 4707 688 4779 quisquam
718 4705 918 4779 induat.
948 4704 1024 4779 Ls;
1047 4704 1144 4779 Prn.

485 4776 566 4848 (b)
599 4778 700 4845 Qui
724 4778 875 4831 etiam
896 4776 1189 4830 mulieribus
1234 4787 1461 4831 curatur.
1492 4778 1593 4846 Qui
1648 4781 1898 4835 nimirum
1952 4792 2007 4837 et

2171 4280 2323 4361 Chl".
2361 4283 2602 4361 XXV.—
2623 4286 2697 4357 (e)
2731 4286 2855 4361 psa
2884 4291 2937 4343 in
2962 4290 3218 4361 favoribus
3243 4300 3331 4345 aut
3359 4292 3702 4361 conspiratio,

2100 4364 2189 4408 aut
2214 4355 2457 4410 dissensio
2484 4356 2612 4411 inter
2636 4355 2693 4413 sc
2717 4355 3104 4424 deceinnt'ercio
3142 4363 3393 4417 scintillas
3425 4355 3603 4417 liliidin
3620 4355 3707 4417 unt

2103 4426 2502 4560 g3€ittf£i€ﬂtti.z
2550 4428 2734 4501 Itaque
2782 4430 2885 4488 hoe
2935 4435 3096 4489 etiam
3152 4434 3393 4504 pnecipit
3446 4436 3709 4506 magister

2259 4567 2406 4639 Cujus
2428 4572 2544 4633 equi
2568 4574 2768 4639 veniant
2788 4571 2934 4639 facito
2956 4574 3177 4625 studiose
3202 4577 3430 4639 requiras
3454 4590 3467 4624 :

2312 4630 2417 4682 Nec
2438 4630 2591 4695 mora,
2608 4636 2831 4699 quisquis
2854 4638 2951 4687 erit
2969 4639 3048 4687 cui
3089 4638 3219 4688 lavet
3235 4630 3333 4699 illa,
3360 4637 3470 4689 fave
3488 4645 3585 4690 etc.
3603 4636 3715 4690 Rm.

2185 4713 2252 4786 (Γ)
2279 4716 2359 4772 De
2404 4723 2721 4777 commercio.
2750 4721 3026 4795 Jungenda
3058 4723 3173 4779 haec
3201 4740 3304 4778 vox
3333 4740 3454 4779 eum
3486 4740 3713 4795 sequen-

2112 4787 2286 4853 tibus,
2320 4805 2425 4865 non
2454 4807 2575 4865 cum
2633 4787 3060 4865 prmccdtitttibus
3096 4813 3108 4847 :
3160 4796 3378 4851 attende
3424 4787 3602 4865 itaque
3632 4796 3716 4850 itt-

412 4848 555 4907 voce
570 4860 627 4906 et
650 4858 802 4917 gestu
831 4858 886 4903 et
928 4848 1140 4902 incessu
1165 4850 1568 4904 accuratissime
1597 4849 1957 4906 elfmminatur
1986 4895 2002 4917 ,

414 4930 474 4977 ut
496 4919 753 5045 salttaadis
798 4919 1133 4975 fmminarum
1181 4919 1375 4975 fabulis
1417 4935 1514 4990 pro
1557 4920 1776 4977 fosmina
1819 4922 2007 4979 haberi

414 5007 603 5045 nossi.
683 5005 754 5045 ιο.

454 4993 603 5050 ossit.
632 4993 754 5047 th.

412 5007 896 5135 polzilﬁlrgiarum
924 5061 1291 5135 sit‘homicida,
1317 5062 1406 5132 qui
1433 5062 1659 5117 eumdem
1684 5067 2010 5135 postmodum

411 5134 642 5207 jugulat.
696 5132 1093 5207 Gladiatoribus
1139 5135 1441 5207 commissis
1494 5132 1724 5207 populus
1762 5152 2013 5192 nonnun-

419 5204 582 5277 quam
610 5204 937 5279 deposcebat
982 5204 1215 5261 leonem.
1269 5204 1702 5273 Emisso'leone,
1754 5208 2016 5279 gladiator

422 5276 666 5349 periculo
707 5276 978 5349 proximus
998 5316 1011 5341 ,
1056 5291 1386 5349 quacunque
1414 5286 1530 5349 arte
1559 5276 1799 5347 poterat,
1834 5280 2015 5335 subtili

431 5346 653 5420 recessu
683 5354 775 5401 aut
818 5346 1210 5420 declinatione,
1244 5346 1662 5404 commilitonem
1691 5352 2015 5420 opponebat.

429 5419 755 5488 Plerumque
784 5426 964 5473 autem
992 5419 1287 5483 accidebat,
1311 5429 1368 5474 ut
1396 5421 1661 5476 secundus
1689 5419 1792 5477 iSte
1815 5422 2018 5491 gladia-

426 5501 544 5556 tor,
576 5500 697 5563 post
747 5503 874 5563 rem
907 5505 1028 5563 cum
1061 5491 1213 5563 leone
1268 5492 1493 5546 feliciter
1519 5501 1724 5563 gestam
1745 5534 1761 5559 ,
1793 5494 2018 5562 repetita

426 5559 1137 5635 commissionegladiatoria
1157 5602 1172 5627 ,
1201 5577 1322 5635 cum
1349 5559 1635 5635 primo'illo
1663 5559 2015 5635 compositus,

424 5634 777 5704 jugularetur.
811 5631 921 5686 Hac
951 5633 1158 5704 ratione
1180 5673 1195 5697 ,
1232 5631 1437 5703 primus
1463 5634 1550 5689 ille
1582 5631 1912 5692 Tertulliano
1936 5631 2018 5692 di-

428 5703 570 5761 citur
593 5719 699 5760 non
726 5718 914 5775 parum
943 5703 1230 5775 homicida,
1282 5706 1383 5759 hoc
1407 5716 1524 5772 est,
1556 5706 1748 5762 iterum
1787 5708 2016 5764 homici-

427 5775 535 5833 da:
566 5774 760 5847 nempe
783 5775 893 5846 jam
931 5774 1133 5845 semel,
1179 5790 1301 5833 cum
1330 5776 1602 5836 hominem
1646 5778 1785 5837 leoni
1818 5795 1926 5852 prae
1957 5795 2018 5839 se

2114 4862 2469 4928 terpunctioni
2514 4876 2729 4937 nostrae.
2786 4864 2976 4937 Junius
3025 4867 3409 4921 commercium
3476 4862 3713 4937 explicat

2112 4942 2384 4997 επιμιείαν,
2416 4949 2541 4988 nam
2565 4935 2717 4999 olim,
2752 4946 2887 4991 teste
2917 4936 3068 4992 Velio
3095 4937 3303 5007 Longo,
3334 4935 3714 4993 dictum'com-

2114 5007 2371 5056 mercium
2396 5020 2427 5057 a
2452 5006 2852 5062 commiscrndo
2877 5023 2998 5063 esse
3015 5051 3030 5074 ,
3064 5024 3128 5062 ex
3152 5006 3451 5063 litterarum
3474 5024 3720 5063 commit.

2118 5074 2786 5163 tatione.‘l)riginatioista
2812 5078 2913 5163 hic
3025 5095 3140 5134 rem
3163 5121 3179 5147 ,
3205 5095 3327 5163 nam
3345 5094 3387 5163 _a
3413 5082 3715 5163 promiscua

2118 5148 2494 5217 conjunctione
2538 5149 2779 5204 scintillae
2825 5150 3126 5206 libidinum.
3209 5151 3360 5217 Quod
3416 5148 3711 5206 illustratur

2118 5229 2238 5341 {ait
2269 5216 2325 5271 2.
2354 5217 2448 5273 lib.
2472 5217 2560 5273 Ill.
2586 5220 2790 5292 paedag.
2825 5221 2995 5277 Clem.
3019 5223 3174 5280 Alex.
3215 5216 3272 5277 et
3287 5235 3404 5292 cap.
3436 5223 3490 5277 7.
3523 5222 3617 5278 lib.
3649 5220 3717 5277 ll.

2167 5302 2251 5341 AC.

2192 5356 2273 5429 (ε)
2314 5358 2580 5416 Scintillas
2639 5364 3019 5436 conﬂabellant.
3069 5364 3250 5421 Codex
3281 5365 3451 5436 Agob.
3505 5363 3718 5434 Flagel-

2123 5428 2403 5511 ffmlmon
2425 5428 3028 5511 spernendadectioue:
3062 5438 3306 5511 quamvis
3330 5428 3457 5511 ipse
3496 5428 3716 5511 Teriol-

2123 5499 2298 5580 I_ianu_s
2340 5499 2597 5560 adversus
2649 5499 3094 5580 Valentinianosf
3126 5508 3322 5563 dixerit
3342 5499 3381 5575 ,“
3409 5505 3590 5580 Ignem
3640 5508 3721 5560 in-

2123 5570 2440 5647 ﬂabellatnm
2479 5577 2809 5647 _c_orporibus.
2870 5570 3143 5634 Scintillas
3212 5570 3395 5635 autem
3440 5570 3727 5634 'absistere
3758 5604 3771 5613 -

2122 5644 2294 5769 aegis
2317 5644 2451 5731 dixit
2478 5644 2766 5719 Virgilius;
2809 5659 2863 5706 et
2893 5650 3206 5708 absistendo
3233 5651 3387 5721 quasi
3425 5648 3725 5722 ﬂagellant.

2175 5730 2242 5771 lC.
2320 5726 2324 5731 ’

2200 5762 2280 5860 lli)
2319 5787 2428 5845 Sed
2458 5790 2685 5863 tragwdo
2731 5793 3058 5866 vociferante.
3110 5762 3356 5853 Studium
3403 5792 3508 5852 fuit
3559 5789 3730 5866 tragi-
