4136 6358
473 411 583 474 659

1902 390 2367 461 TEB'I'ULLIANI

3679 404 3787 469 ϐω

477 532 567 599 dia
608 530 685 604 ω
735 528 912 601 mellis
963 526 1033 589 de
1080 524 1384 597 ranuucnlo
1404 522 1488 595 (I)
1534 526 1797 581 venenato
1826 515 1905 593 (ὁ)
1937 514 2538 587 :necAcontemptus,
2571 532 2733 590 quam
2789 531 2918 575 vera
2970 515 3217 585 libertas,
3249 532 3409 590 quam
3455 520 3787 584 conscientia

482 623 614 678 tanti
639 621 817 693 gulam
854 620 1025 687 facias
1057 617 1371 693 vduptatis,
1428 615 1618 688 quanti
1662 610 1955 686 periculum
1983 624 2081 681 per

476 716 821 773 suavitatem.

1051 803 1279 881 CAPUT
1318 799 1557 859 XXVIII.

545 900 877 974 Saginentur
919 897 1186 970 ejusmodi
1243 895 1489 952 dulcibus
1538 891 1777 948 conviva:
1830 890 1952 957 sui,
2028 897 2083 944 et

474 995 596 1051 loca
653 1004 707 1050 et
754 998 1001 1063 tempora
1051 1002 1104 1048 et
1159 991 1419 1046 invitator.
1462 988 1698 1058 ipsorum
1726 994 1827 1042 cst.
1870 984 2081 1040 Nostrae

476 1102 683 1155 omnae,
742 1094 941 1141 nostra!
982 1083 1182 1154 nuptiae
1230 1080 1466 1137 nondum
1515 1089 1659 1147 sunt,
1716 1094 1824 1134 non
1883 1092 2077 1149 possu-

478 1196 603 1237 mus
634 1195 754 1235 cum
782 1178 892 1234 illis
918 1176 1296 1242 discumbere,
1339 1172 1462 1244 quia
1498 1188 1598 1228 nec
1646 1171 1721 1227 illi
1774 1170 2077 1226 nobiseum.

478 1272 703 1329 Vicibus
724 1270 989 1341 disposita
1049 1282 1138 1323 res
1188 1276 1291 1322 est.
1331 1264 1484 1320 Nunc
1517 1263 1595 1318 illi
1654 1262 1922 1331 lmtautur,
1979 1277 2081 1318 nos

477 1362 849 1421 conﬂictamur
923 1358 1130 1435 (Joan.
1157 1401 1173 1426 ,
1244 1356 1434 1429 XVI).
1468 1354 1752 1413 ‘Srzculum
1808 1354 2079 1426 (inquit)

479 1456 738 1529 gaudebit,
762 1471 852 1510 vos
882 1455 1047 1510 tristes
1068 1452 1225 1508 eritis.
1254 1450 1558 1521 Lugeamus
1579 1464 1709 1520 ergo
1733 1448 1860 1504 dum
1879 1449 2079 1509 ethnici

478 1549 741 1622 gaudent,
774 1557 834 1603 ut
862 1563 1024 1618 quum
1055 1532 1238 1617 lugere
1285 1546 1576 1614 coeperint,
1628 1542 1979 1616 gaudeamus,
2010 1559 2081 1600 ne

482 1641 688 1713 pariter
712 1654 859 1709 nunc
884 1636 1211 1711 gaudentes,
1261 1645 1388 1693 tunc
1435 1650 1651 1707 quoque
1691 1635 1893 1706 pariter
1912 1635 2084 1707 lugea-

479 1752 619 1793 mus.
637 1735 910 1791 Delicatus
937 1748 1017 1799 es,
1037 1731 1352 1795 Christiane,
1378 1730 1423 1786 si
1447 1732 1576 1787 etin
1609 1730 1808 1789 sarculo
1832 1728 2079 1798 volupta-

478 1837 588 1895 tem
610 1825 965 1896 concupiscis,
991 1825 1101 1885 imo
1123 1823 1349 1879 nimium
1373 1821 1588 1883 stultus.
1616 1823 1659 1876 si
1676 1823 1779 1877 hoc
1804 1821 2081 1877 existimas

2179 610 2406 682 integra,
2456 628 2617 684 quam
2667 615 2777 669 vita
2828 612 3127 682 sufﬁciens,
3169 629 3333 686 quam
3375 615 3568 672 mortis
3619 618 3783 677 timor

2180 704 2359 761 nullus
2385 721 2400 767 ;
2430 707 2575 777 quod
2600 707 2777 765 calcas
2824 707 2956 763 deos
2986 707 3283 772 nationum,
3337 707 3481 783 quod
3520 709 3783 769 damonis

2181 800 2427 871 expellis,
2450 802 2592 872 quod
2624 803 2918 859 medicinas
2943 802 3097 868 facis,
3128 802 3269 873 quod
3293 803 3655 861 revelationes
3684 822 3782 876 pe-

2183 894 2274 961 tis,
2304 895 2445 967 quod
2477 896 2587 953 Dco
2610 897 2789 953 vivis?
2819 898 2913 953 Hie
2964 896 3290 968 voluptates,
3321 896 3439 954 haec
3467 901 3778 970 spectacula

2184 989 2621 1056 cliristianorum,
2680 1003 2887 1059 sancta,
2947 992 3487 1063 perpetua,gratuita
3543 1010 3557 1045 :
3614 992 3667 1048 in
3696 993 3783 1050 his

2181 1082 2279 1137 tibi
2311 1082 2465 1137 ludos
2508 1083 2792 1141 Circenses
2848 1082 2919 1156 (ε)
2959 1085 3338 1153 interpretare,
3386 1097 3574 1139 cursus
3600 1085 3784 1141 saeculi

2183 1176 2414 1245 intuere,
2465 1186 2707 1249 tempora
2759 1178 3216 1248 Iabeutia,spatia
3270 1176 3569 1239 dinumera,
3605 1180 3778 1234 metas

2182 1269 2660 1325 consummationis
2690 1279 2966 1341 exspecta,
2995 1269 3279 1325 societates
3302 1267 3665 1323 Ecclesiarum
3687 1270 3785 1325 de-

2182 1359 2363 1428 fende,
2393 1361 2460 1415 ad
2487 1360 2696 1431 signum
2730 1362 2822 1417 Dei
2849 1361 3128 1427 suscitare,
3160 1360 3228 1416 ad
3259 1360 3439 1415 tubam
3472 1362 3648 1431 angeli
3676 1362 3784 1419 eri-

2182 1467 2331 1522 gere.
2359 1452 2427 1507 ad
2455 1454 2697 1525 martyrii
2724 1452 2803 1523 (4)
2835 1453 3039 1523 palmas
3063 1453 3317 1524 gloriare.
3338 1452 3396 1507 Si
3424 1454 3657 1509 scenicae
3701 1453 3781 1528 (5)

2184 1542 2444 1599 doctrinm
2475 1544 2766 1610 delectant,
2796 1545 2928 1600 satis
2973 1544 3130 1603 nobis
3170 1542 3468 1599 litterarum
3515 1554 3621 1611 est,
3651 1546 3785 1600 Salis

2183 1654 2433 1692 versuum
2463 1646 2565 1707 est,
2598 1638 2729 1693 satis
2755 1639 3167 1704 sententiarum,
3192 1638 3323 1693 satis
3355 1638 3516 1693 etiam
3543 1640 3782 1695 cantico-

2185 1747 2323 1794 rum,
2370 1731 2504 1786 satis
2562 1746 2790 1797 vocum;
2848 1746 2948 1785 nec
2979 1730 3190 1795 fabulte,
3237 1729 3332 1785 sed
3364 1731 3651 1797 veritates;
3682 1747 3783 1788 nec

2184 1826 2419 1895 stropha:
2467 1825 2561 1898 (Γ),
2595 1826 2691 1881 sed
2738 1825 3130 1896 simplicitates.
3166 1823 3259 1879 \‘is
3301 1835 3355 1879 et
3394 1825 3682 1895 pugillatus
3729 1835 3785 1881 et
3864 1888 3879 1905 Ι

479 1890 836 1988 voluptatem.
866 1890 1177 1985 Philosophi
1210 1914 1427 1985 quidam
1459 1912 1539 1984 (2)
1594 1911 1665 1984 (c)
1721 1911 1822 1967 hoc
1878 1926 2075 1969 nomen
2108 1890 2157 1953 Β
2184 1890 2411 1972 luctatus
2433 1917 2456 1971 ?
2477 1890 2679 1988 praesto
2699 1890 2981 1979 suun-non
3014 1930 3197 1987 parva,
3225 1914 3320 1970 sed
3348 1890 3511 1973 multa
3534 1916 3633 1988 (6).
3666 1917 3778 1971 Ad-

479 2009 642 2081 quieti
675 2016 731 2066 et
772 2006 1155 2079 tranquillitati
1194 2006 1481 2072 dederunt,
1514 2005 1570 2061 in
1627 2019 1689 2060 ea
1740 2002 1995 2076 gaudetit,
2021 2003 2077 2061 in

476 2118 540 2159 ea
569 2112 883 2168 avocantur,
910 2102 965 2159 in
997 2116 1060 2157 ea
1104 2101 1266 2157 etiam
1323 2099 1641 2171 gloriantur.
1687 2098 1765 2157 Tu
1794 2098 1925 2157 mihi
1961 2113 2078 2157 me-

477 2206 561 2254 tas
603 2195 684 2270 (d)
706 2207 761 2254 et
781 2211 975 2265 scenas
997 2205 1051 2253 et
1083 2194 1357 2265 pulverem
1386 2205 1442 2250 et
1471 2202 1673 2251 arenas
1694 2192 1954 2262 suspiras.
1984 2192 2076 2251 Di;

481 2306 574 2348 cas
596 2292 791 2358 velim;
820 2306 928 2346 non
956 2304 1242 2361 possumus
1268 2288 1449 2345 vivere
1495 2288 1612 2344 sine
1640 2287 1939 2358 voluptate,
1985 2286 2076 2358 qui

480 2384 619 2440 mori
649 2398 772 2439 eum
803 2383 1074 2453 voluptate
1096 2379 1466 2439 debebimus?
1489 2378 1792 2450 Namquod
1824 2388 1907 2437 est
1933 2378 2077 2437 aliud

477 2487 661 2533 votum
689 2487 955 2541 nostrum,
984 2490 1144 2546 quam
1171 2474 1314 2545 quod
1339 2483 1394 2531 et
1420 2473 1686 2544 Apostoli,
1710 2473 1859 2537 exire
1884 2471 1950 2529 de
1973 2478 2077 2529 sm-

388 2604 397 2613 -
481 2571 628 2639 culo,
660 2580 714 2626 et
739 2568 905 2641 recipi
950 2569 1090 2641 apud
1122 2566 1417 2624 Dominum
1446 2564 1615 2640 (Phil.
1647 2566 1731 2637 l)?
1759 2565 1857 2622 llic
1885 2564 2075 2636 volup-

480 2672 584 2733 tas,
616 2662 707 2720 ubi
733 2670 789 2719 et
816 2670 1025 2719 votum.

1054 2752 1284 2813 CAPUT
1322 2751 1518 2808 XXIX.

553 2846 675 2904 1am
723 2861 867 2903 nunc
904 2845 950 2903 si
1000 2855 1158 2918 putas
1223 2843 1348 2918 (5)
1394 2842 1800 2901 delectamentis
1864 2843 2081 2916 exigere

483 2940 719 3013 spatium
747 2941 869 3009 hoc,
901 2956 999 2997 cur
1029 2950 1137 2996 tam
1168 2940 1409 3011 ingratus
1449 2953 1509 2994 es
1535 2980 1550 3004 ,
1591 2947 1650 2994 ut
1697 2948 1775 3009 tot
1817 2948 1872 3009 et
1946 2940 2081 2997 tales

486 3034 791 3107 voluptates
839 3050 870 3089 a
922 3034 1035 3091 Deo
1091 3034 1428 3090 contributas
1491 3031 1584 3088 tibi
1646 3032 1778 3089 satis
1824 3049 1931 3090 non
1981 3034 2079 3090 lia-

487 3126 642 3192 beas,
688 3141 867 3198 neque
913 3125 1318 3199 recognoscas?
1363 3124 1505 3192 Quid
1558 3125 1701 3181 enim
1751 3126 2079 3197 jucundius,

2183 2011 2331 2081 spicc
2376 2010 2764 2082 impudicitiam
2811 2010 3074 2081 dejectam
3116 2024 3145 2063 a
3201 2010 3466 2077 castitate,
3501 1999 3777 2080 perﬁdiam

2183 2120 2378 2160 caesam
2417 2121 2448 2161 a
2494 2105 2620 2172 llde,
2670 2106 2930 2161 saevitiam
2975 2121 3005 2159 a
3055 2101 3422 2159 misericordia
3469 2113 3774 2175 contusam,

2182 2200 2531 2273 petulantiam
2560 2215 2589 2253 a
2618 2199 2876 2255 modestia
2896 2198 3268 2254 obumbratatn
3295 2196 3397 2268 (7),
3421 2204 3476 2251 et
3499 2196 3635 2254 tales
3656 2204 3783 2252 sunt

2180 2292 2320 2364 apud
2373 2307 2474 2347 nos
2501 2306 2725 2363 agones,
2758 2292 2811 2346 in
2841 2290 3035 2362 quibus
3061 2289 3161 2358 ipsi
3210 2302 3535 2343 coronamur
3560 2284 3658 2359 (g).
3691 2287 3780 2343 Vis

2180 2396 2359 2443 autem
2403 2393 2460 2442 et
2497 2385 2771 2456 sanguinis
2797 2393 2851 2439 et
2878 2382 3079 2452 aliquid
3112 2379 3192 2455 (Ii)
3217 2381 3241 2435 Ἰ
3269 2380 3435 2436 babes
3453 2378 3675 2436 Christi.

2756 2473 2990 2531 CAPUT
3026 2471 3205 2529 XXX.

2249 2568 2421 2638 Quale
2467 2576 2648 2625 autem
2695 2567 3061 2639 spectaculum
3101 2567 3156 2621 in
3201 2564 3450 2637 proximo
3474 2572 3559 2621 est
3583 2562 3793 2620 adven»

2183 2674 2267 2723 tus
2319 2665 2530 2720 Domini
2586 2664 2700 2735 jam
2777 2661 3102 2726 indubitati,
3166 2660 3277 2732 jam
3347 2657 3604 2729 superbi,
3666 2656 3778 2728 jam

2184 2756 2600 2828 triumphantis!
2627 2755 2758 2825 Quae
2810 2755 2900 2810 illa
2948 2752 3235 2810 exsultatio
3290 2751 3631 2823 angelorum,
3660 2765 3782 2821 quae

2185 2852 2354 2925 gloria
2378 2850 2773 2922 resurgentium
2800 2856 3109 2903 sanctorum
3136 2847 3150 2900 ι
3184 2846 3341 2918 quale
3380 2859 3605 2916 regnum
3632 2844 3783 2899 exiuo

2185 2944 2253 3007 de
2278 2943 2578 3016 justorum!
2608 2943 2780 3014 qualis
2808 2941 2997 2996 civitas
3024 2955 3161 2996 nova
3191 2938 3524 2993 Hierusalem
3551 2937 3650 3007 (i)!
3707 2938 3783 2991 At

2186 3037 2328 3092 enim
2352 3043 2639 3105 supersunt
2659 3034 2761 3089 alia
2793 3032 3116 3105 spectacula,
3145 3031 3237 3086 ille
3264 3030 3483 3084 ultimus
3510 3038 3565 3084 et
3586 3044 3778 3099 perpe-

2188 3138 2310 3191 tuus
2330 3129 2519 3201 judicii
2545 3128 2697 3197 dies,
2744 3128 2834 3185 ille
2864 3126 3172 3189 nationibus
3203 3125 3527 3201 insperatus,
3561 3122 3651 3178 ille
3689 3120 3785 3177 de-

491 3232 656 3289 quam
682 3216 777 3272 Dei
804 3217 972 3288 patris
999 3198 1061 3273 et
1084 3216 1287 3272 domini
1316 3217 1704 3284 reconciliatio,
1755 3234 1914 3290 quam
1942 3222 2085 3276 veri-
2110 3204 2154 3269 C
2190 3198 2348 3290 risus,
2379 3240 2500 3281 cum
2527 3232 2672 3278 tanta
2699 3222 2878 3279 saeculi
2904 3229 3173 3277 vetustas.
3204 3229 3257 3273 et
3283 3198 3368 3273 ἴοι
3389 3216 3508 3288 ejus
3535 3215 3784 3270 nativita-

495 3310 620 3371 mtis
641 3310 925 3377 revelatio,
974 3325 1134 3382 quam
1166 3326 1412 3366 errorum
1437 3312 1752 3383 recognitio,
1780 3328 1938 3384 quam
1967 3320 2085 3370 tan-

493 3412 672 3469 torum
698 3412 852 3463 retro
884 3403 1170 3465 criminum
1214 3403 1412 3469 venia?
1437 3402 1589 3472 Qum
1611 3405 1784 3477 m’ajor
1818 3406 2082 3479 voluptas,

509 3508 672 3566 quam
702 3492 973 3551 fastidium
1007 3493 1172 3565 ipsius
1198 3495 1502 3567 voluptatis,
1534 3511 1693 3567 quam
1720 3499 1905 3556 saeculi
1927 3502 2087 3557 totius

2190 3328 2270 3373 tes
2298 3333 2403 3372 uno
2448 3316 2557 3388 igni
2584 3316 2920 3371 haurientur.
2952 3315 3084 3382 Quze
3116 3316 3243 3368 tunc
3267 3309 3554 3382 spectaculi
3600 3308 3784 3363 latitu-

2183 3409 2255 3469 do
2283 3410 2391 3482 (j)!
2439 3410 2565 3483 quid
2609 3407 2886 3469 admirer?
2913 3406 3042 3479 quid
3070 3405 3315 3461 rideam?
3367 3402 3454 3461 ubi
3497 3400 3783 3473 gaudeam,

2186 3504 2276 3559 ubi
2299 3503 2593 3571 exsultem,
2626 3511 2878 3574 spectans
2906 3507 2985 3555 tot
3010 3514 3076 3555 ac
3099 3507 3274 3555 tantos
3298 3510 3457 3567 reges
3483 3492 3584 3566 (8),
3614 3492 3706 3565 qui
3730 3492 3786 3549 in

1721 3616 2098 3693 LECTIONES
2134 3621 2549 3697 vastaturus.

548 3706 571 3962 ξ

603 3708 624 3963 ξ

573 3708 624 3837 ιζ
647 3707 978 3761 Libacunculo
999 3708 1154 3763 Frart.
1178 3705 1439 3772 lucunculo
1459 3709 1582 3769 Jun.
2354 3715 2589 3767 Seianum
2608 3714 2717 3788 ως,
2876 3775 2886 3785 .

573 3770 606 3837 ἓ
645 3771 862 3837 Ωυίίῖίὶω
879 3771 1034 3837 Ρναη-
1322 3786 1341 3803 ⁸
2275 3780 2306 3827 ϐ
2351 3778 2460 3829 Non
2487 3791 2634 3837 pauca
2658 3775 2801 3828 Simul
2827 3780 2886 3829 Rt

571 3770 624 3899 ἐξ
1322 3786 1341 3803 ·
1425 3770 1431 3772 ⁷

2256 3770 2321 3899 ἱϐἱ
2351 3778 2460 3829 Non
2487 3791 2634 3841 pauca
2658 3770 2801 3828 simul
2827 3773 3008 3895 ﬁguli.

2274 3842 2321 3899 “ll
2347 3840 2694 3897 Adumbratam
2716 3840 2840 3891 Par.
2908 3851 2976 3899 .g.

572 3842 624 3963 δί
645 3842 787 3885 Nunc
809 3842 923 3896 puta
946 3842 1059 3905 R39.
2250 3842 2321 3969 ﬂ
2347 3842 2694 3916 adumbratam
2716 3842 2840 3891 Par.
2866 3842 2976 3911 Big.

572 3898 602 3947 4
650 3896 913 3961 Martyrum
936 3898 1050 3961 mg.
2270 3905 2301 3954 8
2344 3904 2437 3954 'lot
2459 3909 2687 3969 spectans
2700 3915 2853 3966 reges
2874 3902 2983 3968 Rtg.

1848 3979 2408 4051 COMMENTARIUS.

566 4070 1168 4152 (a)_Stillicidia___mellis
1209 4073 1272 4131 de
1314 4074 1603 4152 ratiuncula
1642 4083 1901 4152 venenato.
1927 4074 2010 4152 Ut
2047 4078 2098 4134 si
2204 4090 2326 4148 tur,
2360 4081 2415 4136 in
2453 4080 2855 4136 similitudinem
2898 4079 3249 4136 hebdomadis
3292 4081 3603 4152 reciprocae.
3656 4082 3791 4151 Ipsm

490 4144 612 4214 quis
635 4145 813 4219 favum
853 4144 1046 4219 mellis
1069 4158 1171 4201 una
1201 4160 1324 4219 cum
1355 4160 1500 4199 ranae
1526 4146 1729 4219 rubetae
1756 4146 2097 4219 pulmonibus
2203 4144 2334 4207 vero
2362 4161 2519 4210 metm
2562 4153 2856 4207 secundum
2894 4152 3161 4219 ,Zodiacos
3183 4144 3421 4209 decanos
3447 4164 3625 4209 ternas
3656 4144 3795 4209 obti—

491 4210 767 4297 éxprimat
783 4230 940 4297 {nam
961 4214 1083 4297 inde
1114 4210 1330 4297 confusa
1354 4230 1562 4297 veneno
1591 4210 2051 4279 mella'stillabunt
2078 4235 2095 4288 ;

492 4283 654 4343 mella
682 4285 929 4354 quidem,
960 4284 1056 4341 sed
1078 4296 1355 4351 venenata.
1393 4283 1506 4351 Btc.

574 4356 653 4429 (b)
678 4355 759 4417 De
799 4357 1085 4425 ranunculo
1116 4367 1376 4415 venenato.
1430 4357 1733 4427 Iuvenalis,
1777 4361 1833 4425 in
1878 4360 2046 4433 prirna
2077 4404 2096 4433 ,

1262 4450 1385 4510 Qum
1400 4449 1548 4501 molle
1573 4447 1808 4504 Calenum

595 4576 607 4589 .
720 4512 1021 4573 Pot-rectura
1044 4511 1151 4562 viro
1170 4512 1347 4577 miscet
1367 4513 1568 4565 sitiente
1589 4516 1843 4578 rubetam;

593 4594 647 4722 in
675 4592 945 4724 iuAtntmc
966 4659 1055 4705 res
1073 4645 1236 4709 agitur
1258 4648 1397 4698 tenui
1420 4646 1655 4712 pulmone
1676 4632 1901 4713 tubam;

509 4710 579 4767 Ει
607 4711 662 4777 in
688 4711 843 4775 tertia
875 4729 889 4766 :
1302 4765 1325 4777 κ
1424 4710 1433 4712 ⁷

1072 4779 1316 4833 Bonarum
1343 4782 1527 4833 viscera
1550 4796 1801 4835 uunnuam

1072 4796 1316 4833 mearum
1343 4796 1527 4833 Viscera
1550 4796 1652 4833 nun
1690 4797 1709 4835 ι

731 4844 953 4909 Inspexi.
1008 4907 1015 4909 Α
1384 4906 1405 4909 _
1494 4907 1502 4909 _
1597 4796 1709 4895 m2.

532 4938 606 4951 --
632 4907 713 4963 De
758 4906 1045 4962 raimnculo
1095 4916 1354 4979 venenato.
1384 4906 1460 4963 Ita
1492 4907 1616 4979 legit
1656 4925 1719 4964 ex
1777 4909 1940 4965 veteri
1991 4910 2112 4966 cod.

536 4980 771 5035 Joannes
790 4978 1011 5035 Wover.
1044 4979 1198 5034 Putat
1227 4978 1418 5034 Junius
1442 4978 1724 5049 legendum
1754 4981 2115 5050 lucunculum,

540 5068 642 5105 vox
681 5051 822 5107 enim
854 5053 949 5106 ista
980 5068 1008 5104 a
1040 5051 1227 5123 Iucuns
1255 5050 1608 5123 deI‘IV‘ttl‘t'lUI‘,
1640 5062 1886 5123 essetque
1923 5055 2118 5108 lunon-

533 5124 681 5176 culus
708 5127 1063 5193 ὗπσκοριστηιόν
1089 5121 1312 5176 verbum
1336 5132 1417 5186 ;et
1444 5121 1708 5190 quoddam
1731 5121 1986 5177 saetarati
2019 5137 2125 5181 tra-

534 5195 760 5265 gcmatis
784 5203 837 5246 ct
868 5194 1072 5248 bellarii
1118 5209 1318 5264 genus;
1349 5196 1414 5247 de
1437 5209 1542 5263 quo
1569 5196 1817 5248 Altanius
1843 5193 2042 5252 l‘t'atriis
2067 5214 2081 5250 :

768 5286 951 5336 Pistori
976 5295 1136 5347 uarat,
1162 5300 1246 5337 cur
1273 5300 1367 5336 non
1392 5285 1715 5337 scriblitario?

775 5347 843 5400 Ut
866 5352 1025 5401 mittat
1046 5352 1209 5400 t'ratris
1228 5350 1326 5400 [ilio
1348 5348 1647 5403 lucunculos.

507 5435 639 5509 Quae
667 5436 719 5491 in
742 5436 885 5509 hanc
925 5452 1114 5509 vocem
1140 5438 1415 5494 annotavit
1439 5438 1512 5497 La
1543 5436 1734 5505 Cerdo,
1764 5436 2053 5509 leviqsuqt
2078 5480 2093 5508 ,

502 5508 553 5562 si
578 5523 640 5563 ea
668 5508 873 5578 eximus
893 5524 1012 5576 quae
1038 5508 1299 5564 habentur
1322 5509 1461 5578 apud
1482 5508 1852 5566 doctissimum
1877 5507 2087 5566 Turne?

492 5578 621 5634 bum
653 5578 744 5634 lib.
773 5577 939 5637 XVIII
975 5578 1107 5637 Adv.
1130 5595 1248 5647 cap.
1280 5577 1369 5635 20.
1397 5579 1475 5634 Ls
1506 5580 1602 5634 Pn.

564 5650 720 5725 CAP.
755 5648 1166 5725 XXVIII.-—(c)
1195 5648 1758 5725 Philosophiquidam.
1792 5652 2084 5725 Epicureos

496 5723 686 5794 tangit,
717 5721 807 5799 qui
832 5723 883 5776 in
911 5722 1177 5791 voluptate
1205 5737 1475 5777 sumntum
1505 5722 1705 5847 bonum
1733 5721 2079 5849 reponebam.

1711 5809 1741 5848 ε
1816 5811 1869 5848 n.

564 5864 644 5934 (d)
670 5863 749 5937 Tu
778 5862 903 5937 mihi
923 5863 1347 5937 metas.__Septent
1376 5864 1550 5930 metis,
1571 5809 1742 5937 inquii:
1774 5809 2078 5925 lCassiodo-

492 5932 586 5989 rus
608 5935 796 5991 variar.
823 5932 944 5990 lect.
970 5934 1060 5990 lib.
1082 5933 1165 5990 Ill.
1196 5932 1245 5993 c.
1270 5936 1535 6007 51,0mue
1561 5932 1830 5997 certamen
1860 5942 2068 6012 peragi-

2202 4224 2686 4298 nentsummitates
2710 4265 2725 4287 ,
2772 4238 2907 4298 quas
2942 4222 3006 4277 ad
3060 4224 3227 4278 instar
3253 4224 3382 4280 solis
3424 4226 3629 4282 celeres
3660 4242 3794 4298 qua-

2204 4295 2370 4359 driga:
2395 4306 2767 4364 pervagantur.
2801 4296 2942 4351 Plut.

2275 4366 2432 4424 CAP.
2460 4365 2826 4437 XXIX.-—-v(e)
2857 4366 3114 4420 Circenses
3143 4365 3309 4420 ludos.
3338 4366 3468 4436 Quae
3498 4367 3565 4423 ad
3590 4368 3792 4424 circum

2206 4440 2538 4508 spectabant,
2584 4438 2671 4493 hic
2696 4438 2910 4510 egregie
2938 4438 3308 4494 accommodat
3350 4438 3416 4495 ad
3439 4454 3619 4495 mores
3645 4439 3792 4495 chri-

2207 4512 2523 4566 stiauorum.
2560 4510 2637 4565 LE
2657 4510 2753 4565 Pn.

2130 4597 2185 4660 D
2283 4582 2349 4655 (Γ)
2389 4582 2500 4637 Nec
2550 4582 2794 4660 strepitat.
2844 4579 3069 4660 Egtplico
3099 4580 3317 4660 technas
3338 4580 3795 4660 et_fraudes,_sed

2217 4651 2340 4709 cum
2367 4663 2615 4725 respectu
2647 4652 2711 4709 ad
2740 4651 2990 4725 strophas
3017 4660 3072 4707 et
3094 4652 3230 4725 edas
3249 4651 3573 4720 histrionize,
3604 4654 3797 4725 quibus

2212 4722 2473 4796 oppositze
2495 4723 2844 4795 antistroplne
2868 4732 2922 4778 ct
2947 4723 3177 4796 antodm.
3206 4722 3310 4777 Sed
3338 4735 3391 4778 ut
3411 4724 3519 4779 dixi
3542 4722 3637 4779 hic
3665 4726 3799 4796 frau-

2216 4795 2312 4850 des
2356 4807 2508 4864 sunt,
2553 4807 2608 4851 et
2639 4798 2706 4851 ita
2735 4796 2896 4851 etiam
2942 4795 3135 4863 accipit
3169 4795 3310 4851 hunc
3348 4797 3524 4852 locum
3575 4795 3799 4853 Carolus

2218 4867 2409 4923 Pasch.
2440 4869 2531 4923 lib.
2564 4867 2679 4923 Ide
2703 4866 2829 4923 Cor.
2860 4881 2976 4936 Cap.
3012 4868 3097 4921 Η.
3130 4865 3260 4921 Lac.

2294 4940 2375 5013 (g)
2400 4938 2509 5013 Ipsi
2536 4955 2878 5013 coronantur.
2897 4939 3028 5013 Quis
3059 4938 3229 4992 nescit
3269 4951 3498 5013 coronas
3526 4939 3802 5013 gymnicas

2224 5009 2555 5065 stadiiﬁtuo
2582 5009 2648 5064 tle
2684 5009 2765 5062 his
2794 5012 2914 5063 unis
2940 5011 3093 5063 dictae
3122 5024 3349 5080 eurourc
3380 5012 3487 5078 κᾳτ’
3525 5009 3713 5080 ἐξοχὴν.
3742 5012 3799 5066 Id

2226 5082 2472 5155 persequi
2507 5082 2753 5155 etiosum
2776 5124 2790 5146 ,
2823 5081 3220 5155 imoputidtnn.
3262 5079 3390 5135 Inde
3441 5079 3798 5155 Hieronymus

2221 5154 2275 5207 2.
2310 5156 2358 5208 in
2398 5153 2575 5208 .Iovin.
2628 5152 2755 5207 dum
2786 5153 2972 5221 qmerit
3027 5152 3309 5207 veni-torum
3350 5152 3756 5210 consecutioncs
3781 5196 3797 5219 ,

2223 5224 2571 5279 luctatoribus
2595 5223 2686 5278 dat
2713 5239 2941 5279 coronas
2959 5265 2975 5290 ,
2998 5224 3064 5279 ad
3090 5241 3211 5297 cum
3258 5224 3470 5279 modum
3500 5242 3605 5297 quo
3655 5227 3805 5282 nati-

2220 5297 2467 5368 gantibus
2500 5308 2741 5366 portum,
2774 5306 2826 5350 et
2849 5296 3206 5368 pugnantibus
3235 5296 3580 5366 triumphum.
3615 5298 3745 5353 Lac.

2295 5366 2374 5440 (11)
2411 5366 2497 5422 Vis
2526 5377 2691 5419 autem
2723 5376 2769 5420 et
2795 5366 3052 5440 sanguinis
3073 5367 3291 5440 aliquid
3308 5368 3333 5421 ξ)
3363 5372 3804 5440 iCrnenlisvolu-

2221 5437 2454 5510 pta‘tibus
2479 5447 2531 5493 et
2553 5437 2868 5510 Spectaculis
2888 5437 3111 5508 opponit
3137 5437 3334 5494 Christi
3357 5439 3566 5493 Domini
3589 5438 3805 5507 sangui-

2222 5508 2346 5565 nem
2377 5527 2471 5577 pro
2501 5508 2869 5580 recuperanda
2898 5521 3138 5565 nostrum
3181 5511 3420 5566 omnium
3469 5511 3643 5567 salute
3669 5511 3803 5567 eII'u-
3898 5522 3909 5527 ’

2209 5598 2354 5638 sum.
2385 5581 2463 5637 Le
2489 5581 2583 5635 Pn.

2264 5655 2417 5709 CAP.
2446 5652 2616 5708 XXX.
2648 5680 2719 5724 -έ-
2746 5649 2811 5724 (i)
2841 5651 3019 5719 Qualis
3068 5652 3241 5724 civitas
3281 5670 3412 5708 nova
3459 5651 3803 5712 Jerusalem?

2189 5724 2334 5780 Istud
2365 5724 2603 5779 fortassis
2642 5723 2710 5778 ad
2758 5723 3002 5779 errorem
3044 5723 3463 5781 Millenariorum
3514 5728 3792 5794 pertinet,

2187 5795 2638 5875 quemadmodum
2678 5803 2735 5852 et
2772 5795 2903 5851 illud
2928 5795 3073 5869 quod
3103 5795 3346 5868 subjicit,
3385 5797 3447 5851 de
3489 5807 3562 5852 tot
3609 5798 3797 5853 saeculi

2191 5865 2551 5923 tiativilatibus.
2587 5865 2723 5922 Pu.

2258 5938 2473 6012 ωριιω
2497 5948 2613 5995 tunc
2656 5939 2931 6013 spectaculi
2981 5938 3215 5997 latitudo.
3271 5939 3414 6007 Quot
3464 5947 3520 5997 et
3567 5947 3775 6012 quanta
