  <div class='ocr_page' id='page_1' title='image "/cluster/home/n/w/nwhite01/storage/ocr_20150623/1/hvd.32044015466733/357.png"; bbox 0 0 4150 6352; ppageno 0'>
   <div class='ocr_carea' id='block_1_1' title="bbox 415 218 527 277">
    <p class='ocr_par' dir='ltr' id='par_1_1' title="bbox 415 218 527 277">
     <span class='ocr_line' id='line_1_1' title="bbox 415 218 527 277; baseline 0.009 -1"><span class='ocrx_word' id='word_1_1' title='bbox 415 218 527 277; x_wconf 76' lang='lat'><strong><em>665</em></strong></span> 
     </span>
    </p>
   </div>
   <div class='ocr_carea' id='block_1_2' title="bbox 1776 209 2242 269">
    <p class='ocr_par' dir='ltr' id='par_1_2' title="bbox 1776 209 2242 269">
     <span class='ocr_line' id='line_1_2' title="bbox 1776 209 2242 269; baseline -0.002 0"><span class='ocrx_word' id='word_1_2' title='bbox 1776 209 2242 269; x_wconf 80' lang='lat' dir='ltr'><strong><em>TERTULLIANI</em></strong></span> 
     </span>
    </p>
   </div>
   <div class='ocr_carea' id='block_1_3' title="bbox 3612 211 3720 271">
    <p class='ocr_par' dir='ltr' id='par_1_3' title="bbox 3612 211 3720 271">
     <span class='ocr_line' id='line_1_3' title="bbox 3612 211 3720 271; baseline 0.009 -1"><span class='ocrx_word' id='word_1_3' title='bbox 3612 211 3720 271; x_wconf 74' lang='grc' dir='ltr'><strong><em>θοι</em></strong></span> 
     </span>
    </p>
   </div>
   <div class='ocr_carea' id='block_1_4' title="bbox 417 325 3716 406">
    <p class='ocr_par' dir='ltr' id='par_1_4' title="bbox 417 325 3716 406">
     <span class='ocr_line' id='line_1_4' title="bbox 417 325 3716 406; baseline -0.003 -13"><span class='ocrx_word' id='word_1_4' title='bbox 417 335 723 393; x_wconf 77' lang='lat' dir='ltr'><strong><em>Christianis</em></strong></span> <span class='ocrx_word' id='word_1_5' title='bbox 749 334 889 390; x_wconf 83' lang='lat' dir='ltr'><strong><em>idola</em></strong></span> <span class='ocrx_word' id='word_1_6' title='bbox 921 334 1255 406; x_wconf 79' lang='lat' dir='ltr'><strong><em>fabrefacere,</em></strong></span> <span class='ocrx_word' id='word_1_7' title='bbox 1300 336 1391 384; x_wconf 86' lang='lat' dir='ltr'><strong><em>aut</em></strong></span> <span class='ocrx_word' id='word_1_8' title='bbox 1428 326 1648 384; x_wconf 81' lang='lat' dir='ltr'><strong><em>uendere</em></strong></span> <span class='ocrx_word' id='word_1_9' title='bbox 1689 326 2015 394; x_wconf 77' lang='lat' dir='ltr'><strong><em>adoraturis,</em></strong></span> <span class='ocrx_word' id='word_1_10' title='bbox 2043 327 2099 389; x_wconf 80' lang='grc' dir='ltr'><strong>Α</strong></span> <span class='ocrx_word' id='word_1_11' title='bbox 2122 325 2354 394; x_wconf 88' lang='lat' dir='ltr'><strong><em>dacium,</em></strong></span> <span class='ocrx_word' id='word_1_12' title='bbox 2411 342 2574 399; x_wconf 89' lang='lat' dir='ltr'><strong><em>quum</em></strong></span> <span class='ocrx_word' id='word_1_13' title='bbox 2602 334 2712 383; x_wconf 87' lang='lat' dir='ltr'><strong><em>tota</em></strong></span> <span class='ocrx_word' id='word_1_14' title='bbox 2737 327 3035 384; x_wconf 86' lang='lat' dir='ltr'><strong><em>substantia</em></strong></span> <span class='ocrx_word' id='word_1_15' title='bbox 3078 327 3196 400; x_wconf 89' lang='lat' dir='ltr'><strong><em>ejus</em></strong></span> <span class='ocrx_word' id='word_1_16' title='bbox 3224 326 3456 387; x_wconf 77' lang='lat' dir='ltr'><strong><em>mendax</em></strong></span> <span class='ocrx_word' id='word_1_17' title='bbox 3505 327 3597 384; x_wconf 89' lang='lat' dir='ltr'><strong><em>sit.</em></strong></span> <span class='ocrx_word' id='word_1_18' title='bbox 3639 327 3716 383; x_wconf 83' lang='lat' dir='ltr'><strong><em>lta</em></strong></span> 
     </span>
    </p>
   </div>
   <div class='ocr_carea' id='block_1_5' title="bbox 419 416 2009 499">
    <p class='ocr_par' dir='ltr' id='par_1_5' title="bbox 419 416 2009 499">
     <span class='ocr_line' id='line_1_5' title="bbox 419 416 2009 499; baseline -0.006 -18"><span class='ocrx_word' id='word_1_19' title='bbox 419 444 481 483; x_wconf 88' lang='lat' dir='ltr'><strong><em>ac</em></strong></span> <span class='ocrx_word' id='word_1_20' title='bbox 504 427 708 499; x_wconf 87' lang='lat' dir='ltr'><strong><em>quidem</em></strong></span> <span class='ocrx_word' id='word_1_21' title='bbox 732 442 848 480; x_wconf 85' lang='lat' dir='ltr'><strong><em>cum</em></strong></span> <span class='ocrx_word' id='word_1_22' title='bbox 871 423 1015 479; x_wconf 83' lang='lat' dir='ltr'><strong><em>aliud</em></strong></span> <span class='ocrx_word' id='word_1_23' title='bbox 1043 439 1142 477; x_wconf 89' lang='lat' dir='ltr'><strong><em>non</em></strong></span> <span class='ocrx_word' id='word_1_24' title='bbox 1173 420 1379 489; x_wconf 76' lang='lat' dir='ltr'><strong><em>habent,</em></strong></span> <span class='ocrx_word' id='word_1_25' title='bbox 1408 419 1543 475; x_wconf 86' lang='lat' dir='ltr'><strong><em>unde</em></strong></span> <span class='ocrx_word' id='word_1_26' title='bbox 1563 419 1731 474; x_wconf 80' lang='lat' dir='ltr'><strong><em>vivant</em></strong></span> <span class='ocrx_word' id='word_1_27' title='bbox 1752 417 1892 491; x_wconf 85' lang='lat' dir='ltr'><strong><em>(cap.</em></strong></span> <span class='ocrx_word' id='word_1_28' title='bbox 1927 416 2009 490; x_wconf 84' lang='lat'><strong><em>5).</em></strong></span> 
     </span>
    </p>
   </div>
   <div class='ocr_carea' id='block_1_6' title="bbox 364 508 2008 585">
    <p class='ocr_par' dir='ltr' id='par_1_6' title="bbox 364 508 2008 585">
     <span class='ocr_line' id='line_1_6' title="bbox 364 508 2008 585; baseline -0.009 -9"><span class='ocrx_word' id='word_1_29' title='bbox 364 574 371 582; x_wconf 83' lang='lat'><strong><em>,</em></strong></span> <span class='ocrx_word' id='word_1_30' title='bbox 422 519 673 575; x_wconf 84' lang='lat' dir='ltr'><strong><em>Prohibet</em></strong></span> <span class='ocrx_word' id='word_1_31' title='bbox 719 517 868 572; x_wconf 87' lang='lat' dir='ltr'><strong><em>etiam</em></strong></span> <span class='ocrx_word' id='word_1_32' title='bbox 915 514 1304 585; x_wconf 76' lang='lat' dir='ltr'><strong><em>tediﬁeationent</em></strong></span> <span class='ocrx_word' id='word_1_33' title='bbox 1348 511 1549 584; x_wconf 91' lang='lat' dir='ltr'><strong><em>templi,</em></strong></span> <span class='ocrx_word' id='word_1_34' title='bbox 1595 526 1723 577; x_wconf 64' lang='lat' dir='ltr'><strong><em>arae,</em></strong></span> <span class='ocrx_word' id='word_1_35' title='bbox 1754 508 2008 576; x_wconf 57' lang='lat' dir='ltr'><strong><em>radiculae,</em></strong></span> 
     </span>
    </p>
   </div>
   <div class='ocr_carea' id='block_1_7' title="bbox 424 604 2011 681">
    <p class='ocr_par' dir='ltr' id='par_1_7' title="bbox 424 604 2011 681">
     <span class='ocr_line' id='line_1_7' title="bbox 424 604 2011 681; baseline -0.008 -11"><span class='ocrx_word' id='word_1_36' title='bbox 424 615 607 671; x_wconf 79' lang='lat' dir='ltr'><strong><em>domus</em></strong></span> <span class='ocrx_word' id='word_1_37' title='bbox 635 614 689 666; x_wconf 88' lang='lat' dir='ltr'><strong><em>in</em></strong></span> <span class='ocrx_word' id='word_1_38' title='bbox 711 611 953 666; x_wconf 84' lang='lat' dir='ltr'><strong><em>honorem</em></strong></span> <span class='ocrx_word' id='word_1_39' title='bbox 975 609 1230 664; x_wconf 78' lang='lat' dir='ltr'><strong><em>idolorum</em></strong></span> <span class='ocrx_word' id='word_1_40' title='bbox 1271 608 1408 681; x_wconf 87' lang='lat' dir='ltr'><strong><em>(cap.</em></strong></span> <span class='ocrx_word' id='word_1_41' title='bbox 1452 606 1533 678; x_wconf 91' lang='lat'><strong><em>8).</em></strong></span> <span class='ocrx_word' id='word_1_42' title='bbox 1567 605 1703 674; x_wconf 85' lang='lat' dir='ltr'><strong><em>Quin</em></strong></span> <span class='ocrx_word' id='word_1_43' title='bbox 1729 604 1878 659; x_wconf 88' lang='lat' dir='ltr'><strong><em>etiam</em></strong></span> <span class='ocrx_word' id='word_1_44' title='bbox 1918 619 2011 659; x_wconf 86' lang='lat' dir='ltr'><strong><em>ne-</em></strong></span> 
     </span>
    </p>
   </div>
   <div class='ocr_carea' id='block_1_8' title="bbox 426 696 2015 779">
    <p class='ocr_par' dir='ltr' id='par_1_8' title="bbox 426 696 2015 779">
     <span class='ocr_line' id='line_1_8' title="bbox 426 696 2015 779; baseline -0.008 -19"><span class='ocrx_word' id='word_1_45' title='bbox 426 705 727 779; x_wconf 82' lang='lat' dir='ltr'><strong><em>gotiationes</em></strong></span> <span class='ocrx_word' id='word_1_46' title='bbox 751 702 992 757; x_wconf 76' lang='lat' dir='ltr'><strong><em>mercium</em></strong></span> <span class='ocrx_word' id='word_1_47' title='bbox 1018 718 1215 767; x_wconf 84' lang='lat' dir='ltr'><strong><em>earum,</em></strong></span> <span class='ocrx_word' id='word_1_48' title='bbox 1246 715 1361 772; x_wconf 73' lang='lat' dir='ltr'><strong><em>qua:</em></strong></span> <span class='ocrx_word' id='word_1_49' title='bbox 1383 698 1451 752; x_wconf 89' lang='lat' dir='ltr'><strong><em>ad</em></strong></span> <span class='ocrx_word' id='word_1_50' title='bbox 1489 697 1833 755; x_wconf 88' lang='lat' dir='ltr'><strong><em>idololatriam</em></strong></span> <span class='ocrx_word' id='word_1_51' title='bbox 1860 696 2015 767; x_wconf 83' lang='lat' dir='ltr'><strong><em>perti-</em></strong></span> 
     </span>
    </p>
   </div>
   <div class='ocr_carea' id='block_1_9' title="bbox 423 787 2012 870">
    <p class='ocr_par' dir='ltr' id='par_1_9' title="bbox 423 787 2012 870">
     <span class='ocr_line' id='line_1_9' title="bbox 423 787 2012 870; baseline -0.008 -17"><span class='ocrx_word' id='word_1_52' title='bbox 423 807 544 853; x_wconf 86' lang='lat' dir='ltr'><strong><em>nent</em></strong></span> <span class='ocrx_word' id='word_1_53' title='bbox 572 796 711 870; x_wconf 86' lang='lat' dir='ltr'><strong><em>(cap.</em></strong></span> <span class='ocrx_word' id='word_1_54' title='bbox 743 793 866 868; x_wconf 80' lang='lat' dir='ltr'><strong><em>ll):</em></strong></span> <span class='ocrx_word' id='word_1_55' title='bbox 892 812 922 849; x_wconf 91' lang='lat' dir='ltr'><strong><em>a</em></strong></span> <span class='ocrx_word' id='word_1_56' title='bbox 945 795 1089 867; x_wconf 75' lang='lat' dir='ltr'><strong><em>festis</em></strong></span> <span class='ocrx_word' id='word_1_57' title='bbox 1115 809 1313 864; x_wconf 85' lang='lat' dir='ltr'><strong><em>quoque</em></strong></span> <span class='ocrx_word' id='word_1_58' title='bbox 1342 792 1516 847; x_wconf 80' lang='lat' dir='ltr'><strong><em>diebus</em></strong></span> <span class='ocrx_word' id='word_1_59' title='bbox 1542 791 1694 845; x_wconf 88' lang='lat' dir='ltr'><strong><em>etiam</em></strong></span> <span class='ocrx_word' id='word_1_60' title='bbox 1723 787 2012 844; x_wconf 77' lang='lat' dir='ltr'><strong><em>entraordi-</em></strong></span> 
     </span>
    </p>
   </div>
   <div class='ocr_carea' id='block_1_10' title="bbox 428 882 2022 959">
    <p class='ocr_par' dir='ltr' id='par_1_10' title="bbox 428 882 2022 959">
     <span class='ocr_line' id='line_1_10' title="bbox 428 882 2022 959; baseline -0.008 -12"><span class='ocrx_word' id='word_1_61' title='bbox 428 891 590 947; x_wconf 82' lang='lat' dir='ltr'><strong><em>uariis</em></strong></span> <span class='ocrx_word' id='word_1_62' title='bbox 646 888 1000 944; x_wconf 77' lang='lat' dir='ltr'><strong><em>abstinendum</em></strong></span> <span class='ocrx_word' id='word_1_63' title='bbox 1048 884 1210 959; x_wconf 82' lang='lat' dir='ltr'><strong><em>(cap.</em></strong></span> <span class='ocrx_word' id='word_1_64' title='bbox 1258 882 1373 955; x_wconf 81' lang='grc'>15)</span> <span class='ocrx_word' id='word_1_65' title='bbox 1424 901 1437 938; x_wconf 90' lang='lat'><strong>:</strong></span> <span class='ocrx_word' id='word_1_66' title='bbox 1492 898 1650 953; x_wconf 82' lang='lat' dir='ltr'><strong><em>neque</em></strong></span> <span class='ocrx_word' id='word_1_67' title='bbox 1679 882 1835 936; x_wconf 63' lang='lat' dir='ltr'><strong><em>seruis</em></strong></span> <span class='ocrx_word' id='word_1_68' title='bbox 1870 882 2022 935; x_wconf 78' lang='lat' dir='ltr'><strong><em>licere</em></strong></span> 
     </span>
    </p>
   </div>
   <div class='ocr_carea' id='block_1_11' title="bbox 421 972 2019 1047">
    <p class='ocr_par' dir='ltr' id='par_1_11' title="bbox 421 972 2019 1047">
     <span class='ocr_line' id='line_1_11' title="bbox 421 972 2019 1047; baseline -0.008 -10"><span class='ocrx_word' id='word_1_69' title='bbox 421 982 685 1037; x_wconf 74' lang='lat' dir='ltr'><strong><em>ministros</em></strong></span> <span class='ocrx_word' id='word_1_70' title='bbox 698 995 803 1036; x_wconf 74' lang='lat' dir='ltr'><strong><em>esse</em></strong></span> <span class='ocrx_word' id='word_1_71' title='bbox 828 977 1140 1033; x_wconf 73' lang='lat' dir='ltr'><strong><em>idololatria:</em></strong></span> <span class='ocrx_word' id='word_1_72' title='bbox 1162 977 1299 1047; x_wconf 84' lang='lat' dir='ltr'><strong><em>(cap.</em></strong></span> <span class='ocrx_word' id='word_1_73' title='bbox 1329 974 1422 1046; x_wconf 78' lang='lat' dir='ltr'><strong><em>l8)</em></strong></span> <span class='ocrx_word' id='word_1_74' title='bbox 1449 994 1461 1028; x_wconf 93' lang='lat'><strong>:</strong></span> <span class='ocrx_word' id='word_1_75' title='bbox 1487 990 1643 1044; x_wconf 87' lang='lat' dir='ltr'><strong><em>neque</em></strong></span> <span class='ocrx_word' id='word_1_76' title='bbox 1663 974 1853 1028; x_wconf 85' lang='lat' dir='ltr'><strong><em>licitam</em></strong></span> <span class='ocrx_word' id='word_1_77' title='bbox 1884 972 1992 1026; x_wconf 90' lang='lat' dir='ltr'><strong><em>mili</em></strong></span> <span class='ocrx_word' id='word_1_78' title='bbox 2001 1001 2019 1013; x_wconf 89' lang='lat'><strong>-</strong></span> 
     </span>
    </p>
   </div>
   <div class='ocr_carea' id='block_1_12' title="bbox 424 1064 2015 1140">
    <p class='ocr_par' dir='ltr' id='par_1_12' title="bbox 424 1064 2015 1140">
     <span class='ocr_line' id='line_1_12' title="bbox 424 1064 2015 1140; baseline -0.006 -11"><span class='ocrx_word' id='word_1_79' title='bbox 424 1075 570 1138; x_wconf 85' lang='lat' dir='ltr'><strong><em>tiam,</em></strong></span> <span class='ocrx_word' id='word_1_80' title='bbox 598 1074 652 1127; x_wconf 88' lang='lat' dir='ltr'><strong><em>in</em></strong></span> <span class='ocrx_word' id='word_1_81' title='bbox 674 1089 774 1140; x_wconf 88' lang='lat' dir='ltr'><strong><em>qua</em></strong></span> <span class='ocrx_word' id='word_1_82' title='bbox 800 1070 1125 1126; x_wconf 88' lang='lat' dir='ltr'><strong><em>militandum</em></strong></span> <span class='ocrx_word' id='word_1_83' title='bbox 1153 1070 1218 1124; x_wconf 78' lang='lat' dir='ltr'><strong><em>sit</em></strong></span> <span class='ocrx_word' id='word_1_84' title='bbox 1239 1067 1330 1123; x_wconf 80' lang='lat' dir='ltr'><strong><em>sub</em></strong></span> <span class='ocrx_word' id='word_1_85' title='bbox 1354 1068 1500 1139; x_wconf 76' lang='lat' dir='ltr'><strong><em>signa</em></strong></span> <span class='ocrx_word' id='word_1_86' title='bbox 1523 1066 1716 1121; x_wconf 84' lang='lat' dir='ltr'><strong><em>diaboli</em></strong></span> <span class='ocrx_word' id='word_1_87' title='bbox 1737 1064 1876 1139; x_wconf 88' lang='lat' dir='ltr'><strong><em>(cap.</em></strong></span> <span class='ocrx_word' id='word_1_88' title='bbox 1904 1065 2015 1135; x_wconf 75' lang='lat' dir='ltr'><strong><em>i9);</em></strong></span> 
     </span>
    </p>
   </div>
   <div class='ocr_carea' id='block_1_13' title="bbox 431 1157 2021 1237">
    <p class='ocr_par' dir='ltr' id='par_1_13' title="bbox 431 1157 2021 1237">
     <span class='ocr_line' id='line_1_13' title="bbox 431 1157 2021 1237; baseline -0.007 -16"><span class='ocrx_word' id='word_1_89' title='bbox 431 1165 797 1237; x_wconf 77' lang='lat' dir='ltr'><strong><em>drjeratt&#39;onem</em></strong></span> <span class='ocrx_word' id='word_1_90' title='bbox 826 1179 1025 1218; x_wconf 87' lang='lat' dir='ltr'><strong><em>omnem</em></strong></span> <span class='ocrx_word' id='word_1_91' title='bbox 1055 1176 1141 1218; x_wconf 91' lang='lat' dir='ltr'><strong><em>me</em></strong></span> <span class='ocrx_word' id='word_1_92' title='bbox 1168 1159 1420 1223; x_wconf 89' lang='lat' dir='ltr'><strong><em>llercule,</em></strong></span> <span class='ocrx_word' id='word_1_93' title='bbox 1446 1158 1659 1214; x_wconf 88' lang='lat' dir='ltr'><strong><em>medius</em></strong></span> <span class='ocrx_word' id='word_1_94' title='bbox 1687 1157 1894 1223; x_wconf 87' lang='lat' dir='ltr'><strong><em>Fidius,</em></strong></span> <span class='ocrx_word' id='word_1_95' title='bbox 1929 1172 2021 1211; x_wconf 84' lang='lat' dir='ltr'><strong><em>nec</em></strong></span> 
     </span>
    </p>
   </div>
   <div class='ocr_carea' id='block_1_14' title="bbox 427 1250 2009 1327">
    <p class='ocr_par' dir='ltr' id='par_1_14' title="bbox 427 1250 2009 1327">
     <span class='ocr_line' id='line_1_14' title="bbox 427 1250 2009 1327; baseline -0.005 -16"><span class='ocrx_word' id='word_1_96' title='bbox 427 1273 531 1311; x_wconf 88' lang='lat' dir='ltr'><strong><em>non</em></strong></span> <span class='ocrx_word' id='word_1_97' title='bbox 557 1255 926 1327; x_wconf 84' lang='lat' dir='ltr'><strong><em>abjurationem</em></strong></span> <span class='ocrx_word' id='word_1_98' title='bbox 947 1252 1155 1323; x_wconf 78' lang='lat' dir='ltr'><strong><em>Jupiter</em></strong></span> <span class='ocrx_word' id='word_1_99' title='bbox 1177 1252 1268 1307; x_wconf 92' lang='lat' dir='ltr'><strong><em>tibi</em></strong></span> <span class='ocrx_word' id='word_1_100' title='bbox 1291 1251 1361 1307; x_wconf 88' lang='lat' dir='ltr'><strong><em>sit</em></strong></span> <span class='ocrx_word' id='word_1_101' title='bbox 1387 1252 1578 1317; x_wconf 88' lang='lat' dir='ltr'><strong><em>iratus,</em></strong></span> <span class='ocrx_word' id='word_1_102' title='bbox 1603 1258 1647 1306; x_wconf 88' lang='lat' dir='ltr'><strong><em>et</em></strong></span> <span class='ocrx_word' id='word_1_103' title='bbox 1677 1250 2009 1315; x_wconf 80' lang='lat' dir='ltr'><strong><em>subsecutum,</em></strong></span> 
     </span>
    </p>
   </div>
   <div class='ocr_carea' id='block_1_15' title="bbox 415 1345 2014 1425">
    <p class='ocr_par' dir='ltr' id='par_1_15' title="bbox 415 1345 2014 1425">
     <span class='ocr_line' id='line_1_15' title="bbox 415 1345 2014 1425; baseline -0.006 -17"><span class='ocrx_word' id='word_1_104' title='bbox 415 1353 819 1425; x_wconf 72' lang='lat' dir='ltr'><strong><em>responsionem,</em></strong></span> <span class='ocrx_word' id='word_1_105' title='bbox 869 1352 977 1408; x_wconf 94' lang='lat' dir='ltr'><strong><em>imo</em></strong></span> <span class='ocrx_word' id='word_1_106' title='bbox 1010 1350 1125 1415; x_wconf 90' lang='lat' dir='ltr'><strong><em>tibi,</em></strong></span> <span class='ocrx_word' id='word_1_107' title='bbox 1149 1348 1359 1402; x_wconf 77' lang='lat' dir='ltr'><strong><em>damnat</em></strong></span> <span class='ocrx_word' id='word_1_108' title='bbox 1385 1357 1432 1402; x_wconf 86' lang='lat' dir='ltr'><strong><em>et</em></strong></span> <span class='ocrx_word' id='word_1_109' title='bbox 1454 1356 1737 1402; x_wconf 78' lang='lat' dir='ltr'><strong><em>execratur.</em></strong></span> <span class='ocrx_word' id='word_1_110' title='bbox 1768 1345 2014 1400; x_wconf 67' lang='lat' dir='ltr'><strong><em>Craterum</em></strong></span> 
     </span>
    </p>
   </div>
   <div class='ocr_carea' id='block_1_16' title="bbox 431 1442 2014 1519">
    <p class='ocr_par' dir='ltr' id='par_1_16' title="bbox 431 1442 2014 1519">
     <span class='ocr_line' id='line_1_16' title="bbox 431 1442 2014 1519; baseline -0.006 -17"><span class='ocrx_word' id='word_1_111' title='bbox 431 1448 488 1502; x_wconf 89' lang='lat' dir='ltr'><strong><em>in</em></strong></span> <span class='ocrx_word' id='word_1_112' title='bbox 533 1446 836 1519; x_wconf 82' lang='lat' dir='ltr'><strong><em>perlegenda</em></strong></span> <span class='ocrx_word' id='word_1_113' title='bbox 880 1447 974 1499; x_wconf 82' lang='lat' dir='ltr'><strong><em>hoc</em></strong></span> <span class='ocrx_word' id='word_1_114' title='bbox 1015 1452 1234 1498; x_wconf 87' lang='lat' dir='ltr'><strong><em>tractatu</em></strong></span> <span class='ocrx_word' id='word_1_115' title='bbox 1260 1442 1562 1497; x_wconf 82' lang='lat' dir='ltr'><strong><em>discretione</em></strong></span> <span class='ocrx_word' id='word_1_116' title='bbox 1586 1456 1717 1511; x_wconf 81' lang='lat' dir='ltr'><strong><em>opus</em></strong></span> <span class='ocrx_word' id='word_1_117' title='bbox 1744 1449 1819 1495; x_wconf 80' lang='lat' dir='ltr'><strong><em>est</em></strong></span> <span class='ocrx_word' id='word_1_118' title='bbox 1848 1456 1867 1493; x_wconf 89' lang='lat'><strong><em>:</em></strong></span> <span class='ocrx_word' id='word_1_119' title='bbox 1900 1454 2014 1507; x_wconf 70' lang='lat' dir='ltr'><strong><em>quae</em></strong></span> 
     </span>
    </p>
   </div>
   <div class='ocr_carea' id='block_1_17' title="bbox 417 1532 2011 1612">
    <p class='ocr_par' dir='ltr' id='par_1_17' title="bbox 417 1532 2011 1612">
     <span class='ocr_line' id='line_1_17' title="bbox 417 1532 2011 1612; baseline -0.007 -15"><span class='ocrx_word' id='word_1_120' title='bbox 417 1542 558 1597; x_wconf 89' lang='lat' dir='ltr'><strong><em>enim</em></strong></span> <span class='ocrx_word' id='word_1_121' title='bbox 581 1541 718 1597; x_wconf 82' lang='lat' dir='ltr'><strong><em>velut</em></strong></span> <span class='ocrx_word' id='word_1_122' title='bbox 757 1539 1014 1612; x_wconf 85' lang='lat' dir='ltr'><strong><em>generalia</em></strong></span> <span class='ocrx_word' id='word_1_123' title='bbox 1059 1537 1312 1609; x_wconf 89' lang='lat' dir='ltr'><strong><em>principia</em></strong></span> <span class='ocrx_word' id='word_1_124' title='bbox 1349 1533 1699 1590; x_wconf 79' lang='lat' dir='ltr'><strong><em>Tertullianus</em></strong></span> <span class='ocrx_word' id='word_1_125' title='bbox 1727 1533 1808 1588; x_wconf 82' lang='lat' dir='ltr'><strong><em>hic</em></strong></span> <span class='ocrx_word' id='word_1_126' title='bbox 1835 1532 2011 1603; x_wconf 84' lang='lat' dir='ltr'><strong><em>ponit,</em></strong></span> 
     </span>
    </p>
   </div>
   <div class='ocr_carea' id='block_1_18' title="bbox 422 1627 2007 1705">
    <p class='ocr_par' dir='ltr' id='par_1_18' title="bbox 422 1627 2007 1705">
     <span class='ocr_line' id='line_1_18' title="bbox 422 1627 2007 1705; baseline -0.007 -16"><span class='ocrx_word' id='word_1_127' title='bbox 422 1636 533 1705; x_wconf 75' lang='lat' dir='ltr'><strong><em>fere</em></strong></span> <span class='ocrx_word' id='word_1_128' title='bbox 567 1632 738 1689; x_wconf 86' lang='lat' dir='ltr'><strong><em>omnia</em></strong></span> <span class='ocrx_word' id='word_1_129' title='bbox 779 1648 899 1687; x_wconf 73' lang='lat' dir='ltr'><strong><em>vera</em></strong></span> <span class='ocrx_word' id='word_1_130' title='bbox 928 1639 1083 1697; x_wconf 77' lang='lat' dir='ltr'><strong><em>sunt;</em></strong></span> <span class='ocrx_word' id='word_1_131' title='bbox 1124 1646 1249 1684; x_wconf 59' lang='lat' dir='ltr'><strong><em>non’</em></strong></span> <span class='ocrx_word' id='word_1_132' title='bbox 1268 1637 1439 1682; x_wconf 85' lang='lat' dir='ltr'><strong><em>autem</em></strong></span> <span class='ocrx_word' id='word_1_133' title='bbox 1468 1627 1640 1682; x_wconf 86' lang='lat' dir='ltr'><strong><em>omnia</em></strong></span> <span class='ocrx_word' id='word_1_134' title='bbox 1684 1641 1802 1681; x_wconf 85' lang='lat' dir='ltr'><strong><em>vera</em></strong></span> <span class='ocrx_word' id='word_1_135' title='bbox 1844 1634 1964 1680; x_wconf 80' lang='lat' dir='ltr'><strong><em>sunt</em></strong></span> <span class='ocrx_word' id='word_1_136' title='bbox 1991 1666 2007 1693; x_wconf 91' lang='lat'><strong><em>,</em></strong></span> 
     </span>
    </p>
   </div>
   <div class='ocr_carea' id='block_1_19' title="bbox 422 1721 1186 1796">
    <p class='ocr_par' dir='ltr' id='par_1_19' title="bbox 422 1721 1186 1796">
     <span class='ocr_line' id='line_1_19' title="bbox 422 1721 1186 1796; baseline -0.008 -15"><span class='ocrx_word' id='word_1_137' title='bbox 422 1741 540 1796; x_wconf 66' lang='lat' dir='ltr'><strong><em>quia</em></strong></span> <span class='ocrx_word' id='word_1_138' title='bbox 557 1724 739 1780; x_wconf 71' lang='lat' dir='ltr'><strong><em>exinde</em></strong></span> <span class='ocrx_word' id='word_1_139' title='bbox 767 1724 988 1778; x_wconf 84' lang='lat' dir='ltr'><strong><em>deducit.</em></strong></span> <span class='ocrx_word' id='word_1_140' title='bbox 1015 1721 1186 1777; x_wconf 66' lang='lat' dir='ltr'><strong><em>Luna.</em></strong></span> 
     </span>
    </p>
   </div>
   <div class='ocr_carea' id='block_1_20' title="bbox 952 1811 1516 1871">
    <p class='ocr_par' dir='ltr' id='par_1_20' title="bbox 952 1811 1516 1871">
     <span class='ocr_line' id='line_1_20' title="bbox 952 1811 1516 1871; baseline -0.007 -2"><span class='ocrx_word' id='word_1_141' title='bbox 952 1813 1185 1871; x_wconf 81' lang='lat' dir='ltr'><strong><em>CAPUT</em></strong></span> <span class='ocrx_word' id='word_1_142' title='bbox 1224 1811 1516 1868; x_wconf 77' lang='lat' dir='ltr'><strong><em>PRIMUM.</em></strong></span> 
     </span>
    </p>
   </div>
   <div class='ocr_carea' id='block_1_21' title="bbox 483 1905 2014 1982">
    <p class='ocr_par' dir='ltr' id='par_1_21' title="bbox 483 1905 2014 1982">
     <span class='ocr_line' id='line_1_21' title="bbox 483 1905 2014 1982; baseline -0.007 -14"><span class='ocrx_word' id='word_1_143' title='bbox 483 1910 785 1982; x_wconf 82' lang='lat' dir='ltr'><strong><em>Principale</em></strong></span> <span class='ocrx_word' id='word_1_144' title='bbox 840 1910 1044 1965; x_wconf 82' lang='lat' dir='ltr'><strong><em>crimen</em></strong></span> <span class='ocrx_word' id='word_1_145' title='bbox 1115 1906 1329 1979; x_wconf 77' lang='lat' dir='ltr'><strong><em>generis</em></strong></span> <span class='ocrx_word' id='word_1_146' title='bbox 1356 1905 1598 1980; x_wconf 81' lang='lat' dir='ltr'><strong><em>humani,</em></strong></span> <span class='ocrx_word' id='word_1_147' title='bbox 1646 1918 1897 1960; x_wconf 90' lang='lat' dir='ltr'><strong><em>summus</em></strong></span> <span class='ocrx_word' id='word_1_148' title='bbox 1925 1917 2014 1959; x_wconf 89' lang='lat' dir='ltr'><strong><em>se-</em></strong></span> 
     </span>
    </p>
   </div>
   <div class='ocr_carea' id='block_1_22' title="bbox 410 1987 2013 2070">
    <p class='ocr_par' dir='ltr' id='par_1_22' title="bbox 410 1987 2013 2070">
     <span class='ocr_line' id='line_1_22' title="bbox 410 1987 2013 2070; baseline -0.007 -10"><span class='ocrx_word' id='word_1_149' title='bbox 410 2004 517 2061; x_wconf 90' lang='lat' dir='ltr'><strong><em>culi</em></strong></span> <span class='ocrx_word' id='word_1_150' title='bbox 562 1987 766 2068; x_wconf 77' lang='lat' dir='ltr'><strong><em>rcatus,</em></strong></span> <span class='ocrx_word' id='word_1_151' title='bbox 809 2010 918 2057; x_wconf 90' lang='lat' dir='ltr'><strong><em>tota</em></strong></span> <span class='ocrx_word' id='word_1_152' title='bbox 974 2014 1166 2056; x_wconf 81' lang='lat' dir='ltr'><strong><em>caussa</em></strong></span> <span class='ocrx_word' id='word_1_153' title='bbox 1224 1998 1451 2070; x_wconf 88' lang='lat' dir='ltr'><strong><em>judicii,</em></strong></span> <span class='ocrx_word' id='word_1_154' title='bbox 1505 1996 1824 2052; x_wconf 85' lang='lat' dir='ltr'><strong><em>idololatria.</em></strong></span> <span class='ocrx_word' id='word_1_155' title='bbox 1879 1994 2013 2050; x_wconf 90' lang='lat' dir='ltr'><strong><em>Nam</em></strong></span> 
     </span>
    </p>
   </div>
   <div class='ocr_carea' id='block_1_23' title="bbox 409 2090 2011 2167">
    <p class='ocr_par' dir='ltr' id='par_1_23' title="bbox 409 2090 2011 2167">
     <span class='ocr_line' id='line_1_23' title="bbox 409 2090 2011 2167; baseline -0.007 -11"><span class='ocrx_word' id='word_1_156' title='bbox 409 2100 513 2157; x_wconf 91' lang='lat' dir='ltr'><strong><em>etsi</em></strong></span> <span class='ocrx_word' id='word_1_157' title='bbox 538 2113 689 2155; x_wconf 90' lang='lat' dir='ltr'><strong><em>suam</em></strong></span> <span class='ocrx_word' id='word_1_158' title='bbox 742 2097 977 2167; x_wconf 84' lang='lat' dir='ltr'><strong><em>speciem</em></strong></span> <span class='ocrx_word' id='word_1_159' title='bbox 1036 2101 1180 2149; x_wconf 86' lang='lat' dir='ltr'><strong><em>tenet</em></strong></span> <span class='ocrx_word' id='word_1_160' title='bbox 1235 2092 1657 2163; x_wconf 84' lang='lat' dir='ltr'><strong><em>unumqttOdque</em></strong></span> <span class='ocrx_word' id='word_1_161' title='bbox 1708 2090 1962 2147; x_wconf 91' lang='lat' dir='ltr'><strong><em>delictum</em></strong></span> <span class='ocrx_word' id='word_1_162' title='bbox 1995 2131 2011 2156; x_wconf 96' lang='lat'><strong><em>,</em></strong></span> 
     </span>
    </p>
   </div>
   <div class='ocr_carea' id='block_1_24' title="bbox 409 2184 2008 2261">
    <p class='ocr_par' dir='ltr' id='par_1_24' title="bbox 409 2184 2008 2261">
     <span class='ocr_line' id='line_1_24' title="bbox 409 2184 2008 2261; baseline -0.008 -11"><span class='ocrx_word' id='word_1_163' title='bbox 409 2195 513 2250; x_wconf 90' lang='lat' dir='ltr'><strong><em>etsi</em></strong></span> <span class='ocrx_word' id='word_1_164' title='bbox 565 2206 666 2247; x_wconf 88' lang='lat' dir='ltr'><strong><em>suo</em></strong></span> <span class='ocrx_word' id='word_1_165' title='bbox 718 2204 933 2261; x_wconf 89' lang='lat' dir='ltr'><strong><em>quoque</em></strong></span> <span class='ocrx_word' id='word_1_166' title='bbox 987 2187 1205 2243; x_wconf 87' lang='lat' dir='ltr'><strong><em>nomine</em></strong></span> <span class='ocrx_word' id='word_1_167' title='bbox 1257 2186 1379 2256; x_wconf 80' lang='grc'><strong><em>(1)</em></strong></span> <span class='ocrx_word' id='word_1_168' title='bbox 1443 2185 1644 2256; x_wconf 90' lang='lat' dir='ltr'><strong><em>judicio</em></strong></span> <span class='ocrx_word' id='word_1_169' title='bbox 1687 2184 2008 2251; x_wconf 87' lang='lat' dir='ltr'><strong><em>destinatur,</em></strong></span> 
     </span>
    </p>
   </div>
   <div class='ocr_carea' id='block_1_25' title="bbox 382 2276 2012 2349">
    <p class='ocr_par' dir='ltr' id='par_1_25' title="bbox 382 2276 2012 2349">
     <span class='ocr_line' id='line_1_25' title="bbox 382 2276 2012 2349; baseline -0.003 -10"><span class='ocrx_word' id='word_1_170' title='bbox 382 2287 466 2342; x_wconf 85' lang='lat' dir='ltr'><strong><em>.in</em></strong></span> <span class='ocrx_word' id='word_1_171' title='bbox 516 2283 831 2341; x_wconf 69' lang='lat' dir='ltr'><strong><em>idololatria:</em></strong></span> <span class='ocrx_word' id='word_1_172' title='bbox 879 2291 1057 2336; x_wconf 90' lang='lat' dir='ltr'><strong><em>tamen</em></strong></span> <span class='ocrx_word' id='word_1_173' title='bbox 1129 2278 1355 2335; x_wconf 90' lang='lat' dir='ltr'><strong><em>crimine</em></strong></span> <span class='ocrx_word' id='word_1_174' title='bbox 1400 2278 1741 2349; x_wconf 76' lang='lat' dir='ltr'><strong><em>expungitur.</em></strong></span> <span class='ocrx_word' id='word_1_175' title='bbox 1812 2276 2012 2334; x_wconf 85' lang='lat' dir='ltr'><strong><em>Omitte</em></strong></span> 
     </span>
    </p>
   </div>
   <div class='ocr_carea' id='block_1_26' title="bbox 406 2368 2009 2447">
    <p class='ocr_par' dir='ltr' id='par_1_26' title="bbox 406 2368 2009 2447">
     <span class='ocr_line' id='line_1_26' title="bbox 406 2368 2009 2447; baseline -0.007 -12"><span class='ocrx_word' id='word_1_176' title='bbox 406 2378 620 2441; x_wconf 87' lang='lat' dir='ltr'><strong><em>titulos,</em></strong></span> <span class='ocrx_word' id='word_1_177' title='bbox 677 2391 871 2447; x_wconf 80' lang='lat' dir='ltr'><strong><em>operas</em></strong></span> <span class='ocrx_word' id='word_1_178' title='bbox 937 2386 1267 2443; x_wconf 84' lang='lat' dir='ltr'><strong><em>recognosce</em></strong></span> <span class='ocrx_word' id='word_1_179' title='bbox 1315 2369 1398 2444; x_wconf 70' lang='lat'><strong><em>(2)</em></strong></span> <span class='ocrx_word' id='word_1_180' title='bbox 1431 2389 1443 2425; x_wconf 88' lang='lat'><strong>:</strong></span> <span class='ocrx_word' id='word_1_181' title='bbox 1478 2370 1809 2435; x_wconf 87' lang='lat' dir='ltr'><strong><em>idololatres,</em></strong></span> <span class='ocrx_word' id='word_1_182' title='bbox 1865 2368 2009 2424; x_wconf 90' lang='lat' dir='ltr'><strong><em>idem</em></strong></span> 
     </span>
    </p>
   </div>
   <div class='ocr_carea' id='block_1_27' title="bbox 405 2460 2011 2535">
    <p class='ocr_par' dir='ltr' id='par_1_27' title="bbox 405 2460 2011 2535">
     <span class='ocr_line' id='line_1_27' title="bbox 405 2460 2011 2535; baseline -0.004 -11"><span class='ocrx_word' id='word_1_183' title='bbox 405 2468 676 2525; x_wconf 79' lang='lat' dir='ltr'><strong><em>homicida</em></strong></span> <span class='ocrx_word' id='word_1_184' title='bbox 706 2478 810 2524; x_wconf 90' lang='lat' dir='ltr'><strong><em>est.</em></strong></span> <span class='ocrx_word' id='word_1_185' title='bbox 852 2464 1063 2535; x_wconf 66' lang='lat' dir='ltr'><strong><em>Quteris</em></strong></span> <span class='ocrx_word' id='word_1_186' title='bbox 1115 2479 1273 2534; x_wconf 86' lang='lat' dir='ltr'><strong><em>quem</em></strong></span> <span class='ocrx_word' id='word_1_187' title='bbox 1319 2461 1613 2517; x_wconf 82' lang='lat' dir='ltr'><strong><em>occiderit?</em></strong></span> <span class='ocrx_word' id='word_1_188' title='bbox 1662 2462 1716 2517; x_wconf 69' lang='lat' dir='ltr'><strong><em>‘si</em></strong></span> <span class='ocrx_word' id='word_1_189' title='bbox 1761 2460 1888 2531; x_wconf 86' lang='lat' dir='ltr'><strong><em>quid</em></strong></span> <span class='ocrx_word' id='word_1_190' title='bbox 1941 2460 2011 2517; x_wconf 91' lang='lat' dir='ltr'><strong><em>ad</em></strong></span> 
     </span>
    </p>
   </div>
   <div class='ocr_carea' id='block_1_28' title="bbox 409 2552 2012 2633">
    <p class='ocr_par' dir='ltr' id='par_1_28' title="bbox 409 2552 2012 2633">
     <span class='ocr_line' id='line_1_28' title="bbox 409 2552 2012 2633; baseline -0.008 -14"><span class='ocrx_word' id='word_1_191' title='bbox 409 2562 571 2633; x_wconf 87' lang='lat' dir='ltr'><strong><em>elogii</em></strong></span> <span class='ocrx_word' id='word_1_192' title='bbox 626 2559 971 2616; x_wconf 56' lang='lat' dir='ltr'><strong><em>amb?tionem</em></strong></span> <span class='ocrx_word' id='word_1_193' title='bbox 1029 2556 1178 2619; x_wconf 84' lang='lat' dir='ltr'><strong><em>facit,</em></strong></span> <span class='ocrx_word' id='word_1_194' title='bbox 1224 2569 1330 2610; x_wconf 92' lang='lat' dir='ltr'><strong><em>non</em></strong></span> <span class='ocrx_word' id='word_1_195' title='bbox 1383 2563 1719 2618; x_wconf 84' lang='lat' dir='ltr'><strong><em>extraneum,</em></strong></span> <span class='ocrx_word' id='word_1_196' title='bbox 1774 2568 1873 2609; x_wconf 89' lang='lat' dir='ltr'><strong><em>nec</em></strong></span> <span class='ocrx_word' id='word_1_197' title='bbox 1910 2552 2012 2607; x_wconf 64' lang='lat' dir='ltr'><strong><em>ini.</em></strong></span> 
     </span>
    </p>
   </div>
   <div class='ocr_carea' id='block_1_29' title="bbox 407 2644 2006 2727">
    <p class='ocr_par' dir='ltr' id='par_1_29' title="bbox 407 2644 2006 2727">
     <span class='ocr_line' id='line_1_29' title="bbox 407 2644 2006 2727; baseline -0.005 -15"><span class='ocrx_word' id='word_1_198' title='bbox 407 2656 631 2722; x_wconf 87' lang='lat' dir='ltr'><strong><em>micum,</em></strong></span> <span class='ocrx_word' id='word_1_199' title='bbox 675 2653 768 2710; x_wconf 84' lang='lat' dir='ltr'><strong><em>sed</em></strong></span> <span class='ocrx_word' id='word_1_200' title='bbox 809 2669 870 2709; x_wconf 91' lang='lat' dir='ltr'><strong><em>se</em></strong></span> <span class='ocrx_word' id='word_1_201' title='bbox 898 2653 1096 2723; x_wconf 90' lang='lat' dir='ltr'><strong><em>ipsum.</em></strong></span> <span class='ocrx_word' id='word_1_202' title='bbox 1128 2650 1332 2720; x_wconf 86' lang='lat' dir='ltr'><strong><em>Quibus</em></strong></span> <span class='ocrx_word' id='word_1_203' title='bbox 1371 2648 1623 2704; x_wconf 84' lang='lat' dir='ltr'><strong><em>insidiis?</em></strong></span> <span class='ocrx_word' id='word_1_204' title='bbox 1661 2648 1864 2705; x_wconf 90' lang='lat' dir='ltr'><strong><em>erroris</em></strong></span> <span class='ocrx_word' id='word_1_205' title='bbox 1902 2644 2006 2727; x_wconf 84' lang='lat' dir='ltr'><strong><em>sui.</em></strong></span> 
     </span>
    </p>
   </div>
   <div class='ocr_carea' id='block_1_30' title="bbox 403 2740 2010 2815">
    <p class='ocr_par' dir='ltr' id='par_1_30' title="bbox 403 2740 2010 2815">
     <span class='ocr_line' id='line_1_30' title="bbox 403 2740 2010 2815; baseline -0.006 -11"><span class='ocrx_word' id='word_1_206' title='bbox 403 2747 528 2815; x_wconf 83' lang='lat' dir='ltr'><strong><em>Quo</em></strong></span> <span class='ocrx_word' id='word_1_207' title='bbox 547 2747 690 2803; x_wconf 80' lang='lat' dir='ltr'><strong><em>telo?</em></strong></span> <span class='ocrx_word' id='word_1_208' title='bbox 717 2745 920 2800; x_wconf 76' lang='lat' dir='ltr'><strong><em>oﬂ‘ensa</em></strong></span> <span class='ocrx_word' id='word_1_209' title='bbox 956 2743 1070 2799; x_wconf 89' lang='lat' dir='ltr'><strong><em>Dei.</em></strong></span> <span class='ocrx_word' id='word_1_210' title='bbox 1096 2742 1238 2811; x_wconf 85' lang='lat' dir='ltr'><strong><em>Quot</em></strong></span> <span class='ocrx_word' id='word_1_211' title='bbox 1267 2741 1758 2813; x_wconf 86' lang='lat' dir='ltr'><strong><em>plagis?quotquot</em></strong></span> <span class='ocrx_word' id='word_1_212' title='bbox 1783 2740 2010 2796; x_wconf 89' lang='lat' dir='ltr'><strong><em>idolola-</em></strong></span> 
     </span>
    </p>
   </div>
   <div class='ocr_carea' id='block_1_31' title="bbox 402 2831 2009 2907">
    <p class='ocr_par' dir='ltr' id='par_1_31' title="bbox 402 2831 2009 2907">
     <span class='ocr_line' id='line_1_31' title="bbox 402 2831 2009 2907; baseline -0.004 -13"><span class='ocrx_word' id='word_1_213' title='bbox 402 2840 545 2895; x_wconf 81' lang='lat' dir='ltr'><strong><em>triis.</em></strong></span> <span class='ocrx_word' id='word_1_214' title='bbox 571 2837 672 2906; x_wconf 87' lang='lat' dir='ltr'><strong><em>Qui</em></strong></span> <span class='ocrx_word' id='word_1_215' title='bbox 710 2844 869 2907; x_wconf 75' lang='lat' dir='ltr'><strong><em>negat</em></strong></span> <span class='ocrx_word' id='word_1_216' title='bbox 890 2835 1214 2890; x_wconf 88' lang='lat' dir='ltr'><strong><em>idololatren</em></strong></span> <span class='ocrx_word' id='word_1_217' title='bbox 1245 2833 1470 2904; x_wconf 89' lang='lat' dir='ltr'><strong><em>perisse,</em></strong></span> <span class='ocrx_word' id='word_1_218' title='bbox 1516 2831 1563 2887; x_wconf 89' lang='lat' dir='ltr'><strong><em>is</em></strong></span> <span class='ocrx_word' id='word_1_219' title='bbox 1590 2832 1805 2903; x_wconf 80' lang='lat' dir='ltr'><strong><em>negabit</em></strong></span> <span class='ocrx_word' id='word_1_220' title='bbox 1831 2832 2009 2888; x_wconf 87' lang='lat' dir='ltr'><strong><em>idolo-</em></strong></span> 
     </span>
    </p>
   </div>
   <div class='ocr_carea' id='block_1_32' title="bbox 405 2922 2009 2997">
    <p class='ocr_par' dir='ltr' id='par_1_32' title="bbox 405 2922 2009 2997">
     <span class='ocr_line' id='line_1_32' title="bbox 405 2922 2009 2997; baseline -0.004 -9"><span class='ocrx_word' id='word_1_221' title='bbox 405 2932 583 2988; x_wconf 84' lang='lat' dir='ltr'><strong><em>latren</em></strong></span> <span class='ocrx_word' id='word_1_222' title='bbox 623 2929 970 2987; x_wconf 85' lang='lat' dir='ltr'><strong><em>homicidium</em></strong></span> <span class='ocrx_word' id='word_1_223' title='bbox 1020 2927 1230 2984; x_wconf 88' lang='lat' dir='ltr'><strong><em>fecisse.</em></strong></span> <span class='ocrx_word' id='word_1_224' title='bbox 1288 2925 1519 2982; x_wconf 86' lang='lat' dir='ltr'><strong><em>Proinde</em></strong></span> <span class='ocrx_word' id='word_1_225' title='bbox 1563 2923 1643 2997; x_wconf 84' lang='grc'>(5)</span> <span class='ocrx_word' id='word_1_226' title='bbox 1684 2922 2009 2982; x_wconf 85' lang='lat' dir='ltr'><strong><em>adulterium</em></strong></span> 
     </span>
    </p>
   </div>
   <div class='ocr_carea' id='block_1_33' title="bbox 404 3016 2010 3094">
    <p class='ocr_par' dir='ltr' id='par_1_33' title="bbox 404 3016 2010 3094">
     <span class='ocr_line' id='line_1_33' title="bbox 404 3016 2010 3094; baseline -0.005 -13"><span class='ocrx_word' id='word_1_227' title='bbox 404 3034 459 3081; x_wconf 89' lang='lat' dir='ltr'><strong><em>et</em></strong></span> <span class='ocrx_word' id='word_1_228' title='bbox 479 3032 723 3094; x_wconf 86' lang='lat' dir='ltr'><strong><em>stuprum</em></strong></span> <span class='ocrx_word' id='word_1_229' title='bbox 754 3021 808 3076; x_wconf 91' lang='lat' dir='ltr'><strong><em>in</em></strong></span> <span class='ocrx_word' id='word_1_230' title='bbox 838 3020 1028 3076; x_wconf 90' lang='lat' dir='ltr'><strong><em>eodem</em></strong></span> <span class='ocrx_word' id='word_1_231' title='bbox 1050 3032 1407 3090; x_wconf 80' lang='lat' dir='ltr'><strong><em>recognoscas</em></strong></span> <span class='ocrx_word' id='word_1_232' title='bbox 1432 3034 1445 3071; x_wconf 89' lang='lat'><strong>:</strong></span> <span class='ocrx_word' id='word_1_233' title='bbox 1467 3032 1589 3072; x_wconf 91' lang='lat' dir='ltr'><strong><em>nam</em></strong></span> <span class='ocrx_word' id='word_1_234' title='bbox 1608 3016 1703 3089; x_wconf 89' lang='lat' dir='ltr'><strong><em>qui</em></strong></span> <span class='ocrx_word' id='word_1_235' title='bbox 1725 3017 1870 3073; x_wconf 89' lang='lat' dir='ltr'><strong><em>falsis</em></strong></span> <span class='ocrx_word' id='word_1_236' title='bbox 1894 3017 2010 3074; x_wconf 89' lang='lat' dir='ltr'><strong><em>deis</em></strong></span> 
     </span>
    </p>
   </div>
   <div class='ocr_carea' id='block_1_34' title="bbox 402 3110 2007 3183">
    <p class='ocr_par' dir='ltr' id='par_1_34' title="bbox 402 3110 2007 3183">
     <span class='ocr_line' id='line_1_34' title="bbox 402 3110 2007 3183; baseline -0.004 -10"><span class='ocrx_word' id='word_1_237' title='bbox 402 3117 594 3183; x_wconf 83' lang='lat' dir='ltr'><strong><em>servit,</em></strong></span> <span class='ocrx_word' id='word_1_238' title='bbox 642 3116 760 3171; x_wconf 88' lang='lat' dir='ltr'><strong><em>sine</em></strong></span> <span class='ocrx_word' id='word_1_239' title='bbox 800 3113 965 3169; x_wconf 90' lang='lat' dir='ltr'><strong><em>dubio</em></strong></span> <span class='ocrx_word' id='word_1_240' title='bbox 1010 3112 1219 3168; x_wconf 90' lang='lat' dir='ltr'><strong><em>adulter</em></strong></span> <span class='ocrx_word' id='word_1_241' title='bbox 1247 3120 1331 3167; x_wconf 86' lang='lat' dir='ltr'><strong><em>est</em></strong></span> <span class='ocrx_word' id='word_1_242' title='bbox 1371 3110 1635 3179; x_wconf 81' lang='lat' dir='ltr'><strong><em>veritatis,</em></strong></span> <span class='ocrx_word' id='word_1_243' title='bbox 1682 3111 1805 3181; x_wconf 86' lang='lat' dir='ltr'><strong><em>quia</em></strong></span> <span class='ocrx_word' id='word_1_244' title='bbox 1843 3125 2007 3168; x_wconf 88' lang='lat' dir='ltr'><strong><em>onme</em></strong></span> 
     </span>
    </p>
   </div>
   <div class='ocr_carea' id='block_1_35' title="bbox 402 3203 2002 3275">
    <p class='ocr_par' dir='ltr' id='par_1_35' title="bbox 402 3203 2002 3275">
     <span class='ocr_line' id='line_1_35' title="bbox 402 3203 2002 3275; baseline -0.005 -8"><span class='ocrx_word' id='word_1_245' title='bbox 402 3211 603 3268; x_wconf 82' lang='lat' dir='ltr'><strong><em>falsum</em></strong></span> <span class='ocrx_word' id='word_1_246' title='bbox 632 3207 951 3264; x_wconf 87' lang='lat' dir='ltr'><strong><em>adulterium</em></strong></span> <span class='ocrx_word' id='word_1_247' title='bbox 980 3214 1082 3262; x_wconf 91' lang='lat' dir='ltr'><strong><em>est.</em></strong></span> <span class='ocrx_word' id='word_1_248' title='bbox 1110 3203 1199 3261; x_wconf 90' lang='lat' dir='ltr'><strong><em>Sic</em></strong></span> <span class='ocrx_word' id='word_1_249' title='bbox 1228 3213 1281 3259; x_wconf 89' lang='lat' dir='ltr'><strong><em>et</em></strong></span> <span class='ocrx_word' id='word_1_250' title='bbox 1311 3204 1364 3258; x_wconf 90' lang='lat' dir='ltr'><strong><em>in</em></strong></span> <span class='ocrx_word' id='word_1_251' title='bbox 1392 3203 1477 3273; x_wconf 80' lang='grc'>(4)</span> <span class='ocrx_word' id='word_1_252' title='bbox 1505 3211 1693 3274; x_wconf 87' lang='lat' dir='ltr'><strong><em>stupro</em></strong></span> <span class='ocrx_word' id='word_1_253' title='bbox 1722 3204 2002 3275; x_wconf 87' lang='lat' dir='ltr'><strong><em>mergitur.</em></strong></span> 
     </span>
    </p>
   </div>
   <div class='ocr_carea' id='block_1_36' title="bbox 401 3297 2003 3373">
    <p class='ocr_par' dir='ltr' id='par_1_36' title="bbox 401 3297 2003 3373">
     <span class='ocr_line' id='line_1_36' title="bbox 401 3297 2003 3373; baseline -0.005 -14"><span class='ocrx_word' id='word_1_254' title='bbox 401 3303 535 3373; x_wconf 87' lang='lat' dir='ltr'><strong><em>Quis</em></strong></span> <span class='ocrx_word' id='word_1_255' title='bbox 576 3302 719 3359; x_wconf 90' lang='lat' dir='ltr'><strong><em>enim</em></strong></span> <span class='ocrx_word' id='word_1_256' title='bbox 750 3298 1041 3357; x_wconf 88' lang='lat' dir='ltr'><strong><em>immundis</em></strong></span> <span class='ocrx_word' id='word_1_257' title='bbox 1085 3297 1361 3370; x_wconf 88' lang='lat' dir='ltr'><strong><em>spiritibus</em></strong></span> <span class='ocrx_word' id='word_1_258' title='bbox 1401 3305 1674 3367; x_wconf 85' lang='lat' dir='ltr'><strong><em>operatus,</em></strong></span> <span class='ocrx_word' id='word_1_259' title='bbox 1722 3311 1828 3351; x_wconf 92' lang='lat' dir='ltr'><strong><em>non</em></strong></span> <span class='ocrx_word' id='word_1_260' title='bbox 1870 3311 2003 3352; x_wconf 90' lang='lat' dir='ltr'><strong><em>con-</em></strong></span> 
     </span>
    </p>
   </div>
   <div class='ocr_carea' id='block_1_37' title="bbox 401 3387 2005 3472">
    <p class='ocr_par' dir='ltr' id='par_1_37' title="bbox 401 3387 2005 3472">
     <span class='ocr_line' id='line_1_37' title="bbox 401 3387 2005 3472; baseline -0.008 -16"><span class='ocrx_word' id='word_1_261' title='bbox 401 3406 686 3472; x_wconf 83' lang='lat' dir='ltr'><strong><em>spurcatus</em></strong></span> <span class='ocrx_word' id='word_1_262' title='bbox 715 3406 769 3453; x_wconf 88' lang='lat' dir='ltr'><strong><em>et</em></strong></span> <span class='ocrx_word' id='word_1_263' title='bbox 797 3402 1179 3463; x_wconf 88' lang='lat' dir='ltr'><strong><em>constupratus</em></strong></span> <span class='ocrx_word' id='word_1_264' title='bbox 1209 3389 1407 3447; x_wconf 89' lang='lat' dir='ltr'><strong><em>incedit</em></strong></span> <span class='ocrx_word' id='word_1_265' title='bbox 1443 3390 1464 3461; x_wconf 90' lang='lat'><strong><em>(</em></strong></span> <span class='ocrx_word' id='word_1_266' title='bbox 1498 3389 1709 3457; x_wconf 74' lang='lat' dir='ltr'><strong><em>Ezech.,</em></strong></span> <span class='ocrx_word' id='word_1_267' title='bbox 1752 3387 2005 3461; x_wconf 81' lang='lat' dir='ltr'><strong><em>XXIII)?</em></strong></span> 
     </span>
    </p>
   </div>
   <div class='ocr_carea' id='block_1_38' title="bbox 406 3481 2004 3563">
    <p class='ocr_par' dir='ltr' id='par_1_38' title="bbox 406 3481 2004 3563">
     <span class='ocr_line' id='line_1_38' title="bbox 406 3481 2004 3563; baseline -0.008 -14"><span class='ocrx_word' id='word_1_268' title='bbox 406 3494 584 3563; x_wconf 84' lang='lat' dir='ltr'><strong><em>Atque</em></strong></span> <span class='ocrx_word' id='word_1_269' title='bbox 611 3489 748 3546; x_wconf 90' lang='lat' dir='ltr'><strong><em>adeo</em></strong></span> <span class='ocrx_word' id='word_1_270' title='bbox 772 3488 1064 3558; x_wconf 63' lang='lat' dir='ltr'><strong><em>Scriptura:</em></strong></span> <span class='ocrx_word' id='word_1_271' title='bbox 1106 3493 1307 3539; x_wconf 84' lang='lat' dir='ltr'><strong><em>sanctae</em></strong></span> <span class='ocrx_word' id='word_1_272' title='bbox 1336 3482 1506 3553; x_wconf 86' lang='lat' dir='ltr'><strong><em>stupri</em></strong></span> <span class='ocrx_word' id='word_1_273' title='bbox 1548 3481 1812 3538; x_wconf 88' lang='lat' dir='ltr'><strong><em>vocabulo</em></strong></span> <span class='ocrx_word' id='word_1_274' title='bbox 1839 3491 2004 3537; x_wconf 83' lang='lat' dir='ltr'><strong><em>utun-</em></strong></span> 
     </span>
    </p>
   </div>
   <div class='ocr_carea' id='block_1_39' title="bbox 402 3574 2005 3650">
    <p class='ocr_par' dir='ltr' id='par_1_39' title="bbox 402 3574 2005 3650">
     <span class='ocr_line' id='line_1_39' title="bbox 402 3574 2005 3650; baseline -0.007 -9"><span class='ocrx_word' id='word_1_275' title='bbox 402 3594 491 3641; x_wconf 88' lang='lat' dir='ltr'><strong><em>tur</em></strong></span> <span class='ocrx_word' id='word_1_276' title='bbox 516 3584 570 3640; x_wconf 92' lang='lat' dir='ltr'><strong><em>in</em></strong></span> <span class='ocrx_word' id='word_1_277' title='bbox 599 3581 920 3639; x_wconf 65' lang='lat' dir='ltr'><strong><em>idololatria:</em></strong></span> <span class='ocrx_word' id='word_1_278' title='bbox 947 3577 1385 3650; x_wconf 81' lang='lat' dir='ltr'><strong><em>exprobratione.</em></strong></span> <span class='ocrx_word' id='word_1_279' title='bbox 1415 3575 1644 3631; x_wconf 86' lang='lat' dir='ltr'><strong><em>Fraudis</em></strong></span> <span class='ocrx_word' id='word_1_280' title='bbox 1668 3574 1909 3631; x_wconf 90' lang='lat' dir='ltr'><strong><em>conditio</em></strong></span> <span class='ocrx_word' id='word_1_281' title='bbox 1938 3588 2005 3630; x_wconf 91' lang='lat' dir='ltr'><strong><em>ea</em></strong></span> 
     </span>
    </p>
   </div>
   <div class='ocr_carea' id='block_1_40' title="bbox 403 3665 2004 3747">
    <p class='ocr_par' dir='ltr' id='par_1_40' title="bbox 403 3665 2004 3747">
     <span class='ocr_line' id='line_1_40' title="bbox 403 3665 2004 3747; baseline -0.007 -13"><span class='ocrx_word' id='word_1_282' title='bbox 403 3686 488 3734; x_wconf 90' lang='lat' dir='ltr'><strong><em>est</em></strong></span> <span class='ocrx_word' id='word_1_283' title='bbox 532 3676 745 3747; x_wconf 89' lang='lat' dir='ltr'><strong><em>opinor,</em></strong></span> <span class='ocrx_word' id='word_1_284' title='bbox 775 3672 822 3728; x_wconf 93' lang='lat' dir='ltr'><strong><em>si</em></strong></span> <span class='ocrx_word' id='word_1_285' title='bbox 850 3672 971 3743; x_wconf 88' lang='lat' dir='ltr'><strong><em>quis</em></strong></span> <span class='ocrx_word' id='word_1_286' title='bbox 999 3666 1238 3727; x_wconf 86' lang='lat' dir='ltr'><strong><em>alienum</em></strong></span> <span class='ocrx_word' id='word_1_287' title='bbox 1271 3669 1479 3740; x_wconf 89' lang='lat' dir='ltr'><strong><em>rapiat,</em></strong></span> <span class='ocrx_word' id='word_1_288' title='bbox 1507 3676 1601 3723; x_wconf 85' lang='lat' dir='ltr'><strong><em>aut</em></strong></span> <span class='ocrx_word' id='word_1_289' title='bbox 1628 3666 1717 3723; x_wconf 88' lang='lat' dir='ltr'><strong><em>alii</em></strong></span> <span class='ocrx_word' id='word_1_290' title='bbox 1761 3665 2004 3722; x_wconf 89' lang='lat' dir='ltr'><strong><em>debitum</em></strong></span> 
     </span>
    </p>
   </div>
   <div class='ocr_carea' id='block_1_41' title="bbox 406 3758 2006 3839">
    <p class='ocr_par' dir='ltr' id='par_1_41' title="bbox 406 3758 2006 3839">
     <span class='ocr_line' id='line_1_41' title="bbox 406 3758 2006 3839; baseline -0.007 -15"><span class='ocrx_word' id='word_1_291' title='bbox 406 3767 657 3839; x_wconf 85' lang='lat' dir='ltr'><strong><em>deneget,</em></strong></span> <span class='ocrx_word' id='word_1_292' title='bbox 678 3774 734 3821; x_wconf 89' lang='lat' dir='ltr'><strong><em>et</em></strong></span> <span class='ocrx_word' id='word_1_293' title='bbox 762 3764 945 3834; x_wconf 77' lang='lat' dir='ltr'><strong><em>utique</em></strong></span> <span class='ocrx_word' id='word_1_294' title='bbox 968 3778 1096 3835; x_wconf 89' lang='lat' dir='ltr'><strong><em>erga</em></strong></span> <span class='ocrx_word' id='word_1_295' title='bbox 1113 3760 1386 3818; x_wconf 88' lang='lat' dir='ltr'><strong><em>hominem</em></strong></span> <span class='ocrx_word' id='word_1_296' title='bbox 1408 3759 1644 3815; x_wconf 88' lang='lat' dir='ltr'><strong><em>admissa</em></strong></span> <span class='ocrx_word' id='word_1_297' title='bbox 1667 3759 1814 3815; x_wconf 88' lang='lat' dir='ltr'><strong><em>fraus</em></strong></span> <span class='ocrx_word' id='word_1_298' title='bbox 1836 3758 2006 3814; x_wconf 79' lang='lat' dir='ltr'><strong><em>maxi-</em></strong></span> 
     </span>
    </p>
   </div>
   <div class='ocr_carea' id='block_1_42' title="bbox 401 3851 2002 3917">
    <p class='ocr_par' dir='ltr' id='par_1_42' title="bbox 401 3851 2002 3917">
     <span class='ocr_line' id='line_1_42' title="bbox 401 3851 2002 3917; baseline -0.007 0"><span class='ocrx_word' id='word_1_299' title='bbox 401 3860 479 3917; x_wconf 89' lang='lat' dir='ltr'><strong><em>mi</em></strong></span> <span class='ocrx_word' id='word_1_300' title='bbox 499 3857 742 3915; x_wconf 89' lang='lat' dir='ltr'><strong><em>criminis</em></strong></span> <span class='ocrx_word' id='word_1_301' title='bbox 770 3871 965 3912; x_wconf 90' lang='lat' dir='ltr'><strong><em>nomen</em></strong></span> <span class='ocrx_word' id='word_1_302' title='bbox 1002 3864 1104 3911; x_wconf 90' lang='lat' dir='ltr'><strong><em>est.</em></strong></span> <span class='ocrx_word' id='word_1_303' title='bbox 1138 3854 1357 3910; x_wconf 87' lang='lat' dir='ltr'><strong><em>Atenim</em></strong></span> <span class='ocrx_word' id='word_1_304' title='bbox 1401 3853 1703 3908; x_wconf 85' lang='lat' dir='ltr'><strong><em>idololatria</em></strong></span> <span class='ocrx_word' id='word_1_305' title='bbox 1758 3851 2002 3906; x_wconf 85' lang='lat' dir='ltr'><strong><em>fraudem</em></strong></span> 
     </span>
    </p>
   </div>
   <div class='ocr_carea' id='block_1_43' title="bbox 396 3944 2004 4015">
    <p class='ocr_par' dir='ltr' id='par_1_43' title="bbox 396 3944 2004 4015">
     <span class='ocr_line' id='line_1_43' title="bbox 396 3944 2004 4015; baseline -0.004 -7"><span class='ocrx_word' id='word_1_306' title='bbox 396 3951 517 4008; x_wconf 86' lang='lat' dir='ltr'><strong><em>Deo</em></strong></span> <span class='ocrx_word' id='word_1_307' title='bbox 546 3950 690 4015; x_wconf 81' lang='lat' dir='ltr'><strong><em>iacit,</em></strong></span> <span class='ocrx_word' id='word_1_308' title='bbox 721 3949 953 4004; x_wconf 87' lang='lat' dir='ltr'><strong><em>honores</em></strong></span> <span class='ocrx_word' id='word_1_309' title='bbox 998 3947 1073 4002; x_wconf 92' lang='lat' dir='ltr'><strong><em>illi</em></strong></span> <span class='ocrx_word' id='word_1_310' title='bbox 1117 3961 1244 4003; x_wconf 89' lang='lat' dir='ltr'><strong><em>suos</em></strong></span> <span class='ocrx_word' id='word_1_311' title='bbox 1290 3946 1584 4014; x_wconf 88' lang='lat' dir='ltr'><strong><em>denegans,</em></strong></span> <span class='ocrx_word' id='word_1_312' title='bbox 1632 3953 1688 4001; x_wconf 91' lang='lat' dir='ltr'><strong><em>et</em></strong></span> <span class='ocrx_word' id='word_1_313' title='bbox 1718 3944 2004 4001; x_wconf 88' lang='lat' dir='ltr'><strong><em>conferens</em></strong></span> 
     </span>
    </p>
   </div>
   <div class='ocr_carea' id='block_1_44' title="bbox 397 4038 2003 4110">
    <p class='ocr_par' dir='ltr' id='par_1_44' title="bbox 397 4038 2003 4110">
     <span class='ocr_line' id='line_1_44' title="bbox 397 4038 2003 4110; baseline -0.002 -13"><span class='ocrx_word' id='word_1_314' title='bbox 397 4041 543 4110; x_wconf 88' lang='lat' dir='ltr'><strong><em>aliis,</em></strong></span> <span class='ocrx_word' id='word_1_315' title='bbox 570 4052 628 4095; x_wconf 90' lang='lat' dir='ltr'><strong><em>ut</em></strong></span> <span class='ocrx_word' id='word_1_316' title='bbox 652 4040 826 4096; x_wconf 87' lang='lat' dir='ltr'><strong><em>fraudi</em></strong></span> <span class='ocrx_word' id='word_1_317' title='bbox 855 4043 1015 4096; x_wconf 88' lang='lat' dir='ltr'><strong><em>etiam</em></strong></span> <span class='ocrx_word' id='word_1_318' title='bbox 1043 4039 1423 4095; x_wconf 87' lang='lat' dir='ltr'><strong><em>contumeliam</em></strong></span> <span class='ocrx_word' id='word_1_319' title='bbox 1446 4039 1757 4109; x_wconf 79' lang='lat' dir='ltr'><strong><em>conjungat.</em></strong></span> <span class='ocrx_word' id='word_1_320' title='bbox 1784 4038 1937 4107; x_wconf 89' lang='lat' dir='ltr'><strong><em>Quod</em></strong></span> <span class='ocrx_word' id='word_1_321' title='bbox 1958 4038 2003 4093; x_wconf 91' lang='lat' dir='ltr'><strong><em>si</em></strong></span> 
     </span>
    </p>
   </div>
   <div class='ocr_carea' id='block_1_45' title="bbox 402 4131 2003 4204">
    <p class='ocr_par' dir='ltr' id='par_1_45' title="bbox 402 4131 2003 4204">
     <span class='ocr_line' id='line_1_45' title="bbox 402 4131 2003 4204; baseline 0 -16"><span class='ocrx_word' id='word_1_322' title='bbox 402 4140 514 4188; x_wconf 85' lang='lat' dir='ltr'><strong><em>tam</em></strong></span> <span class='ocrx_word' id='word_1_323' title='bbox 539 4132 685 4188; x_wconf 85' lang='lat' dir='ltr'><strong><em>fraus</em></strong></span> <span class='ocrx_word' id='word_1_324' title='bbox 728 4148 886 4203; x_wconf 86' lang='lat' dir='ltr'><strong><em>quam</em></strong></span> <span class='ocrx_word' id='word_1_325' title='bbox 925 4140 1173 4204; x_wconf 88' lang='lat' dir='ltr'><strong><em>stuprum</em></strong></span> <span class='ocrx_word' id='word_1_326' title='bbox 1214 4142 1376 4203; x_wconf 89' lang='lat' dir='ltr'><strong><em>atque</em></strong></span> <span class='ocrx_word' id='word_1_327' title='bbox 1405 4131 1726 4188; x_wconf 88' lang='lat' dir='ltr'><strong><em>adulterium</em></strong></span> <span class='ocrx_word' id='word_1_328' title='bbox 1770 4141 2003 4188; x_wconf 87' lang='lat' dir='ltr'><strong><em>mortem</em></strong></span> 
     </span>
    </p>
   </div>
   <div class='ocr_carea' id='block_1_46' title="bbox 400 4223 2002 4296">
    <p class='ocr_par' dir='ltr' id='par_1_46' title="bbox 400 4223 2002 4296">
     <span class='ocr_line' id='line_1_46' title="bbox 400 4223 2002 4296; baseline -0.001 -15"><span class='ocrx_word' id='word_1_329' title='bbox 400 4225 655 4293; x_wconf 70' lang='lat' dir='ltr'><strong><em>afferunt,</em></strong></span> <span class='ocrx_word' id='word_1_330' title='bbox 685 4225 795 4295; x_wconf 90' lang='lat' dir='ltr'><strong><em>jam</em></strong></span> <span class='ocrx_word' id='word_1_331' title='bbox 823 4226 875 4280; x_wconf 91' lang='lat' dir='ltr'><strong><em>in</em></strong></span> <span class='ocrx_word' id='word_1_332' title='bbox 916 4225 999 4282; x_wconf 91' lang='lat' dir='ltr'><strong><em>his</em></strong></span> <span class='ocrx_word' id='word_1_333' title='bbox 1030 4239 1183 4296; x_wconf 72' lang='lat' dir='ltr'><strong><em>aeque</em></strong></span> <span class='ocrx_word' id='word_1_334' title='bbox 1210 4223 1595 4296; x_wconf 85' lang='lat' dir='ltr'><strong><em>(5)idololatria</em></strong></span> <span class='ocrx_word' id='word_1_335' title='bbox 1620 4225 1690 4280; x_wconf 91' lang='lat' dir='ltr'><strong><em>de</em></strong></span> <span class='ocrx_word' id='word_1_336' title='bbox 1730 4224 2002 4279; x_wconf 90' lang='lat' dir='ltr'><strong><em>homicidii</em></strong></span> 
     </span>
    </p>
   </div>
   <div class='ocr_carea' id='block_1_47' title="bbox 396 4316 1999 4383">
    <p class='ocr_par' dir='ltr' id='par_1_47' title="bbox 396 4316 1999 4383">
     <span class='ocr_line' id='line_1_47' title="bbox 396 4316 1999 4383; baseline -0.002 -9"><span class='ocrx_word' id='word_1_337' title='bbox 396 4328 553 4374; x_wconf 87' lang='lat' dir='ltr'><strong><em>reatu</em></strong></span> <span class='ocrx_word' id='word_1_338' title='bbox 579 4331 684 4372; x_wconf 92' lang='lat' dir='ltr'><strong><em>non</em></strong></span> <span class='ocrx_word' id='word_1_339' title='bbox 715 4317 987 4373; x_wconf 85' lang='lat' dir='ltr'><strong><em>liberatur.</em></strong></span> <span class='ocrx_word' id='word_1_340' title='bbox 1021 4318 1149 4372; x_wconf 83' lang='lat' dir='ltr'><strong><em>Post</em></strong></span> <span class='ocrx_word' id='word_1_341' title='bbox 1189 4318 1312 4371; x_wconf 86' lang='lat' dir='ltr'><strong><em>talia</em></strong></span> <span class='ocrx_word' id='word_1_342' title='bbox 1338 4316 1582 4382; x_wconf 88' lang='lat' dir='ltr'><strong><em>crimina,</em></strong></span> <span class='ocrx_word' id='word_1_343' title='bbox 1610 4328 1719 4371; x_wconf 89' lang='lat' dir='ltr'><strong><em>tam</em></strong></span> <span class='ocrx_word' id='word_1_344' title='bbox 1745 4317 1999 4383; x_wconf 79' lang='lat' dir='ltr'><strong><em>exitiosa,</em></strong></span> 
     </span>
    </p>
   </div>
   <div class='ocr_carea' id='block_1_48' title="bbox 400 4406 2081 4486">
    <p class='ocr_par' dir='ltr' id='par_1_48' title="bbox 400 4406 2081 4486">
     <span class='ocr_line' id='line_1_48' title="bbox 400 4406 2081 4486; baseline -0.002 -17"><span class='ocrx_word' id='word_1_345' title='bbox 400 4423 513 4469; x_wconf 87' lang='lat' dir='ltr'><strong><em>tam</em></strong></span> <span class='ocrx_word' id='word_1_346' title='bbox 542 4414 881 4470; x_wconf 84' lang='lat' dir='ltr'><strong><em>devoratoria</em></strong></span> <span class='ocrx_word' id='word_1_347' title='bbox 924 4406 1135 4478; x_wconf 87' lang='lat' dir='ltr'><strong><em>salutis,</em></strong></span> <span class='ocrx_word' id='word_1_348' title='bbox 1166 4420 1359 4466; x_wconf 59' lang='lat' dir='ltr'><strong><em>caetera</em></strong></span> <span class='ocrx_word' id='word_1_349' title='bbox 1402 4426 1616 4483; x_wconf 87' lang='lat' dir='ltr'><strong><em>quoque</em></strong></span> <span class='ocrx_word' id='word_1_350' title='bbox 1659 4411 1891 4482; x_wconf 90' lang='lat' dir='ltr'><strong><em>aliquem</em></strong></span> <span class='ocrx_word' id='word_1_351' title='bbox 1935 4412 2001 4466; x_wconf 83' lang='lat' dir='ltr'><strong><em>ad</em></strong></span> <span class='ocrx_word' id='word_1_352' title='bbox 2027 4425 2081 4486; x_wconf 75' lang='grc' dir='ltr'>υ</span> 
     </span>
    </p>
   </div>
   <div class='ocr_carea' id='block_1_49' title="bbox 400 4504 1996 4575">
    <p class='ocr_par' dir='ltr' id='par_1_49' title="bbox 400 4504 1996 4575">
     <span class='ocr_line' id='line_1_49' title="bbox 400 4504 1996 4575; baseline -0.003 -12"><span class='ocrx_word' id='word_1_353' title='bbox 400 4506 620 4564; x_wconf 89' lang='lat' dir='ltr'><strong><em>modum</em></strong></span> <span class='ocrx_word' id='word_1_354' title='bbox 666 4515 722 4562; x_wconf 89' lang='lat' dir='ltr'><strong><em>et</em></strong></span> <span class='ocrx_word' id='word_1_355' title='bbox 760 4520 1004 4560; x_wconf 88' lang='lat' dir='ltr'><strong><em>seorsum</em></strong></span> <span class='ocrx_word' id='word_1_356' title='bbox 1036 4505 1262 4575; x_wconf 91' lang='lat' dir='ltr'><strong><em>proinde</em></strong></span> <span class='ocrx_word' id='word_1_357' title='bbox 1290 4505 1547 4575; x_wconf 86' lang='lat' dir='ltr'><strong><em>disposita</em></strong></span> <span class='ocrx_word' id='word_1_358' title='bbox 1569 4547 1583 4567; x_wconf 91' lang='lat'><strong><em>,</em></strong></span> <span class='ocrx_word' id='word_1_359' title='bbox 1614 4506 1666 4560; x_wconf 90' lang='lat' dir='ltr'><strong><em>in</em></strong></span> <span class='ocrx_word' id='word_1_360' title='bbox 1697 4504 1996 4561; x_wconf 80' lang='lat' dir='ltr'><strong><em>idololatria</em></strong></span> 
     </span>
    </p>
   </div>
   <div class='ocr_carea' id='block_1_50' title="bbox 403 4598 1995 4671">
    <p class='ocr_par' dir='ltr' id='par_1_50' title="bbox 403 4598 1995 4671">
     <span class='ocr_line' id='line_1_50' title="bbox 403 4598 1995 4671; baseline -0.003 -15"><span class='ocrx_word' id='word_1_361' title='bbox 403 4599 765 4656; x_wconf 88' lang='lat' dir='ltr'><strong><em>conditionem</em></strong></span> <span class='ocrx_word' id='word_1_362' title='bbox 793 4612 944 4652; x_wconf 89' lang='lat' dir='ltr'><strong><em>suam</em></strong></span> <span class='ocrx_word' id='word_1_363' title='bbox 983 4608 1396 4667; x_wconf 65' lang='lat' dir='ltr'><strong><em>repraesentant.</em></strong></span> <span class='ocrx_word' id='word_1_364' title='bbox 1428 4598 1484 4652; x_wconf 89' lang='lat' dir='ltr'><strong><em>In</em></strong></span> <span class='ocrx_word' id='word_1_365' title='bbox 1517 4598 1605 4653; x_wconf 91' lang='lat' dir='ltr'><strong><em>illa</em></strong></span> <span class='ocrx_word' id='word_1_366' title='bbox 1633 4607 1688 4653; x_wconf 89' lang='lat' dir='ltr'><strong><em>et</em></strong></span> <span class='ocrx_word' id='word_1_367' title='bbox 1714 4598 1995 4671; x_wconf 81' lang='lat' dir='ltr'><strong><em>concupis-</em></strong></span> 
     </span>
    </p>
   </div>
   <div class='ocr_carea' id='block_1_51' title="bbox 398 4691 1998 4759">
    <p class='ocr_par' dir='ltr' id='par_1_51' title="bbox 398 4691 1998 4759">
     <span class='ocr_line' id='line_1_51' title="bbox 398 4691 1998 4759; baseline -0.001 -9"><span class='ocrx_word' id='word_1_368' title='bbox 398 4693 591 4751; x_wconf 69' lang='lat' dir='ltr'><strong><em>centiae</em></strong></span> <span class='ocrx_word' id='word_1_369' title='bbox 616 4692 817 4748; x_wconf 71' lang='lat' dir='ltr'><strong><em>sreculi.</em></strong></span> <span class='ocrx_word' id='word_1_370' title='bbox 846 4691 976 4759; x_wconf 71' lang='lat' dir='ltr'><strong><em>Qua:</em></strong></span> <span class='ocrx_word' id='word_1_371' title='bbox 1015 4691 1157 4745; x_wconf 87' lang='lat' dir='ltr'><strong><em>enim</em></strong></span> <span class='ocrx_word' id='word_1_372' title='bbox 1183 4691 1499 4747; x_wconf 73' lang='lat' dir='ltr'><strong><em>idololatria:</em></strong></span> <span class='ocrx_word' id='word_1_373' title='bbox 1529 4693 1842 4749; x_wconf 87' lang='lat' dir='ltr'><strong><em>solemnitas</em></strong></span> <span class='ocrx_word' id='word_1_374' title='bbox 1880 4692 1998 4748; x_wconf 90' lang='lat' dir='ltr'><strong><em>sine</em></strong></span> 
     </span>
    </p>
   </div>
   <div class='ocr_carea' id='block_1_52' title="bbox 396 4782 1998 4841">
    <p class='ocr_par' dir='ltr' id='par_1_52' title="bbox 396 4782 1998 4841">
     <span class='ocr_line' id='line_1_52' title="bbox 396 4782 1998 4841; baseline 0 -1"><span class='ocrx_word' id='word_1_375' title='bbox 396 4784 695 4841; x_wconf 86' lang='lat' dir='ltr'><strong><em>ambitione</em></strong></span> <span class='ocrx_word' id='word_1_376' title='bbox 722 4784 898 4839; x_wconf 89' lang='lat' dir='ltr'><strong><em>cultus</em></strong></span> <span class='ocrx_word' id='word_1_377' title='bbox 926 4792 982 4839; x_wconf 90' lang='lat' dir='ltr'><strong><em>et</em></strong></span> <span class='ocrx_word' id='word_1_378' title='bbox 1008 4785 1266 4838; x_wconf 83' lang='lat' dir='ltr'><strong><em>ornatus?</em></strong></span> <span class='ocrx_word' id='word_1_379' title='bbox 1291 4782 1348 4838; x_wconf 88' lang='lat' dir='ltr'><strong><em>In</em></strong></span> <span class='ocrx_word' id='word_1_380' title='bbox 1377 4784 1466 4838; x_wconf 85' lang='lat' dir='ltr'><strong><em>illa</em></strong></span> <span class='ocrx_word' id='word_1_381' title='bbox 1488 4784 1721 4840; x_wconf 73' lang='lat' dir='ltr'><strong><em>lascivia:</em></strong></span> <span class='ocrx_word' id='word_1_382' title='bbox 1745 4794 1802 4840; x_wconf 90' lang='lat' dir='ltr'><strong><em>et</em></strong></span> <span class='ocrx_word' id='word_1_383' title='bbox 1822 4784 1998 4841; x_wconf 89' lang='lat' dir='ltr'><strong><em>ebrie-</em></strong></span> 
     </span>
    </p>
   </div>
   <div class='ocr_carea' id='block_1_53' title="bbox 405 4877 1998 4949">
    <p class='ocr_par' dir='ltr' id='par_1_53' title="bbox 405 4877 1998 4949">
     <span class='ocr_line' id='line_1_53' title="bbox 405 4877 1998 4949; baseline -0.001 -15"><span class='ocrx_word' id='word_1_384' title='bbox 405 4886 569 4946; x_wconf 87' lang='lat' dir='ltr'><strong><em>tates,</em></strong></span> <span class='ocrx_word' id='word_1_385' title='bbox 614 4894 737 4934; x_wconf 90' lang='lat' dir='ltr'><strong><em>cum</em></strong></span> <span class='ocrx_word' id='word_1_386' title='bbox 788 4878 1074 4949; x_wconf 89' lang='lat' dir='ltr'><strong><em>plurimum</em></strong></span> <span class='ocrx_word' id='word_1_387' title='bbox 1127 4877 1297 4931; x_wconf 73' lang='lat' dir='ltr'><strong><em>victus</em></strong></span> <span class='ocrx_word' id='word_1_388' title='bbox 1327 4886 1380 4931; x_wconf 90' lang='lat' dir='ltr'><strong><em>et</em></strong></span> <span class='ocrx_word' id='word_1_389' title='bbox 1425 4878 1626 4932; x_wconf 87' lang='lat' dir='ltr'><strong><em>ventris</em></strong></span> <span class='ocrx_word' id='word_1_390' title='bbox 1666 4885 1723 4933; x_wconf 91' lang='lat' dir='ltr'><strong><em>et</em></strong></span> <span class='ocrx_word' id='word_1_391' title='bbox 1762 4877 1998 4933; x_wconf 87' lang='lat' dir='ltr'><strong><em>libidinis</em></strong></span> 
     </span>
    </p>
   </div>
   <div class='ocr_carea' id='block_1_54' title="bbox 399 4969 1995 5042">
    <p class='ocr_par' dir='ltr' id='par_1_54' title="bbox 399 4969 1995 5042">
     <span class='ocr_line' id='line_1_54' title="bbox 399 4969 1995 5042; baseline -0.001 -15"><span class='ocrx_word' id='word_1_392' title='bbox 399 4986 593 5028; x_wconf 88' lang='lat' dir='ltr'><strong><em>caussa</em></strong></span> <span class='ocrx_word' id='word_1_393' title='bbox 612 4970 1015 5042; x_wconf 84' lang='lat' dir='ltr'><strong><em>frequentantur</em></strong></span> <span class='ocrx_word' id='word_1_394' title='bbox 1046 4969 1148 5042; x_wconf 90' lang='lat'><strong><em>(6).</em></strong></span> <span class='ocrx_word' id='word_1_395' title='bbox 1179 4970 1237 5025; x_wconf 89' lang='lat' dir='ltr'><strong><em>lu</em></strong></span> <span class='ocrx_word' id='word_1_396' title='bbox 1268 4970 1355 5024; x_wconf 88' lang='lat' dir='ltr'><strong><em>illa</em></strong></span> <span class='ocrx_word' id='word_1_397' title='bbox 1387 4970 1666 5041; x_wconf 86' lang='lat' dir='ltr'><strong><em>injustitia.</em></strong></span> <span class='ocrx_word' id='word_1_398' title='bbox 1690 4970 1827 5038; x_wconf 88' lang='lat' dir='ltr'><strong><em>Quid</em></strong></span> <span class='ocrx_word' id='word_1_399' title='bbox 1851 4972 1995 5026; x_wconf 91' lang='lat' dir='ltr'><strong><em>enim</em></strong></span> 
     </span>
    </p>
   </div>
   <div class='ocr_carea' id='block_1_55' title="bbox 394 5064 1992 5136">
    <p class='ocr_par' dir='ltr' id='par_1_55' title="bbox 394 5064 1992 5136">
     <span class='ocr_line' id='line_1_55' title="bbox 394 5064 1992 5136; baseline 0 -15"><span class='ocrx_word' id='word_1_400' title='bbox 394 5064 649 5136; x_wconf 88' lang='lat' dir='ltr'><strong><em>injustius</em></strong></span> <span class='ocrx_word' id='word_1_401' title='bbox 672 5080 757 5132; x_wconf 83' lang='lat' dir='ltr'><strong><em>ea,</em></strong></span> <span class='ocrx_word' id='word_1_402' title='bbox 788 5081 908 5135; x_wconf 64' lang='lat' dir='ltr'><strong><em>quin</em></strong></span> <span class='ocrx_word' id='word_1_403' title='bbox 927 5065 1148 5135; x_wconf 77' lang='lat' dir='ltr'><strong><em>justitia:</em></strong></span> <span class='ocrx_word' id='word_1_404' title='bbox 1171 5064 1384 5120; x_wconf 86' lang='lat' dir='ltr'><strong><em>Patrem</em></strong></span> <span class='ocrx_word' id='word_1_405' title='bbox 1415 5064 1611 5121; x_wconf 84' lang='lat' dir='ltr'><strong><em>nescit?</em></strong></span> <span class='ocrx_word' id='word_1_406' title='bbox 1635 5066 1691 5121; x_wconf 91' lang='lat' dir='ltr'><strong><em>ln</em></strong></span> <span class='ocrx_word' id='word_1_407' title='bbox 1718 5065 1804 5120; x_wconf 81' lang='lat' dir='ltr'><strong><em>illa</em></strong></span> <span class='ocrx_word' id='word_1_408' title='bbox 1829 5066 1992 5122; x_wconf 82' lang='lat' dir='ltr'><strong><em>etiam</em></strong></span> 
     </span>
    </p>
   </div>
   <div class='ocr_carea' id='block_1_56' title="bbox 388 5156 1993 5229">
    <p class='ocr_par' dir='ltr' id='par_1_56' title="bbox 388 5156 1993 5229">
     <span class='ocr_line' id='line_1_56' title="bbox 388 5156 1993 5229; baseline 0.001 -15"><span class='ocrx_word' id='word_1_409' title='bbox 388 5157 622 5224; x_wconf 76' lang='lat' dir='ltr'><strong><em>vanitas,</em></strong></span> <span class='ocrx_word' id='word_1_410' title='bbox 677 5172 841 5229; x_wconf 91' lang='lat' dir='ltr'><strong><em>quum</em></strong></span> <span class='ocrx_word' id='word_1_411' title='bbox 891 5165 1001 5212; x_wconf 89' lang='lat' dir='ltr'><strong><em>tota</em></strong></span> <span class='ocrx_word' id='word_1_412' title='bbox 1045 5156 1162 5227; x_wconf 88' lang='lat' dir='ltr'><strong><em>ejus</em></strong></span> <span class='ocrx_word' id='word_1_413' title='bbox 1192 5156 1328 5213; x_wconf 90' lang='lat' dir='ltr'><strong><em>ratio</em></strong></span> <span class='ocrx_word' id='word_1_414' title='bbox 1356 5172 1492 5213; x_wconf 82' lang='lat' dir='ltr'><strong><em>vana</em></strong></span> <span class='ocrx_word' id='word_1_415' title='bbox 1521 5157 1626 5225; x_wconf 88' lang='lat' dir='ltr'><strong><em>sit;</em></strong></span> <span class='ocrx_word' id='word_1_416' title='bbox 1662 5157 1716 5213; x_wconf 92' lang='lat' dir='ltr'><strong><em>in</em></strong></span> <span class='ocrx_word' id='word_1_417' title='bbox 1740 5157 1829 5214; x_wconf 86' lang='lat' dir='ltr'><strong><em>illa</em></strong></span> <span class='ocrx_word' id='word_1_418' title='bbox 1851 5174 1993 5215; x_wconf 85' lang='lat' dir='ltr'><strong><em>men-</em></strong></span> 
     </span>
    </p>
   </div>
   <div class='ocr_carea' id='block_1_57' title="bbox 2117 415 3712 485">
    <p class='ocr_par' dir='ltr' id='par_1_57' title="bbox 2117 415 3712 485">
     <span class='ocr_line' id='line_1_57' title="bbox 2117 415 3712 485; baseline 0.001 -11"><span class='ocrx_word' id='word_1_419' title='bbox 2117 419 2197 485; x_wconf 84' lang='lat' dir='ltr'><strong><em>ﬁt,</em></strong></span> <span class='ocrx_word' id='word_1_420' title='bbox 2232 429 2289 474; x_wconf 91' lang='lat' dir='ltr'><strong><em>ut</em></strong></span> <span class='ocrx_word' id='word_1_421' title='bbox 2314 415 2496 474; x_wconf 87' lang='lat' dir='ltr'><strong><em>omnia</em></strong></span> <span class='ocrx_word' id='word_1_422' title='bbox 2527 420 2580 474; x_wconf 91' lang='lat' dir='ltr'><strong><em>in</em></strong></span> <span class='ocrx_word' id='word_1_423' title='bbox 2610 418 2936 480; x_wconf 87' lang='lat' dir='ltr'><strong><em>idololatria.</em></strong></span> <span class='ocrx_word' id='word_1_424' title='bbox 2967 420 3100 476; x_wconf 91' lang='lat' dir='ltr'><strong><em>etin</em></strong></span> <span class='ocrx_word' id='word_1_425' title='bbox 3127 420 3379 479; x_wconf 84' lang='lat' dir='ltr'><strong><em>omnibus</em></strong></span> <span class='ocrx_word' id='word_1_426' title='bbox 3410 419 3712 477; x_wconf 80' lang='lat' dir='ltr'><strong><em>idololatria</em></strong></span> 
     </span>
    </p>
   </div>
   <div class='ocr_carea' id='block_1_58' title="bbox 2116 510 3716 584">
    <p class='ocr_par' dir='ltr' id='par_1_58' title="bbox 2116 510 3716 584">
     <span class='ocr_line' id='line_1_58' title="bbox 2116 510 3716 584; baseline 0.002 -17"><span class='ocrx_word' id='word_1_427' title='bbox 2116 510 2572 582; x_wconf 87' lang='lat' dir='ltr'><strong><em>deprehendatur.</em></strong></span> <span class='ocrx_word' id='word_1_428' title='bbox 2603 510 2712 568; x_wconf 88' lang='lat' dir='ltr'><strong><em>Sed</em></strong></span> <span class='ocrx_word' id='word_1_429' title='bbox 2749 522 2805 567; x_wconf 89' lang='lat' dir='ltr'><strong><em>et</em></strong></span> <span class='ocrx_word' id='word_1_430' title='bbox 2844 512 2979 570; x_wconf 88' lang='lat' dir='ltr'><strong><em>alias</em></strong></span> <span class='ocrx_word' id='word_1_431' title='bbox 3014 527 3178 584; x_wconf 93' lang='lat' dir='ltr'><strong><em>quum</em></strong></span> <span class='ocrx_word' id='word_1_432' title='bbox 3221 513 3471 570; x_wconf 85' lang='lat' dir='ltr'><strong><em>universa</em></strong></span> <span class='ocrx_word' id='word_1_433' title='bbox 3518 512 3716 570; x_wconf 80' lang='lat' dir='ltr'><strong><em>delicta</em></strong></span> 
     </span>
    </p>
   </div>
   <div class='ocr_carea' id='block_1_59' title="bbox 2116 602 3713 677">
    <p class='ocr_par' dir='ltr' id='par_1_59' title="bbox 2116 602 3713 677">
     <span class='ocr_line' id='line_1_59' title="bbox 2116 602 3713 677; baseline 0.003 -19"><span class='ocrx_word' id='word_1_434' title='bbox 2116 602 2373 658; x_wconf 86' lang='lat' dir='ltr'><strong><em>adversus</em></strong></span> <span class='ocrx_word' id='word_1_435' title='bbox 2403 603 2688 659; x_wconf 84' lang='lat' dir='ltr'><strong><em>Dominum</em></strong></span> <span class='ocrx_word' id='word_1_436' title='bbox 2713 604 2945 674; x_wconf 87' lang='lat' dir='ltr'><strong><em>sapiant,</em></strong></span> <span class='ocrx_word' id='word_1_437' title='bbox 2975 604 3105 660; x_wconf 85' lang='lat' dir='ltr'><strong><em>nihil</em></strong></span> <span class='ocrx_word' id='word_1_438' title='bbox 3130 614 3311 662; x_wconf 88' lang='lat' dir='ltr'><strong><em>autem</em></strong></span> <span class='ocrx_word' id='word_1_439' title='bbox 3338 604 3482 677; x_wconf 89' lang='lat' dir='ltr'><strong><em>quod</em></strong></span> <span class='ocrx_word' id='word_1_440' title='bbox 3509 604 3713 662; x_wconf 85' lang='lat' dir='ltr'><strong><em>adver-</em></strong></span> 
     </span>
    </p>
   </div>
   <div class='ocr_carea' id='block_1_60' title="bbox 2117 698 3719 771">
    <p class='ocr_par' dir='ltr' id='par_1_60' title="bbox 2117 698 3719 771">
     <span class='ocr_line' id='line_1_60' title="bbox 2117 698 3719 771; baseline 0.001 -17"><span class='ocrx_word' id='word_1_441' title='bbox 2117 713 2209 755; x_wconf 89' lang='lat' dir='ltr'><strong><em>sus</em></strong></span> <span class='ocrx_word' id='word_1_442' title='bbox 2232 698 2517 755; x_wconf 90' lang='lat' dir='ltr'><strong><em>Dominum</em></strong></span> <span class='ocrx_word' id='word_1_443' title='bbox 2545 698 2623 770; x_wconf 75' lang='grc'>(7)</span> <span class='ocrx_word' id='word_1_444' title='bbox 2654 701 2847 771; x_wconf 88' lang='lat' dir='ltr'><strong><em>sapiat,</em></strong></span> <span class='ocrx_word' id='word_1_445' title='bbox 2872 715 2979 756; x_wconf 90' lang='lat' dir='ltr'><strong><em>non</em></strong></span> <span class='ocrx_word' id='word_1_446' title='bbox 3019 700 3301 756; x_wconf 61' lang='lat' dir='ltr'><strong><em>daemoniis</em></strong></span> <span class='ocrx_word' id='word_1_447' title='bbox 3345 708 3401 756; x_wconf 90' lang='lat' dir='ltr'><strong><em>et</em></strong></span> <span class='ocrx_word' id='word_1_448' title='bbox 3427 698 3719 756; x_wconf 86' lang='lat' dir='ltr'><strong><em>immundis</em></strong></span> 
     </span>
    </p>
   </div>
   <div class='ocr_carea' id='block_1_61' title="bbox 2122 792 3718 865">
    <p class='ocr_par' dir='ltr' id='par_1_61' title="bbox 2122 792 3718 865">
     <span class='ocr_line' id='line_1_61' title="bbox 2122 792 3718 865; baseline 0.003 -18"><span class='ocrx_word' id='word_1_449' title='bbox 2122 792 2399 862; x_wconf 87' lang='lat' dir='ltr'><strong><em>spiritibus</em></strong></span> <span class='ocrx_word' id='word_1_450' title='bbox 2428 793 2739 865; x_wconf 88' lang='lat' dir='ltr'><strong><em>deputetur,</em></strong></span> <span class='ocrx_word' id='word_1_451' title='bbox 2784 794 2978 865; x_wconf 88' lang='lat' dir='ltr'><strong><em>quibus</em></strong></span> <span class='ocrx_word' id='word_1_452' title='bbox 3003 793 3141 850; x_wconf 89' lang='lat' dir='ltr'><strong><em>idola</em></strong></span> <span class='ocrx_word' id='word_1_453' title='bbox 3172 794 3568 863; x_wconf 86' lang='lat' dir='ltr'><strong><em>mancipantur:</em></strong></span> <span class='ocrx_word' id='word_1_454' title='bbox 3598 793 3718 851; x_wconf 79' lang='lat' dir='ltr'><strong><em>sine</em></strong></span> 
     </span>
    </p>
   </div>
   <div class='ocr_carea' id='block_1_62' title="bbox 2122 884 3715 959">
    <p class='ocr_par' dir='ltr' id='par_1_62' title="bbox 2122 884 3715 959">
     <span class='ocr_line' id='line_1_62' title="bbox 2122 884 3715 959; baseline 0.002 -19"><span class='ocrx_word' id='word_1_455' title='bbox 2122 884 2286 942; x_wconf 91' lang='lat' dir='ltr'><strong><em>dubio</em></strong></span> <span class='ocrx_word' id='word_1_456' title='bbox 2315 885 2671 943; x_wconf 83' lang='lat' dir='ltr'><strong><em>idololatriam</em></strong></span> <span class='ocrx_word' id='word_1_457' title='bbox 2706 886 2964 956; x_wconf 87' lang='lat' dir='ltr'><strong><em>admittit,</em></strong></span> <span class='ocrx_word' id='word_1_458' title='bbox 2994 888 3298 959; x_wconf 88' lang='lat' dir='ltr'><strong><em>quicunque</em></strong></span> <span class='ocrx_word' id='word_1_459' title='bbox 3324 886 3627 958; x_wconf 87' lang='lat' dir='ltr'><strong><em>delinquit:</em></strong></span> <span class='ocrx_word' id='word_1_460' title='bbox 3658 886 3715 943; x_wconf 88' lang='lat' dir='ltr'><strong><em>id</em></strong></span> 
     </span>
    </p>
   </div>
   <div class='ocr_carea' id='block_1_63' title="bbox 2121 976 3572 1052">
    <p class='ocr_par' dir='ltr' id='par_1_63' title="bbox 2121 976 3572 1052">
     <span class='ocr_line' id='line_1_63' title="bbox 2121 976 3572 1052; baseline 0.002 -19"><span class='ocrx_word' id='word_1_461' title='bbox 2121 978 2266 1034; x_wconf 92' lang='lat' dir='ltr'><strong><em>enim</em></strong></span> <span class='ocrx_word' id='word_1_462' title='bbox 2296 976 2422 1034; x_wconf 86' lang='lat' dir='ltr'><strong><em>facit</em></strong></span> <span class='ocrx_word' id='word_1_463' title='bbox 2448 979 2590 1050; x_wconf 93' lang='lat' dir='ltr'><strong><em>quod</em></strong></span> <span class='ocrx_word' id='word_1_464' title='bbox 2618 980 2685 1035; x_wconf 88' lang='lat' dir='ltr'><strong><em>ad</em></strong></span> <span class='ocrx_word' id='word_1_465' title='bbox 2714 980 2977 1036; x_wconf 89' lang='lat' dir='ltr'><strong><em>idolorum</em></strong></span> <span class='ocrx_word' id='word_1_466' title='bbox 3010 980 3286 1052; x_wconf 84' lang='lat' dir='ltr'><strong><em>mancipes</em></strong></span> <span class='ocrx_word' id='word_1_467' title='bbox 3316 982 3572 1052; x_wconf 88' lang='lat' dir='ltr'><strong><em>pertinet.</em></strong></span> 
     </span>
    </p>
   </div>
   <div class='ocr_carea' id='block_1_64' title="bbox 2740 1074 3072 1131">
    <p class='ocr_par' dir='ltr' id='par_1_64' title="bbox 2740 1074 3072 1131">
     <span class='ocr_line' id='line_1_64' title="bbox 2740 1074 3072 1131; baseline -0.003 -1"><span class='ocrx_word' id='word_1_468' title='bbox 2740 1074 2968 1131; x_wconf 74' lang='lat' dir='ltr'><strong><em>CAPUT</em></strong></span> <span class='ocrx_word' id='word_1_469' title='bbox 3008 1075 3072 1131; x_wconf 89' lang='lat' dir='ltr'><strong><em>Il.</em></strong></span> 
     </span>
    </p>
   </div>
   <div class='ocr_carea' id='block_1_65' title="bbox 2192 1164 3717 1227">
    <p class='ocr_par' dir='ltr' id='par_1_65' title="bbox 2192 1164 3717 1227">
     <span class='ocr_line' id='line_1_65' title="bbox 2192 1164 3717 1227; baseline 0.003 -5"><span class='ocrx_word' id='word_1_470' title='bbox 2192 1164 2301 1223; x_wconf 89' lang='lat' dir='ltr'><strong><em>Sed</em></strong></span> <span class='ocrx_word' id='word_1_471' title='bbox 2376 1168 2625 1224; x_wconf 84' lang='lat' dir='ltr'><strong><em>universa</em></strong></span> <span class='ocrx_word' id='word_1_472' title='bbox 2706 1168 2923 1224; x_wconf 87' lang='lat' dir='ltr'><strong><em>nomina</em></strong></span> <span class='ocrx_word' id='word_1_473' title='bbox 2992 1170 3278 1225; x_wconf 89' lang='lat' dir='ltr'><strong><em>criminum</em></strong></span> <span class='ocrx_word' id='word_1_474' title='bbox 3330 1169 3611 1226; x_wconf 80' lang='lat' dir='ltr'><strong><em>discedant</em></strong></span> <span class='ocrx_word' id='word_1_475' title='bbox 3661 1170 3717 1227; x_wconf 91' lang='lat' dir='ltr'><strong><em>in</em></strong></span> 
     </span>
    </p>
   </div>
   <div class='ocr_carea' id='block_1_66' title="bbox 2117 1261 3767 1331">
    <p class='ocr_par' dir='ltr' id='par_1_66' title="bbox 2117 1261 3767 1331">
     <span class='ocr_line' id='line_1_66' title="bbox 2117 1261 3767 1331; baseline 0.003 -18"><span class='ocrx_word' id='word_1_476' title='bbox 2117 1272 2341 1328; x_wconf 84' lang='lat' dir='ltr'><strong><em>operum</em></strong></span> <span class='ocrx_word' id='word_1_477' title='bbox 2397 1274 2614 1313; x_wconf 90' lang='lat' dir='ltr'><strong><em>suorum</em></strong></span> <span class='ocrx_word' id='word_1_478' title='bbox 2689 1261 3090 1331; x_wconf 88' lang='lat' dir='ltr'><strong><em>proprietates;</em></strong></span> <span class='ocrx_word' id='word_1_479' title='bbox 3160 1270 3437 1327; x_wconf 75' lang='lat' dir='ltr'><strong><em>remaneat</em></strong></span> <span class='ocrx_word' id='word_1_480' title='bbox 3489 1261 3716 1318; x_wconf 83' lang='lat' dir='ltr'><strong><em>idolola-</em></strong></span> <span class='ocrx_word' id='word_1_481' title='bbox 3760 1274 3767 1285; x_wconf 90' lang='lat'>&#39;</span> 
     </span>
    </p>
   </div>
   <div class='ocr_carea' id='block_1_67' title="bbox 2116 1350 3714 1422">
    <p class='ocr_par' dir='ltr' id='par_1_67' title="bbox 2116 1350 3714 1422">
     <span class='ocr_line' id='line_1_67' title="bbox 2116 1350 3714 1422; baseline 0.003 -17"><span class='ocrx_word' id='word_1_482' title='bbox 2116 1350 2216 1405; x_wconf 89' lang='lat' dir='ltr'><strong><em>tria</em></strong></span> <span class='ocrx_word' id='word_1_483' title='bbox 2273 1350 2325 1404; x_wconf 90' lang='lat' dir='ltr'><strong><em>in</em></strong></span> <span class='ocrx_word' id='word_1_484' title='bbox 2376 1365 2443 1406; x_wconf 90' lang='lat' dir='ltr'><strong><em>eo</em></strong></span> <span class='ocrx_word' id='word_1_485' title='bbox 2483 1350 2624 1422; x_wconf 89' lang='lat' dir='ltr'><strong><em>quod</em></strong></span> <span class='ocrx_word' id='word_1_486' title='bbox 2655 1350 2769 1421; x_wconf 88' lang='lat' dir='ltr'><strong><em>ipsa</em></strong></span> <span class='ocrx_word' id='word_1_487' title='bbox 2797 1361 2880 1407; x_wconf 89' lang='lat' dir='ltr'><strong><em>est</em></strong></span> <span class='ocrx_word' id='word_1_488' title='bbox 2911 1370 2922 1406; x_wconf 87' lang='lat'><strong>:</strong></span> <span class='ocrx_word' id='word_1_489' title='bbox 2953 1352 3149 1408; x_wconf 77' lang='lat' dir='ltr'><strong><em>sufficit</em></strong></span> <span class='ocrx_word' id='word_1_490' title='bbox 3175 1353 3276 1408; x_wconf 89' lang='lat' dir='ltr'><strong><em>sibi</em></strong></span> <span class='ocrx_word' id='word_1_491' title='bbox 3305 1362 3411 1407; x_wconf 89' lang='lat' dir='ltr'><strong><em>tam</em></strong></span> <span class='ocrx_word' id='word_1_492' title='bbox 3442 1353 3714 1409; x_wconf 90' lang='lat' dir='ltr'><strong><em>inimicum</em></strong></span> 
     </span>
    </p>
   </div>
   <div class='ocr_carea' id='block_1_68' title="bbox 2117 1440 3710 1515">
    <p class='ocr_par' dir='ltr' id='par_1_68' title="bbox 2117 1440 3710 1515">
     <span class='ocr_line' id='line_1_68' title="bbox 2117 1440 3710 1515; baseline 0.004 -19"><span class='ocrx_word' id='word_1_493' title='bbox 2117 1440 2229 1497; x_wconf 89' lang='lat' dir='ltr'><strong><em>Deo</em></strong></span> <span class='ocrx_word' id='word_1_494' title='bbox 2257 1456 2478 1509; x_wconf 89' lang='lat' dir='ltr'><strong><em>nomen,</em></strong></span> <span class='ocrx_word' id='word_1_495' title='bbox 2508 1452 2614 1498; x_wconf 86' lang='lat' dir='ltr'><strong><em>tam</em></strong></span> <span class='ocrx_word' id='word_1_496' title='bbox 2657 1443 2900 1515; x_wconf 87' lang='lat' dir='ltr'><strong><em>locuples</em></strong></span> <span class='ocrx_word' id='word_1_497' title='bbox 2944 1446 3239 1500; x_wconf 83' lang='lat' dir='ltr'><strong><em>substantia</em></strong></span> <span class='ocrx_word' id='word_1_498' title='bbox 3297 1445 3558 1511; x_wconf 90' lang='lat' dir='ltr'><strong><em>criminis,</em></strong></span> <span class='ocrx_word' id='word_1_499' title='bbox 3589 1461 3710 1515; x_wconf 59' lang='lat' dir='ltr'><strong><em>qua:</em></strong></span> 
     </span>
    </p>
   </div>
   <div class='ocr_carea' id='block_1_69' title="bbox 2118 1536 3715 1609">
    <p class='ocr_par' dir='ltr' id='par_1_69' title="bbox 2118 1536 3715 1609">
     <span class='ocr_line' id='line_1_69' title="bbox 2118 1536 3715 1609; baseline 0.003 -22"><span class='ocrx_word' id='word_1_500' title='bbox 2118 1542 2197 1588; x_wconf 90' lang='lat' dir='ltr'><strong><em>tot</em></strong></span> <span class='ocrx_word' id='word_1_501' title='bbox 2225 1548 2406 1589; x_wconf 83' lang='lat' dir='ltr'><strong><em>ramos</em></strong></span> <span class='ocrx_word' id='word_1_502' title='bbox 2430 1536 2678 1606; x_wconf 81' lang='lat' dir='ltr'><strong><em>porrigit,</em></strong></span> <span class='ocrx_word' id='word_1_503' title='bbox 2704 1545 2809 1590; x_wconf 84' lang='lat' dir='ltr'><strong><em>tam</em></strong></span> <span class='ocrx_word' id='word_1_504' title='bbox 2837 1551 3002 1591; x_wconf 81' lang='lat' dir='ltr'><strong><em>venas</em></strong></span> <span class='ocrx_word' id='word_1_505' title='bbox 3025 1537 3264 1593; x_wconf 78' lang='lat' dir='ltr'><strong><em>defundit</em></strong></span> <span class='ocrx_word' id='word_1_506' title='bbox 3300 1537 3402 1609; x_wconf 88' lang='lat'><strong><em>(8),</em></strong></span> <span class='ocrx_word' id='word_1_507' title='bbox 3435 1548 3491 1592; x_wconf 88' lang='lat' dir='ltr'><strong><em>ttt</em></strong></span> <span class='ocrx_word' id='word_1_508' title='bbox 3515 1538 3584 1594; x_wconf 88' lang='lat' dir='ltr'><strong><em>de</em></strong></span> <span class='ocrx_word' id='word_1_509' title='bbox 3613 1539 3715 1592; x_wconf 87' lang='lat' dir='ltr'><strong><em>hoc</em></strong></span> 
     </span>
    </p>
   </div>
   <div class='ocr_carea' id='block_1_70' title="bbox 2116 1629 3717 1703">
    <p class='ocr_par' dir='ltr' id='par_1_70' title="bbox 2116 1629 3717 1703">
     <span class='ocr_line' id='line_1_70' title="bbox 2116 1629 3717 1703; baseline 0.002 -20"><span class='ocrx_word' id='word_1_510' title='bbox 2116 1642 2239 1683; x_wconf 71' lang='lat' dir='ltr'><strong><em>cum</em></strong></span> <span class='ocrx_word' id='word_1_511' title='bbox 2270 1629 2502 1683; x_wconf 77' lang='lat' dir='ltr'><strong><em>maxime</em></strong></span> <span class='ocrx_word' id='word_1_512' title='bbox 2532 1629 2757 1684; x_wconf 80' lang='lat' dir='ltr'><strong><em>materia</em></strong></span> <span class='ocrx_word' id='word_1_513' title='bbox 2784 1640 3029 1701; x_wconf 68' lang='lat' dir='ltr'><strong><em>suscepta</em></strong></span> <span class='ocrx_word' id='word_1_514' title='bbox 3059 1631 3164 1698; x_wconf 90' lang='lat' dir='ltr'><strong><em>sit,</em></strong></span> <span class='ocrx_word' id='word_1_515' title='bbox 3196 1641 3329 1703; x_wconf 85' lang='lat' dir='ltr'><strong><em>quot</em></strong></span> <span class='ocrx_word' id='word_1_516' title='bbox 3358 1631 3533 1686; x_wconf 88' lang='lat' dir='ltr'><strong><em>modis</em></strong></span> <span class='ocrx_word' id='word_1_517' title='bbox 3563 1632 3717 1687; x_wconf 87' lang='lat' dir='ltr'><strong><em>nobis</em></strong></span> 
     </span>
    </p>
   </div>
   <div class='ocr_carea' id='block_1_71' title="bbox 2042 1696 3715 1793">
    <p class='ocr_par' dir='ltr' id='par_1_71' title="bbox 2042 1696 3715 1793">
     <span class='ocr_line' id='line_1_71' title="bbox 2042 1696 3715 1793; baseline 0.002 -19"><span class='ocrx_word' id='word_1_518' title='bbox 2042 1696 2093 1757; x_wconf 80' lang='grc' dir='ltr'>Β</span> <span class='ocrx_word' id='word_1_519' title='bbox 2123 1720 2469 1791; x_wconf 68' lang='lat' dir='ltr'><strong><em>praecavenda</em></strong></span> <span class='ocrx_word' id='word_1_520' title='bbox 2501 1722 2573 1777; x_wconf 91' lang='lat' dir='ltr'><strong><em>sit</em></strong></span> <span class='ocrx_word' id='word_1_521' title='bbox 2600 1721 2915 1777; x_wconf 65' lang='lat' dir='ltr'><strong><em>idololatriae</em></strong></span> <span class='ocrx_word' id='word_1_522' title='bbox 2943 1696 3497 1793; x_wconf 24' lang='lat' dir='ltr'><strong><em>datitudonuoniam</em></strong></span> <span class='ocrx_word' id='word_1_523' title='bbox 3530 1723 3715 1778; x_wconf 88' lang='lat' dir='ltr'><strong><em>multi-</em></strong></span> 
     </span>
    </p>
   </div>
   <div class='ocr_carea' id='block_1_72' title="bbox 2120 1812 3717 1885">
    <p class='ocr_par' dir='ltr' id='par_1_72' title="bbox 2120 1812 3717 1885">
     <span class='ocr_line' id='line_1_72' title="bbox 2120 1812 3717 1885; baseline 0.002 -19"><span class='ocrx_word' id='word_1_524' title='bbox 2120 1812 2305 1867; x_wconf 81' lang='lat' dir='ltr'><strong><em>fariam</em></strong></span> <span class='ocrx_word' id='word_1_525' title='bbox 2330 1829 2515 1869; x_wconf 81' lang='lat' dir='ltr'><strong><em>servos</em></strong></span> <span class='ocrx_word' id='word_1_526' title='bbox 2535 1814 2626 1869; x_wconf 91' lang='lat' dir='ltr'><strong><em>Dei</em></strong></span> <span class='ocrx_word' id='word_1_527' title='bbox 2657 1829 2758 1870; x_wconf 91' lang='lat' dir='ltr'><strong><em>nec</em></strong></span> <span class='ocrx_word' id='word_1_528' title='bbox 2784 1824 2986 1869; x_wconf 90' lang='lat' dir='ltr'><strong><em>tantum</em></strong></span> <span class='ocrx_word' id='word_1_529' title='bbox 3012 1816 3276 1885; x_wconf 87' lang='lat' dir='ltr'><strong><em>ignorata,</em></strong></span> <span class='ocrx_word' id='word_1_530' title='bbox 3301 1815 3397 1871; x_wconf 89' lang='lat' dir='ltr'><strong><em>sed</em></strong></span> <span class='ocrx_word' id='word_1_531' title='bbox 3425 1816 3585 1870; x_wconf 85' lang='lat' dir='ltr'><strong><em>etiam</em></strong></span> <span class='ocrx_word' id='word_1_532' title='bbox 3606 1815 3717 1869; x_wconf 87' lang='lat' dir='ltr'><strong><em>dis-</em></strong></span> 
     </span>
    </p>
   </div>
   <div class='ocr_carea' id='block_1_73' title="bbox 2120 1905 3717 1975">
    <p class='ocr_par' dir='ltr' id='par_1_73' title="bbox 2120 1905 3717 1975">
     <span class='ocr_line' id='line_1_73' title="bbox 2120 1905 3717 1975; baseline 0.001 -15"><span class='ocrx_word' id='word_1_533' title='bbox 2120 1905 2366 1960; x_wconf 88' lang='lat' dir='ltr'><strong><em>simulata</em></strong></span> <span class='ocrx_word' id='word_1_534' title='bbox 2413 1907 2691 1962; x_wconf 53' lang='lat' dir='ltr'><strong><em>subvertit.</em></strong></span> <span class='ocrx_word' id='word_1_535' title='bbox 2723 1908 2973 1974; x_wconf 81' lang='lat' dir='ltr'><strong><em>Plerique</em></strong></span> <span class='ocrx_word' id='word_1_536' title='bbox 3013 1907 3368 1962; x_wconf 77' lang='lat' dir='ltr'><strong><em>idololatriam</em></strong></span> <span class='ocrx_word' id='word_1_537' title='bbox 3401 1907 3717 1975; x_wconf 86' lang='lat' dir='ltr'><strong><em>simpliciter</em></strong></span> 
     </span>
    </p>
   </div>
   <div class='ocr_carea' id='block_1_74' title="bbox 2120 1998 3720 2071">
    <p class='ocr_par' dir='ltr' id='par_1_74' title="bbox 2120 1998 3720 2071">
     <span class='ocr_line' id='line_1_74' title="bbox 2120 1998 3720 2071; baseline 0.002 -18"><span class='ocrx_word' id='word_1_538' title='bbox 2120 1998 2432 2054; x_wconf 80' lang='lat' dir='ltr'><strong><em>existimant</em></strong></span> <span class='ocrx_word' id='word_1_539' title='bbox 2477 1999 2559 2054; x_wconf 88' lang='lat' dir='ltr'><strong><em>Itis</em></strong></span> <span class='ocrx_word' id='word_1_540' title='bbox 2597 2000 2728 2055; x_wconf 86' lang='lat' dir='ltr'><strong><em>solis</em></strong></span> <span class='ocrx_word' id='word_1_541' title='bbox 2758 1999 2930 2054; x_wconf 88' lang='lat' dir='ltr'><strong><em>modis</em></strong></span> <span class='ocrx_word' id='word_1_542' title='bbox 2971 2000 3428 2071; x_wconf 79' lang='lat' dir='ltr'><strong><em>intet‘pt&#39;etandam</em></strong></span> <span class='ocrx_word' id='word_1_543' title='bbox 3461 2020 3474 2055; x_wconf 90' lang='lat'><strong>:</strong></span> <span class='ocrx_word' id='word_1_544' title='bbox 3508 2002 3552 2055; x_wconf 83' lang='lat' dir='ltr'><strong><em>si</em></strong></span> <span class='ocrx_word' id='word_1_545' title='bbox 3596 2001 3720 2071; x_wconf 84' lang='lat' dir='ltr'><strong><em>quis</em></strong></span> 
     </span>
    </p>
   </div>
   <div class='ocr_carea' id='block_1_75' title="bbox 2120 2086 3715 2161">
    <p class='ocr_par' dir='ltr' id='par_1_75' title="bbox 2120 2086 3715 2161">
     <span class='ocr_line' id='line_1_75' title="bbox 2120 2086 3715 2161; baseline -0.001 -14"><span class='ocrx_word' id='word_1_546' title='bbox 2120 2101 2214 2147; x_wconf 86' lang='lat' dir='ltr'><strong><em>aut</em></strong></span> <span class='ocrx_word' id='word_1_547' title='bbox 2256 2092 2525 2159; x_wconf 87' lang='lat' dir='ltr'><strong><em>incendat,</em></strong></span> <span class='ocrx_word' id='word_1_548' title='bbox 2556 2105 2647 2147; x_wconf 89' lang='lat' dir='ltr'><strong><em>aut</em></strong></span> <span class='ocrx_word' id='word_1_549' title='bbox 2676 2086 2936 2155; x_wconf 79' lang='lat' dir='ltr'><strong><em>immolet,</em></strong></span> <span class='ocrx_word' id='word_1_550' title='bbox 2970 2105 3061 2147; x_wconf 89' lang='lat' dir='ltr'><strong><em>aut</em></strong></span> <span class='ocrx_word' id='word_1_551' title='bbox 3090 2094 3375 2161; x_wconf 88' lang='lat' dir='ltr'><strong><em>polluceat,</em></strong></span> <span class='ocrx_word' id='word_1_552' title='bbox 3407 2101 3501 2147; x_wconf 88' lang='lat' dir='ltr'><strong><em>aut</em></strong></span> <span class='ocrx_word' id='word_1_553' title='bbox 3545 2093 3715 2148; x_wconf 84' lang='lat' dir='ltr'><strong><em>sacris</em></strong></span> 
     </span>
    </p>
   </div>
   <div class='ocr_carea' id='block_1_76' title="bbox 2115 2183 3707 2258">
    <p class='ocr_par' dir='ltr' id='par_1_76' title="bbox 2115 2183 3707 2258">
     <span class='ocr_line' id='line_1_76' title="bbox 2115 2183 3707 2258; baseline -0.001 -19"><span class='ocrx_word' id='word_1_554' title='bbox 2115 2185 2380 2255; x_wconf 89' lang='lat' dir='ltr'><strong><em>aliquibus</em></strong></span> <span class='ocrx_word' id='word_1_555' title='bbox 2405 2194 2499 2239; x_wconf 90' lang='lat' dir='ltr'><strong><em>aut</em></strong></span> <span class='ocrx_word' id='word_1_556' title='bbox 2522 2184 2838 2240; x_wconf 87' lang='lat' dir='ltr'><strong><em>sacerdotiis</em></strong></span> <span class='ocrx_word' id='word_1_557' title='bbox 2858 2184 3124 2255; x_wconf 86' lang='lat' dir='ltr'><strong><em>obligetur</em></strong></span> <span class='ocrx_word' id='word_1_558' title='bbox 3150 2202 3165 2238; x_wconf 87' lang='lat'><strong>:</strong></span> <span class='ocrx_word' id='word_1_559' title='bbox 3188 2183 3641 2258; x_wconf 85' lang='lat' dir='ltr'><strong><em>quemadmodum</em></strong></span> <span class='ocrx_word' id='word_1_560' title='bbox 3659 2184 3707 2240; x_wconf 90' lang='lat' dir='ltr'><strong><em>si</em></strong></span> 
     </span>
    </p>
   </div>
   <div class='ocr_carea' id='block_1_77' title="bbox 2112 2276 3713 2349">
    <p class='ocr_par' dir='ltr' id='par_1_77' title="bbox 2112 2276 3713 2349">
     <span class='ocr_line' id='line_1_77' title="bbox 2112 2276 3713 2349; baseline 0.001 -19"><span class='ocrx_word' id='word_1_561' title='bbox 2112 2276 2233 2347; x_wconf 84' lang='lat' dir='ltr'><strong><em>quis</em></strong></span> <span class='ocrx_word' id='word_1_562' title='bbox 2257 2276 2535 2332; x_wconf 81' lang='lat' dir='ltr'><strong><em>existimet</em></strong></span> <span class='ocrx_word' id='word_1_563' title='bbox 2561 2277 2884 2333; x_wconf 86' lang='lat' dir='ltr'><strong><em>adulterium</em></strong></span> <span class='ocrx_word' id='word_1_564' title='bbox 2912 2279 2965 2333; x_wconf 91' lang='lat' dir='ltr'><strong><em>in</em></strong></span> <span class='ocrx_word' id='word_1_565' title='bbox 3006 2279 3231 2346; x_wconf 78' lang='lat' dir='ltr'><strong><em>osculis,</em></strong></span> <span class='ocrx_word' id='word_1_566' title='bbox 3272 2288 3329 2335; x_wconf 87' lang='lat' dir='ltr'><strong><em>et</em></strong></span> <span class='ocrx_word' id='word_1_567' title='bbox 3355 2280 3406 2335; x_wconf 93' lang='lat' dir='ltr'><strong><em>in</em></strong></span> <span class='ocrx_word' id='word_1_568' title='bbox 3438 2278 3713 2349; x_wconf 77' lang='lat' dir='ltr'><strong><em>amplexi-</em></strong></span> 
     </span>
    </p>
   </div>
   <div class='ocr_carea' id='block_1_78' title="bbox 2112 2368 3712 2442">
    <p class='ocr_par' dir='ltr' id='par_1_78' title="bbox 2112 2368 3712 2442">
     <span class='ocr_line' id='line_1_78' title="bbox 2112 2368 3712 2442; baseline 0.001 -17"><span class='ocrx_word' id='word_1_569' title='bbox 2112 2368 2234 2436; x_wconf 90' lang='lat' dir='ltr'><strong><em>bus,</em></strong></span> <span class='ocrx_word' id='word_1_570' title='bbox 2270 2379 2325 2424; x_wconf 91' lang='lat' dir='ltr'><strong><em>et</em></strong></span> <span class='ocrx_word' id='word_1_571' title='bbox 2354 2370 2406 2424; x_wconf 92' lang='lat' dir='ltr'><strong><em>in</em></strong></span> <span class='ocrx_word' id='word_1_572' title='bbox 2437 2370 2549 2440; x_wconf 87' lang='lat' dir='ltr'><strong><em>ipsa</em></strong></span> <span class='ocrx_word' id='word_1_573' title='bbox 2589 2372 2766 2425; x_wconf 85' lang='lat' dir='ltr'><strong><em>carnis</em></strong></span> <span class='ocrx_word' id='word_1_574' title='bbox 2797 2373 3181 2442; x_wconf 86' lang='lat' dir='ltr'><strong><em>congressione</em></strong></span> <span class='ocrx_word' id='word_1_575' title='bbox 3208 2372 3542 2429; x_wconf 88' lang='lat' dir='ltr'><strong><em>censendum</em></strong></span> <span class='ocrx_word' id='word_1_576' title='bbox 3576 2392 3589 2427; x_wconf 90' lang='lat'>:</span> <span class='ocrx_word' id='word_1_577' title='bbox 3618 2381 3712 2427; x_wconf 89' lang='lat' dir='ltr'><strong><em>aut</em></strong></span> 
     </span>
    </p>
   </div>
   <div class='ocr_carea' id='block_1_79' title="bbox 2113 2460 3709 2534">
    <p class='ocr_par' dir='ltr' id='par_1_79' title="bbox 2113 2460 3709 2534">
     <span class='ocr_line' id='line_1_79' title="bbox 2113 2460 3709 2534; baseline 0.002 -19"><span class='ocrx_word' id='word_1_578' title='bbox 2113 2460 2460 2516; x_wconf 86' lang='lat' dir='ltr'><strong><em>homicidium</em></strong></span> <span class='ocrx_word' id='word_1_579' title='bbox 2493 2462 2544 2516; x_wconf 92' lang='lat' dir='ltr'><strong><em>in</em></strong></span> <span class='ocrx_word' id='word_1_580' title='bbox 2571 2462 2683 2516; x_wconf 91' lang='lat' dir='ltr'><strong><em>sola</em></strong></span> <span class='ocrx_word' id='word_1_581' title='bbox 2709 2464 2984 2534; x_wconf 85' lang='lat' dir='ltr'><strong><em>sanguinis</em></strong></span> <span class='ocrx_word' id='word_1_582' title='bbox 3009 2464 3336 2533; x_wconf 84' lang='lat' dir='ltr'><strong><em>profusione,</em></strong></span> <span class='ocrx_word' id='word_1_583' title='bbox 3364 2473 3417 2521; x_wconf 90' lang='lat' dir='ltr'><strong><em>et.</em></strong></span> <span class='ocrx_word' id='word_1_584' title='bbox 3445 2466 3497 2519; x_wconf 93' lang='lat' dir='ltr'><strong><em>in</em></strong></span> <span class='ocrx_word' id='word_1_585' title='bbox 3514 2464 3709 2525; x_wconf 74' lang='lat' dir='ltr'><strong><em>anima:</em></strong></span> 
     </span>
    </p>
   </div>
   <div class='ocr_carea' id='block_1_80' title="bbox 2112 2555 3710 2632">
    <p class='ocr_par' dir='ltr' id='par_1_80' title="bbox 2112 2555 3710 2632">
     <span class='ocr_line' id='line_1_80' title="bbox 2112 2555 3710 2632; baseline 0.003 -22"><span class='ocrx_word' id='word_1_586' title='bbox 2112 2555 2389 2625; x_wconf 88' lang='lat' dir='ltr'><strong><em>ereptione</em></strong></span> <span class='ocrx_word' id='word_1_587' title='bbox 2418 2556 2773 2625; x_wconf 81' lang='lat' dir='ltr'><strong><em>reputandum</em></strong></span> <span class='ocrx_word' id='word_1_588' title='bbox 2805 2557 3056 2628; x_wconf 64' lang='lat' dir='ltr'><strong><em>(Mallia,</em></strong></span> <span class='ocrx_word' id='word_1_589' title='bbox 3093 2559 3154 2626; x_wconf 90' lang='lat' dir='ltr'><strong><em>V,</em></strong></span> <span class='ocrx_word' id='word_1_590' title='bbox 3177 2559 3249 2614; x_wconf 71' lang='grc'><strong><em>22</em></strong></span> <span class='ocrx_word' id='word_1_591' title='bbox 3270 2558 3313 2632; x_wconf 95' lang='grc'>).</span> <span class='ocrx_word' id='word_1_592' title='bbox 3340 2561 3550 2616; x_wconf 78' lang='lat' dir='ltr'><strong><em>Menitn</em></strong></span> <span class='ocrx_word' id='word_1_593' title='bbox 3600 2560 3710 2614; x_wconf 82' lang='lat' dir='ltr'><strong><em>Do-</em></strong></span> 
     </span>
    </p>
   </div>
   <div class='ocr_carea' id='block_1_81' title="bbox 2114 2645 3708 2720">
    <p class='ocr_par' dir='ltr' id='par_1_81' title="bbox 2114 2645 3708 2720">
     <span class='ocr_line' id='line_1_81' title="bbox 2114 2645 3708 2720; baseline 0.006 -22"><span class='ocrx_word' id='word_1_594' title='bbox 2114 2645 2292 2699; x_wconf 89' lang='lat' dir='ltr'><strong><em>minus</em></strong></span> <span class='ocrx_word' id='word_1_595' title='bbox 2311 2661 2469 2715; x_wconf 79' lang='lat' dir='ltr'><strong><em>quam</em></strong></span> <span class='ocrx_word' id='word_1_596' title='bbox 2491 2648 2773 2704; x_wconf 80' lang='lat' dir='ltr'><strong><em>extensius</em></strong></span> <span class='ocrx_word' id='word_1_597' title='bbox 2802 2649 2901 2703; x_wconf 88' lang='lat' dir='ltr'><strong><em>ista</em></strong></span> <span class='ocrx_word' id='word_1_598' title='bbox 2921 2649 3315 2720; x_wconf 86' lang='lat' dir='ltr'><strong><em>disponatcerti</em></strong></span> <span class='ocrx_word' id='word_1_599' title='bbox 3343 2667 3549 2715; x_wconf 86' lang='lat' dir='ltr'><strong><em>sumus,</em></strong></span> <span class='ocrx_word' id='word_1_600' title='bbox 3586 2667 3708 2707; x_wconf 87' lang='lat' dir='ltr'><strong><em>cum</em></strong></span> 
     </span>
    </p>
   </div>
   <div class='ocr_carea' id='block_1_82' title="bbox 2114 2734 3709 2816">
    <p class='ocr_par' dir='ltr' id='par_1_82' title="bbox 2114 2734 3709 2816">
     <span class='ocr_line' id='line_1_82' title="bbox 2114 2734 3709 2816; baseline 0.006 -25"><span class='ocrx_word' id='word_1_601' title='bbox 2114 2738 2437 2795; x_wconf 86' lang='lat' dir='ltr'><strong><em>adulterium</em></strong></span> <span class='ocrx_word' id='word_1_602' title='bbox 2469 2742 2630 2796; x_wconf 90' lang='lat' dir='ltr'><strong><em>etiam</em></strong></span> <span class='ocrx_word' id='word_1_603' title='bbox 2662 2742 2712 2795; x_wconf 89' lang='lat' dir='ltr'><strong><em>in</em></strong></span> <span class='ocrx_word' id='word_1_604' title='bbox 2747 2734 3176 2813; x_wconf 88' lang='lat' dir='ltr'><strong><em>concupiscentia</em></strong></span> <span class='ocrx_word' id='word_1_605' title='bbox 3202 2745 3479 2816; x_wconf 75' lang='lat' dir='ltr'><strong><em>designat,</em></strong></span> <span class='ocrx_word' id='word_1_606' title='bbox 3512 2746 3555 2799; x_wconf 88' lang='lat' dir='ltr'><strong><em>si</em></strong></span> <span class='ocrx_word' id='word_1_607' title='bbox 3577 2760 3709 2800; x_wconf 89' lang='lat' dir='ltr'><strong><em>ocu-</em></strong></span> 
     </span>
    </p>
   </div>
   <div class='ocr_carea' id='block_1_83' title="bbox 2114 2834 3708 2907">
    <p class='ocr_par' dir='ltr' id='par_1_83' title="bbox 2114 2834 3708 2907">
     <span class='ocr_line' id='line_1_83' title="bbox 2114 2834 3708 2907; baseline 0.005 -20"><span class='ocrx_word' id='word_1_608' title='bbox 2114 2834 2222 2888; x_wconf 91' lang='lat' dir='ltr'><strong><em>lum</em></strong></span> <span class='ocrx_word' id='word_1_609' title='bbox 2247 2834 2365 2904; x_wconf 90' lang='lat' dir='ltr'><strong><em>quis</em></strong></span> <span class='ocrx_word' id='word_1_610' title='bbox 2405 2835 2686 2907; x_wconf 87' lang='lat' dir='ltr'><strong><em>impegerit</em></strong></span> <span class='ocrx_word' id='word_1_611' title='bbox 2716 2837 3020 2904; x_wconf 89' lang='lat' dir='ltr'><strong><em>libidinose,</em></strong></span> <span class='ocrx_word' id='word_1_612' title='bbox 3051 2847 3105 2894; x_wconf 91' lang='lat' dir='ltr'><strong><em>et</em></strong></span> <span class='ocrx_word' id='word_1_613' title='bbox 3134 2839 3367 2893; x_wconf 83' lang='lat' dir='ltr'><strong><em>animant</em></strong></span> <span class='ocrx_word' id='word_1_614' title='bbox 3393 2854 3708 2895; x_wconf 75' lang='lat' dir='ltr'><strong><em>commove-</em></strong></span> 
     </span>
    </p>
   </div>
   <div class='ocr_carea' id='block_1_84' title="bbox 2112 2925 3707 3000">
    <p class='ocr_par' dir='ltr' id='par_1_84' title="bbox 2112 2925 3707 3000">
     <span class='ocr_line' id='line_1_84' title="bbox 2112 2925 3707 3000; baseline 0.003 -19"><span class='ocrx_word' id='word_1_615' title='bbox 2112 2926 2187 2981; x_wconf 88' lang='lat' dir='ltr'><strong><em>rit</em></strong></span> <span class='ocrx_word' id='word_1_616' title='bbox 2216 2925 2484 2997; x_wconf 87' lang='lat' dir='ltr'><strong><em>impudice</em></strong></span> <span class='ocrx_word' id='word_1_617' title='bbox 2529 2926 2800 3000; x_wconf 85' lang='lat' dir='ltr'><strong><em>(ibidem)</em></strong></span> <span class='ocrx_word' id='word_1_618' title='bbox 2850 2947 2865 2984; x_wconf 90' lang='lat'><strong>:</strong></span> <span class='ocrx_word' id='word_1_619' title='bbox 2906 2944 3028 2984; x_wconf 89' lang='lat' dir='ltr'><strong><em>eum</em></strong></span> <span class='ocrx_word' id='word_1_620' title='bbox 3062 2929 3409 2985; x_wconf 83' lang='lat' dir='ltr'><strong><em>homicidium</em></strong></span> <span class='ocrx_word' id='word_1_621' title='bbox 3452 2929 3614 2986; x_wconf 87' lang='lat' dir='ltr'><strong><em>etiam</em></strong></span> <span class='ocrx_word' id='word_1_622' title='bbox 3655 2930 3707 2985; x_wconf 91' lang='lat' dir='ltr'><strong><em>in</em></strong></span> 
     </span>
    </p>
   </div>
   <div class='ocr_carea' id='block_1_85' title="bbox 2113 3018 3708 3096">
    <p class='ocr_par' dir='ltr' id='par_1_85' title="bbox 2113 3018 3708 3096">
     <span class='ocr_line' id='line_1_85' title="bbox 2113 3018 3708 3096; baseline 0.004 -24"><span class='ocrx_word' id='word_1_623' title='bbox 2113 3018 2279 3073; x_wconf 88' lang='lat' dir='ltr'><strong><em>verbo</em></strong></span> <span class='ocrx_word' id='word_1_624' title='bbox 2322 3018 2597 3075; x_wconf 87' lang='lat' dir='ltr'><strong><em>maledicti</em></strong></span> <span class='ocrx_word' id='word_1_625' title='bbox 2628 3021 2714 3075; x_wconf 90' lang='lat' dir='ltr'><strong><em>vel</em></strong></span> <span class='ocrx_word' id='word_1_626' title='bbox 2753 3021 2977 3077; x_wconf 89' lang='lat' dir='ltr'><strong><em>convicii</em></strong></span> <span class='ocrx_word' id='word_1_627' title='bbox 3006 3021 3212 3091; x_wconf 89' lang='lat' dir='ltr'><strong><em>judicat</em></strong></span> <span class='ocrx_word' id='word_1_628' title='bbox 3252 3022 3352 3096; x_wconf 91' lang='lat'><strong><em>(9),</em></strong></span> <span class='ocrx_word' id='word_1_629' title='bbox 3387 3031 3442 3078; x_wconf 91' lang='lat' dir='ltr'><strong><em>e‘.</em></strong></span> <span class='ocrx_word' id='word_1_630' title='bbox 3477 3024 3531 3078; x_wconf 91' lang='lat' dir='ltr'><strong><em>in</em></strong></span> <span class='ocrx_word' id='word_1_631' title='bbox 3561 3022 3708 3078; x_wconf 86' lang='lat' dir='ltr'><strong><em>omni</em></strong></span> 
     </span>
    </p>
   </div>
   <div class='ocr_carea' id='block_1_86' title="bbox 2114 3102 3706 3184">
    <p class='ocr_par' dir='ltr' id='par_1_86' title="bbox 2114 3102 3706 3184">
     <span class='ocr_line' id='line_1_86' title="bbox 2114 3102 3706 3184; baseline 0.006 -21"><span class='ocrx_word' id='word_1_632' title='bbox 2114 3109 2314 3180; x_wconf 88' lang='lat' dir='ltr'><strong><em>impetu</em></strong></span> <span class='ocrx_word' id='word_1_633' title='bbox 2344 3112 2458 3178; x_wconf 68' lang='lat' dir='ltr'><strong><em>irae,</em></strong></span> <span class='ocrx_word' id='word_1_634' title='bbox 2491 3120 2546 3166; x_wconf 90' lang='lat' dir='ltr'><strong><em>et</em></strong></span> <span class='ocrx_word' id='word_1_635' title='bbox 2578 3112 2631 3166; x_wconf 94' lang='lat' dir='ltr'><strong><em>in</em></strong></span> <span class='ocrx_word' id='word_1_636' title='bbox 2659 3112 2981 3184; x_wconf 80' lang='lat' dir='ltr'><strong><em>negligentia</em></strong></span> <span class='ocrx_word' id='word_1_637' title='bbox 3017 3102 3255 3170; x_wconf 81' lang='lat' dir='ltr'><strong><em>caritatis</em></strong></span> <span class='ocrx_word' id='word_1_638' title='bbox 3282 3114 3334 3170; x_wconf 92' lang='lat' dir='ltr'><strong><em>in</em></strong></span> <span class='ocrx_word' id='word_1_639' title='bbox 3358 3114 3601 3171; x_wconf 89' lang='lat' dir='ltr'><strong><em>fratrem.</em></strong></span> <span class='ocrx_word' id='word_1_640' title='bbox 3621 3115 3706 3172; x_wconf 88' lang='lat' dir='ltr'><strong><em>Si-</em></strong></span> 
     </span>
    </p>
   </div>
   <div class='ocr_carea' id='block_1_87' title="bbox 2111 3200 3706 3281">
    <p class='ocr_par' dir='ltr' id='par_1_87' title="bbox 2111 3200 3706 3281">
     <span class='ocr_line' id='line_1_87' title="bbox 2111 3200 3706 3281; baseline 0.005 -25"><span class='ocrx_word' id='word_1_641' title='bbox 2111 3211 2202 3257; x_wconf 91' lang='lat' dir='ltr'><strong><em>cut</em></strong></span> <span class='ocrx_word' id='word_1_642' title='bbox 2231 3200 2437 3275; x_wconf 83' lang='lat' dir='ltr'><strong><em>(Joan.,</em></strong></span> <span class='ocrx_word' id='word_1_643' title='bbox 2468 3202 2559 3269; x_wconf 89' lang='lat' dir='ltr'><strong><em>lll,</em></strong></span> <span class='ocrx_word' id='word_1_644' title='bbox 2582 3204 2671 3273; x_wconf 79' lang='grc'><strong><em>15)</em></strong></span> <span class='ocrx_word' id='word_1_645' title='bbox 2687 3204 2925 3261; x_wconf 80' lang='lat' dir='ltr'><strong><em>Joannes</em></strong></span> <span class='ocrx_word' id='word_1_646' title='bbox 2945 3205 3102 3262; x_wconf 86' lang='lat' dir='ltr'><strong><em>docet</em></strong></span> <span class='ocrx_word' id='word_1_647' title='bbox 3129 3207 3452 3263; x_wconf 89' lang='lat' dir='ltr'><strong><em>homicidam</em></strong></span> <span class='ocrx_word' id='word_1_648' title='bbox 3473 3223 3595 3264; x_wconf 89' lang='lat' dir='ltr'><strong><em>esse</em></strong></span> <span class='ocrx_word' id='word_1_649' title='bbox 3614 3209 3706 3281; x_wconf 88' lang='lat' dir='ltr'><strong><em>qui</em></strong></span> 
     </span>
    </p>
   </div>
   <div class='ocr_carea' id='block_1_88' title="bbox 2111 3293 3709 3367">
    <p class='ocr_par' dir='ltr' id='par_1_88' title="bbox 2111 3293 3709 3367">
     <span class='ocr_line' id='line_1_88' title="bbox 2111 3293 3709 3367; baseline 0.006 -19"><span class='ocrx_word' id='word_1_650' title='bbox 2111 3293 2285 3349; x_wconf 88' lang='lat' dir='ltr'><strong><em>oderit</em></strong></span> <span class='ocrx_word' id='word_1_651' title='bbox 2331 3294 2571 3351; x_wconf 85' lang='lat' dir='ltr'><strong><em>fratrem.</em></strong></span> <span class='ocrx_word' id='word_1_652' title='bbox 2605 3297 2854 3367; x_wconf 86' lang='lat' dir='ltr'><strong><em>Alioquin</em></strong></span> <span class='ocrx_word' id='word_1_653' title='bbox 2903 3299 2957 3353; x_wconf 91' lang='lat' dir='ltr'><strong><em>in</em></strong></span> <span class='ocrx_word' id='word_1_654' title='bbox 3004 3298 3218 3354; x_wconf 87' lang='lat' dir='ltr'><strong><em>modico</em></strong></span> <span class='ocrx_word' id='word_1_655' title='bbox 3269 3301 3609 3367; x_wconf 89' lang='lat' dir='ltr'><strong><em>consisteret,</em></strong></span> <span class='ocrx_word' id='word_1_656' title='bbox 3654 3309 3709 3357; x_wconf 89' lang='lat' dir='ltr'><strong><em>et</em></strong></span> 
     </span>
    </p>
   </div>
   <div class='ocr_carea' id='block_1_89' title="bbox 2109 3388 3707 3467">
    <p class='ocr_par' dir='ltr' id='par_1_89' title="bbox 2109 3388 3707 3467">
     <span class='ocr_line' id='line_1_89' title="bbox 2109 3388 3707 3467; baseline 0.003 -23"><span class='ocrx_word' id='word_1_657' title='bbox 2109 3388 2308 3444; x_wconf 91' lang='lat' dir='ltr'><strong><em>diaboli</em></strong></span> <span class='ocrx_word' id='word_1_658' title='bbox 2337 3388 2608 3461; x_wconf 89' lang='lat' dir='ltr'><strong><em>ingenium</em></strong></span> <span class='ocrx_word' id='word_1_659' title='bbox 2649 3389 2717 3445; x_wconf 87' lang='lat' dir='ltr'><strong><em>de</em></strong></span> <span class='ocrx_word' id='word_1_660' title='bbox 2759 3391 2978 3457; x_wconf 74' lang='lat' dir='ltr'><strong><em>malitia,</em></strong></span> <span class='ocrx_word' id='word_1_661' title='bbox 3011 3401 3065 3447; x_wconf 86' lang='lat' dir='ltr'><strong><em>et</em></strong></span> <span class='ocrx_word' id='word_1_662' title='bbox 3111 3392 3203 3448; x_wconf 90' lang='lat' dir='ltr'><strong><em>Dei</em></strong></span> <span class='ocrx_word' id='word_1_663' title='bbox 3253 3392 3461 3448; x_wconf 88' lang='lat' dir='ltr'><strong><em>Domini</em></strong></span> <span class='ocrx_word' id='word_1_664' title='bbox 3494 3393 3612 3467; x_wconf 78' lang='lat'><strong><em>(10)</em></strong></span> <span class='ocrx_word' id='word_1_665' title='bbox 3638 3392 3707 3449; x_wconf 87' lang='lat' dir='ltr'><strong><em>de</em></strong></span> 
     </span>
    </p>
   </div>
   <div class='ocr_carea' id='block_1_90' title="bbox 2110 3480 3709 3559">
    <p class='ocr_par' dir='ltr' id='par_1_90' title="bbox 2110 3480 3709 3559">
     <span class='ocr_line' id='line_1_90' title="bbox 2110 3480 3709 3559; baseline 0.004 -23"><span class='ocrx_word' id='word_1_666' title='bbox 2110 3480 2412 3553; x_wconf 80' lang='lat' dir='ltr'><strong><em>disciplina,</em></strong></span> <span class='ocrx_word' id='word_1_667' title='bbox 2444 3497 2549 3554; x_wconf 90' lang='lat' dir='ltr'><strong><em>qua</em></strong></span> <span class='ocrx_word' id='word_1_668' title='bbox 2583 3498 2686 3538; x_wconf 86' lang='lat' dir='ltr'><strong><em>nos</em></strong></span> <span class='ocrx_word' id='word_1_669' title='bbox 2715 3483 2978 3539; x_wconf 82' lang='lat' dir='ltr'><strong><em>adversus</em></strong></span> <span class='ocrx_word' id='word_1_670' title='bbox 3004 3483 3204 3539; x_wconf 89' lang='lat' dir='ltr'><strong><em>diaboli</em></strong></span> <span class='ocrx_word' id='word_1_671' title='bbox 3231 3484 3544 3541; x_wconf 88' lang='lat' dir='ltr'><strong><em>altitudines</em></strong></span> <span class='ocrx_word' id='word_1_672' title='bbox 3590 3484 3709 3559; x_wconf 76' lang='lat' dir='ltr'><strong><em>(ti)</em></strong></span> 
     </span>
    </p>
   </div>
   <div class='ocr_carea' id='block_1_91' title="bbox 2110 3574 3703 3650">
    <p class='ocr_par' dir='ltr' id='par_1_91' title="bbox 2110 3574 3703 3650">
     <span class='ocr_line' id='line_1_91' title="bbox 2110 3574 3703 3650; baseline 0.002 -19"><span class='ocrx_word' id='word_1_673' title='bbox 2110 3576 2282 3631; x_wconf 88' lang='lat' dir='ltr'><strong><em>muttit</em></strong></span> <span class='ocrx_word' id='word_1_674' title='bbox 2311 3577 2329 3647; x_wconf 94' lang='lat'><strong><em>(</em></strong></span> <span class='ocrx_word' id='word_1_675' title='bbox 2354 3574 2571 3642; x_wconf 80' lang='lat' dir='ltr'><strong><em>Matth.,</em></strong></span> <span class='ocrx_word' id='word_1_676' title='bbox 2607 3575 2672 3642; x_wconf 86' lang='lat' dir='ltr'><strong><em>V,</em></strong></span> <span class='ocrx_word' id='word_1_677' title='bbox 2699 3579 2772 3648; x_wconf 85' lang='lat' dir='ltr'><strong><em>cf.</em></strong></span> <span class='ocrx_word' id='word_1_678' title='bbox 2810 3577 2999 3647; x_wconf 56' lang='lat' dir='ltr'><strong><em>Apum,</em></strong></span> <span class='ocrx_word' id='word_1_679' title='bbox 3031 3577 3096 3634; x_wconf 74' lang='grc' dir='ltr'><strong><em>ν.</em></strong></span> <span class='ocrx_word' id='word_1_680' title='bbox 3123 3577 3243 3649; x_wconf 63' lang='grc'><strong><em>24),</em></strong></span> <span class='ocrx_word' id='word_1_681' title='bbox 3275 3578 3321 3633; x_wconf 88' lang='lat' dir='ltr'><strong><em>si</em></strong></span> <span class='ocrx_word' id='word_1_682' title='bbox 3367 3579 3419 3633; x_wconf 91' lang='lat' dir='ltr'><strong><em>in</em></strong></span> <span class='ocrx_word' id='word_1_683' title='bbox 3462 3577 3546 3633; x_wconf 84' lang='lat' dir='ltr'><strong><em>his</em></strong></span> <span class='ocrx_word' id='word_1_684' title='bbox 3586 3578 3703 3650; x_wconf 77' lang='lat' dir='ltr'><strong><em>(l2)</em></strong></span> 
     </span>
    </p>
   </div>
   <div class='ocr_carea' id='block_1_92' title="bbox 2111 3668 3702 3740">
    <p class='ocr_par' dir='ltr' id='par_1_92' title="bbox 2111 3668 3702 3740">
     <span class='ocr_line' id='line_1_92' title="bbox 2111 3668 3702 3740; baseline 0.001 -17"><span class='ocrx_word' id='word_1_685' title='bbox 2111 3678 2317 3724; x_wconf 89' lang='lat' dir='ltr'><strong><em>tantum</em></strong></span> <span class='ocrx_word' id='word_1_686' title='bbox 2339 3668 2547 3724; x_wconf 91' lang='lat' dir='ltr'><strong><em>delictis</em></strong></span> <span class='ocrx_word' id='word_1_687' title='bbox 2568 3668 2955 3739; x_wconf 87' lang='lat' dir='ltr'><strong><em>judicaremur,</em></strong></span> <span class='ocrx_word' id='word_1_688' title='bbox 2988 3685 3109 3740; x_wconf 75' lang='lat' dir='ltr'><strong><em>qua:</em></strong></span> <span class='ocrx_word' id='word_1_689' title='bbox 3133 3670 3295 3726; x_wconf 87' lang='lat' dir='ltr'><strong><em>etiam</em></strong></span> <span class='ocrx_word' id='word_1_690' title='bbox 3322 3670 3570 3727; x_wconf 88' lang='lat' dir='ltr'><strong><em>nationes</em></strong></span> <span class='ocrx_word' id='word_1_691' title='bbox 3606 3669 3702 3726; x_wconf 80' lang='lat' dir='ltr'><strong><em>de-</em></strong></span> 
     </span>
    </p>
   </div>
   <div class='ocr_carea' id='block_1_93' title="bbox 2108 3759 3704 3831">
    <p class='ocr_par' dir='ltr' id='par_1_93' title="bbox 2108 3759 3704 3831">
     <span class='ocr_line' id='line_1_93' title="bbox 2108 3759 3704 3831; baseline 0 -15"><span class='ocrx_word' id='word_1_692' title='bbox 2108 3770 2394 3817; x_wconf 86' lang='lat' dir='ltr'><strong><em>creverunt</em></strong></span> <span class='ocrx_word' id='word_1_693' title='bbox 2436 3760 2774 3816; x_wconf 84' lang='lat' dir='ltr'><strong><em>vindicanda.</em></strong></span> <span class='ocrx_word' id='word_1_694' title='bbox 2826 3759 3109 3828; x_wconf 91' lang='lat' dir='ltr'><strong><em>Quomodo</em></strong></span> <span class='ocrx_word' id='word_1_695' title='bbox 3155 3761 3451 3816; x_wconf 86' lang='lat' dir='ltr'><strong><em>abundabit</em></strong></span> <span class='ocrx_word' id='word_1_696' title='bbox 3499 3761 3704 3831; x_wconf 87' lang='lat' dir='ltr'><strong><em>justitia</em></strong></span> 
     </span>
    </p>
   </div>
   <div class='ocr_carea' id='block_1_94' title="bbox 2108 3854 3704 3925">
    <p class='ocr_par' dir='ltr' id='par_1_94' title="bbox 2108 3854 3704 3925">
     <span class='ocr_line' id='line_1_94' title="bbox 2108 3854 3704 3925; baseline 0.001 -17"><span class='ocrx_word' id='word_1_697' title='bbox 2108 3864 2289 3909; x_wconf 87' lang='lat' dir='ltr'><strong><em>nostra</em></strong></span> <span class='ocrx_word' id='word_1_698' title='bbox 2319 3869 2484 3923; x_wconf 87' lang='lat' dir='ltr'><strong><em>super</em></strong></span> <span class='ocrx_word' id='word_1_699' title='bbox 2508 3854 2711 3909; x_wconf 90' lang='lat' dir='ltr'><strong><em>scribas</em></strong></span> <span class='ocrx_word' id='word_1_700' title='bbox 2740 3864 2795 3909; x_wconf 91' lang='lat' dir='ltr'><strong><em>et</em></strong></span> <span class='ocrx_word' id='word_1_701' title='bbox 2820 3854 3138 3925; x_wconf 71' lang='lat' dir='ltr'><strong><em>pharisazos,</em></strong></span> <span class='ocrx_word' id='word_1_702' title='bbox 3173 3864 3230 3911; x_wconf 89' lang='lat' dir='ltr'><strong><em>ut</em></strong></span> <span class='ocrx_word' id='word_1_703' title='bbox 3260 3854 3522 3909; x_wconf 86' lang='lat' dir='ltr'><strong><em>Dominus</em></strong></span> <span class='ocrx_word' id='word_1_704' title='bbox 3561 3869 3704 3925; x_wconf 75' lang='lat' dir='ltr'><strong><em>prte-</em></strong></span> 
     </span>
    </p>
   </div>
   <div class='ocr_carea' id='block_1_95' title="bbox 2108 3944 3708 4016">
    <p class='ocr_par' dir='ltr' id='par_1_95' title="bbox 2108 3944 3708 4016">
     <span class='ocr_line' id='line_1_95' title="bbox 2108 3944 3708 4016; baseline -0.001 -15"><span class='ocrx_word' id='word_1_705' title='bbox 2108 3946 2345 4016; x_wconf 87' lang='lat' dir='ltr'><strong><em>scripsit,</em></strong></span> <span class='ocrx_word' id='word_1_706' title='bbox 2375 3945 2474 4000; x_wconf 86' lang='lat' dir='ltr'><strong><em>nisi</em></strong></span> <span class='ocrx_word' id='word_1_707' title='bbox 2502 3945 2885 4000; x_wconf 89' lang='lat' dir='ltr'><strong><em>abundantiam</em></strong></span> <span class='ocrx_word' id='word_1_708' title='bbox 2913 3944 3238 4001; x_wconf 75' lang='lat' dir='ltr'><strong><em>adversaria:</em></strong></span> <span class='ocrx_word' id='word_1_709' title='bbox 3267 3946 3404 4015; x_wconf 84' lang='lat' dir='ltr'><strong><em>ejus,</em></strong></span> <span class='ocrx_word' id='word_1_710' title='bbox 3438 3945 3488 4000; x_wconf 88' lang='lat' dir='ltr'><strong><em>id</em></strong></span> <span class='ocrx_word' id='word_1_711' title='bbox 3515 3957 3599 4001; x_wconf 90' lang='lat' dir='ltr'><strong><em>est</em></strong></span> <span class='ocrx_word' id='word_1_712' title='bbox 3626 3946 3708 4000; x_wconf 86' lang='lat' dir='ltr'><strong><em>in-</em></strong></span> 
     </span>
    </p>
   </div>
   <div class='ocr_carea' id='block_1_96' title="bbox 2103 4037 3705 4110">
    <p class='ocr_par' dir='ltr' id='par_1_96' title="bbox 2103 4037 3705 4110">
     <span class='ocr_line' id='line_1_96' title="bbox 2103 4037 3705 4110; baseline 0 -16"><span class='ocrx_word' id='word_1_713' title='bbox 2103 4038 2326 4110; x_wconf 67' lang='lat' dir='ltr'><strong><em>iustitia:</em></strong></span> <span class='ocrx_word' id='word_1_714' title='bbox 2352 4039 2826 4110; x_wconf 78' lang='lat' dir='ltr'><strong><em>perspexerimus?</em></strong></span> <span class='ocrx_word' id='word_1_715' title='bbox 2855 4037 3007 4107; x_wconf 85' lang='lat' dir='ltr'><strong><em>Quod</em></strong></span> <span class='ocrx_word' id='word_1_716' title='bbox 3039 4039 3083 4093; x_wconf 87' lang='lat' dir='ltr'><strong><em>si</em></strong></span> <span class='ocrx_word' id='word_1_717' title='bbox 3111 4050 3272 4107; x_wconf 82' lang='lat' dir='ltr'><strong><em>caput</em></strong></span> <span class='ocrx_word' id='word_1_718' title='bbox 3298 4039 3568 4108; x_wconf 77' lang='lat' dir='ltr'><strong><em>injustitize</em></strong></span> <span class='ocrx_word' id='word_1_719' title='bbox 3587 4039 3705 4094; x_wconf 87' lang='lat' dir='ltr'><strong><em>ido-</em></strong></span> 
     </span>
    </p>
   </div>
   <div class='ocr_carea' id='block_1_97' title="bbox 2105 4122 3707 4200">
    <p class='ocr_par' dir='ltr' id='par_1_97' title="bbox 2105 4122 3707 4200">
     <span class='ocr_line' id='line_1_97' title="bbox 2105 4122 3707 4200; baseline -0.001 -13"><span class='ocrx_word' id='word_1_720' title='bbox 2105 4131 2316 4187; x_wconf 89' lang='lat' dir='ltr'><strong><em>lolatria</em></strong></span> <span class='ocrx_word' id='word_1_721' title='bbox 2355 4139 2458 4195; x_wconf 88' lang='lat' dir='ltr'><strong><em>est,</em></strong></span> <span class='ocrx_word' id='word_1_722' title='bbox 2488 4132 2635 4200; x_wconf 87' lang='lat' dir='ltr'><strong><em>prius</em></strong></span> <span class='ocrx_word' id='word_1_723' title='bbox 2677 4140 2760 4186; x_wconf 89' lang='lat' dir='ltr'><strong><em>est</em></strong></span> <span class='ocrx_word' id='word_1_724' title='bbox 2788 4133 2861 4186; x_wconf 92' lang='lat' dir='ltr'><strong><em>uti</em></strong></span> <span class='ocrx_word' id='word_1_725' title='bbox 2894 4131 3158 4187; x_wconf 90' lang='lat' dir='ltr'><strong><em>adversus</em></strong></span> <span class='ocrx_word' id='word_1_726' title='bbox 3181 4122 3564 4187; x_wconf 82' lang='lat' dir='ltr'><strong><em>abundantiam</em></strong></span> <span class='ocrx_word' id='word_1_727' title='bbox 3592 4130 3707 4186; x_wconf 91' lang='lat' dir='ltr'><strong><em>ido—</em></strong></span> 
     </span>
    </p>
   </div>
   <div class='ocr_carea' id='block_1_98' title="bbox 2104 4224 3704 4295">
    <p class='ocr_par' dir='ltr' id='par_1_98' title="bbox 2104 4224 3704 4295">
     <span class='ocr_line' id='line_1_98' title="bbox 2104 4224 3704 4295; baseline -0.003 -13"><span class='ocrx_word' id='word_1_728' title='bbox 2104 4226 2331 4282; x_wconf 77' lang='lat' dir='ltr'><strong><em>lolatria:</em></strong></span> <span class='ocrx_word' id='word_1_729' title='bbox 2363 4224 2804 4295; x_wconf 74' lang='lat' dir='ltr'><strong><em>prmmuniamur,</em></strong></span> <span class='ocrx_word' id='word_1_730' title='bbox 2832 4224 2959 4280; x_wconf 91' lang='lat' dir='ltr'><strong><em>dum</em></strong></span> <span class='ocrx_word' id='word_1_731' title='bbox 2994 4225 3133 4280; x_wconf 88' lang='lat' dir='ltr'><strong><em>illam</em></strong></span> <span class='ocrx_word' id='word_1_732' title='bbox 3160 4241 3267 4281; x_wconf 91' lang='lat' dir='ltr'><strong><em>non</em></strong></span> <span class='ocrx_word' id='word_1_733' title='bbox 3299 4225 3472 4281; x_wconf 91' lang='lat' dir='ltr'><strong><em>solum</em></strong></span> <span class='ocrx_word' id='word_1_734' title='bbox 3504 4225 3557 4280; x_wconf 92' lang='lat' dir='ltr'><strong><em>in</em></strong></span> <span class='ocrx_word' id='word_1_735' title='bbox 3588 4239 3704 4279; x_wconf 85' lang='lat' dir='ltr'><strong><em>ma-</em></strong></span> 
     </span>
    </p>
   </div>
   <div class='ocr_carea' id='block_1_99' title="bbox 2106 4317 2794 4389">
    <p class='ocr_par' dir='ltr' id='par_1_99' title="bbox 2106 4317 2794 4389">
     <span class='ocr_line' id='line_1_99' title="bbox 2106 4317 2794 4389; baseline -0.003 -15"><span class='ocrx_word' id='word_1_736' title='bbox 2106 4318 2314 4376; x_wconf 89' lang='lat' dir='ltr'><strong><em>nifestis</em></strong></span> <span class='ocrx_word' id='word_1_737' title='bbox 2339 4317 2794 4389; x_wconf 89' lang='lat' dir='ltr'><strong><em>recognoscimus.</em></strong></span> 
     </span>
    </p>
   </div>
   <div class='ocr_carea' id='block_1_100' title="bbox 2709 4410 3075 4477">
    <p class='ocr_par' dir='ltr' id='par_1_100' title="bbox 2709 4410 3075 4477">
     <span class='ocr_line' id='line_1_100' title="bbox 2709 4410 3075 4477; baseline -0.008 -10"><span class='ocrx_word' id='word_1_738' title='bbox 2709 4410 2940 4468; x_wconf 81' lang='lat' dir='ltr'><strong><em>CAPUT</em></strong></span> <span class='ocrx_word' id='word_1_739' title='bbox 2988 4412 3075 4477; x_wconf 83' lang='lat' dir='ltr'><strong><em>Ill.</em></strong></span> 
     </span>
    </p>
   </div>
   <div class='ocr_carea' id='block_1_101' title="bbox 2173 4502 3703 4575">
    <p class='ocr_par' dir='ltr' id='par_1_101' title="bbox 2173 4502 3703 4575">
     <span class='ocr_line' id='line_1_101' title="bbox 2173 4502 3703 4575; baseline 0 -16"><span class='ocrx_word' id='word_1_740' title='bbox 2173 4503 2378 4559; x_wconf 86' lang='lat' dir='ltr'><strong><em>Idolum</em></strong></span> <span class='ocrx_word' id='word_1_741' title='bbox 2451 4502 2760 4575; x_wconf 83' lang='lat' dir='ltr'><strong><em>aliquandiu</em></strong></span> <span class='ocrx_word' id='word_1_742' title='bbox 2823 4512 2969 4559; x_wconf 87' lang='lat' dir='ltr'><strong><em>retro</em></strong></span> <span class='ocrx_word' id='word_1_743' title='bbox 3043 4518 3147 4557; x_wconf 90' lang='lat' dir='ltr'><strong><em>non</em></strong></span> <span class='ocrx_word' id='word_1_744' title='bbox 3196 4513 3331 4559; x_wconf 88' lang='lat' dir='ltr'><strong><em>erat.</em></strong></span> <span class='ocrx_word' id='word_1_745' title='bbox 3384 4502 3703 4575; x_wconf 85' lang='lat' dir='ltr'><strong><em>Priusquam</em></strong></span> 
     </span>
    </p>
   </div>
   <div class='ocr_carea' id='block_1_102' title="bbox 2103 4595 3705 4668">
    <p class='ocr_par' dir='ltr' id='par_1_102' title="bbox 2103 4595 3705 4668">
     <span class='ocr_line' id='line_1_102' title="bbox 2103 4595 3705 4668; baseline 0.001 -18"><span class='ocrx_word' id='word_1_746' title='bbox 2103 4596 2261 4668; x_wconf 87' lang='lat' dir='ltr'><strong><em>hujus</em></strong></span> <span class='ocrx_word' id='word_1_747' title='bbox 2303 4595 2529 4652; x_wconf 89' lang='lat' dir='ltr'><strong><em>monstri</em></strong></span> <span class='ocrx_word' id='word_1_748' title='bbox 2575 4597 2807 4651; x_wconf 87' lang='lat' dir='ltr'><strong><em>artifices</em></strong></span> <span class='ocrx_word' id='word_1_749' title='bbox 2852 4596 3186 4660; x_wconf 84' lang='lat' dir='ltr'><strong><em>ebullisscnt,</em></strong></span> <span class='ocrx_word' id='word_1_750' title='bbox 3236 4596 3351 4651; x_wconf 90' lang='lat' dir='ltr'><strong><em>sola</em></strong></span> <span class='ocrx_word' id='word_1_751' title='bbox 3399 4596 3595 4666; x_wconf 87' lang='lat' dir='ltr'><strong><em>templa</em></strong></span> <span class='ocrx_word' id='word_1_752' title='bbox 3647 4604 3705 4652; x_wconf 88' lang='lat' dir='ltr'><strong><em>et</em></strong></span> 
     </span>
    </p>
   </div>
   <div class='ocr_carea' id='block_1_103' title="bbox 2100 4688 3704 4761">
    <p class='ocr_par' dir='ltr' id='par_1_103' title="bbox 2100 4688 3704 4761">
     <span class='ocr_line' id='line_1_103' title="bbox 2100 4688 3704 4761; baseline 0.001 -19"><span class='ocrx_word' id='word_1_753' title='bbox 2100 4703 2281 4745; x_wconf 73' lang='lat' dir='ltr'><strong><em>vacua:</em></strong></span> <span class='ocrx_word' id='word_1_754' title='bbox 2330 4688 2475 4744; x_wconf 79' lang='lat' dir='ltr'><strong><em>:edes</em></strong></span> <span class='ocrx_word' id='word_1_755' title='bbox 2527 4699 2718 4753; x_wconf 80' lang='lat' dir='ltr'><strong><em>erant,</em></strong></span> <span class='ocrx_word' id='word_1_756' title='bbox 2778 4688 2917 4743; x_wconf 91' lang='lat' dir='ltr'><strong><em>sicut</em></strong></span> <span class='ocrx_word' id='word_1_757' title='bbox 2991 4689 3043 4743; x_wconf 90' lang='lat' dir='ltr'><strong><em>in</em></strong></span> <span class='ocrx_word' id='word_1_758' title='bbox 3107 4688 3427 4745; x_wconf 90' lang='lat' dir='ltr'><strong><em>hodiernum</em></strong></span> <span class='ocrx_word' id='word_1_759' title='bbox 3479 4689 3704 4761; x_wconf 81' lang='lat' dir='ltr'><strong><em>quibus-</em></strong></span> 
     </span>
    </p>
   </div>
   <div class='ocr_carea' id='block_1_104' title="bbox 2101 4781 3737 4853">
    <p class='ocr_par' dir='ltr' id='par_1_104' title="bbox 2101 4781 3737 4853">
     <span class='ocr_line' id='line_1_104' title="bbox 2101 4781 3737 4853; baseline -0.001 -16"><span class='ocrx_word' id='word_1_760' title='bbox 2101 4781 2224 4837; x_wconf 87' lang='lat' dir='ltr'><strong><em>dam</em></strong></span> <span class='ocrx_word' id='word_1_761' title='bbox 2294 4782 2426 4838; x_wconf 89' lang='lat' dir='ltr'><strong><em>locis</em></strong></span> <span class='ocrx_word' id='word_1_762' title='bbox 2488 4782 2768 4838; x_wconf 87' lang='lat' dir='ltr'><strong><em>vetustatis</em></strong></span> <span class='ocrx_word' id='word_1_763' title='bbox 2830 4783 3048 4852; x_wconf 81' lang='lat' dir='ltr'><strong><em>vestigia</em></strong></span> <span class='ocrx_word' id='word_1_764' title='bbox 3098 4795 3435 4853; x_wconf 88' lang='lat' dir='ltr'><strong><em>permanent.</em></strong></span> <span class='ocrx_word' id='word_1_765' title='bbox 3494 4783 3737 4840; x_wconf 63' lang='lat' dir='ltr'><strong><em>Tamen,</em></strong></span> 
     </span>
    </p>
   </div>
   <div class='ocr_carea' id='block_1_105' title="bbox 2101 4876 3702 4947">
    <p class='ocr_par' dir='ltr' id='par_1_105' title="bbox 2101 4876 3702 4947">
     <span class='ocr_line' id='line_1_105' title="bbox 2101 4876 3702 4947; baseline 0 -15"><span class='ocrx_word' id='word_1_766' title='bbox 2101 4876 2401 4932; x_wconf 81' lang='lat' dir='ltr'><strong><em>idololatria</em></strong></span> <span class='ocrx_word' id='word_1_767' title='bbox 2432 4876 2710 4947; x_wconf 80' lang='lat' dir='ltr'><strong><em>agebatur,</em></strong></span> <span class='ocrx_word' id='word_1_768' title='bbox 2744 4892 2848 4930; x_wconf 91' lang='lat' dir='ltr'><strong><em>non</em></strong></span> <span class='ocrx_word' id='word_1_769' title='bbox 2880 4876 2933 4930; x_wconf 94' lang='lat' dir='ltr'><strong><em>in</em></strong></span> <span class='ocrx_word' id='word_1_770' title='bbox 2976 4878 3078 4932; x_wconf 90' lang='lat' dir='ltr'><strong><em>isto</em></strong></span> <span class='ocrx_word' id='word_1_771' title='bbox 3108 4876 3348 4944; x_wconf 89' lang='lat' dir='ltr'><strong><em>nomine,</em></strong></span> <span class='ocrx_word' id='word_1_772' title='bbox 3378 4877 3474 4932; x_wconf 88' lang='lat' dir='ltr'><strong><em>sed</em></strong></span> <span class='ocrx_word' id='word_1_773' title='bbox 3515 4877 3569 4932; x_wconf 90' lang='lat' dir='ltr'><strong><em>in</em></strong></span> <span class='ocrx_word' id='word_1_774' title='bbox 3596 4877 3702 4932; x_wconf 86' lang='lat' dir='ltr'><strong><em>isto</em></strong></span> 
     </span>
    </p>
   </div>
   <div class='ocr_carea' id='block_1_106' title="bbox 2098 4967 3698 5041">
    <p class='ocr_par' dir='ltr' id='par_1_106' title="bbox 2098 4967 3698 5041">
     <span class='ocr_line' id='line_1_106' title="bbox 2098 4967 3698 5041; baseline 0 -16"><span class='ocrx_word' id='word_1_775' title='bbox 2098 4983 2283 5041; x_wconf 85' lang='lat' dir='ltr'><strong><em>opere.</em></strong></span> <span class='ocrx_word' id='word_1_776' title='bbox 2311 4967 2445 5023; x_wconf 84' lang='lat' dir='ltr'><strong><em>Nam</em></strong></span> <span class='ocrx_word' id='word_1_777' title='bbox 2475 4976 2530 5022; x_wconf 89' lang='lat' dir='ltr'><strong><em>et</em></strong></span> <span class='ocrx_word' id='word_1_778' title='bbox 2559 4967 2719 5023; x_wconf 86' lang='lat' dir='ltr'><strong><em>hodie</em></strong></span> <span class='ocrx_word' id='word_1_779' title='bbox 2742 4979 2894 5023; x_wconf 65' lang='lat' dir='ltr'><strong><em>eatra</em></strong></span> <span class='ocrx_word' id='word_1_780' title='bbox 2926 4969 3181 5040; x_wconf 90' lang='lat' dir='ltr'><strong><em>templum</em></strong></span> <span class='ocrx_word' id='word_1_781' title='bbox 3208 4981 3262 5025; x_wconf 88' lang='lat' dir='ltr'><strong><em>et</em></strong></span> <span class='ocrx_word' id='word_1_782' title='bbox 3288 4970 3407 5024; x_wconf 89' lang='lat' dir='ltr'><strong><em>sine</em></strong></span> <span class='ocrx_word' id='word_1_783' title='bbox 3434 4969 3579 5025; x_wconf 89' lang='lat' dir='ltr'><strong><em>idolo</em></strong></span> <span class='ocrx_word' id='word_1_784' title='bbox 3612 4969 3698 5041; x_wconf 85' lang='lat' dir='ltr'><strong><em>agi</em></strong></span> 
     </span>
    </p>
   </div>
   <div class='ocr_carea' id='block_1_107' title="bbox 2099 5060 3697 5135">
    <p class='ocr_par' dir='ltr' id='par_1_107' title="bbox 2099 5060 3697 5135">
     <span class='ocr_line' id='line_1_107' title="bbox 2099 5060 3697 5135; baseline 0.003 -21"><span class='ocrx_word' id='word_1_785' title='bbox 2099 5071 2296 5135; x_wconf 86' lang='lat' dir='ltr'><strong><em>potest.</em></strong></span> <span class='ocrx_word' id='word_1_786' title='bbox 2346 5062 2415 5115; x_wconf 83' lang='lat' dir='ltr'><strong><em>At</em></strong></span> <span class='ocrx_word' id='word_1_787' title='bbox 2458 5060 2546 5114; x_wconf 90' lang='lat' dir='ltr'><strong><em>ubi</em></strong></span> <span class='ocrx_word' id='word_1_788' title='bbox 2575 5060 2807 5117; x_wconf 75' lang='lat' dir='ltr'><strong><em>artifices</em></strong></span> <span class='ocrx_word' id='word_1_789' title='bbox 2851 5070 3147 5116; x_wconf 81' lang='lat' dir='ltr'><strong><em>statuarum</em></strong></span> <span class='ocrx_word' id='word_1_790' title='bbox 3180 5071 3235 5117; x_wconf 90' lang='lat' dir='ltr'><strong><em>et</em></strong></span> <span class='ocrx_word' id='word_1_791' title='bbox 3283 5062 3593 5133; x_wconf 83' lang='lat' dir='ltr'><strong><em>imaginum,</em></strong></span> <span class='ocrx_word' id='word_1_792' title='bbox 3641 5071 3697 5118; x_wconf 90' lang='lat' dir='ltr'><strong><em>et</em></strong></span> 
     </span>
    </p>
   </div>
   <div class='ocr_carea' id='block_1_108' title="bbox 2097 5156 3688 5227">
    <p class='ocr_par' dir='ltr' id='par_1_108' title="bbox 2097 5156 3688 5227">
     <span class='ocr_line' id='line_1_108' title="bbox 2097 5156 3688 5227; baseline 0 -14"><span class='ocrx_word' id='word_1_793' title='bbox 2097 5156 2274 5213; x_wconf 85' lang='lat' dir='ltr'><strong><em>omnis</em></strong></span> <span class='ocrx_word' id='word_1_794' title='bbox 2298 5156 2514 5227; x_wconf 84' lang='lat' dir='ltr'><strong><em>generis</em></strong></span> <span class='ocrx_word' id='word_1_795' title='bbox 2548 5156 2956 5214; x_wconf 88' lang='lat' dir='ltr'><strong><em>simulacrorum</em></strong></span> <span class='ocrx_word' id='word_1_796' title='bbox 2983 5156 3232 5214; x_wconf 87' lang='lat' dir='ltr'><strong><em>diabolus</em></strong></span> <span class='ocrx_word' id='word_1_797' title='bbox 3260 5156 3464 5214; x_wconf 65' lang='lat' dir='ltr'><strong><em>saeculo</em></strong></span> <span class='ocrx_word' id='word_1_798' title='bbox 3487 5156 3688 5226; x_wconf 88' lang='lat' dir='ltr'><strong><em>intulit,</em></strong></span> 
     </span>
    </p>
   </div>
   <div class='ocr_carea' id='block_1_109' title="bbox 1626 5297 2469 5360">
    <p class='ocr_par' dir='ltr' id='par_1_109' title="bbox 1626 5297 2469 5360">
     <span class='ocr_line' id='line_1_109' title="bbox 1626 5297 2469 5360; baseline -0.005 0"><span class='ocrx_word' id='word_1_799' title='bbox 1626 5300 2012 5360; x_wconf 83' lang='lat' dir='ltr'><strong><em>LECTIONES</em></strong></span> <span class='ocrx_word' id='word_1_800' title='bbox 2055 5297 2469 5359; x_wconf 82' lang='lat' dir='ltr'><strong><em>VARIANTES.</em></strong></span> 
     </span>
    </p>
   </div>
   <div class='ocr_carea' id='block_1_110' title="bbox 460 5424 1165 5489">
    <p class='ocr_par' dir='ltr' id='par_1_110' title="bbox 460 5424 1165 5489">
     <span class='ocr_line' id='line_1_110' title="bbox 460 5424 1165 5489; baseline -0.004 -13"><span class='ocrx_word' id='word_1_801' title='bbox 460 5425 510 5489; x_wconf 81' lang='lat' dir='ltr'><strong><em>l)</em></strong></span> <span class='ocrx_word' id='word_1_802' title='bbox 552 5424 793 5489; x_wconf 78' lang='lat' dir='ltr'><strong><em>Quodque</em></strong></span> <span class='ocrx_word' id='word_1_803' title='bbox 818 5426 1016 5475; x_wconf 83' lang='lat' dir='ltr'><strong><em>nomine</em></strong></span> <span class='ocrx_word' id='word_1_804' title='bbox 1038 5426 1165 5476; x_wconf 79' lang='lat' dir='ltr'><strong><em>Jun.</em></strong></span> 
     </span>
    </p>
   </div>
   <div class='ocr_carea' id='block_1_111' title="bbox 456 5486 1361 5550">
    <p class='ocr_par' dir='ltr' id='par_1_111' title="bbox 456 5486 1361 5550">
     <span class='ocr_line' id='line_1_111' title="bbox 456 5486 1361 5550; baseline 0.004 -13"><span class='ocrx_word' id='word_1_805' title='bbox 456 5486 509 5550; x_wconf 75' lang='grc'>2)</span> <span class='ocrx_word' id='word_1_806' title='bbox 546 5486 1032 5550; x_wconf 58' lang='lat' dir='ltr'><strong><em>Oper-{recognosce</em></strong></span> <span class='ocrx_word' id='word_1_807' title='bbox 1052 5489 1175 5541; x_wconf 81' lang='lat' dir='ltr'><strong><em>Jun.</em></strong></span> <span class='ocrx_word' id='word_1_808' title='bbox 1202 5486 1361 5542; x_wconf 83' lang='lat' dir='ltr'><strong><em>Latin.</em></strong></span> 
     </span>
    </p>
   </div>
   <div class='ocr_carea' id='block_1_112' title="bbox 457 5548 981 5603">
    <p class='ocr_par' dir='ltr' id='par_1_112' title="bbox 457 5548 981 5603">
     <span class='ocr_line' id='line_1_112' title="bbox 457 5548 981 5603; baseline -0.002 -2"><span class='ocrx_word' id='word_1_809' title='bbox 457 5548 510 5603; x_wconf 79' lang='grc'>5)</span> <span class='ocrx_word' id='word_1_810' title='bbox 547 5548 764 5600; x_wconf 86' lang='lat' dir='ltr'><strong><em>Perinde</em></strong></span> <span class='ocrx_word' id='word_1_811' title='bbox 792 5548 948 5603; x_wconf 67' lang='lat' dir='ltr'><strong><em>Puris.</em></strong></span> <span class='ocrx_word' id='word_1_812' title='bbox 972 5554 981 5565; x_wconf 79' lang='lat'><strong><em>&#39;</em></strong></span> 
     </span>
    </p>
   </div>
   <div class='ocr_carea' id='block_1_113' title="bbox 455 5610 884 5679">
    <p class='ocr_par' dir='ltr' id='par_1_113' title="bbox 455 5610 884 5679">
     <span class='ocr_line' id='line_1_113' title="bbox 455 5610 884 5679; baseline 0 0"><span class='ocrx_word' id='word_1_813' title='bbox 455 5610 508 5679; x_wconf 57' lang='lat' dir='ltr'><strong><em>tt</em></strong></span> <span class='ocrx_word' id='word_1_814' title='bbox 546 5610 603 5679; x_wconf 75' lang='lat' dir='ltr'><strong><em>In</em></strong></span> <span class='ocrx_word' id='word_1_815' title='bbox 626 5611 759 5679; x_wconf 57' lang='lat' dir='ltr'><strong><em>alia!</em></strong></span> <span class='ocrx_word' id='word_1_816' title='bbox 774 5611 884 5679; x_wconf 75' lang='lat' dir='ltr'><strong><em>Rig-</em></strong></span> 
     </span>
    </p>
   </div>
   <div class='ocr_carea' id='block_1_114' title="bbox 544 5672 1059 5737">
    <p class='ocr_par' dir='ltr' id='par_1_114' title="bbox 544 5672 1059 5737">
     <span class='ocr_line' id='line_1_114' title="bbox 544 5672 1059 5737; baseline 0.006 -15"><span class='ocrx_word' id='word_1_817' title='bbox 544 5672 652 5737; x_wconf 64' lang='lat' dir='ltr'><strong><em>Jam</em></strong></span> <span class='ocrx_word' id='word_1_818' title='bbox 676 5675 751 5724; x_wconf 86' lang='lat' dir='ltr'><strong><em>his</em></strong></span> <span class='ocrx_word' id='word_1_819' title='bbox 773 5672 915 5737; x_wconf 77' lang='lat' dir='ltr'><strong><em>:eq&#39;ue</em></strong></span> <span class='ocrx_word' id='word_1_820' title='bbox 940 5675 1059 5725; x_wconf 81' lang='grc' dir='ltr'><strong><em>Ῑιιη.</em></strong></span> 
     </span>
    </p>
   </div>
   <div class='ocr_carea' id='block_1_115' title="bbox 432 5673 1074 5803">
    <p class='ocr_par' dir='ltr' id='par_1_115' title="bbox 432 5673 1074 5803">
     <span class='ocr_line' id='line_1_115' title="bbox 457 5673 1059 5737; baseline -0.002 -11"><span class='ocrx_word' id='word_1_821' title='bbox 457 5673 511 5737; x_wconf 77' lang='grc'><strong><em>5)</em></strong></span> <span class='ocrx_word' id='word_1_822' title='bbox 544 5673 652 5723; x_wconf 83' lang='lat' dir='ltr'><strong><em>Jam</em></strong></span> <span class='ocrx_word' id='word_1_823' title='bbox 676 5675 751 5724; x_wconf 86' lang='lat' dir='ltr'><strong><em>his</em></strong></span> <span class='ocrx_word' id='word_1_824' title='bbox 773 5673 915 5737; x_wconf 77' lang='lat' dir='ltr'><strong><em>:eq&#39;ue</em></strong></span> <span class='ocrx_word' id='word_1_825' title='bbox 940 5675 1059 5725; x_wconf 81' lang='grc' dir='ltr'><strong><em>Ῑιιη.</em></strong></span> 
     </span>
     <span class='ocr_line' id='line_1_116' title="bbox 432 5673 1074 5803; baseline 0 -16"><span class='ocrx_word' id='word_1_826' title='bbox 432 5673 508 5803; x_wconf 65' lang='lat'><strong><em>(6)</em></strong></span> <span class='ocrx_word' id='word_1_827' title='bbox 531 5735 937 5801; x_wconf 81' lang='lat' dir='ltr'><strong><em>Frequententur</em></strong></span> <span class='ocrx_word' id='word_1_828' title='bbox 960 5737 1074 5802; x_wconf 77' lang='lat' dir='ltr'><strong><em>Rig.</em></strong></span> 
     </span>
    </p>
   </div>
   <div class='ocr_carea' id='block_1_116' title="bbox 490 5425 511 5737">
    <p class='ocr_par' dir='ltr' id='par_1_116' title="bbox 490 5425 511 5737">
     <span class='ocr_line' id='line_1_117' title="bbox 490 5425 511 5737; baseline 0 0"><span class='ocrx_word' id='word_1_829' title='bbox 490 5425 511 5737; x_wconf 71' lang='grc' dir='ltr'>Ξ</span> 
     </span>
    </p>
   </div>
   <div class='ocr_carea' id='block_1_117' title="bbox 2143 5420 2816 5488">
    <p class='ocr_par' dir='ltr' id='par_1_117' title="bbox 2143 5420 2816 5488">
     <span class='ocr_line' id='line_1_118' title="bbox 2143 5420 2816 5488; baseline -0.01 -11"><span class='ocrx_word' id='word_1_830' title='bbox 2143 5426 2216 5488; x_wconf 89' lang='grc'><strong><em>(7)</em></strong></span> <span class='ocrx_word' id='word_1_831' title='bbox 2251 5425 2413 5476; x_wconf 91' lang='lat' dir='ltr'><strong><em>Deum</em></strong></span> <span class='ocrx_word' id='word_1_832' title='bbox 2441 5453 2496 5464; x_wconf 93' lang='lat'><strong>—</strong></span> <span class='ocrx_word' id='word_1_833' title='bbox 2519 5424 2684 5474; x_wconf 84' lang='lat' dir='ltr'><strong><em>Deum</em></strong></span> <span class='ocrx_word' id='word_1_834' title='bbox 2707 5420 2816 5488; x_wconf 66' lang='grc' dir='ltr'><strong><em>Εἰς.</em></strong></span> 
     </span>
    </p>
   </div>
   <div class='ocr_carea' id='block_1_118' title="bbox 2082 5484 2891 5548">
    <p class='ocr_par' dir='ltr' id='par_1_118' title="bbox 2082 5484 2891 5548">
     <span class='ocr_line' id='line_1_119' title="bbox 2082 5484 2891 5548; baseline -0.002 -11"><span class='ocrx_word' id='word_1_835' title='bbox 2082 5493 2109 5521; x_wconf 61' lang='grc'><strong><em>⁷⁷</em></strong></span> <span class='ocrx_word' id='word_1_836' title='bbox 2147 5484 2220 5548; x_wconf 69' lang='grc'>(8⁷)</span> <span class='ocrx_word' id='word_1_837' title='bbox 2254 5487 2497 5540; x_wconf 76' lang='lat' dir='ltr'><strong><em>Diﬂ‘undit</em></strong></span> <span class='ocrx_word' id='word_1_838' title='bbox 2523 5488 2712 5539; x_wconf 83' lang='lat' dir='ltr'><strong><em>Wouw.</em></strong></span> <span class='ocrx_word' id='word_1_839' title='bbox 2735 5487 2805 5536; x_wconf 86' lang='lat' dir='ltr'><strong><em>M.</em></strong></span> <span class='ocrx_word' id='word_1_840' title='bbox 2834 5484 2891 5535; x_wconf 82' lang='lat'><strong><em>8.</em></strong></span> 
     </span>
    </p>
   </div>
   <div class='ocr_carea' id='block_1_119' title="bbox 2080 5549 2579 5612">
    <p class='ocr_par' dir='ltr' id='par_1_119' title="bbox 2080 5549 2579 5612">
     <span class='ocr_line' id='line_1_120' title="bbox 2080 5549 2579 5612; baseline 0 -11"><span class='ocrx_word' id='word_1_841' title='bbox 2080 5551 2105 5607; x_wconf 64' lang='grc' dir='ltr'><strong><em>Γ</em></strong></span> <span class='ocrx_word' id='word_1_842' title='bbox 2145 5551 2219 5612; x_wconf 87' lang='lat'><strong><em>(9)</em></strong></span> <span class='ocrx_word' id='word_1_843' title='bbox 2246 5549 2431 5612; x_wconf 66' lang='lat' dir='ltr'><strong><em>Iudicat</em></strong></span> <span class='ocrx_word' id='word_1_844' title='bbox 2453 5552 2579 5601; x_wconf 85' lang='lat' dir='ltr'><strong><em>Jun.</em></strong></span> 
     </span>
    </p>
   </div>
   <div class='ocr_carea' id='block_1_120' title="bbox 2176 5612 2231 5663">
    <p class='ocr_par' dir='ltr' id='par_1_120' title="bbox 2176 5612 2231 5663">
     <span class='ocr_line' id='line_1_121' title="bbox 2176 5612 2231 5663; baseline 0 0"><span class='ocrx_word' id='word_1_845' title='bbox 2176 5612 2231 5663; x_wconf 83' lang='grc'><strong><em>10</em></strong></span> 
     </span>
    </p>
   </div>
   <div class='ocr_carea' id='block_1_121' title="bbox 2287 5611 2700 5663">
    <p class='ocr_par' dir='ltr' id='par_1_121' title="bbox 2287 5611 2700 5663">
     <span class='ocr_line' id='line_1_122' title="bbox 2287 5611 2700 5663; baseline -0.005 -2"><span class='ocrx_word' id='word_1_846' title='bbox 2287 5611 2552 5663; x_wconf 90' lang='lat' dir='ltr'><strong><em>Dominum</em></strong></span> <span class='ocrx_word' id='word_1_847' title='bbox 2573 5612 2700 5662; x_wconf 81' lang='lat' dir='ltr'><strong><em>Jun.</em></strong></span> 
     </span>
    </p>
   </div>
   <div class='ocr_carea' id='block_1_122' title="bbox 2174 5612 3123 5806">
    <p class='ocr_par' dir='ltr' id='par_1_122' title="bbox 2174 5612 3123 5806">
     <span class='ocr_line' id='line_1_123' title="bbox 2176 5612 3083 5663; baseline -0.007 0"><span class='ocrx_word' id='word_1_848' title='bbox 2176 5612 2231 5663; x_wconf 83' lang='grc'><strong><em>10</em></strong></span> <span class='ocrx_word' id='word_1_849' title='bbox 2287 5612 2552 5663; x_wconf 89' lang='lat' dir='ltr'><strong><em>Dominum</em></strong></span> <span class='ocrx_word' id='word_1_850' title='bbox 2573 5612 2700 5662; x_wconf 79' lang='lat' dir='ltr'><strong><em>Jun.</em></strong></span> <span class='ocrx_word' id='word_1_851' title='bbox 3078 5616 3083 5623; x_wconf 97' lang='lat'><em>&#39;</em></span> 
     </span>
     <span class='ocr_line' id='line_1_124' title="bbox 2174 5670 3123 5737; baseline -0.004 -12"><span class='ocrx_word' id='word_1_852' title='bbox 2174 5676 2221 5725; x_wconf 88' lang='grc' dir='ltr'><strong>ιι</strong></span> <span class='ocrx_word' id='word_1_853' title='bbox 2287 5672 2593 5725; x_wconf 80' lang='lat' dir='ltr'><strong><em>Latitudines</em></strong></span> <span class='ocrx_word' id='word_1_854' title='bbox 2625 5674 2809 5724; x_wconf 88' lang='lat' dir='ltr'><strong><em>Wouw.</em></strong></span> <span class='ocrx_word' id='word_1_855' title='bbox 2835 5674 2906 5722; x_wconf 83' lang='lat' dir='ltr'><strong><em>M.</em></strong></span> <span class='ocrx_word' id='word_1_856' title='bbox 2930 5670 3123 5737; x_wconf 78' lang='lat' dir='ltr'><strong><em>S.,Rig.</em></strong></span> 
     </span>
     <span class='ocr_line' id='line_1_125' title="bbox 2176 5612 2565 5806; baseline 0.003 -19"><span class='ocrx_word' id='word_1_857' title='bbox 2176 5612 2252 5806; x_wconf 63' lang='grc' dir='ltr'>Β)</span> <span class='ocrx_word' id='word_1_858' title='bbox 2285 5735 2338 5787; x_wconf 87' lang='lat' dir='ltr'><strong><em>Si</em></strong></span> <span class='ocrx_word' id='word_1_859' title='bbox 2362 5737 2438 5787; x_wconf 83' lang='lat' dir='ltr'><strong><em>his</em></strong></span> <span class='ocrx_word' id='word_1_860' title='bbox 2457 5734 2565 5789; x_wconf 72' lang='lat' dir='ltr'><strong><em>alii.</em></strong></span> 
     </span>
    </p>
   </div>
   <div class='ocr_carea' id='block_1_123' title="bbox 2082 5733 2565 5799">
    <p class='ocr_par' dir='ltr' id='par_1_123' title="bbox 2082 5733 2565 5799">
     <span class='ocr_line' id='line_1_126' title="bbox 2082 5733 2565 5799; baseline 0.002 -12"><span class='ocrx_word' id='word_1_861' title='bbox 2082 5733 2089 5739; x_wconf 83' lang='lat'><strong><em>‘</em></strong></span> <span class='ocrx_word' id='word_1_862' title='bbox 2147 5733 2251 5799; x_wconf 75' lang='lat' dir='ltr'><strong><em>(t2)</em></strong></span> <span class='ocrx_word' id='word_1_863' title='bbox 2285 5735 2338 5787; x_wconf 91' lang='lat' dir='ltr'><strong><em>Si</em></strong></span> <span class='ocrx_word' id='word_1_864' title='bbox 2362 5737 2438 5787; x_wconf 86' lang='lat' dir='ltr'><strong><em>bis</em></strong></span> <span class='ocrx_word' id='word_1_865' title='bbox 2457 5734 2565 5789; x_wconf 84' lang='lat' dir='ltr'><strong><em>alii.</em></strong></span> 
     </span>
    </p>
   </div>
  </div>
