4150 6352
306 269 416 331 665

1544 274 1753 333 LIBER
1790 272 1881 333 DE
1917 272 2405 335 IDOLOLATRIA.

3502 289 3610 350 666

301 388 441 448 rude
469 387 601 445 illud
630 382 903 460 negotium
954 386 1203 445 humanae
1244 388 1587 454 calamitatis.
1615 400 1669 446 et
1708 406 1904 448 nomen
1934 393 1986 453 A
2012 407 2269 449 versuros
2288 393 2564 452 daemonas
2587 404 2639 454 et
2664 398 2883 469 Spiritus
2914 396 3249 457 desertorum
3272 376 3607 475 angelorum,

303 483 371 541 de
401 483 562 540 idolis
588 492 936 539 consecutum
967 491 1072 550 est,
1112 490 1166 540 et
1195 482 1520 556 profectum.
1550 484 1755 541 Exinde
1788 486 1917 556 jam”

303 586 464 649 caput
516 574 654 632 facta
701 585 783 631 est
828 574 1144 631 idololatria:
1183 552 1274 631 ars
1316 552 1492 631 cmi/iis
1537 592 1657 647 qua:
1702 552 1902 632 idolum

301 668 575 741 quomodo
599 668 730 724 edit.
762 668 947 739 Neque
973 668 1116 723 enim
1144 666 1390 735 interest,
1421 684 1489 723 an
1515 669 1717 740 plastes
1752 669 1904 725 eflin-

301 771 416 833 gat,
450 777 518 816 an
544 760 765 817 caelator
791 760 1091 831 exsculpat,
1121 776 1188 815 an
1241 759 1466 833 phrygio
1493 760 1709 818 detexat
1743 779 1755 815 :
1782 762 1904 832 quia

301 869 406 910 nec
427 854 496 910 de
522 854 742 909 materia
769 851 956 917 refert,
982 869 1052 908 an
1075 868 1266 925 gypso,
1299 869 1368 908 an
1396 853 1688 920 coloribus,
1720 870 1788 909 an
1821 854 1904 909 la-

301 947 451 1020 pide,
478 963 547 1004 au
572 962 720 1013 aere,
767 962 835 1001 an
862 956 1106 1018 argento,
1150 962 1218 1002 an
1261 948 1352 1004 filo
1376 942 1636 1004 formetur
1679 949 1903 1005 idolum.

306 1040 549 1110 Quando.
581 1041 726 1096 enim
762 1050 818 1097 et
854 1042 975 1097 sine
1013 1041 1155 1099 idolo
1204 1042 1640 1107 idololatriafiat
1662 1086 1679 1112 ,
1723 1047 1906 1117 utique

306 1149 429 1191 cum
459 1132 612 1189 adest
639 1132 838 1188 idolum
863 1133 996 1189 nihil
1025 1134 1251 1193 interest
1282 1138 1440 1208 quale
1465 1137 1554 1204 sit,
1585 1155 1688 1210 qua
1711 1139 1778 1195 de
1800 1155 1908 1194 ma-

303 1227 457 1293 teria,
489 1243 592 1296 qua
621 1226 691 1282 de
716 1226 893 1299 efﬁgie
933 1228 1015 1300 (l)
1037 1270 1052 1296 ,
1107 1246 1177 1287 ne
1215 1232 1304 1300 qui
1339 1241 1488 1300 putet
1514 1232 1567 1287 id
1591 1234 1761 1288 solum
1791 1234 1905 1289 ido-

299 1320 413 1376 lum
441 1319 769 1388 habendum,
797 1320 940 1392 quod
966 1322 1196 1379 humana
1218 1322 1394 1395 effigie
1414 1325 1483 1381 sit
1507 1336 1900 1381 consecratum.

301 1412 386 1469 Ad
437 1412 541 1469 hoc
593 1414 898 1470 necessaria
948 1424 1031 1470 est
1058 1415 1302 1471 vocabuli
1332 1416 1704 1487 interpretatio
1741 1419 1905 1482 τιῑδος

300 1520 476 1576 graece
518 1505 744 1561 formam
777 1514 965 1573 sonat;
1019 1505 1088 1561 ab
1113 1522 1179 1562 eo
1224 1523 1318 1577 per
1355 1508 1760 1566 diminutionem
1823 1509 1903 1584 (2)

299 1601 490 1653 ιῖδωλσν
516 1596 825 1662 deductum,
842 1613 994 1669 teque
1015 1599 1155 1668 apud
1171 1615 1269 1654 nos
1283 1600 1569 1657 formulam
1583 1602 1725 1658 fecit.
1740 1603 1906 1675 Igitur

288 1689 479 1745 omnis
498 1688 669 1745 forma
689 1690 776 1745 v'el
805 1689 1031 1746 formula
1047 1689 1248 1746 idolum
1274 1707 1334 1748 se
1358 1692 1462 1749 dici
1484 1697 1746 1764 exposcit.
1774 1696 1904 1753 Inde

2008 498 2065 544 ut
2090 503 2188 559 pro
2218 489 2330 545 Deo
2353 491 2612 549 adversus
2645 492 2926 549 Dominum
2963 506 3431 575 consecrarentur.
3476 498 3609 557 Orno

2008 581 2094 637 nia
2124 582 2283 653 igitur
2305 584 2433 639 colit
2455 584 2718 641 humanus
2744 603 2918 655 error,
2944 599 3138 661 praeter
3164 590 3338 660 ipsum
3367 593 3608 650 omnium

2007 675 2361 732 conditorem.
2398 677 2595 735 Eorum
2628 681 2886 752 imagines
2933 682 3096 750 idola,
3138 684 3432 756 imaginum
3473 701 3607 744 eon-

2008 771 2237 826 secratio
2284 761 2601 827 idololatria.
2646 774 2910 846 Quicquid
2952 776 3252 832 idololatria
3299 779 3605 844 committit,

2012 863 2064 918 in
2095 864 2352 921 artificem
2376 878 2763 940 ;quemcunque
2792 878 2848 925 et
2877 870 3246 942 cujuscunque
3274 871 3398 928 idoli
3435 872 3609 943 depu-

2010 963 2150 1011 tetur
2177 971 2395 1013 necesse
2422 967 2523 1013 est.
2561 959 2802 1030 Denique
2840 955 2984 1017 idem
3014 962 3196 1017 Enoch
3224 963 3382 1019 simul
3413 973 3469 1020 et
3491 965 3608 1021 cul-

2010 1056 2155 1104 tores
2180 1048 2307 1104 idoli
2337 1059 2391 1105 et
2434 1050 2790 1108 fabricatores
2816 1054 2870 1108 in
2896 1054 3315 1111 comminatione
3339 1057 3609 1127 praedam-

2010 1151 2119 1196 nat.
2152 1142 2219 1196 Et
2243 1157 2429 1198 rursus
2478 1142 2566 1213 (6)
2598 1162 2612 1200 :
2643 1144 2779 1200 Juro
2811 1147 2964 1201 vobis
3008 1158 3338 1217 peccatores,
3383 1148 3523 1220 quod
3556 1149 3609 1205 in

2007 1233 2149 1289 diem
2196 1234 2469 1305 sanguinis
2517 1235 2597 1307 (7)
2650 1236 2963 1303 perditionis
3041 1238 3353 1309 paenitentia
3426 1250 3609 1310 parata

2007 1336 2109 1384 est.
2139 1328 2237 1396 Qui
2264 1329 2482 1383 servitis
2506 1329 2790 1399 lapidibus,
2820 1341 2874 1386 et
2902 1331 2992 1402 qui
3034 1332 3292 1402 imagines
3316 1330 3491 1388 facitis
3511 1350 3610 1388 att-

2007 1437 2126 1478 reas
2152 1431 2207 1477 et
2230 1431 2531 1493 argenteas,
2560 1434 2611 1477 et
2645 1424 2867 1492 ligneas,
2908 1433 2965 1479 et
3004 1424 3265 1494 lapideas,
3317 1434 3370 1481 et
3399 1424 3609 1493 fictiles,

2007 1526 2059 1570 et
2084 1514 2297 1570 servitis
2330 1515 2810 1584 phantasmatibus,
2841 1525 2896 1572 et
2923 1516 3228 1585 daemoniis,
3257 1527 3312 1572 et
3331 1517 3613 1587 spiritibus

2008 1606 2292 1663 infamibus
2323 1607 2402 1682 (8)
2430 1606 2534 1681 (ά),
2564 1618 2621 1664 et
2666 1609 2914 1664 omnibus
2942 1609 3215 1665 erroribus
3266 1623 3371 1665 non
3411 1626 3609 1667 secun-

2005 1699 2133 1755 dum
2181 1702 2483 1767 scientiam,
2537 1700 2744 1756 nullum
2792 1700 2953 1756 abiis
2991 1700 3279 1756 invenietis
3322 1702 3609 1758 auxilium.

301 1778 605 1836 idololatria
655 1781 832 1837 omnis
878 1782 1024 1838 circa
1073 1798 1231 1839 omne
1263 1783 1466 1840 idolum
1514 1762 1801 1844 famulatus
1849 1800 1904 1845 et
1931 1762 1979 1823 Β
2011 1792 2196 1849 Esaias
2227 1808 2358 1850 vero
2388 1794 2407 1865 (
2425 1792 2529 1858 Is.,
2554 1792 2737 1858 XLIV,
2764 1791 2854 1865 8),
2882 1791 3076 1858 Testes,
3107 1793 3202 1861 ait,
3232 1810 3333 1848 non
3353 1810 3442 1849 vos
3469 1795 3609 1861 estis,

297 1872 555 1929 servitus.
580 1871 708 1931 Inde
730 1883 786 1929 et
808 1874 1123 1932 omnisidoli
1147 1876 1369 1944 artifex,
1393 1878 1633 1949 ejusdem
1660 1890 1717 1936 et
1748 1882 1904 1940 unius

301 1973 385 2019 est
402 1965 645 2023 criminis
662 1984 676 2021 :
694 1968 797 2023 nisi
828 1983 1017 2039 parum
1046 1968 1405 2026 idololatriam
1424 1973 1652 2044 populus
1662 1974 1898 2045 admisit,

298 2057 422 2129 quia
438 2058 780 2116 simulacrum
794 2060 966 2128 vituli,
982 2071 1036 2117 et
1049 2078 1154 2119 non
1180 2062 1410 2120 hominis
1426 2065 1528 2121 sibi
1545 2068 1901 2125 consecravit.

897 2150 1133 2210 CAPUT
1172 2154 1262 2210 IV.

369 2244 576 2302 Idolum
603 2255 709 2301 tam
731 2245 869 2314 ﬁeri,
897 2263 1056 2318 quam
1074 2249 1200 2318 coli,
1229 2250 1368 2307 Deus
1392 2251 1656 2321 prohibet.
1682 2252 1894 2322 Quanto

298 2339 554 2409 prazcedit
570 2342 735 2395 utliat
755 2339 834 2415 (α)
860 2340 1001 2411 quod
1015 2342 1116 2397 coli
1136 2343 1328 2413 poSsit,
1361 2352 1509 2399 tanto
1524 2346 1671 2415 prius
1695 2358 1799 2414 est,
1828 2363 1896 2405 ne

297 2435 411 2498 fiat,
439 2434 482 2494 si
509 2435 611 2490 coli
643 2450 750 2490 non
776 2434 1158 2507 licet.Propter
1182 2436 1321 2493 hanc
1344 2452 1613 2506 caussam,
1629 2440 1695 2495 ad
1721 2441 1896 2496 eradi-

296 2524 522 2581 candam
554 2524 763 2582 scilicet
807 2528 1085 2582 materiam
1113 2527 1446 2594 idololatrire,
1475 2529 1558 2585 lex
1571 2530 1749 2588 divina
1774 2549 1896 2603 pro-

296 2619 498 2675 clamat
521 2618 739 2690 (Exod.,
771 2618 988 2685 XXXII;
1010 2619 1194 2685 Leuit.,
1219 2619 1406 2689 XXVI,
1433 2624 1485 2689 I;
1514 2623 1691 2688 Deut.,
1714 2625 1778 2693 V,
1802 2626 1891 2698 8):

296 2710 385 2767 Ne
400 2711 581 2781 feceris
612 2712 804 2767 idolum
837 2713 932 2786 (b).
964 2715 1030 2769 Et
1053 2714 1385 2788 conjungeus
1419 2715 1639 2789 (Exod.,
1664 2718 1783 2785 XX,
1813 2722 1889 2791 8),

296 2818 460 2875 neque
484 2802 870 2859 similitudinem
896 2790 1068 2860 eorum
1084 2822 1198 2876 qua!
1220 2808 1275 2862 in
1303 2807 1430 2863 caelo
1457 2819 1594 2875 sunt,
1619 2820 1667 2866 et
1702 2828 1819 2883 quia
1841 2790 1895 2868 in

297 2905 453 2963 terra,
485 2905 531 2950 et
557 2913 672 2967 ante
695 2897 748 2951 in
778 2898 926 2952 mari.
954 2898 1090 2971 Toto
1122 2900 1323 2955 mundo
1373 2901 1637 2970 ejusmodi
1689 2905 1894 2963 artibus

296 2985 754 3045 interdixitservis
775 2989 889 3045 Dei.
908 2992 1289 3049 Antecesserat
1308 2994 1690 3066 (5)praedicens
1707 2998 1893 3057 Enoch

297 3078 468 3191 (4)'(c)
497 3081 677 3136 omnia
703 3082 989 3188 elementa,
1012 3100 1227 3141 omnem
1259 3086 1445 3143 mundi
1469 3092 1898 3170 sensum(5)qute
1924 3127 1971 3191 Ο

295 3172 456 3241 celo,
478 3189 598 3245 qua:
611 3176 893 3248 mari,qua:
906 3185 1047 3234 terra
1066 3180 1430 3249 continentur,
1455 3180 1508 3237 in
1538 3183 1897 3243 idololatriam

1982 1887 2051 1940 ~si
2079 1895 2153 1940 est
2178 1884 2313 1940 Deus
2337 1885 2521 1956 absque
2545 1901 2644 1939 me.
2673 1883 2740 1939 Et
2763 1902 2863 1940 non
2891 1895 3034 1939 erant
3064 1894 3184 1939 tunc
3208 1885 3297 1955 qui
3334 1886 3532 1957 ﬁngunt
3560 1895 3611 1941 ct

2007 1979 2325 2048 exsculpunt,
2358 1994 2529 2033 omnes
2558 1978 2694 2044 vani,
2724 1978 2809 2046 qui
2846 1978 3042 2049 faciunt
3068 1977 3210 2032 libita
3240 1977 3366 2043 sibi,
3403 1994 3519 2050 qut:
3545 1977 3602 2032 il-

2009 2068 2072 2123 lis
2110 2085 2212 2123 nan
2241 2069 2539 2140 proderunt.
2570 2069 2637 2124 Et
2665 2068 2923 2139 deinceps
2956 2078 3064 2124 tota
3096 2069 3182 2124 illa
3222 2070 3609 2140 pronuntiatio,

2006 2177 2112 2233 qua
2162 2162 2214 2216 in
2252 2162 2507 2228 artifices,
2562 2178 2665 2233 qua
2722 2162 2773 2216 in
2803 2164 3040 2217 cultores
3084 2162 3406 2229 detestatur,
3456 2162 3613 2233 cujus

2000 2254 2237 2310 clausula
2267 2264 2351 2309 est
2394 2253 2497 2327 (Is.
2532 2253 2720 2319 XLIV,
2749 2252 2864 2325 20),
2890 2253 3188 2327 Cognoscite
3229 2253 3366 2325 quod
3393 2253 3519 2308 cinis
3548 2255 3614 2308 sit

1997 2366 2085 2405 cor
2106 2349 2334 2415 illorum,
2366 2362 2415 2405 et
2440 2358 2613 2404 errant
2643 2347 2723 2420 (9)
2769 2349 2837 2420 (ε)
2878 2360 2925 2403 et
2952 2364 3097 2403 nemo
3123 2348 3348 2402 animant
3376 2328 3519 2402 suam
3546 2348 3612 2401 li-

1999 2441 2174 2496 berare
2216 2442 2393 2514 possit.
2439 2440 2542 2497 Ubi
2589 2441 2706 2510 (10)
2758 2456 2911 2511 mque
2964 2440 3162 2505 David,
3196 2438 3423 2513 Εἰμὶ)
3470 2440 3598 2495 tales

1998 2533 2125 2601 ﬁant
2154 2533 2242 2604 (Γ),
2272 2533 2465 2604 inquit,
2484 2532 2570 2604 qui
2598 2533 2795 2605 faciunt
2819 2548 2877 2586 ea
2904 2530 3019 2599 (Ps.
3054 2529 3239 2599 CXIII,
3268 2531 3358 2601 8).
3391 2532 3458 2587 Et
3481 2531 3609 2603 quid

1999 2641 2102 2698 ego
2146 2625 2371 2681 modica:
2402 2625 2678 2680 memoria:
2722 2624 2922 2679 homo?
2950 2623 3085 2678 ultra
3115 2622 3243 2695 quid
3285 2624 3611 2694 suggeram?

2001 2717 2129 2789 quid
2150 2717 2384 2775 recolam
2403 2716 2472 2772 de
2490 2715 2783 2786 Scripturis
2798 2717 2822 2769 ’ἒ
2838 2716 2988 2787 quasi
3011 2725 3102 2770 aut
3126 2732 3230 2769 tton
3254 2714 3484 2770 sufficiat
3504 2730 3608 2770 vox

2001 2811 2232 2883 Spiritus
2265 2811 2469 2879 Sancti,
2497 2819 2591 2866 aut
2614 2811 2756 2865 ultra
2779 2807 3189 2865 deliberandum
3219 2814 3310 2876 sit,
3342 2823 3411 2863 an
3444 2808 3611 2864 male-

2001 2906 2198 2963 dixerit
2237 2915 2399 2977 atque
2427 2904 3038 2960 damnaveritDomiuus
3066 2904 3211 2974 ipsos
3242 2901 3393 2973 prius
3423 2902 3641 2966 (ιι-(ἰῆς,

1999 3015 2091 3056 ces
2114 3014 2326 3066 eorum,
2357 2980 2586 3069 quorum
2616 2997 2849 3053 cultores
2872 2994 3146 3052 maledicit
3172 3003 3227 3050 et
3250 2992 3508 3050 damnat?

2647 3088 2875 3146 CAPUT
2913 3088 2978 3143 V.

2076 3185 2244 3242 Plane
2283 3182 2578 3255 impensius
2620 3180 3070 3252 respondebimus
3115 3177 3182 3235 ad
3235 3176 3608 3236 excusationes

1004 3326 1007 3329 ν
1500 3297 1886 3360 LECTIONES
1920 3299 2342 3360 VARIANTES.

380 3405 430 3480 Ω
463 3405 630 3480 Quave
655 3404 818 3480 eiiigie
839 3408 960 3480 Jun.

381 3467 433 3542 ἓ)
464 3467 871 3542 Perninutionein
892 3472 1015 3542 iuri.
1039 3481 1103 3523 eo:
1125 3474 1197 3523 Μ.
1224 3473 1281 3523 S.

378 3530 431 3619 il
464 3530 1042 3619 EEi‘ll.“9£.?.‘".‘.-.§C“"'

367 3592 432 3655 ’4)
464 3593 630 3642 Enocb
654 3592 785 3643 abest
807 3592 974 3646 Paris.

357 3599 432 3781 la
454 3654 1054 3781 emanasse

378 3717 432 3781 6)
464 3717 773 3770 Prsedamnat
798 3732 1029 3782 prorsus:
1055 3720 1177 3771 Juro
1199 3723 1320 3772 Jun.

366 3941 521 3998 CAP.
554 3941 798 4015 lV.—(a)
819 3941 1022 4009 Quanto
1043 3945 1280 4013 prwcedit
1303 3954 1355 3999 ut
1374 3947 1476 4014 ﬁat.
1506 3945 1678 4003 Locus
1699 3951 1897 4006 notatis

292 4013 463 4069 simus
481 4015 694 4091 titseias
712 4013 979 4091 nunquam
998 4016 1118 4091 jure
1142 4018 1370 4091 naturali
1388 4018 1682 4091 prohibitus
1711 4022 1899 4091 imagi-

293 4085 515 4160 nesveri
542 4084 858 4160 llciiltthtte
875 4088 942 4140 ali
959 4084 1338 4143 ninnia'vo.ab
1358 4084 1477 4156 ipso
1491 4090 1699 4145 Adatno
1723 4084 1895 4160 potuit

296 4156 619 4229 fierijtitago
646 4157 735 4212 Dei
769 4168 821 4210 ttt
846 4160 1134 4212 coleretur.
1167 4160 1332 4229 llujus
1362 4163 1643 4216 sententia:
1672 4156 1896 4219 laudan-

294 4226 394 4281 dus
411 4226 1073 4304 TertulliauusAhoekloeo‘:
1104 4226 1378 4304 puritatem
1398 4232 1542 4287 enim
1563 4236 1821 4304 temporis
1837 4236 1889 4303 in

294 4308 523 4369 utraque
547 4301 842 4375 constituit.
888 4301 1211 4375 Sicut—nullo
1240 4319 1360 4355 :tct'o
1388 4305 1561 4369 potuit
1603 4301 1718 4360 fieri
1747 4301 1889 4375 quod

292 4384 402 4445 non
435 4371 604 4445 potuit
635 4371 774 4434 coli;
833 4372 901 4445 ita
935 4373 1081 4445 omni
1111 4390 1226 4427 :rvo
1255 4377 1428 4443 potuit
1472 4375 1585 4428 fieri
1617 4371 1886 4445 quod'po-

295 4440 398 4514 luit
424 4440 548 4495 coli.
569 4443 654 4514 _An
685 4443 951 4509 verojurc
978 4444 1179 4510 seripto
1202 4440 1497 4498 id‘velitmn
1529 4440 1748 4514 Jutlicis,
1779 4440 1889 4504 dis-

293 4511 470 4588 sident
503 4529 516 4564 :
548 4512 795 4588 dociores
817 4515 925 4567 duo
953 4517 1050 4588 aevi
1085 4517 1243 4585 hujus
1270 4517 1592 4584 gravissimi,
1628 4511 1887 4588 \‘asqnius

294 4582 531 4637 affirmat
560 4584 915 4657 prohibitum,
944 4582 1166 4641 Soarius
1186 4582 1375 4657 negat;
1406 4582 1680 4657 postremo
1705 4582 1884 4645 haereo

293 4666 395 4723 ego
427 4655 683 4723 lautulus.
716 4654 843 4711 Lac.

367 4722 449 4796 (li)
507 4724 586 4779 Ne
640 4727 824 4796 feraris
866 4725 1081 4781 idolum.
1141 4728 1219 4783 Ad
1295 4729 1515 4783 verbum
1584 4733 1890 4793 transtulit,

294 4809 415 4871 cum
444 4797 660 4871 vulgatu
684 4798 1000 4871 interprete,
1036 4799 1122 4855 '30.
1152 4798 1336 4855 Graece
1362 4812 1441 4854 est
1467 4806 1676 4867 εἴδωλον,
1703 4818 1895 4871 quem-

293 4866 582 4921 admodum
632 4879 685 4923 et
738 4868 799 4923 Β.
831 4866 1145 4941 Cyprianus
1185 4886 1305 4938 cap.
1356 4872 1450 4927 lib.
1483 4873 1538 4937 ι,
1585 4866 1890 4930 (Ιθειὶιιονι.

292 4948 453 4992 mart.
483 4954 585 5015 qua
626 4941 876 5015 versione
916 4941 1215 5015 eitplicatur
1259 4958 1419 5015 verus
1448 4943 1607 5015 hujus
1639 4945 1739 4999 loci
1771 4962 1896 4999 scn-

292 5023 387 5064 Stis
408 5050 422 5072 ,
476 5011 543 5063 de
572 5026 676 5079 quo
705 5013 907 5065 Auctor
954 5011 1111 5067 latius
1141 5014 1212 5067 lib
1264 5011 1307 5066 ll
1331 5056 1344 5076 ,
1376 5015 1499 5069 adv.
1519 5011 1533 5015 ⁷
1563 5016 1888 5072 Marcioncut

290 5080 381 5156 ubi
414 5080 595 5156 locum
621 5082 781 5151 hujus
803 5084 1097 5156 Scriptura:
1130 5084 1511 5153 interpretatur
1540 5087 1609 5140 tle
1639 5088 1883 5156 imagini-

288 5149 394 5206 bus
435 5149 753 5207 idololatria:
799 5149 1153 5208 substantiam
1191 5149 1610 5212 continentibus.
1646 5149 1888 5215 Utniau-

288 5229 401 5277 tem
430 5224 693 5299 verbo,__et
717 5239 834 5295 qua:
857 5226 909 5277 in
940 5226 1090 5291 mari,
1117 5242 1212 5296 pro
1242 5242 1309 5282 eo
1332 5228 1472 5297 quod
1503 5243 1571 5284 ex
1592 5245 1768 5299 grieco
1799 5231 1889 5286 alii

291 5302 442 5350 recte
471 5296 831 5351 transferunt:
879 5306 923 5350 et
952 5313 1279 5370 quwcumque
1322 5300 1375 5353 in
1424 5303 1570 5371 aquis
1596 5296 1702 5355 ’διώ
1728 5311 1883 5357 terra.

1196 5374 1203 5399 ‘
1581 5372 1717 5428 Pu.

361 5434 448 5511 (c)
490 5436 836 5511 Antecesserat
882 5438 1079 5495 Enoeli.
1131 5440 1291 5497 Liber
1342 5441 1564 5511 Enocli,
1608 5447 1689 5499 cui
1744 5446 1871 5500 titu—

285 5507 375 5563 lus
412 5507 681 5587 duodecim
708 5510 1127 5587 pair-iarcharuni
1152 5522 1502 5587 testamentum
1521 5507 1710 5587 {saepe
1735 5517 1870 5570 cita-

286 5588 377 5652 tur
396 5577 739 5652 abAOrigene’,
766 5581 1055 5650 Proc0pio,
1086 5583 1435 5652 Tertulliano,
1463 5577 1677 5641 et'aliis'.
1707 5587 1869 5642 Multa

286 5650 363 5705 ibi
386 5650 634 5727 vaticinia
654 5651 723 5707 dc
751 5653 1042 5727 sceleribus
1088 5650 1431 5712 Hebra‘oruui
1462 5668 1518 5712 et
1546 5660 1719 5727 pt‘enis
1740 5702 1754 5724 ,
1789 5660 1869 5714 in-

286 5729 478 5791 terque
526 5722 613 5776 illa
649 5733 773 5796 tum
793 5732 858 5796 ct
884 5723 1004 5796 hoc
1049 5726 1404 5795 propagandae
1434 5743 1527 5796 per
1548 5722 1865 5784 universum

287 5801 555 5850 terrarum
581 5794 768 5851 orbem
790 5794 1120 5852 idololatriae.
1154 5794 1507 5857 laetatum—et
1552 5800 1683 5857 illud
1708 5801 1867 5871 vulgo

2065 3416 2138 3484 (ἶ)
2172 3414 2438 3484 sanguine
2457 3418 2511 3484 et.
2529 3414 2653 3484 διεξι-

2065 3471 2135 3539 (82
2175 3471 2369 3528 lnfainis
2387 3473 2553 3527 Puris.
2580 3477 2728 3537 Jun.;
2764 3475 2944 3525 insanis
2973 3474 3161 3526 Wouw.
3190 3472 3241 3522 Μ
3267 3471 3322 3523 S.

2064 3528 2461 3615 infrenem!!-

2455 3663 2577 3715 add.
2603 3665 2724 3713 Jun.
2750 3659 2916 3714 Paris.
2941 3657 3050 3724 Rig.

1666 3829 2229 3894 COMMENTARIUS.

2006 3952 2076 4009 de
2107 3953 2314 4008 duabus
2340 3952 2624 4013 columnis.
2657 3949 2865 4013 lapidea
2900 3970 2911 4005 :
2942 3963 3060 4019 quin
3090 3947 3368 4019 resisteret
3392 3940 3601 4019 ‘aquis;

2004 4024 2236 4151 latcriiia
2260 4066 2275 4091 ,
2305 4042 2425 4096 quze
2453 4023 2698 4096 ignibus;
2735 4022 2784 4076 iu
2823 4018 3015 4092 quibus
3045 4019 3234 4075 inclusi
3288 4018 3414 4075 libri
3444 4018 3602 4089 hujus

2000 4110 2122 4150 vtrt.
2202 4112 2290 4151 ac.

2069 4189 2153 4261 id)
2185 4188 2248 4242 Et
2277 4187 2538 4261 spiritibus
2590 4186 2885 4261 infamibus.
2922 4185 2976 4261 In
3021 4184 3143 4261 cod.
3195 4182 3377 4261 Fulvii
3418 4182 3601 4261 Ur_sini

1995 4254 2191 4329 legitur
2212 4303 2225 4321 ,
2256 4254 2472 4313 insanis.
2501 4257 2568 4311 At
2598 4254 2654 4311 itt
2680 4258 2801 4313 t'otl.
2838 4256 3154 4329 Agobardi',
3196 4256 3424 4329 infantis.
3471 4254 3598 4329 Bia.

1994 4326 2067 4371 4
2092 4331 2369 4403 Spiritlbns
2416 4330 2713 4403 infamibus.
2768 4326 3078 4403 llrset'tures
3107 4327 3192 4381 hic
3221 4326 3441 4403 spiriius
3470 4326 3603 4403 infa-

1996 4418 2110 4457 tncs
2137 4398 2243 4458 dici
2299 4404 2585 4460 existimo.
2641 4400 2934 4454 desertoris
2973 4412 3166 4451 nomen
3219 4414 3246 4449 a
3279 4398 3465 4451 militia
3497 4398 3599 4451 ilc-
3654 4444 3665 4449 υ

1994 4486 2267 4543 sumptum
2295 4484 2378 4527 est
2402 4515 2415 4537 ,
2467 4482 2533 4543 at,
2568 4472 2721 4543 miles
2746 4470 2992 4543 desertor
3024 4468 3240 4543 infamis
3274 4478 3401 4543 (erat
3433 4469 3599 4543 ut_vi-

1912 4547 1965 4607 D
1991 4539 2131 4599 dere
2156 4556 2236 4600 est
2265 4545 2302 4598 Ι.
2337 4545 2374 4606 l,
2411 4544 2469 4597 ι).
2505 4542 2574 4597 de
2602 4542 2684 4595 his
2709 4541 2799 4612 qui
2825 4550 3079 4594 notantur
3101 4540 3339 4595 infamia.
3374 4540 3449 4594 LE
3496 4539 3591 4593 Pu.

2074 4636 2502 4710 (c)LCoqnost_‘ite
2537 4635 2678 4710 quasi
2730 4635 2855 4710 cinis
2901 4636 2964 4689 sit
3013 4650 3123 4710 (τοςτΔ
3166 4633 3372 4710 iilorum
3422 4642 3467 4685 et
3515 4646 3598 4684 er-

1998 4704 2141 4764 rant:
2168 4707 2257 4764 Sic
2283 4708 2505 4763 omnino
2554 4707 2918 4761 restituendus
2949 4715 3027 4759 est
3074 4705 3159 4758 hic
3186 4704 3361 4767 locus,
3394 4718 3488 4773 pro
3535 4718 3600 4756 eo

2002 4781 2142 4845 quod
2167 4779 2573 4844 corruptissime
2601 4778 2917 4847 legebantur
2942 4818 2954 4838 ,
2986 4787 3032 4830 ct
3062 4789 3215 4831 terra.
3250 4776 3380 4829 Nam
3408 4788 3597 4843 magna

2001 4852 2294 4906 dictionum
2325 4849 2573 4906 vicinitas
2598 4849 2667 4903 ob
2687 4850 2901 4903 easdem
2926 4848 3130 4902 litteras
3152 4888 3165 4907 ,
3218 4855 3272 4901 et
3312 4860 3489 4916 gra:ce
3518 4856 3601 4898 est

1999 4927 2082 4977 κειὶ
2112 4932 2403 4980 πλανῶνται.
2436 4922 2569 4976 I‘Au.
2607 4950 2679 4960 ——
2721 4920 3018 4991 Cognoscite
3043 4918 3178 4991 quod
3194 4918 3329 4991 ginis
3355 4917 3418 4991 sit
3439 4958 3454 4981 ,
3486 4926 3595 4991 etc:

2002 4994 2116 5049 Hoc
2140 4994 2303 5048 Isaias
2327 5010 2431 5048 non
2465 4993 2626 5053 dicit;
2660 4986 2886 5060 imponit
2920 4990 3060 5059 ‘crgo
3089 4989 3163 5043 illi
3193 4986 3595 5060 Tertullianus?

1998 5081 2141 5129 non,
2196 5066 2288 5120 sed
2336 5066 2586 5135 explicat.
2641 5058 2747 5117 Ait'
2774 5060 2937 5116 Isaias
2986 5058 3054 5113 ita
3110 5058 3597 5135 liOtItiniﬁs‘slll-NOS

1997 5136 2187 5203 fuisse,
2224 5129 2541 5192 utmedinm
2574 5137 2770 5205 lignum
2809 5142 3051 5187 crement
3077 5131 3152 5205 ad»
3172 5129 3593 5205 calefaciendum

1994 5224 2057 5283 se
2078 5250 2093 5283 ,
2132 5201 2211 5283 ad
2243 5207 2556 5283 coquendos
2586 5201 2751 5283 panes
2780 5214 2835 5259 et
2863 5218 3056 5283 carnes
3077 5245 3089 5263 .
3123 5202 3189 5257 de
3216 5201 3595 5283 rsliquonligno

1994 5272 2096 5334 sibi
2128 5280 2292 5336 Detun
2320 5272 2549 5343 faciant,
2579 5272 2633 5334 ct
2663 5278 2909 5333 adorent.
2942 5276 3031 5330 Ait
3078 5288 3208 5341 ergo
3233 5272 3594 5328 Tertullianus

1994 5352 2094 5405 sub
2119 5366 2345 5422 persona
2386 5350 2537 5405 Isaiae
2575 5365 2669 5405 cor
2707 5349 2933 5422 deorum
2979 5360 3099 5401 esse
3143 5345 3418 5422 cinerem,
3466 5344 3592 5413 quia

1994 5417 2171 5479 media
2201 5439 2323 5491 pars
2350 5422 2558 5476 arboris
2584 5429 2636 5473 ct
2665 5421 3212 5491 princeps_convet‘sa
3245 5420 3299 5473 in
3328 5417 3590 5491 cinerem.

1977 5494 2162 5566 Itaque
2184 5485 2278 5548 cor
2307 5492 2553 5562 Septimii
2578 5499 2632 5545 et
2656 5485 2894 5543 medium
2922 5488 3075 5542 Isaia:
3110 5488 3255 5542 idem
3286 5496 3389 5543 est.
3419 5485 3554 5541 Lac.

2049 5586 2111 5657 (f)
2144 5586 2207 5640 Et
2230 5586 2356 5640 tales
2378 5587 2505 5657 [iant
2533 5583 2618 5653 qui
2642 5582 2838 5651 faciunt
2867 5596 2944 5635 ea.
2970 5580 3143 5649 Quum
3171 5579 3423 5657 repetitio
3452 5580 3587 5635 alio-

1973 5652 2099 5728 quin
2132 5669 2273 5712 esset
2318 5652 2570 5728 ejusdeni
2599 5668 2995 5728 supervacanea
3016 5652 3358 5728 ,“oinisimus
3395 5652 3533 5721 facta
3565 5677 3584 5692 ε

1971 5722 2069 5782 res.
2104 5728 2235 5783 Nam
2261 5722 2362 5781 lihf
2381 5727 2502 5780 adv.
2530 5722 2815 5782 Gnosticos
2847 5740 2961 5781 non
2993 5722 3135 5778 aliud
3170 5722 3329 5793 legit,
3358 5736 3517 5791 quant
3564 5733 3584 5787 ς

1971 5801 2178 5858 Similes
2206 5809 2349 5856 erunt
2370 5798 2472 5854 illis
2496 5798 2581 5870 qui
2601 5812 2662 5853 ea
2689 5796 2901 5870 faciunt.
2930 5795 3060 5852 Lac.
