4150 6352
436 273 538 341 671
1863 284 2329 345 TERTULLIANI
3632 292 3741 353 612

434 412 555 455 rum
576 441 592 467 ,
622 398 954 474 frequentior
994 408 1078 459 est
1112 400 1192 476 (I)
1221 401 1367 459 omni
1397 401 1785 471 superstitione
1828 401 2038 458 luxuria
2064 411 2119 474 Α
2142 402 2285 473 polis
2309 408 2365 458 et
2390 399 2680 473 magistris.
2713 398 2820 459 Sed
2852 402 2989 475 magi
3022 411 3077 460 et
3122 405 3378 479 astrologi
3422 407 3490 463 ab
3528 408 3743 468 oriente

435 501 492 547 et
515 492 758 550 ambitio.
782 494 992 551 Lances
1019 504 1073 551 et
1101 494 1334 568 scyphos
1363 493 1569 552 facilius
1595 495 1848 563 ambitio,
1871 509 2031 567 quam

435 584 749 654 superstitio
777 585 1121 644 desiderabit.
1150 589 1388 645 Coronas
1417 604 1636 661 quoque
1677 590 1845 661 magis
1879 590 2033 645 luxu-

434 675 536 743 ria,
564 691 723 746 quam
751 678 1064 735 solemnitas
1087 690 1291 753 erogat.
1320 681 1453 738 Cum
1479 682 1639 755 igitur
1665 684 1730 738 ad
1761 683 1875 737 lucc
1899 683 2034 738 arti-

435 771 681 827 ficiorum
710 788 907 844 genera
936 774 1303 842 cohortentur,
1330 792 1453 848 quae
1483 776 1683 832 idolum
1714 777 1949 848 quidem,
1981 786 2037 833 et

435 881 557 937 qua:
604 865 749 922 idolo
786 878 1135 941 competunt,
1170 885 1276 926 non
1308 871 1611 945 attingant,
1644 873 1751 927 sint
1774 879 1952 927 autem
1980 880 2038 927 et

436 956 748 1015 hominibus
768 964 1072 1017 communia
1098 978 1243 1035 saepe
1267 980 1385 1035 qua:
1411 974 1465 1021 et
1492 964 1668 1031 idolis,
1696 964 1800 1021 hoc
1825 979 2038 1036 quoque

437 1064 632 1106 cavere
660 1050 940 1120 debemus,
967 1070 1035 1110 ne
1065 1054 1211 1126 quid,
1234 1056 1525 1112 scientibus
1546 1057 1721 1123 nobis,
1750 1057 1818 1113 ab
1844 1057 2037 1128 aliqui-

437 1142 539 1201 bus
561 1143 630 1200 de
676 1145 924 1202 manibus
949 1148 1150 1203 nostris
1180 1149 1230 1204 in
1272 1163 1385 1205 rem
1419 1150 1681 1206 idolorum
1718 1150 2035 1221 postuletur.

440 1238 592 1307 Quod
620 1238 664 1292 si
690 1242 1150 1310 concesserimus,
1177 1252 1231 1299 et
1258 1258 1361 1300 non
1390 1244 1643 1300 remediis
1667 1244 1779 1315 jam
1814 1244 1896 1316 (2)
1928 1245 2039 1302 usi-

441 1332 565 1386 tatis
606 1334 893 1405 egerimus,
927 1352 1033 1392 non
1078 1346 1207 1407 puto
1246 1353 1345 1394 nos
1378 1355 1406 1392 a
1447 1339 1694 1410 contagio
1722 1339 2039 1395 idololatria:

439 1439 672 1492 vacare,
730 1442 959 1497 quorum
1007 1445 1195 1484 manus
1246 1444 1351 1485 non
1402 1431 1764 1501 ignorantium
1817 1432 1870 1485 in
1922 1430 2039 1485 offi-

442 1515 527 1573 cio
543 1518 624 1574 vel
648 1519 698 1573 in
715 1518 918 1576 honore
934 1529 989 1577 et
1012 1538 1110 1577 usu
1127 1523 1517 1579 daemoniorum
1538 1523 2037 1596 deprehenduntur.

1050 1613 1278 1671 CAPUT
1318 1614 1409 1670 IX.

2133 504 2396 551 venerunt
2420 495 2659 564 (Matth.,
2685 495 2773 567 ll).
2798 496 3009 552 Scimus
3031 499 3222 570 magiae
3243 508 3299 555 et
3331 501 3635 573 astrologia:
3653 504 3741 558 in-

2136 599 2219 647 ter
2235 606 2295 646 se
2313 591 2646 647 societatem.
2665 590 2826 647 Primi
2848 591 3006 663 igitur
3023 593 3301 649 stellarum
3327 595 3645 666 interpretes
3663 595 3741 672 (b)

2138 692 2323 739 natum
2366 682 2642 739 Christum
2687 682 3180 754 anutmtiaverunt,
3213 686 3371 758 primi
3423 704 3746 746 munerave-

2137 786 2262 832 runt
2292 775 2384 847 (ο).
2419 776 2532 832 Iloc
2574 779 2791 834 nomine
2813 777 3085 834 Christum
3117 778 3354 852 (opinor)
3384 780 3486 836 sibi
3535 781 3743 852 obliga-

2141 877 2360 925 verunt.
2393 868 2529 937 Ouid
2559 870 2708 924 tum?
2732 869 2860 927 Ideo
2887 886 3028 928 nunc
3056 881 3111 927 et
3142 874 3533 930 mathematicis
3563 876 3747 944 patro-

2141 961 2408 1017 cinabitur
2428 962 2639 1017 illortun
2664 977 2939 1034 magorum
2964 965 3182 1035 religio?
3205 965 3281 1020 De
3300 964 3515 1021 Christo
3536 967 3749 1024 scilicet

2143 1068 2228 1115 est
2269 1056 2528 1113 mathesis
2574 1058 2736 1113 hodie
2764 1057 2843 1131 (fl)
2871 1101 2885 1125 ,
2914 1059 3097 1115 stellas
3130 1057 3207 1131 (4)
3239 1058 3471 1124 Christi,
3503 1075 3609 1116 non
3641 1060 3747 1117 Sa.

2144 1153 2284 1209 turni
2323 1162 2376 1208 et
2413 1152 2596 1207 Martis
2637 1161 2690 1207 et
2734 1153 2995 1224 cujusque
3037 1152 3113 1227 (ε)
3143 1194 3159 1220 ,
3204 1168 3273 1210 ex
3315 1153 3508 1211 eodem
3555 1154 3748 1212 ordine

2142 1253 2475 1300 mortuorum
2525 1244 2773 1299 observat
2804 1254 2859 1300 et
2903 1243 3174 1314 przcdicat.
3220 1248 3289 1300 At
3329 1246 3473 1301 enim
3520 1230 3744 1303 scientia

2142 1338 2233 1394 illa
2267 1353 2435 1409 usque
2462 1336 2528 1392 ad
2549 1337 2898 1408 Evangelium
2927 1338 2993 1409 (f)
3018 1336 3116 1392 fuit
3140 1352 3418 1402 concessa,
3446 1347 3508 1393 ut
3533 1337 3749 1394 Christo

2144 1428 2288 1485 edito
2317 1444 2475 1484 nemo
2504 1428 2696 1485 exinde
2739 1426 3070 1483 nativitatem
3111 1428 3337 1499 alicujus
3373 1428 3443 1485 de
3481 1430 3622 1491 ccelo
3666 1432 3751 1487 in-

2147 1531 2472 1594 terpretetur
2497 1523 2599 1595 (5).
2632 1522 2763 1577 Nam
2794 1532 2850 1579 et
2878 1523 3003 1578 thus
3032 1522 3163 1578 illud
3191 1533 3245 1578 et
3271 1522 3545 1595 myrrham
3575 1533 3630 1579 et
3652 1540 3750 1579 au-

2146 1633 2266 1673 rum
2298 1617 2419 1673 ideo
2449 1617 2634 1672 infanti
2660 1627 2783 1672 tunc
2814 1617 3041 1672 Domino
3072 1615 3401 1682 obtulerunt,
3432 1617 3584 1688 quasi
3608 1616 3754 1672 elau-

515 1695 1005 1763 Animadvertinnts
1076 1710 1216 1765 inter
1260 1720 1405 1766 artes
1464 1711 1625 1766 etiam
1684 1709 2044 1781 professiones
2072 1712 2320 1793 Bsulam
2362 1710 2769 1766 sacrificationis
2817 1712 2892 1782 (g)
2939 1709 3221 1791 ctgloiize
3253 1709 3555 1776 saecularis,
3588 1725 3749 1781 quam

444 1798 700 1869 quasdam
748 1800 1009 1857 obnoxias
1065 1802 1402 1859 idololatrian.
1477 1802 1555 1859 De
1632 1803 1912 1874 astrologis
1980 1818 2048 1859 ne

445 1888 768 1991 loquendum
822 1892 1038 1962 quidem
1087 1901 1188 1950 est.
1234 1894 1339 1950 Sed
1389 1895 1641 1966 quoniam
1684 1895 1904 1966 quidam
1935 1894 2101 1991 istis’

444 1981 633 2039 diebus
706 1987 1017 2055 provocavit
1089 1987 1382 2043 defendens
1440 1988 1541 2045 sibi
1596 1989 2048 2059 perseverantiam

446 2074 801 2146 professionis
823 2078 998 2144 istius,
1023 2080 1206 2151 paucis
1234 2089 1374 2136 utar.
1397 2080 1513 2136 Non
1539 2080 1715 2151 allego
1739 2080 1881 2150 quod
1911 2079 2049 2136 idola

447 2158 928 2243 honoret,quorum
944 2174 1160 2227 nomina
1178 2174 1318 2229 carie
1331 2174 1822 2245 inscripsit,quibus
1834 2189 2049 2231 omnem

448 2261 542 2318 Dei
576 2272 896 2332 potestatem
920 2265 1129 2321 addixit
1154 2282 1169 2321 :
1198 2267 1339 2336 quod
1367 2278 1649 2338 propterea
1671 2266 1919 2324 homines
1943 2283 2049 2322 non

447 2363 636 2425 putant
671 2354 751 2428 ('5)
782 2356 946 2412 Deum
994 2359 1376 2429 requirendum
1398 2403 1413 2427 ,
1444 2371 1831 2430 praesumentes
1864 2360 2049 2415 stella-

448 2463 570 2503 rum
601 2463 700 2505 nos
722 2449 1040 2505 immutabili
1069 2450 1297 2506 arbitrio
1329 2454 1433 2523 agi.
1464 2453 1642 2509 Unum
1673 2469 1939 2525 propono,
1963 2469 2053 2509 an-

448 2538 600 2609 gelos
623 2556 745 2597 esse
775 2541 894 2613 illos
921 2542 1231 2599 desertores
1277 2544 1369 2600 Dei
1416 2544 1594 2613 (Gem,
1627 2544 1719 2613 Vl)
1739 2585 1755 2609 ,
1784 2555 2052 2602 amatores

453 2629 820 2697 heminarum,
846 2630 1146 2705 proditores
1175 2636 1335 2690 etiam
1368 2636 1526 2706 hujus
1551 2637 1898 2700 curiositatis.
1923 2652 2051 2708 pro-

451 2730 636 2793 pterea
679 2740 891 2797 quoque
933 2726 1214 2783 damnatos
1254 2743 1285 2782 a
1314 2728 1444 2783 Deo.
1485 2728 1529 2784 0
1558 2728 1737 2783 divina
1783 2731 2051 2786 sententia

451 2834 621 2890 usque
646 2820 713 2876 ad
745 2830 940 2877 terram
972 2823 1237 2893 pertinax,
1262 2824 1346 2878 cui
1375 2824 1534 2878 etiam
1566 2815 2050 2893 ignorantes‘testia

456 2912 695 2966 monium
727 2912 981 2969 reddunt.
1014 2914 1367 2985 Expelluntur
1395 2915 1758 2971 mathematici
1791 2914 1872 2989 (a)
1916 2916 2055 2972 sicut
2086 2970 2089 2971 ν

455 3005 628 3076 angeli
647 3021 856 3062 eorum.
873 3006 1011 3064 Urbs
1036 3017 1089 3064 et
1104 3007 1255 3064 Italia
1279 3010 1615 3065 interdicitur
1634 3011 2049 3078 mathematicis,

2151 1802 2399 1861 Christus
2430 1814 2544 1859 erat
2578 1803 2947 1873 adempturus.
2988 1800 3144 1869 Quod
3173 1802 3332 1872 igitur
3362 1801 3549 1857 iisdem
3580 1802 3752 1873 magis

2153 1897 2419 1950 somnium
2464 1894 2579 1949 sine
2616 1894 2783 1957 dubio
2822 1908 2890 1947 ex
2923 1893 3013 1948 Dei
3044 1893 3316 1947 voluntate
3360 1893 3667 1963 suggessit,
3696 1900 3755 1948 ut

2152 1988 2296 2044 irent
2318 1988 2368 2042 in
2387 2003 2504 2054 sua,
2530 1985 2627 2042 sed
2645 1987 2768 2054 alia,
2795 2000 2899 2039 non
2930 1999 3033 2053 qua
3061 1996 3339 2050 venerant,
3356 1986 3459 2048 via,
3480 1984 3533 2039 id
3550 1993 3652 2052 est,
3686 2000 3755 2040 ne

2153 2081 2378 2153 pristina
2396 2090 2539 2137 secta
2559 2096 2653 2135 sua
2680 2079 2997 2135 incederent
3019 2096 3033 2133 :
3057 2093 3238 2134 nonne
3258 2076 3341 2149 (6)
3361 2078 3483 2133 illos
3515 2077 3756 2133 Herodes

2153 2183 2587 2247 persequeretur,
2618 2174 2707 2245 qui
2731 2189 2833 2229 nec
2859 2181 3171 2243 persecutus
3190 2180 3294 2238 est,
3319 2172 3481 2227 etiam
3505 2171 3757 2242 ignorans

2152 2268 2257 2322 alia
2285 2268 2368 2321 via
2399 2266 2669 2337 digressos
2693 2307 2708 2331 ,
2739 2264 2993 2336 quoniam
3020 2273 3077 2319 et
3106 2277 3208 2333 qua
3238 2271 3500 2318 venerant
3544 2263 3758 2333 ignora-

2154 2360 2264 2414 bat.
2296 2359 2448 2415 Adeo
2474 2360 2616 2413 viam
2659 2368 2860 2413 rectam
2892 2354 2969 2428 (7)
3000 2364 3056 2411 et
3094 2354 3430 2425 disciplinam
3459 2354 3760 2423 intelligere

2152 2450 2432 2507 debemus.
2463 2448 2649 2520 Itaque
2688 2449 2859 2518 magis
2888 2455 3210 2517 prmceptum
3235 2489 3250 2510 ,
3283 2455 3342 2501 ut
3381 2445 3576 2501 exinde
3602 2446 3761 2501 aliter

2155 2544 2485 2600 incederent.
2507 2541 2597 2600 Sic
2619 2552 2670 2597 et
2700 2541 2802 2595 alia
2832 2540 2917 2595 illa
2946 2539 3155 2610 species
3179 2537 3261 2609 (8)
3291 2539 3481 2608 magiae
3510 2551 3633 2606 qnte
3661 2538 3762 2591 mi-

2155 2637 2352 2694 raculis
2372 2645 2645 2708 operatur,
2675 2636 2836 2690 etiam
2861 2633 3123 2689 adversus
3149 2632 3371 2705 (Exod.,-
3394 2631 3510 2702 VII)
3539 2631 3762 2704 Moysen

2156 2730 2423 2793 :cmnlata,
2461 2728 2770 2799 patientiam
2804 2727 2895 2781 Dei
2933 2727 3093 2781 traxit
3120 2724 3188 2780 ad
3215 2725 3560 2796 Evangelium
3591 2739 3762 2795 usque

2156 2824 2319 2895 (Ach,
2357 2821 2495 2891 VIII,
2550 2822 2661 2892 18).
2709 2820 2842 2876 Nam
2887 2819 3083 2876 exinde
3124 2829 3179 2875 et
3212 2800 3396 2874 Simon
3440 2816 3623 2889 Magus
3650 2817 3760 2888 jam

2158 2916 2349 2980 fidelis,
2389 2914 2640 2986 quoniam
2671 2911 2871 2983 aliquid
2913 2911 3091 2969 adhuc
3135 2910 3205 2967 de
3237 2910 3577 2966 circulatoria
3614 2919 3761 2966 secta

2158 3008 2438 3081 cogitaret,
2472 3015 2529 3062 ut
2557 3006 2763 3061 scilicet
2793 3006 2930 3062 inter
2960 3004 3216 3060 miracula
3265 3001 3619 3074 professionis
3646 3018 3760 3059 sua:

454 3096 799 3154 sicutcazlum
817 3100 1020 3170 angelis
1036 3101 1452 3159 eorum.E;idetn
1470 3117 1625 3174 parua
1642 3102 1881 3159 estexilii
1895 3103 2049 3159 disci-
2074 3095 2119 3159 C
2152 3104 2312 3160 etiam
2330 3102 2586 3173 Spiritum
2614 3101 2867 3157 Sanctum
2892 3098 2970 3173 (Ii)
2989 3114 3080 3170 per
3094 3113 3348 3154 manuum
3365 3096 3762 3169 impositionem

1686 3217 2078 3278 LECTIONES
2112 3217 2531 3278 VARIANTES.

513 3332 588 3405 (1)
621 3331 875 3405 Sumciant
894 3358 959 3405 τ-
972 3333 1343 3400 freqnentiores
1364 3344 1571 3403 Francq.

541 3394 572 3443 2
632 3393 751 3445 Tam
773 3395 927 3447 Seml.

538 3396 595 3581 δί
622 3455 807 3509 Putem
827 3461 949 3509 Jun.

543 3519 574 3568 4
628 3519 833 3572 Stellam
864 3524 949 3574 Wa

521 3519 595 3581 (4)
628 3519 833 3572 Stellam
864 3524 1050 3575 Wouw.
1077 3526 1149 3574 Μ.
1172 3524 1226 3575 S.
1247 3522 1429 3594 Rigalt.

2226 3335 2295 3402 t5)
2327 3336 2693 3402 Interpretatur
2718 3332 2898 3402 ῌὶθίιιιο

2221 3397 2295 3460 (ϐ)
2330 3400 2437 3450 Non
2459 3397 2590 3450 obest
2614 3397 2765 3451 Seml.

2220 3464 2290 3524 (7)
2329 3464 2524 3514 Sectam
2558 3464 2678 3511 Jun.

2221 3520 2294 3591 (8')
2333 3526 2492 3577 Aliam
2514 3525 2645 3575 illam
2669 3527 2894 3589 spectem
2918 3548 2980 3558 —
3004 3520 3245 3586 patientia
3262 3520 3421 3572 Fran.

1815 3629 2383 3688 COMMENTARIUS.

1346 3746 1566 3798 Alterius
1591 3749 1663 3799 sic

615 3807 787 3860 Altera
811 3811 965 3873 poscit
990 3822 1137 3874 Opem
1164 3823 1248 3861 res
1271 3817 1323 3861 et
1342 3812 1562 3875 eoujurat
1583 3812 1756 3860 amice.
1818 3808 1932 3858 RIG.

532 3912 687 3969 CAP.
708 3912 801 3968 IX.
833 3943 907 3955 —-
934 3912 1013 3986 (a)
1041 3911 1393 3986 Expellantur
1410 3913 1787 3986 mathematici.
1834 3912 1887 3967 Si
1940 3912 2063 3981 quis

453 3985 601 4047 hinc,
634 3995 885 4054 tanquam
920 3982 1123 4039 inutilia
1153 3995 1208 4038 et
1236 3982 1504 4054 superflua
1530 4026 1543 4046 ,
1594 3985 1761 4054 deleri
1807 3994 2061 4053 oportere

460 4053 768 4125 censuerit,
799 4056 957 4110 habet
976 4071 1104 4111 ecce
1133 4071 1222 4110 me
1246 4053 1707 4124 adstipulatorem.
1732 4053 1853 4108 Βία.

535 4147 617 4218 (h)
652 4147 817 4201 Primi
844 4149 1000 4218 igitur
1027 4150 1293 4202 stellarum
1320 4145 1983 4218 interpretes.Chalcidius
2008 4146 2060 4200 in

460 4217 602 4273 Tim.
633 4218 765 4273 Plat.
799 4217 875 4272 ad
897 4220 1081 4275 Osittm
1112 4220 1518 4273 Cordubensem
1550 4233 1617 4272 ex
1651 4217 1873 4271 historia
1901 4232 2064 4281 quant

459 4297 617 4344 vocat
643 4291 965 4346 sanctiorem
999 4301 1052 4344 et
1083 4290 1529 4344 venrrahitiorem
1558 4330 1571 4350 .
1605 4290 1709 4348 ait,
1742 4296 1862 4340 ortu
1897 4288 2067 4342 stella:

458 4360 737 4429 cujusdam
770 4377 876 4415 non
923 4361 1138 4415 morbo"
1188 4371 1502 4428 Itmt'lt'sqtle
1549 4359 1928 4421 denuntiatas.
1971 4357 2067 4413 sed

455 4433 777 4487 descensum
799 4432 892 4486 Dei
917 4432 1239 4486 venerabilis
1258 4433 1321 4485 ad
1347 4431 1595 4485 llltlllntltl‘.
1617 4430 2065 4493 conservationis,

466 4517 756 4573 rerumque
787 4503 1092 4557 mortalium
1135 4505 1382 4572 gratiam.
1425 4500 1742 4573 STIfZLLAM
1772 4499 2065 4573 CHRISTI.

2168 3755 2274 3801 etc.
2329 3745 2546 3801 Frustra
2596 3752 2775 3798 autem
2822 3757 2887 3795 cx
2915 3741 3019 3795 hoc
3071 3740 3189 3794 loco
3225 3738 3425 3794 Christi
3465 3738 3705 3809 genesim
3735 3752 3768 3794 e

2167 3816 2444 3871 stellarum
2493 3831 2652 3868 cursu
2704 3812 2878 3867 metiri
2928 3827 3086 3881 posse
3134 3810 3469 3881 contendunt
3521 3810 3768 3865 homines

2167 3901 2423 3957 perverse
2451 3886 2680 3957 curiosi,
2729 3884 2869 3936 inter
2897 3897 3041 3957 «(nos
3057 3880 3311 3957 familiam
3331 3881 3545 3957 _duc_unt
3575 3881 3767 3936 Petrus
3862 3886 3869 3891 ’

2167 3950 2234 4011 de
2264 3958 2466 4011 Alliaco
2486 3996 2500 4019 ,
2531 3966 2584 4009 et
2613 3953 2969 4023 Hieronymus
3002 3950 3293 4023 Cardanus.
3328 3950 3403 4004 Le
3437 3952 3531 4004 l’n.

2242 4026 2409 4099 (0)151
2450 4027 2692 4099 cujusque
2735 4019 3239 4099 ex'eodenrordine
3282 4031 3616 4099 mortuorum.
3656 4019 3767 4099 Hoc

2169 4090 2388 4163 (δείξει
2414 4090 2725 4150 ordine-illo
2779 4092 3082 4159 septenario
3126 4093 3494 4163 planetarum,
3525 4090 3763 4163 Saturni,

2168 4159 2352 4222 Martis
2374 4208 2388 4230 ,
2428 4165 2710 4229 Mercurii,
2741 4174 2795 4218 et
2829 4163 2876 4215 id
2906 4177 3073 4229 genus
3105 4163 3371 4222 aliorum,
3401 4162 3490 4230 qui
3516 4177 3621 4212 non
3654 4159 3762 4226 dii,

2168 4240 2262 4294 sed
2294 4238 2540 4292 lminines
2568 4238 2714 4289 luere
2739 4275 2756 4301 ,
2785 4236 2964 4298 ctjatn
2994 4234 3207 4303 quidem
3236 4234 3455 4286 mortui.
3482 4232 3599 4287 lito.

2242 4309 2312 4380 If)
2347 4308 2517 4376 Usque
2545 4307 2638 4380 nil
2667 4305 3022 4380 Erangelium.
3056 4305 3132 4358 Ne
3164 4313 3312 4380 pulct
3352 4305 3523 4380 lector.
3544 4316 3770 4380 comeso

2170 4374 2513 4434 satn'divinis
2543 4378 2749 4448 legibus
2771 4419 2786 4443 ,
2815 4374 2908 4430 sed
2937 4385 3140 4430 tantum
3172 4375 3419 4448 humanis
3440 4416 3455 4441 ,
3492 4374 3612 4444 quia
3645 4384 3772 4428 ante

2170 4452 2442 4507 Christum
2473 4465 2577 4504 non
2599 4446 2780 4519 initiita
2802 4491 2816 4511 ,
2847 4448 2956 4501 imo
2983 4464 3076 4517 per
3096 4462 3285 4501 attines
3311 4446 3557 4519 nationes
3584 4453 3768 4513 vagata

2177 4525 2469 4579 insolenter
2491 4563 2506 4585 ,
2536 4515 2666 4576 ct'in
2698 4524 2869 4589 pretio
2897 4534 2959 4572 ac
2985 4515 3154 4590 gloria
3199 4517 3407 4590 habita.
3431 4515 3613 4590 Neque
3641 4530 3771 4590 cou-

454 4574 591 4659 Μηεὲ
636 4565 685 4628 ⁵¹ῖ
742 4573 1035 4659 βντιειετέίεξ
1061 4565 1361 4659 δεξυιιάιεεη.
1402 4572 1745 4659 Mattheus“
1790 4592 1808 4624 ί
1840 4565 2148 4659 Ϋίδηὲιξεῖ)
2177 4565 3766 4659 Grates:fenic'zsgxatnagi;1;.iaigi3a'ngetiam,

466 4643 677 4699 stellam
711 4645 825 4714 ejus
860 4645 910 4698 in
939 4643 1166 4699 Oriente
1200 4664 1247 4700 ι.
1276 4644 1569 4700 Primasius
1597 4645 1648 4698 in
1678 4644 1922 4699 ha‘l‘CSilll
1954 4644 2069 4698 Pri-

465 4717 901 4770 scillianistarmu
941 4733 952 4767 :
990 4734 1007 4767 ‹
1057 4719 1097 4769 Α
1130 4716 1282 4786 signo
1308 4716 1505 4771 ChriSti
1553 4716 1620 4771 ad
1660 4716 1810 4787 signa
1842 4717 2070 4771 astrolo-

465 4788 581 4858 gica
612 4788 999 4858 migraret-unt.
1040 4806 1059 4839 ι
1093 4788 1211 4844 lite.

539 4882 615 4954 (c)
644 4881 806 4936 Primi
843 4890 1254 4935 ntuneraverunt.
1278 4879 1625 4954 Chalcidins:
1654 4899 1672 4931 ι
1697 4880 2069 4954 Chaldaeorum

463 4951 710 5023 profecto
763 4953 1031 5024 sapientes
1109 4954 1242 5018 viri,
1298 4961 1352 5007 ct
1401 4951 1833 5024 consideratione
1892 4967 2071 5006 rerum

456 5022 755 5081 caelestium
788 5022 917 5081 satis
946 5024 1220 5079 exercitati
1245 5065 1259 5089 ,
1289 5024 1546 5094 quarsisse
1589 5022 1835 5077 dicuntur
1862 5039 2050 5078 recen-

458 5106 565 5151 tem
593 5108 769 5151 ortnm
821 5096 948 5151 Dei:
1002 5108 1321 5165 repertaque
1362 5095 1450 5149 illa
1494 5094 1778 5160 majestate
1822 5096 2046 5164 puerili,

458 5176 740 5224 veneratus
762 5170 883 5242 esse
902 5206 917 5232 ,
958 5174 1015 5222 et
1043 5178 1162 5222 vota
1196 5167 1307 5242 Deo
1338 5176 1485 5221 tanto
1513 5165 1883 5221 convenientia
1912 5182 2049 5220 nun-

457 5253 706 5309 cunassc.
746 5259 764 5291 ι
800 5239 916 5295 Βιο.
1046 5308 1049 5309 ν
1240 5239 1246 5242 ’
1574 5259 1598 5309 ν·

530 5307 611 5385 (d)
643 5310 717 5364 De
739 5311 940 5385 Christo
980 5308 1168 5385 scilicet
1193 5316 1276 5385 est
1296 5309 1534 5385 mat/ieris
1560 5307 2044 5385 l:oclie._llodierna,

458 5378 647 5453 inquit,
679 5381 936 5437 mathesis
960 5391 1049 5453 est
1072 5380 1351 5450 disciplina
1386 5380 1605 5435 Christi.
1635 5378 1799 5453 Stella
1822 5379 2046 5453 Christi,

458 5450 564 5510 hoc
591 5464 706 5518 est,
755 5453 964 5524 genesis
993 5452 1228 5515 Christi,
1264 5453 1507 5524 exempla
1534 5459 1590 5524 et
1630 5450 1877 5524 mandata
1927 5451 2042 5524 ejus

458 5521 791 5581 observanda
819 5531 943 5578 sunt
974 5524 1126 5577 nobis
1172 5533 1226 5577 et
1276 5521 1635 5593 praedicanda.
1694 5522 1813 5579 Ilio.
1853 5551 1927 5563 —
1970 5522 2045 5577 De

458 5597 661 5655 Christo
708 5594 917 5649 scilicet.
962 5594 1201 5658 lronice,
1278 5596 1532 5649 mathesis
1590 5594 1734 5649 enim
1799 5594 1957 5649 hodie
2014 5610 2046 5650 c

456 5669 658 5725 Christi
694 5665 972 5734 disciplina
1024 5675 1275 5730 nonest;
1332 5668 1454 5735 quia
1488 5665 1629 5721 nulla
1684 5666 1843 5721 hodie
1894 5665 2046 5721 stella

459 5738 705 5795 Christus
731 5739 945 5793 dicitur.
992 5737 1240 5791 Doctrina
1270 5736 1359 5792 illa
1388 5754 1575 5792 eorum
1602 5748 1685 5794 est
1725 5738 1812 5807 qni
1843 5752 2045 5807 cogno-

462 5810 661 5866 minem
685 5809 896 5868 stellam
940 5807 1241 5869 habuerunt
1266 5818 1322 5866 ut
1362 5807 1604 5881 Jupiter,
1650 5819 1707 5867 ut
1746 5810 2045 5878 Saturnus,

2177 4684 2299 4721 nam
2321 4666 2406 4720 isti
2435 4665 2521 4719 illa
2542 4666 2620 4717 nsi
2643 4672 2769 4717 sunt
2794 4679 2858 4719 ex
2886 4677 3029 4716 mera
3057 4663 3251 4730 pietate
3278 4669 3331 4715 et
3351 4659 3634 4726 religione,
3664 4673 3771 4730 non

2179 4749 2234 4791 ut
2262 4737 2381 4801 alim
2403 4745 2593 4806 gentes
2631 4735 2697 4789 ad
2726 4749 2854 4788 usus
2878 4734 3176 4797 maleficos.
3207 4731 3310 4786 Sed
3334 4729 3770 4806 _et_cxplica_udns

2178 4800 2431 4863 'I‘crtull.‘
2452 4822 2574 4861 cum
2620 4807 2688 4859 ait
2723 4819 3035 4860 concessam
3066 4817 3235 4871 usque
3279 4802 3346 4855 ad
3379 4800 3767 4870 Evangeiium,

2178 4880 2383 4935 scilicet
2431 4891 2741 4933 concessam
2789 4885 2847 4928 ut
2901 4876 3210 4943 plurimum.
3246 4872 3376 4927 Lac.

2252 4951 2331 5021 (g)
2360 4950 2677 5021 (ῖιιιηδιιιιιηιΔ
2707 4941 3117 5021 sacriﬁcationis.
3172 4941 3474 5021 Uthcxinde
3526 4941 3771 5021 Christus

2178 5011 2367 5077 fideles
2395 5036 2524 5077 suos
2545 5018 2815 5074 abstinere
2845 5011 3074 5069 voluerit
3097 5011 3407 5084 pontificatu
3441 5022 3494 5066 et
3522 5011 3769 5067 surculari

2173 5094 2366 5164 gloria.
2400 5090 2700 5164 Clausulam
2726 5130 2741 5153 ,
2780 5088 2941 5164 finem
2965 5095 3021 5141 et
3043 5086 3367 5164 tet-minium.
3391 5085 3477 5138 Sic
3496 5084 3547 5164 in
3572 5084 3766 5152 Scorp.

2154 5155 2245 5219 uvbi
2307 5164 2375 5220 de
2403 5162 2557 5218 Joau.
2605 5162 2757 5230 Bapt.
2792 5176 2806 5213 :
2857 5157 3097 5213 Clausnla
3137 5155 3260 5228 legis
3298 5165 3343 5211 et
3387 5155 3767 5280 proplléeéarnm.

2919 5280 2923 5284 .
3506 5242 3628 5281 HIC.

2225 5307 2306 5380 (lt)
2367 5305 2623 5380 Spiritum
2662 5301 2911 5380 Sanctum
2953 5317 3040 5380 per
3086 5298 3757 5380 manuum“impositionem

2152 5369 2512 5436 eruinilinaret.
2559 5373 3083 5430 Convenieutissimo
3112 5372 3278 5427 verbo
3329 5370 3565 5425 Simonis
3604 5369 3769 5423 istius

2151 5453 2354 5507 crimen
2384 5449 2623 5502 damnat.
2652 5444 2835 5502 Sedet
2868 5444 3128 5498 hodierna:
3164 5441 3540 5496 nundinationi
3567 5453 3763 5493 eorum

2149 5539 2270 5594 quze
2315 5520 2508 5576 feudali
2538 5516 2799 5594 vocabulo
2828 5515 3088 5594 beneficia
3136 5522 3546 5594 nuncupantur,
3591 5513 3767 5594 simo-

2150 5584 2256 5650 nia:
2301 5594 2507 5647 crimen
2546 5590 2784 5644 tribuere
2832 5588 3100 5653 solemus,
3135 5586 3236 5640 etsi
3282 5584 3425 5639 inter
3455 5591 3764 5652 emptorem

2151 5674 2207 5722 et
2234 5664 2564 5720 venditorem
2593 5661 2667 5731 de
2685 5658 3048 5731 comparando
3079 5657 3281 5731 Spiritu
3302 5655 3517 5729 (Sancto
3567 5653 3765 5731 nequi-

2153 5736 2275 5792 dem
2318 5735 2599 5805 cogitetur.
2629 5730 2761 5786 Nam
2809 5724 2947 5807 inter
2974 5744 3084 5807 eos
3116 5729 3220 5807 hoc
3240 5726 3456 5807 tantum
3496 5724 3673 5796 agitur
3704 5731 3764 5776 ut

2153 5808 2209 5868 in
2235 5797 2533 5881 emptorem
2563 5811 2801 5863 transeat
2823 5802 2913 5873 jus
2943 5798 3272 5874 percipiendi
3304 5797 3507 5856 reditus
3535 5809 3603 5852 ex
3626 5809 3755 5865 pos—
