4150 6352
540 316 648 388 6‘75

1949 306 2413 385 inﬁrmum

3733 325 3849 391 676

538 444 780 514 tur.Quis
806 443 920 500 hate
941 448 1247 513 competere
1270 439 1563 497 christiano
1577 438 2009 511 existimabit(a),
2033 441 2134 497 nisi
2164 442 2213 505 Α
2241 442 2388 498 nium
2432 441 2717 509 malorum,
2760 444 2865 516 qua
2899 442 3116 516 quidam
3169 442 3356 503 irretiti
3379 488 3397 517 ,
3468 447 3612 505 circa
3679 445 3845 503 ﬁdem

539 538 631 610 qui
651 538 849 609 putabit
869 536 1159 593 convenire
1178 537 1340 591 etiam
1363 549 1473 591 non
1494 534 1788 606 magistro?
1804 534 2015 589 Scimus
2030 533 2135 591 dici

544 642 699 701 posse
731 648 745 683 :
776 646 795 682 t
823 632 867 685 si
885 626 1079 687 docere
1098 629 1304 687 litteras
1333 628 1427 685 Dei
1454 628 1632 685 servis
1659 644 1763 684 non
1796 627 1941 694 licet,
1976 628 2138 684 etiam

541 734 643 779 nec
666 723 875 779 discere
904 723 1102 781 licebit.
1159 723 1231 779 Et
1282 723 1555 795 quomodo
1601 723 1723 795 quis
1772 722 2141 779 institueretur

540 814 607 870 ad
641 815 979 886 prudentiam
1024 816 1241 872 interim
1279 816 1592 883 humanam,
1621 816 1704 872 vel
1732 816 1798 871 ad
1826 820 2142 887 quemcuma

540 916 645 980 que
665 917 884 965 sensum
909 910 991 967 vel
1025 918 1224 976 artum,
1257 924 1379 966 cum
1417 911 1498 981 (l)
1520 912 1931 966 inetrumentum
1963 910 2033 966 sit
2070 908 2139 966 ad

541 1004 755 1060 omnem
785 1005 944 1059 vitam
978 1002 1317 1073 llttcratorai?
1347 992 1633 1074 Quomodo
1661 1003 2003 1075 repudiamus
2033 1019 2137 1059 sae-

541 1100 742 1156 cularia
759 1100 956 1170 studia,
971 1101 1086 1156 sine
1100 1100 1296 1172 quibus
1312 1100 1488 1156 divina
1509 1116 1614 1155 non
1635 1097 1891 1171 possunt?
1904 1116 1922 1152 ι
1946 1098 2142 1155 Videa-

541 1206 662 1250 mus
679 1172 843 1266 igitur
872 1195 1244 1251 necessitatem
1277 1195 1609 1251 litteratoria:
1636 1191 1957 1249 eruditionis
1982 1210 1995 1260 ;
2024 1208 2141 1249 res-

541 1287 802 1357 piciamus
833 1303 899 1343 ex
954 1297 1102 1358 parte
1152 1290 1272 1344 eam
1322 1288 1527 1343 admitti
1557 1302 1660 1343 non
1692 1298 1870 1358 posse,
1896 1300 1960 1342 ex
1988 1294 2140 1357 parte

542 1380 717 1436 vitari.
740 1380 953 1437 Fideles
981 1382 1150 1453 magis
1171 1383 1401 1451 discere,
1421 1398 1578 1455 quam
1603 1382 1797 1439 docere
1819 1383 2024 1439 litteras
2051 1396 2141 1439 ca-‘

541 1474 641 1544 pit.
674 1474 890 1529 Diversa
921 1481 1004 1530 est
1030 1475 1172 1530 enint
1220 1477 1357 1530 ratio
1383 1474 1625 1531 discendi
1679 1483 1735 1530 ct
1788 1474 2038 1531 docendi.
2084 1474 2140 1531 Sl
2172 1486 2177 1509 ί

542 1563 716 1621 ﬁdelis
747 1566 951 1622 litteras
980 1566 1173 1622 doceat
1198 1567 1425 1623 insertas
1454 1565 1533 1640 (Ξ)
1576 1565 1840 1623 idolorum
1882 1568 2141 1638 praedica-

544 1657 687 1712 tione
717 1657 819 1729 (5),
850 1660 968 1714 sine
995 1656 1183 1727 dubio,
1213 1659 1341 1714 dum
1372 1658 1550 1722 docet,
1591 1659 1931 1715 commendat
1962 1676 1976 1715 :
2013 1659 2139 1715 dum

543 1748 723 1816 tradit,
753 1747 986 1805 afﬁrmat
1005 1770 1017 1804 :
1038 1750 1164 1806 dum
1179 1760 1571 1807 commemorat
1590 1795 1603 1819 ,
1627 1753 1989 1808 testimonium
2012 1752 2142 1808 dicit

542 1838 1059 1915 (Exod.XXllI,t3);
1074 1842 1207 1900 deos
1225 1846 1371 1915 ipsus
1388 1842 1488 1899 hoc
1506 1843 1719 1899 nomine
1734 1842 1999 1914 obsignat,
2016 1852 2138 1898 Cum

2243 534 2573 605 naufragium
2644 542 2768 591 sunt
2819 536 2959 607 passi
3005 536 3169 609 (c);
3213 537 3458 610 quamvis
3510 548 3566 595 et
3619 537 3846 595 idolola-

2245 626 2347 681 tria
2369 626 2438 682 ab
2462 625 2651 682 eodem
2679 628 2922 698 apostolo
2945 628 3085 685 dicta
3124 630 3195 686 sit
3214 630 3505 701 cupiditas.
3526 630 3660 687 Tum
3689 646 3843 687 men-

2244 717 2476 790 dacium,
2504 719 2810 791 cupiditatis
2854 721 3183 778 ministrum.
3222 721 3402 780 Taceo
3439 722 3509 781 de
3556 725 3800 796 periurio
3823 767 3842 797 ,

2243 813 2459 885 quando
2500 828 2569 870 ne
2620 813 2804 886 Jurare
2845 815 3062 888 quidem
3119 816 3297 874 liceat.
3342 817 3641 891 Negotiatio
3682 832 3846 876 servo

2244 909 2337 965 Dei
2365 918 2488 981 apta
2509 909 2627 965 est?
2647 908 2939 979 Caeterum,
2962 912 3007 966 si
3030 909 3295 982 cupiditas
3315 912 3591 981 abscedat,
3619 928 3740 985 quae
3759 919 3849 970 est

2242 1014 2430 1059 caussa
2456 1001 2770 1073 acquirendi
2795 1043 2811 1069 ,
2839 1006 3087 1059 cessante
3115 1014 3307 1059 caussa
3354 1004 3687 1076 acquirendi,
3733 1020 3848 1061 non

2244 1095 2349 1151 erit
2392 1096 2691 1150 necessitas
2743 1094 3071 1166 negotiandi.
3121 1096 3205 1152 Sit
3241 1111 3382 1152 nunc
3422 1096 3598 1169 aliqua
3638 1096 3850 1167 justitia

2243 1195 2504 1260 quaestus,
2527 1198 2721 1244 secura
2748 1188 2817 1245 de
2857 1188 3167 1260 cupiditatis
3204 1196 3258 1245 et
3290 1189 3555 1274 mendacii
3596 1189 3851 1246 observa-

2243 1281 2406 1347 tione,
2428 1282 2480 1335 in
2507 1281 2710 1337 crimen
2723 1278 2997 1337 oﬂeudere
3009 1280 3325 1337 idololatrite
3343 1296 3462 1337 eam
3490 1283 3700 1354 opinor,
3727 1297 3851 1355 qua

2243 1374 2309 1429 ad
2352 1374 2520 1445 ipsam
2562 1372 2826 1430 idolorum
2850 1374 3082 1429 animam
3104 1384 3162 1430 et
3193 1375 3435 1447 spiritum
3454 1375 3704 1448 pertinet,
3727 1386 3859 1448 quas

2246 1480 2407 1522 omne
2430 1467 2757 1523 daemonium
2787 1472 3016 1539 saginat.
3049 1468 3191 1525 Sane
3236 1482 3414 1524 annon
3436 1469 3521 1523 illa
3542 1470 3877 1541 principalis."

2246 1559 2545 1616 idololatria
2577 1560 2688 1630 (tl)?
2713 1559 2945 1638 viderint
2990 1561 3035 1617 si
3075 1562 3243 1618 aedem
3270 1577 3500 1631 merces,
3542 1563 3698 1619 thura
3726 1564 3851 1620 dico

2244 1663 2298 1710 et
2324 1667 2523 1710 caetera
2546 1656 2943 1727 peregrinitatis
2971 1656 3044 1729 (e)
3095 1657 3161 1712 ad
3189 1656 3511 1713 sacriﬁcium
3560 1656 3849 1725 idolorum,

2244 1748 2406 1805 etiam
2429 1748 2731 1805 hominibus
2749 1746 2815 1805 ad
2832 1752 3098 1822 pigmenta
3117 1750 3710 1824 medicinalia(f),uobis
3724 1767 3851 1823 quo-
3890 1800 3895 1805 .

2250 1857 2355 1913 que
2385 1842 2602 1913 insuper
2625 1843 2691 1899 ad
2721 1846 2912 1899 solatia
2928 1845 3213 1916 sepulturae
3238 1846 3358 1901 usui
3379 1854 3523 1900 sunt.
3546 1843 3705 1903 Certe
3726 1861 3849 1901 cum

541 1896 625 1988 lex
644 1896 2136 2007 "omnotissiiiaigo'.Moagaazaaxg
2174 1896 2221 1964 Β
2251 1896 3848 2009 5......angustaaxa;;.;..i'.i.a;;i;,.1.;;.‘.i.',;;:

540 2033 596 2081 et
613 2039 805 2082 nomen
821 2025 922 2082 hoc
938 2028 989 2082 in
1002 2042 1142 2083 vano
1154 2028 1431 2083 collocari.
1451 2027 1582 2083 Hinc
1599 2028 1766 2099 prima
1779 2026 1989 2083 diabolo
2005 2026 2137 2083 ﬁdes

542 2116 836 2174 tediﬁcatur
879 2119 948 2175 ab
978 2119 1143 2175 initiis
1168 2119 1511 2177 eruditionis.
1558 2120 1751 2190 Quarre
1796 2135 1863 2175 an
1905 2118 2134 2176 idolola-

539 2210 696 2264 triam
726 2211 1028 2266 committat
1047 2212 1134 2283 qui
1163 2211 1231 2267 de
1254 2211 1413 2268 idolis
1435 2212 1733 2269 catechizat
1781 2212 1894 2285 (b)?
1932 2214 1997 2268 At
2016 2226 2136 2267 cum

539 2300 715 2356 ﬁdelis
744 2300 859 2358 haec
887 2301 1077 2368 discit;
1118 2303 1163 2358 si
1191 2302 1301 2374 jam
1330 2304 1470 2376 sapit
1497 2305 1587 2376 qui
1611 2305 1700 2372 sit,
1730 2318 1903 2375 neque
1926 2304 2135 2374 recipit,

538 2410 717 2465 neque
745 2395 996 2462 admittit,
1018 2396 1187 2451 multo
1216 2399 1388 2469 magis
1412 2397 1457 2453 si
1479 2398 1718 2455 nondum
1748 2398 1825 2471 (4)
1850 2400 2009 2471 sapit.
2035 2401 2143 2454 Aut

541 2485 626 2541 ubi
656 2488 883 2558 coeperit
910 2502 1119 2559 sapere,
1152 2488 1299 2558 prius
1328 2491 1499 2561 sapiat
1538 2498 1788 2563 oportet,
1816 2490 1957 2562 quod
1993 2492 2138 2560 prius

538 2579 756 2647 didicit,
785 2580 836 2636 id
878 2592 981 2646 est,
1014 2582 1082 2639 de
1107 2582 1219 2639 Deo
1250 2594 1305 2640 et
1330 2582 1481 2640 ﬁde.:
1511 2582 1738 2655 proinde
1778 2584 1865 2641 illa
1898 2592 2131 2656 respuet,

537 2688 637 2729 nec
667 2673 903 2744 recipiet.
933 2674 1001 2729 Et
1027 2674 1133 2730 erit
1171 2684 1277 2731 tam
1314 2683 1481 2743 tutus,
1511 2691 1673 2748 quam
1702 2677 1793 2748 qui
1840 2678 2017 2733 sciens
2047 2693 2138 2733 ve-

536 2781 733 2822 nenum
761 2766 828 2822 ab
855 2767 1038 2839 ignaro
1070 2768 1283 2839 accipit,
1334 2783 1432 2824 nec
1464 2769 1619 2825 bibit.
1656 2769 1793 2825 Huic
1837 2771 2132 2827 neceSSitas

535 2858 604 2915 ad
631 2860 1027 2916 excusationem
1058 2859 1366 2930 deputatur,
1391 2863 1512 2934 quia
1558 2863 1718 2919 aliter
1760 2864 1971 2920 discere
2025 2880 2131 2921 non

535 2961 732 3025 potest.
765 2953 936 3008 Tanto
962 2963 1142 3009 autem
1185 2953 1392 3010 facilius
1420 2965 1504 3015 est
1528 2954 1732 3012 litteras
1759 2972 1867 3011 non
1896 2956 2092 3013 docere
2111 2998 2129 3026 ,

535 3062 693 3117 quam
709 3060 814 3102 non
832 3045 1269 3121 discere,quanto
1280 3060 1333 3106 et
1348 3050 1550 3122 reliqua
1566 3050 1870 3106 scholarum
1884 3050 1952 3109 de
1969 3052 2134 3124 publi-

535 3140 613 3195 cis
627 3140 853 3211 propriis
869 3141 1300 3200 solemnitatibus
1321 3143 1719 3215 inquinamenta
1739 3143 1947 3202 facilius
1964 3146 2131 3203 disci-

2247 2026 2452 2094 riculis,
2483 2026 2551 2083 de
2569 2027 2799 2095 damnis,
2828 2029 2898 2086 de
2924 2029 3302 2096 incommodis,
3320 2029 3389 2085 de
3408 2030 3847 2101 cogitationibus,

2247 2117 2312 2173 de
2334 2117 2666 2177 discursibus
2694 2120 3212 2191 negotiationibusve
3239 2120 3317 2193 (g)
3341 2120 3693 2188 instruuntur,
3719 2120 3849 2192 quid

2242 2209 2387 2265 aliud
2416 2226 2574 2281 quam
2606 2220 2922 2282 procurator
2945 2204 3209 2268 idolorum
3233 2213 3659 2270 demonstraris?
3677 2213 3849 2272 Nemo

2247 2302 2540 2359 contendat
2582 2318 2741 2375 posse
2769 2305 2870 2359 hoc
2907 2303 3069 2361 modo
3113 2306 3365 2361 omnibus
3394 2306 3848 2377 negotiationibus

2244 2397 2671 2451 controversiam
2694 2396 2835 2452 ﬁeri.
2858 2395 3118 2452 Graviora
3138 2398 3331 2454 delicta
3358 2414 3582 2471 quasque
3608 2414 3707 2471 pro
3731 2414 3849 2456 ma-

2241 2486 2520 2558 gnitudine
2559 2487 2784 2558 periculi
2814 2487 3146 2559 diligentiam
3175 2489 3469 2546 extendunt
3508 2492 3847 2549 observatio-

2245 2579 2349 2647 nis,
2376 2590 2433 2634 ut
2465 2595 2572 2635 non
2603 2581 2672 2635 ab
2704 2579 2789 2635 his
2818 2588 3022 2637 tantum
3052 2583 3427 2651 abscedamus,
3458 2584 3554 2641 sed
3600 2595 3655 2642 et
3683 2586 3752 2641 ab
3779 2586 3844 2644 iis

2241 2686 2339 2743 per
2363 2687 2484 2743 quae
2510 2672 2665 2728 ﬁunt.
2700 2672 2852 2730 Licet
2880 2675 3020 2731 enitn
3055 2678 3124 2730 ab
3149 2675 3271 2731 aliis
3300 2676 3426 2745 ﬁat,
3458 2692 3565 2733 nou
3592 2678 3842 2747 interest,

2239 2768 2288 2821 si
2320 2764 2397 2836 (6)
2420 2782 2514 2838 per
2544 2783 2650 2823 me.
2680 2766 2740 2823 ln
2787 2767 2936 2825 nullo
2977 2770 3310 2828 necessarius
3354 2784 3475 2828 esse
3511 2770 3683 2829 debeo
3725 2773 3839 2842 alii,

2237 2875 2358 2916 cum
2392 2858 2518 2915 facit
2541 2859 2685 2932 quod
2717 2861 2851 2916 mibi
2878 2877 2985 2918 non
3014 2863 3158 2919 licet.
3181 2863 3261 2918 Ex
3292 2863 3396 2920 hoc
3416 2865 3556 2936 quod
3579 2875 3732 2921 vetor
3756 2867 3840 2921 l'a-

2237 2967 2394 3023 cere,
2421 2953 2730 3025 intelligere
2754 2954 2929 3012 debeo
2967 2957 3266 3014 curandum
3305 2958 3435 3013 mihi
3467 2974 3589 3015 esse
3609 3001 3625 3028 ,
3656 2975 3724 3017 ne
3749 2959 3841 3016 ﬁat

2235 3065 2335 3121 per
2355 3065 2461 3105 me.
2482 3049 2722 3121 Denique
2748 3050 2798 3105 in
2813 3050 2913 3105 alia
2931 3066 3119 3107 caussa
3148 3066 3253 3107 non
3276 3051 3490 3108 levioris
3511 3063 3689 3110 reatus
3709 3069 3841 3125 pre-

2231 3143 2491 3215 judicium
2542 3142 2681 3198 istud
2719 3142 2972 3199 observo.
3018 3142 3153 3200 Nam
3193 3144 3337 3217 quod
3366 3144 3498 3201 mihi
3533 3145 3601 3201 de
3652 3152 3841 3219 stupro
3934 3140 3941 3147 ’

534 3229 672 3305 polis
688 3228 861 3289 ﬁdelis
878 3248 985 3290 non
998 3233 1349 3308 adibit,quam
1365 3238 1615 3309 magister
1631 3254 1737 3295 non
1752 3237 2129 3312 frequentabit.
2156 3271 2203 3335 ο
2236 3237 2578 3295 interdictum
2599 3239 2688 3305 sit,
2720 3237 2837 3293 aliis
2862 3235 2929 3293 ad
2954 3253 3073 3294 eam
3104 3253 3216 3295 rem
3246 3238 3386 3296 nihil
3411 3249 3503 3296 aut
3536 3256 3717 3313 operte
3738 3251 3833 3299 aut

1154 3329 1382 3388 CAPUT
1421 3330 1518 3387 XI.

606 3420 683 3478 De
718 3422 1171 3494 negotiationibus
1218 3423 1364 3498 (5),
1421 3426 1467 3481 si
1544 3434 1738 3485 caetera
1811 3428 2129 3514 delictorum

532 3515 911 3589 re’c‘ogitemus,
968 3517 1020 3574 in
1084 3517 1271 3590 primis
1321 3518 1671 3591 cupiditatem
1724 3521 1961 3580 radicem
2008 3537 2127 3580 om-‘

2235 3332 2579 3390 conscientiae
2603 3330 2856 3389 exhibeo.
2890 3329 3022 3388 Nam
3047 3330 3191 3404 quod
3219 3331 3396 3405 ipsam
3424 3348 3641 3392 carnem
3659 3349 3837 3393 meam

2237 3445 2268 3486 a
2298 3427 2646 3500 lupanaribus
2668 3426 2944 3499 segregavi
2964 3469 2981 3497 ,
3003 3441 3239 3499 agnosco
3270 3443 3392 3498 me,
3433 3442 3607 3502 neque
3628 3427 3835 3487 lenoci-

2238 3523 2409 3590 nium,
2436 3535 2611 3592 neque
2637 3517 2690 3576 id
2716 3534 2885 3592 genus
2905 3518 3115 3577 lucrum
3129 3519 3352 3578 alterius
3376 3535 3566 3579 caussa
3586 3532 3851 3581 exercere

1712 3628 2091 3699 LECTIONES
2126 3639 2545 3699 VABIANTES.

594 3729 667 3799 (ἶ)
705 3729 794 3799 βυί
818 3730 997 3799 Rigalt,-
1100 3754 1109 3757 '

705 3794 900 3847 Inserta
927 3798 1111 3848 Wouw.
1137 3796 1207 3846 Μ.
1228 3796 1283 3847 S.

615 3859 667 3925 ὃ)
705 3856 1088 3925 ξταςόὶρειιίοηθε

593 3921 666 3987 (4)
706 3921 900 3987 pudum
932 3926 1099 3974 νεηρι.
1127 3921 1278 3972 Séml.

592 3982 665 4050 (ὅ)
703 3985 1137 4046 Degenerabitnus
1147 3987 1300 4037 Fran.
1319 3982 1809 4048 Degenerationibus
1827 3987 1949 4038 Jun.
1963 3988 2128 4040 Paris.

2231 3735 2311 3801 De
2329 3736 2658 3801 gravioribus,
2682 3736 2786 3787 Lat.
2812 3734 2891 3801 De
2915 3736 3255 3801 negotiatione
3277 3745 3416 3801 vero,
3450 3730 3493 3786 si
3530 3734 3714 3801 cetera
3736 3739 3837 3801 etc.

2231 3798 2296 3848 de
2319 3797 2535 3863 publicis
2550 3811 2607 3848 ac
2659 3800 2868 3863 [irem-iis
2905 3797 3300 3851 solemnitatibus
3353 3799 3538 3852 Wouw.
3566 3798 3638 3850 Μ.
3676 3798 3735 3852 S.
3758 3797 3841 3850 De

2232 3861 2898 3923 generationibusllhenan.
2920 3866 2966 3910 et
2987 3862 3110 3912 Jun.

2297 3924 2368 3988 (ϐ)
2413 3923 2516 3974 Nisi
2544 3924 2666 3974 Jun.

1901 4070 2267 4130 COMMENTA
2279 4074 2390 4131 RIU
2398 4074 2456 4131 S.

602 4192 677 4268 (a)
714 4184 837 4268 Quis
865 4195 979 4268 [uec
1000 4202 1296 4268 competere
1335 4190 1613 4268 christiano
1641 4188 1962 4268 existimabit.
1993 4188 2107 4245 Hoc

530 4261 618 4321 est
656 4261 799 4320 omni
829 4261 1142 4329 chri~tiauo,
1176 4273 1280 4318 tam
1328 4262 1612 4332 discipulo,
1640 4276 1801 4331 quam
1830 4261 2103 4332 magistro.

530 4337 614 4390 Ait
642 4337 783 4390 enim
815 4338 1056 4392 excusari
1084 4349 1241 4405 posse
1283 4334 1603 4405 discipulum
1625 4374 1639 4397 ,
1665 4333 1749 4388 cui
1784 4347 2004 4405 necesse
2028 4340 2110 4387 est

529 4406 740 4462 discere
784 4407 986 4461 litteras
1030 4402 1101 4461 ab
1141 4407 1356 4462 ethnico
1409 4402 1697 4473 magistro;
1745 4414 1802 4458 at
1848 4402 1971 4459 ferri
2003 4418 2109 4458 non

531 4491 689 4547 posse
735 4477 1117 4546 christianum,
1162 4477 1251 4547 qui
1300 4486 1419 4546 post
1470 4478 1627 4532 ﬁdem
1676 4476 1891 4533 Christo
1932 4477 2109 4531 datam

530 4547 625 4602 ﬁat
650 4548 1046 4622 lndimagister,
1074 4561 1128 4605 et
1157 4552 1360 4605 litteras
1390 4550 1579 4606 doceat
1604 4549 1809 4605 crebris
1832 4559 2109 4622 poetarum

529 4620 966 4744 Braclectionihus
986 4664 1001 4685 ,
1045 4622 1308 4676 idolorum
1350 4623 1765 4694 inquinamentis
1788 4665 1800 4685 ,
1834 4620 1955 4692 quae
1982 4635 2079 4687 pro

570 4698 658 4744 are
693 4702 865 4744 tamen
898 4690 1139 4744 videatur
1163 4695 1463 4744 intarrantlo
1492 4693 1934 4744 exnlicandonue.
1979 4693 2078 4744 Βία

570 4698 673 4765 are
693 4690 1139 4765 taAtuenﬂvideatnr
1163 4690 1934 4765 tantarrmnloexplicandaque.
1979 4693 2100 4748 th.

604 4762 685 4830 (b)
716 4756 816 4829 Qui
844 4760 907 4819 de
942 4763 1095 4837 idolis
1119 4765 1415 4820 catae/iisut.
1444 4756 1577 4822 Hinc
1603 4756 2102 4837 apparet-Auctoris

532 4841 791 4905 sententia
814 4877 829 4899 ,
887 4836 1026 4905 quod
1060 4837 1112 4890 in
1164 4837 1587 4905 prtecedeutihus
1638 4835 1742 4893 non
1776 4838 2008 4905 loquitur
2036 4835 2105 4890 de

533 4904 670 4959 nuda
698 4904 919 4980 deorum
944 4922 1011 4980 ac
1061 4904 1334 4963 nominum
1362 4911 1674 4964 eorumdem
1720 4904 2105 4980 pronuntiatio-

532 4989 633 5051 ne,
668 4976 760 5032 sed
789 4978 1207 5051 catechizatione
1243 4988 1297 5035 et
1327 4976 1743 5051 praedicatione,
1794 4996 1857 5036 ac
1884 4979 2104 5034 honori-

534 5045 628 5101 ﬁca
660 5046 929 5121 mentione
949 5092 961 5112 .
1012 5059 1067 5104 ut
1098 5050 1147 5104 id
1176 5045 1339 5107 nemo"
1361 5045 1569 5108 contra
1617 5067 1704 5107 me
1729 5045 2099 5121 detorqueat,

532 5116 908 5193 quiﬂl‘ortassis
949 5120 1266 5193 quibusdam
1314 5124 1537 5179 videbor
1567 5123 1617 5178 in
1652 5123 1734 5178 his
1776 5116 2109 5193 explicandis

533 5192 814 5258 prolixior.
844 5192 950 5248 Sed
970 5191 980 5193 “
1002 5196 1305 5250 meminerit
1357 5196 1526 5251 lector
1550 5211 1635 5249 me
1665 5211 1769 5249 non
1795 5191 1988 5253 doctis.
2015 5191 2110 5247 sed

534 5263 867 5331 potissimum
898 5266 1120 5320 rudibus
1141 5267 1237 5321 has
1263 5273 1635 5323 annotationes
1686 5265 1942 5321 scribere.
1972 5263 2105 5318 Part.

601 5335 756 5411 (JAI’.
906 5367 978 5411 -τ
997 5336 1068 5410 (ο)
1095 5338 1242 5411 Circa
1271 5340 1425 5407 ﬁdem
1446 5338 1774 5411 naufragium
1799 5347 1919 5391 sunt
1950 5336 2108 5411 passi.

529 5402 740 5479 Ubique
789 5408 897 5465 fere
928 5402 1289 5466 Tertulliauus
1312 5412 1439 5466 dum
1480 5402 1608 5465 citat
1631 5402 1864 5477 aliquem
1891 5422 1922 5462 e
1944 5402 2112 5479 sacris

529 5478 805 5537 codiCihus
830 5523 843 5544 ,
903 5480 1121 5537 Grzncos
1162 5493 1435 5549 sectatur;
1490 5484 1574 5537 hic
1607 5479 1933 5552 naufragium
1977 5478 2114 5550 passi

530 5555 709 5609 tamen
743 5553 815 5606 ait
841 5569 959 5624 pro,
989 5563 1298 5617 erraverunt,
1334 5556 1556 5610 habetur
1581 5554 1779 5624 quippe
1803 5553 1856 5606 in
1888 5566 2067 5623 graeco
2101 5567 2115 5605 :

484 5679 490 5685 ,
529 5630 928 5689 ἀπεπλανῑθιςσαν
950 5631 1049 5681 eiad
1075 5638 1161 5687 τῆς
1191 5636 1406 5688 πίστεως.
1428 5627 1501 5681 LE
1532 5626 1625 5680 Pu.

601 5720 681 5791 (d)
716 5720 856 5784 Sam
900 5736 1070 5775 annon
1098 5718 1187 5772 illa
1215 5718 1508 5787 principalis
1537 5716 1882 5791 Idololatria?
1919 5715 2109 5786 scripsi

527 5790 719 5858 annon,
750 5802 855 5848 etc.
887 5791 1076 5845 Notam
1099 5792 1530 5861 interrogationis
1559 5790 1773 5860 adjuuxi
1802 5805 1903 5861 qua
1924 5794 2113 5843 carent

530 5862 729 5934 vulgati
754 5862 986 5921 codices.
1017 5860 1219 5933 Scripsi
1269 5861 1337 5915 ad
1364 5860 1673 5934 sacriﬁcium
1717 5860 1993 5931 idolorum,
2024 5870 2111 5917 εει

1628 6037 1657 6057 ι

2213 4200 2368 4247 cutus
2392 4190 2609 4247 Juninm
2631 4232 2646 4256 ,
2674 4204 2795 4244 nam
2826 4188 2879 4245 in
2902 4188 3153 4244 omnibus
3180 4187 3332 4259 deest
3361 4187 3666 4259 propositio
3686 4229 3701 4252 ,
3732 4198 3791 4243 ut

2214 4263 2424 4344 videtur
2442 4261 2708 4389 Iaddenda
2749 4277 2813 4317 ex
2861 4262 3231 4332 sequentibus.
3278 4258 3353 4315 Ita
3392 4265 3535 4315 enim
3565 4258 3808 4316 clariora

2214 4348 2414 4389 omnia.
2491 4349 2575 4389 ac.

2213 4348 2414 4390 omnta.
2442 4348 2575 4390 LAC.

2233 4485 2257 4500 ,
2289 4427 2367 4501 (e)
2403 4428 2598 4484 Cretera
2642 4427 3036 4502 peregrinitatis.
3066 4427 3421 4486 Constructio
3462 4438 3547 4487 est
3608 4432 3784 4502 graeca
3808 4473 3827 4500 ,

2216 4511 2364 4555 notat
2391 4501 2595 4575 scilicet
2618 4503 2824 4575 exotica
2852 4501 3199 4575 odorantenta
3220 4543 3235 4564 ,
3269 4518 3390 4575 quae
3418 4516 3486 4558 ex
3519 4501 3730 4558 Arabia
3764 4506 3817 4558 in

2217 4582 2461 4628 nostrum
2491 4573 2681 4627 urbem
2727 4572 3086 4628 advehuntur.
3119 4571 3261 4628 Lac.

2289 4667 2355 4752 (ξ)
2383 4666 2553 4724 Etiam
2597 4669 2882 4752 hominibus
2909 4668 2977 4723 ad
3006 4671 3264 4752 pigmenta
3277 4668 3636 4752 -ntet_iicinalia.
3661 4664 3795 4724 Nam

2210 4750 2261 4824 et
2289 4743 2566 4824 pigmenta
2585 4750 2708 4796 sunt
2740 4743 2893 4824 utilia
2937 4742 3246 4824 medicinae
3277 4741 3430 4824 Unde
3473 4742 3803 4824 et_pigqtett-

2209 4812 2329 4867 tarii
2352 4810 2486 4868 'dicti
2517 4813 2964 4883 pharmacopolae.
2995 4812 3166 4868 Julius
3192 4810 3455 4868 Firmicus
3478 4855 3493 4878 ,
3537 4810 3634 4867 libI
3665 4811 3803 4876 Vlll,

2208 4899 2327 4954 cap.
2358 4884 2459 4939 i7:
2488 4885 2800 4958 Quicumque
2823 4884 2914 4940 sub
2946 4885 3231 4958 Itocsidere
3254 4886 3358 4958 nati
3394 4885 3618 4958 fuerint,
3649 4883 3808 4958 marsi

2209 4966 2390 5020 erunt,
2424 4957 2500 5011 vel
2524 4959 2608 5024 qui
2637 4955 2835 5010 venenis
2864 4972 2925 5010 ex
2957 4956 3231 5027 herbarum
3265 4955 3534 5027 pigmentis
3560 4955 3807 5027 confectis

2209 5028 2459 5081 salutaria
2494 5028 2686 5082 soleant
2732 5026 3014 5081 ltomimbus
3058 5025 3281 5080 remedia
3321 5025 3808 5095 'catnparare.'Pig-

2213 5111 2389 5154 menta
2408 5100 2568 5154 etiam
2590 5098 2773 5153 dixere
2793 5098 3152 5153 condimenta.
3173 5095 3478 5158 Cassianus,
3501 5098 3692 5153 Collat.
3713 5096 3804 5162 15,

2213 5185 2335 5239 cap.
2367 5171 2430 5225 3:
2458 5170 2683 5240 Corpora
2704 5180 3019 5223 mortuorum
3049 5169 3314 5240 pigmentis
3343 5170 3545 5240 conditi
3565 5166 3804 5240 redolen-

2216 5238 2346 5295 tibus
2384 5240 2437 5295 in
2493 5238 2786 5295 editioribus
2850 5240 3048 5294 cellulis
3097 5238 3455 5294 recondantur.
3514 5239 3594 5295 Sit
3635 5238 3823 5294 etiam

2215 5312 2389 5367 Exodi
2419 5327 2537 5382 cap.
2582 5309 2860 5378 XXXVII,
2907 5312 3009 5367 sub
3035 5312 3227 5376 linem,
3287 5308 3429 5379 Opus
3479 5307 3830 5382 pigmentarii

2215 5384 2411 5439 dicitur
2435 5427 2449 5451 ,
2481 5384 2623 5455 quod
2649 5382 2993 5455 Septuaginta
3014 5425 3029 5450 ,
3086 5391 3217 5456 tam
3270 5390 3502 5455 μυροψοῢ.
3533 5382 3663 5439 Rto.

2307 5501 2386 5574 (g)
2416 5490 2491 5570 De
2520 5498 2958 5574 negotiationibus.
2986 5496 3174 5574 Mirum
3220 5512 3350 5574 sane
3379 5496 3466 5574 hic
3494 5498 3812 5574 interpretes

2230 5572 2300 5628 ita
2317 5569 2507 5628 'varias
2530 5569 2776 5640 antpleCti
2819 5571 3147 5637 sententias,
3196 5569 3283 5622 alii
3312 5570 3453 5635 enim
3497 5569 3560 5623 de
3601 5583 3815 5640 genera-

2229 5645 2475 5710 tionibus,
2515 5639 2710 5698 habent
2738 5643 2826 5697 alii
2858 5643 2922 5697 de
2951 5640 3295 5711 gravioribus,
3342 5643 3447 5703 alii,
3470 5639 3806 5711 degenerabi-

2227 5732 2362 5781 mus,
2393 5698 2480 5770 alii
2510 5716 2573 5769 de
2600 5698 3169 5786 negotiatiOite."Nescio
3208 5698 3798 5786 :in'assetitiri'delieatn

2224 5785 2499 5843 Ludovico
2522 5787 2590 5842 de
2614 5781 2686 5842 La
2710 5786 2879 5842 Corda
2903 5785 2994 5857 qui
3026 5785 3307 5857 lectionem
3340 5785 3585 5857 primum,
3626 5781 3691 5837 de
3713 5795 3807 5853 ge-

2225 5857 2602 5931 nerationibus,
2628 5853 2967 5917 retinendam
2994 5864 3200 5914 censet.
3228 5853 3309 5911 Ls
3336 5853 3433 5911 Pu.
