4150 6352
324 354 430 412 877

1533 348 1738 407 LIBER
1776 347 1864 406 DE
1901 345 2385 408 IDOLOLATRIA.

3531 336 3639 413 078

322 485 508 544 posse.
536 468 625 527 Sic
651 477 705 527 et
732 465 1573 527 homicidiiinterdictioosteudit
1601 465 1730 522 mihi
1758 464 2133 529 ianisnAnon
2205 466 2377 525 habeo
2434 475 2540 541 quo
2600 469 2795 526 Vivam.
2870 465 2988 528 Iani
3058 466 3148 528 hic
3200 469 3343 529 enim
3398 469 3616 543 plenius

325 574 434 624 tam
458 579 671 637 quoque
702 565 779 636 (a)
804 564 872 620 ab
890 561 1129 620 Ecclesia
1158 561 1330 619 arceri
1356 576 1373 620 ;
1407 573 1507 617 nec
1526 573 1622 632 per
1645 572 1706 614 se
1721 572 1828 613 non
1852 555 1932 612 fa«

327 657 451 721 ciet,
476 655 621 728 quod
658 654 961 711 faciendum
987 654 1107 711 aliis
1153 653 1545 710 subministrat.
1588 651 1729 708 Ecce
1751 649 1921 722 magis

329 749 631 822 proximum
651 746 1038 819 prrejudicium.
1062 747 1117 803 Si
1132 746 1467 818 publicarum
1482 744 1820 801 victimarum
1839 757 1931 801 re.

330 839 577 909 demptor
605 838 671 893 ad
702 837 863 894 ﬁdem
889 837 1133 906 accedat,
1159 838 1443 910 permittes
1461 836 1513 894 ei
1540 838 1594 892 in
1624 851 1691 893 eo
1720 835 1935 909 negotio

331 932 687 1007 permanere?
715 934 818 988 Aut
848 934 893 988 si
918 933 1029 1005 jam
1044 932 1217 989 ﬁdelis
1242 932 1293 988 id
1314 930 1392 1006 (I)
1413 946 1572 1004 agere
1613 930 1931 1002 susceperit,

331 1028 671 1086 retinendum
688 1027 742 1081 in
761 1024 1254 1095 Ecclesia’putabis?
1272 1023 1388 1081 Non
1402 1026 1614 1095 opinor,
1633 1022 1736 1079 nisi
1750 1022 1793 1077 si
1816 1021 1938 1093 quis

333 1131 390 1179 et
416 1121 482 1177 de
505 1120 746 1176 thurario
771 1117 1160 1184 dissimulabit,
1192 1116 1398 1173 scilicet
1422 1110 1500 1171 ad
1526 1116 1659 1171 alios
1696 1112 1940 1186 pervenit

334 1215 642 1289 procuratio
692 1213 965 1286 sanguinis
984 1250 1001 1280 ,
1027 1211 1095 1268 ad
1124 1211 1259 1268 alios
1286 1210 1533 1266 odorum.
1570 1209 1625 1266 Si
1650 1218 1937 1279 antequam

335 1306 477 1363 idola
504 1309 554 1362 in
582 1306 781 1362 saeculo
806 1314 1007 1373 essent,
1037 1305 1119 1361 his
1159 1304 1429 1362 mercibus
1472 1301 1648 1359 adhuc
1689 1298 1938 1357 informis

286 1392 295 1401 ’
338 1382 643 1456 idololatria
689 1398 764 1471 (ὁ)
813 1397 1230 1470 transigebatur,
1289 1398 1368 1453 sic
1413 1405 1469 1452 et
1513 1411 1655 1452 nunc
1682 1393 1795 1450 fere
1822 1394 1942 1449 sine

338 1492 486 1551 idolo
509 1507 647 1565 opus
672 1492 992 1548 idololatriae
1022 1491 1288 1548 incendiis
1320 1491 1545 1547 edorum
1576 1497 1937 1561 perpetretur,

338 1584 527 1656 ecquid
549 1582 767 1655 majoris
793 1598 973 1654 opera:
988 1593 1041 1637 et
1068 1598 1194 1653 erga
1217 1582 1482 1640 damonis
1510 1580 1783 1637 thurarius
1823 1577 1941 1651 (2)?

340 1695 461 1734 nam
488 1668 692 1733 facilius
712 1678 828 1733 sine
847 1676 990 1733 idolo
1016 1676 1341 1744 idololatria,
1371 1688 1531 1749 quam
1566 1674 1687 1731 sine
1716 1671 1941 1729 thuratii

341 1784 542 1826 merce.
564 1766 736 1840 Ipsius
763 1767 887 1825 ﬁdei
913 1768 1299 1825 conscientiam
1326 1778 1692 1839 perrogcmus.
1714 1767 1832 1835 Quo
1846 1780 1941 1821 ore

2031 557 2109 651 illi
2135 559 2373 631 abruptae
2410 560 2761 651 prepositioni
2811 560 3195 634 reSpondebo:
3238 563 3373 620 Sero
3398 558 3618 620 dicitur.

2035 649 2173 707 Ante
2199 652 2342 707 enim
2370 649 2468 708 fuit
2497 652 2921 723 deliberandum,
2954 670 3021 712 ex
3050 652 3397 713 similitudine
3427 654 3611 728 provi-

2034 739 2361 798 dentisssimt
2388 744 2608 800 aediﬁcia
2636 744 2780 801 illius
2817 744 2891 817 (Ι)
2926 746 3015 818 qui
3046 745 3192 818 prius
3219 752 3464 819 Sumptus
3499 756 3632 819 ope-

2038 834 2115 890 ris
2135 851 2255 891 cum
2294 837 2498 894 viribus
2524 838 2638 894 suis
2667 848 2952 911 supputat,
2984 856 3087 908 ne,
3120 842 3206 897 ubi
3238 843 3487 915 cmperit,
3530 841 3632 901 de-

2040 924 2211 984 fectus
2234 926 2309 999 (4)
2340 939 2524 1000 postea
2551 930 2854 987 erubescat.
2892 926 2998 990 Sed
3026 942 3081 990 et
3125 950 3269 991 nunc
3297 936 3463 993 habes
3490 935 3633 994 dicta

2039 1017 2274 1088 Domini,
2296 1029 2350 1076 et
2374 1022 2622 1091 exempla
2643 1023 2935 1081 adimentia
2964 1024 3059 1081 tibi
3090 1040 3307 1083 onmem
3327 1024 3629 1085 caussatio-

2041 1127 2184 1168 nem.
2218 1113 2355 1180 Quid
2384 1115 2528 1170 enim
2559 1114 2732 1172 dicis?
2768 1134 2787 1170 α
2820 1116 3004 1188 Egebo
3030 1117 3201 1175 s.Sed
3230 1116 3414 1176 felices
3437 1130 3639 1193 egenos

2047 1207 2305 1263 Dominus
2342 1209 2594 1281 appellat.
2633 1227 2653 1263 α
2690 1210 2900 1268 Victum
2930 1224 3038 1267 non
3062 1210 3289 1268 habebo.
3327 1226 3348 1267 ι
3377 1214 3482 1269 Sed
3508 1215 3641 1269 nolis

2042 1311 2111 1366 te,
2158 1301 2366 1373 inquit,
2402 1304 2630 1375 cogitare
2682 1303 2747 1359 de
2788 1305 2940 1361 victu.
2984 1304 3052 1359 Et
3101 1307 3327 1361 vestitus
3380 1305 3642 1363 habemus

2045 1396 2344 1467 exemplum
2374 1397 2504 1451 lilia.
2539 1415 2559 1450 ι
2592 1398 2898 1454 Substantia
2930 1398 3060 1453 mihi
3088 1412 3093 1421 ‘
3117 1412 3253 1470 opus
3280 1407 3398 1456 erat
3434 1415 3446 1452 :
3488 1410 3507 1451 ο
3544 1402 3641 1455 Ab

2045 1489 2170 1557 quin
2215 1490 2393 1544 omnia
2438 1489 2719 1546 vendenda
2746 1500 2887 1557 sunt,
2926 1498 2983 1546 et
3018 1492 3300 1562 egentibus
3336 1490 3643 1547 dividenda.

2051 1597 2071 1632 ι
2096 1579 2200 1634 Sed
2225 1580 2347 1635 filiis
2376 1589 2428 1635 rt
2456 1580 2753 1651 posteritati
2785 1581 3198 1652 providendum.
3229 1596 3251 1633 ν
3279 1581 3448 1639 Nemo
3474 1580 3651 1638 aratro

2044 1687 2253 1725 manum
2296 1673 2562 1743 imponens
2602 1681 2650 1727 et
2702 1682 2838 1728 retro
2888 1683 3123 1745 spectans
3163 1683 3314 1747 aptus
3360 1682 3445 1731 est
3470 1674 3643 1746 operi.

2053 1784 2072 1819 ι
2104 1764 2211 1822 Sed
2237 1766 2615 1822 conditionaiis
2642 1780 2789 1823 eram
2821 1766 2918 1840 (ς).
2957 1784 2978 1820 s
3011 1765 3179 1821 Nemo
3206 1767 3400 1822 duobus
3428 1767 3653 1823 dominis

342 1833 668 1929 christianus
700 1860 972 1917 thurarius
1002 1861 1101 1932 (ο),
1124 1862 1169 1917 si
1201 1863 1283 1934 (ὅ)
1311 1833 1407 1932 per
1443 1833 1641 1932 teinpla
1670 1833 1940 1927 transibit,
1971 1833 2021 1901 Β
2047 1859 2231 1914 servire
2255 1868 2436 1931 potest.
2469 1858 2524 1915 Si
2555 1860 2636 1914 vis
2664 1833 2886 1915 Domini
2923 1858 3217 1931 discipulus
3255 1873 3399 1927 esse,
3432 1870 3650 1918 crucem

343 1953 611 2010 fumantes
635 1970 755 2008 aras
781 1953 1029 2024 despuet,
1060 1963 1116 2009 et
1144 1952 1452 2010 exsufﬂabit
1480 1951 1585 2025 (ά),
1610 1952 1803 2024 quibus
1829 1953 1947 2023 ipse

345 2049 661 2121 prospexit?
690 2049 802 2116 Qua
824 2047 1129 2103 constantia
1161 2044 1488 2105 exoreisahit
1504 2045 1754 2100 alumnos”
1774 2056 1904 2099 suos
1926 2082 1943 2112 ,

347 2142 540 2214 quibus
589 2141 807 2196 domum
839 2155 992 2196 suam
1020 2139 1293 2196 cellarium
1325 2138 1578 2210 prmstat?
1608 2137 1701 2194 ille
1729 2137 1945 2210 quidem

346 2234 390 2289 si
410 2233 703 2289 excluserit
723 2232 1072 2298 dazmonium,
1106 2246 1213 2287 non
1236 2231 1340 2287 sibi
1369 2232 1575 2301 placeat
1596 2229 1663 2287 de
1688 2228 1815 2285 ﬁde.
1841 2228 1948 2285 Nec

346 2340 450 2395 que
468 2326 609 2381 enim
634 2324 909 2380 inimicum
928 2324 1171 2380 exclusit.
1205 2323 1386 2379 Facile
1404 2323 1582 2380 debuit
1603 2321 1673 2379 de
1684 2338 1750 2379 eo
1771 2323 1945 2394 hope-

350 2427 495 2473 trare
517 2459 533 2485 ,
568 2433 732 2489 quem
760 2415 999 2488 quotidie
1032 2417 1220 2488 pascit.
1247 2415 1404 2471 Nulla
1434 2416 1596 2486 igitur
1623 2430 1713 2470 ars
1733 2457 1747 2481 ,
1802 2414 1944 2470 nulla

349 2508 785 2581 professio,nulla
801 2508 1240 2579 negotiatio,qu:e
1257 2506 1384 2577 quid
1400 2514 1493 2561 aut
1508 2506 1838 2563 instruendis
1857 2512 1950 2562 aut

350 2602 645 2657 formandis
673 2601 829 2657 idolis
845 2601 1203 2668 administrat,
1220 2615 1409 2657 carere
1434 2602 1626 2670 poterit
1650 2602 1803 2657 titulo
1829 2601 1949 2657 ido-

353 2694 583 2750 lolatria:
616 2710 631 2747 :
665 2694 765 2749 nisi
814 2694 860 2749 si
889 2692 1033 2749 aliud
1057 2694 1280 2749 omnino
1324 2692 1748 2765 interpretemur
1772 2694 1950 2751 idolo-

351 2787 569 2843 latriam
592 2825 609 2854 ,
639 2801 807 2859 quam
836 2785 1149 2843 famulatum
1181 2787 1254 2861 (e)
1288 2787 1552 2844 idolorum
1580 2788 1952 2845 colendorum.

957 2872 1187 2937 CAPUT
1230 2878 1346 2936 XII.

425 2970 565 3030 Male
610 2972 764 3029 nobis
792 2970 860 3041 de
888 2970 1301 3030 necessitatibus
1330 2968 1578 3029 humanae
1612 2972 1958 3031 exhibitionis

254 3108 263 3115 ρ
354 3063 792 3140 supplaudimus,
844 3066 888 3123 si
920 3058 1041 3139 post
1086 3064 1246 3123 ﬁdem
1297 3066 1638 3139 obsignatam
1688 3067 1957 3125 dicimus:

2051 1959 2194 2005 tuam
2223 1950 2403 2014 tollas,
2436 1959 2490 2006 et
2520 1950 2803 2007 Dominum
2857 1951 3102 2023 sequaris
3155 1964 3380 2009 necesse
3424 1950 3548 2019 est,
3596 1950 3651 2009 id

2049 2052 2153 2109 est,
2185 2042 2459 2113 angustias
2496 2051 2554 2098 et
2590 2044 2859 2099 cruciatus
2888 2053 3043 2111 tuos,
3089 2042 3174 2101 vel
3224 2056 3419 2117 corpus
3443 2044 3652 2114 solum,

2051 2134 2199 2205 quod
2253 2135 2306 2190 in
2339 2134 2561 2201 modum
2594 2136 2773 2192 crucis
2799 2147 2883 2193 est
2912 2134 3018 2208 (Ir).
3051 2136 3332 2204 Parenws,
3359 2139 3654 2210 coniuges,

2053 2228 2208 2284 liberi
2242 2238 2465 2299 propter
2484 2229 2654 2285 Deum
2687 2229 3028 2301 relinquendi
3055 2238 3232 2285 erunt.
3267 2230 3342 2285 De
3370 2228 3577 2286 artibus
3601 2239 3663 2286 et

2052 2321 2527 2392 negotiationibus,
2558 2330 2616 2378 et
2641 2321 2710 2377 de
2730 2319 3160 2393 professionibus
3182 2318 3342 2378 etiam
3362 2316 3661 2378 liberorum

2050 2424 2106 2472 et
2137 2425 2413 2487 parentum
2437 2431 2628 2472 caussa
2654 2415 2896 2471 dubitas?
2922 2414 3042 2471 iam
3074 2424 3201 2471 tunc
3229 2414 3658 2470 demonstratum

2052 2516 2135 2566 est
2165 2508 2320 2563 nobis
2340 2517 2392 2563 et
2424 2508 2642 2579 pignora
2673 2550 2690 2577 ,
2737 2516 2792 2564 et
2816 2507 3041 2587 artiﬁcia
3076 2549 3091 2573 ,
3121 2518 3177 2563 et
3203 2507 3414 2579 negotia
3445 2516 3663 2578 propter

2054 2601 2339 2657 Dominum
2392 2601 2837 2673 derelinqueuda,
2890 2614 3015 2657 cum
3055 2600 3289 2657 Jacobtis
3331 2609 3387 2657 et
3424 2600 3664 2657 Joannes

2061 2696 2237 2751 vocati
2272 2710 2307 2751 a
2331 2696 2556 2752 Domino
2576 2706 2631 2751 et
2669 2704 2875 2769 patrem
2921 2710 3220 2767 navemque
3248 2696 3662 2767 derelinquunt;

2062 2802 2187 2843 cum
2232 2787 2515 2843 Mattbams
2559 2787 2627 2843 de
2681 2788 2896 2844 teloneo
2951 2788 3278 2853 suscitatur;
3331 2800 3453 2844 cum
3501 2787 3665 2843 etiam

2064 2876 2297 2952 sepelire
2356 2884 2561 2951 patrem
2620 2880 2830 2937 tardum
2886 2878 2988 2936 fuit
3037 2878 3183 2941 ﬁdei.
3246 2878 3415 2937 Nemo
3478 2890 3671 2939 eorum

2064 2986 2202 3042 quos
2231 2964 2490 3028 Dominus
2542 2968 2742 3044 allegit,
2788 2988 2891 3027 non
2917 2972 3111 3041 habeo,
3153 2971 3317 3039 dixit,
3345 2989 3444 3045 quo
3480 2974 3665 3029 vivam.

2068 3064 2229 3123 Fides
2276 3064 2473 3123 famem
2519 3080 2627 3124 non
2669 3067 2823 3124 timet
2867 3067 2953 3141 (ἰ).
2982 3058 3095 3125 Scit
3133 3064 3296 3126 etiam
3326 3064 3528 3126 fantem
3560 3085 3670 3128 non

1571 3200 2410 3291 LECTIONESﬁARiANTES.

516 3318 1079 3458 1:313:ng
1104 3392 1169 3458 an
1189 3382 1251 3458 sit
1608 3381 1828 3458 :pe‘cquid
1849 3390 1956 3432 ma-

353 3443 665 3516 jor‘is’opem
687 3443 767 3499 est
788 3443 910 3513 erga
932 3443 1190 3509 daeinOnia,
1214 3457 1360 3508 quam
1399 3444 1651 3495 thurarius
1671 3443 1696 3494 ν

1988 3323 2035 3387 ο
2136 3314 2206 3445 iii

2247 3312 2301 3371 Si
2323 3316 2454 3370 abest
2486 3312 2644 3371 Latin.

2243 3370 2520 3457 Defunctus
2545 3370 2703 3436 rm.

1790 3540 2359 3619 COMIIEN'I‘ARIUS.

436 3671 514 3747 (a)
545 3668 807 3728 Lanistam
853 3684 1067 3747 quoque.
1118 3668 1583 3747 Supervacaneum
1629 3667 1812 3723 forsan
1841 3668 1946 3747 erit

364 3738 459 3801 hic
480 3738 721 3815 repetere
765 3738 905 3815 quod
932 3738 1091 3815 nemo
1121 3738 1325 3815 nescit,
1378 3738 1649 3815 Lanistam
1680 3754 1801 3795 esse
1828 3742 1945 3812 gla-

364 3810 629 3887 diatorum
650 3810 981 3887 pnefectum.
1011 3812 1067 3868 In
1095 3812 1261 3884 gloss.
1293 3810 1479 3867 lanista
1515 3817 1779 3873 trimam:
1801 3810 1944 3881 μὸνο·

365 3897 530 3945 tum.
570 3886 646 3942 ιε
676 3887 770 3941 PB.

550 3912 658 4033 Ilii:
676 3912 922 4033 33-min
941 3957 1109 4033 adhuc
1130 3955 1384 4033 informis.
1416 3951 1699 4033 lnfo_rmem
1726 3952 1950 4033 idolola-

368 4025 527 4086 triarit
556 4025 738 4096 dicit}
768 4043 887 4100 quas
929 4028 1047 4085 sine
1095 4028 1199 4084 ulla
1231 4027 1400 4083 forma
1421 4068 1464 4100 μ
1492 4028 1606 4100 sive
1636 4034 1809 4100 statua
1857 4030 1948 4081 aut

367 4068 1471 4172 ἱξᾴξῆξᾷ,Ἥιὶἕῑῶἷὲἰτῖέἐᾶεὲίῖἒὶιὁῗῖὲᾎΐό
1493 4068 1947 4172 ξὲέῆέέἴόᾱὸνῖιῆἰ

370 4168 617 4230 incendio
636 4215 650 4238 ,
684 4172 959 4229 mensibus
985 4168 1215 4228 arabicis
1237 4213 1252 4234 ,
1283 4169 1458 4224 thure.
1492 4168 1613 4227 Ric.

443 4245 517 4320 (ο)
548 4245 665 4311 Quo
691 4261 775 4299 ore
800 4244 1104 4299 christianos
1134 4244 1411 4320 thu‘rariur.
1444 4242 1500 4320 Si
1528 4243 1648 4320 quis
1678 4239 1818 4320 hanc
1840 4238 1951 4297 lec-

372 4309 610 4383 tionem“,
657 4326 778 4387 qua:
831 4330 961 4370 sane
986 4324 1083 4387 est
1114 4314 1317 4371 codicis
1370 4309 1953 4387 Agolia'rdi,_retincre

371 4388 535 4451 velit,
582 4382 802 4443 Omnino
845 4387 923 4441 sic
965 4384 1253 4455 diSIinguat
1288 4404 1313 4455 :7
1356 4382 1470 4455 Quo
1518 4398 1605 4439 are
1649 4382 1955 4439 christianos

374 4459 659 4521 tlrttrarius',
687 4458 730 4512 si
760 4472 864 4526 per
902 4455 1088 4528 templa
1134 4454 1407 4510 transibit?
1435 4472 1534 4528 quo
1577 4470 1663 4510 ore
1701 4457 1957 4528 fugitantes

2050 3670 2353 3751 Agobardi,
2405 3672 2457 3732 in
2483 3691 2589 3749 quo
2632 3677 2710 3732 sic
2738 3672 2962 3751 legitur;
3019 3666 3187 3734 Nemo
3232 3687 3406 3751 aratro
3434 3696 3644 3751 manum

2050 3747 2314 3822 imponens
2340 3756 2386 3804 et
2416 3747 2547 3822 retro
2578 3747 2810 3822 spectans
2839 3748 2991 3822 alitus
3021 3760 3093 3805 est
3114 3748 3288 3822 operis
3319 3762 3366 3806 et
3396 3750 3650 3807 conditio-

2051 3819 2383 3894 natis_eram.
2426 3819 2622 3894 Quae?
2643 3819 3051 3894 ut_edidimus,_
3095 3819 3350 3894 distingui
3396 3833 3650 3893 oportere

2056 3888 2396 3946 manifestum
2435 3901 2539 3947 est.
2581 3888 2972 3948 Conditionalis
3021 3888 3217 3950 dicitur
3262 3888 3454 3950 servus
3483 3904 3651 3951 certat

2056 3960 2348 4036 conditioni
2398 3962 2703 4036 adscriptas
2733 3973 2814 4036 et;
2837 3963 3192 4036 mancipatus.
3225 3960 3406 4036 LVII.
3435 3963 3505 4022 de
3527 3964 3654 4036 jure

2058 4033 2192 4105 fisci.
2225 4036 2459 4091 Actuarii
2489 4030 2882 4105 conditionales
2902 4078 2918 4105 ,
2947 4030 3080 4093 Cod.
3110 4030 3317 4093 'I’heod.
3358 4034 3435 4093 De
3465 4030 3592 4092 nu'm
3606 4051 3667 4093 e-

2054 4100 2211 4162 rariis
2236 4148 2251 4174 ,
2283 4106 2572 4170 actuariis,
2606 4116 2711 4163 etc.
2748 4098 2868 4164 Bis.

2132 4177 2214 4249 (lt)
2239 4168 2395 4243 Quod
2418 4178 2471 4234 in
2500 4168 2704 4234 modum
2720 4181 2881 4235 crucis
2905 4186 2997 4234 est.
3034 4168 3181 4249 lianc
3208 4172 3380 4235 fuisse
3411 4189 3653 4237 veterem

2060 4248 2381 4323 scripturam
2412 4252 2767 4323 arbitrantur,
2820 4263 2873 4308 et
2903 4266 3023 4321 quas
3050 4248 3228 4307 adhuc
3272 4264 3572 4323 cernuntur
3602 4252 3653 4307 in

2057 4320 2294 4395 antiquis
2337 4321 2735 4395 exemplaribus
2782 4320 3039 4393 vestigia,
3096 4323 3440 4395 persuadent.
3482 4320 3542 4379 In
3592 4323 3658 4379 iis

2059 4392 2307 4467 etiiiti_i_ta
2334 4392 2620 4451 scribitur:
2656 4392 2753 4449 Aut
2793 4392 2978 4467 corpus
3025 4392 3228 4467 solum,
3279 4394 3415 4467 quod
3446 4395 3498 4450 in
3543 4410 3658 4448 mo.

2062 4466 2186 4539 dum
2206 4463 2257 4520 X
2263 4483 2321 4537 ps
2340 4467 2519 4539 est._Si
2546 4467 2699 4539 copia
2728 4463 3049 4524 nobisesset
3076 4463 3444 4539 principalium
3475 4480 3661 4521 exem-

374 4545 495 4583 am
518 4529 725 4651 destituet
749 4524 794 4581 εἰ
820 4526 1130 4611 exsatiati".
1160 4528 1341 4597 ιιιιίὺιιε
1366 4524 1476 4599 ips'e
1500 4524 1782 4599 promet"?
1812 4524 1958 4579 Alias
2060 4524 2314 4614 plurimi,
2348 4536 2491 4593 unde
2511 4524 2664 4593 suain
2686 4539 2915 4596 describi
2938 4524 3098 4611 jussit
3125 4538 3166 4593 Α
3209 4524 3476 4603 οῑιειτάιιε,
3509 4551 3662 4591 men-

376 4612 590 4663 comma
632 4612 814 4652 ³53³1118
879 4599 1203 4652 scriberem?
1261 4618 1274 4652 ε
1327 4596 1439 4663 Quo
1517 4612 1604 4651 ονε
1656 4597 2215 4663 είινῖδηαηιιευάοςω
2265 4607 2509 4663 lectionis
2572 4614 2722 4663 orian
2788 4618 3104 4663 oatesceret.
3161 4552 3382 4663 Iguterim
3449 4608 3658 4663 oninari

376 4596 814 4663 commodissime
879 4596 1203 4652 scriberetur
1261 4618 1274 4652 :
1327 4596 1439 4663 Quo
1501 4596 1628 4651 'ore’
1656 4597 1960 4650 Christianus

377 4659 667 4737 thurarius,
769 4685 859 4741 per
887 4668 1075 4739 templa
1107 4659 1372 4733 transibit,
1416 4666 1670 4738 [nutantes
1694 4681 1812 4721 aras
1845 4666 1962 4721 des-

379 4751 519 4795 nuet.
551 4748 660 4795 etc.
741 4756 807 4795 ια.

417 4751 519 4797 uel.
551 4748 660 4797 etc.
690 4748 807 4796 Hic.

378 4758 519 4815 puer,
551 4758 660 4797 etc.
690 4758 807 4796 me.

450 4814 531 4886 (d)
562 4810 630 4867 Et
659 4811 967 4886 exsufﬂabit.
995 4809 1197 4886 Allndit
1219 4810 1285 4867 ad
1312 4808 1739 4886 exsufflationem
1768 4807 1970 4886 dignio-

379 4876 547 4951 nuin',
579 4899 701 4955 quae
727 4876 882 4939 ﬁt"in
912 4884 1227 4939 exorcismis
1269 4892 1394 4938 ante
1440 4883 1785 4955 baptismum.
1819 4876 1972 4936 Unde

383 4951 685 5026 subjungit,
738 4971 852 5025 qua:
875 4957 1175 5026 constantia
1198 4951 1528 5026 exorcizobiti
1552 4951 1787 5026 alumnos
1827 4966 1965 5006 suos.

387 5026 462 5081 De
481 5022 679 5096 quibus
702 5022 951 5083 omnibus
977 5026 1140 5081 latius
1167 5025 1258 5081 lib.
1294 5022 1364 5082 de
1392 5025 1677 5095 baptismo.
1712 5024 1844 5079 Pan.
1864 5075 1883 5085 ,

429 5096 537 5168 ‘(e)
566 5098 731 5171 Quam
763 5099 1067 5171 famulatum
1092 5097 1369 5171 idolorum.
1401 5096 1621 5171 Proprie
1649 5109 1775 5149 usus
1801 5107 1965 5171 voce;

389 5165 540 5222 notat
567 5165 711 5223 enim
748 5165 1056 5237 servitium,
1107 5168 1159 5224 id
1189 5177 1272 5225 est
1312 5165 1629 5223 servitutem
1658 5180 1761 5238 qua
1800 5165 1970 5236 genti-

391 5238 471 5293 les
496 5238 687 5295 addicti
735 5240 1085 5297 deetnonibus.
1120 5241 1277 5309 Atqui
1322 5239 1606 5294 famulatus
1635 5239 1847 5307 proiirie
1889 5242 1973 5293 est

391 5310 605 5366 illorum
634 5313 722 5382 qui
752 5314 999 5368 dicuntur
1038 5313 1356 5376 fainiiiai'es,
1386 5309 1437 5365 id
1472 5320 1555 5365 est
1582 5314 1742 5365 servi.
1773 5310 1966 5365 Senec.

391 5397 477 5451 ep.
501 5382 595 5447 L7,
623 5394 676 5439 et
719 5385 891 5440 Plaut.
925 5385 982 5439 in
1006 5384 1228 5452 amphit.
1262 5382 1448 5453 Itaque
1476 5382 1701 5436 honesta
1741 5394 1874 5440 vox.
1905 5396 1972 5436 ne

390 5456 530 5509 servi
560 5465 873 5511 notarentur
912 5456 1231 5510 contumelia
1255 5494 1269 5517 ,
1300 5465 1416 5508 erat
1443 5454 1639 5508 familia
1665 5462 1720 5507 et
1751 5453 1977 5507 famula-

394 5532 513 5583 tus:
547 5536 600 5581 et
628 5528 729 5592 ipsi
758 5526 955 5583 domini
986 5526 1303 5581 dicebantur
1331 5536 1509 5593 patres
1536 5524 1781 5579 familias.
1837 5522 1972 5577 Lac.

465 5594 618 5652 CAP.
649 5597 762 5654 XII.
789 5628 862 5639 —
887 5598 950 5670 (f)
980 5594 1218 5670 Aidificis
1259 5595 1419 5670 illius.
1452 5595 1664 5653 IEdilex
1717 5610 1812 5665 pro
1842 5595 1977 5649 tedi-

395 5666 641 5735 ﬁcatore,
671 5686 775 5726 non
798 5666 991 5725 aedium
1012 5667 1291 5734 duntaxat,
1312 5666 1404 5722 sed
1425 5669 1662 5737 cujusvis
1688 5674 1979 5721 structura:

397 5748 453 5795 ct
476 5754 595 5794 mos
626 5740 895 5812 defunctus
922 5754 1027 5812 non
1057 5747 1421 5812 proAmortuo,
1453 5738 1549 5795 sed
1577 5750 1673 5809 pro
1702 5754 1767 5794 eo
1794 5738 1884 5808 qui
1912 5737 1981 5792 ab

399 5824 565 5883 opere
594 5808 773 5883 empto
798 5808 1120 5883 defungitur.
1150 5808 1287 5883 Pint.

473 5881 551 5955 (ε)
580 5876 1070 5956 Sed'condittoa'atts
1090 5894 1248 5937 eram.
1274 5878 1691 5940 Emendavimus
1709 5892 1775 5937 ex
1801 5876 1989 5937 codice

1986 4607 2215 4693 D'dosu:
2265 4607 2509 4692 lectionis
2572 4614 2722 4693 origo
2788 4607 3104 4693 patescerpt.

3206 4611 3382 4664 nterim
3449 4608 3658 4676 Opinari

2074 4679 2269 4753 liceat,
2319 4681 2575 4753 scriptum
2625 4677 2800 4738 fuisse
2829 4682 2880 4736 in
2931 4680 3363 4753 antiquissimis,
3415 4678 3564 4753 Quod
3590 4677 3663 4753 Δίη

2074 4738 2281 4804 modum
2318 4738 2564 4818 Xis'quae
2592 4763 2715 4808 nota
2745 4768 2866 4809 cum
2897 4763 3040 4810 esset
3068 4738 3247 4808 'crucis
3266 4791 3281 4818 ,
3317 4738 3368 4806 in
3415 4738 3557 4805 hunc
3586 4748 3667 4803 fa-

2073 4822 2178 4894 cile
2206 4825 2416 4877 transiit
2447 4818 2555 4894 Xps
2574 4864 2592 4891 ,
2621 4840 2740 4894 qua:
2770 4822 3014 4881 Christus
3042 4836 3141 4879 csr.
3169 4824 3286 4894 Quo
3311 4821 3470 4876 etiam
3502 4818 3668 4875 modo

2076 4840 2178 4876 cuc
2206 4840 2416 4877 ιΓιιηδιιι
2447 4840 2555 4894 Aps
2574 4864 2592 4891 ,
2662 4840 2740 4879 lli]!
2770 4840 3014 4881 LDI'ISIIIS
3042 4840 3141 4879 CSI.
3169 4840 3286 4889 uno
3311 4840 3470 4876 etiam
3502 4840 3662 4875 111000

2076 4891 2322 4964 Birraeus
2353 4893 2405 4948 in
2450 4840 2744 4964 exentpiari
2775 4911 2873 4951 suo
2913 4897 3171 4964 scriptum
3202 4893 3365 4947 fuisse
3416 4900 3662 4947 testatur.

2074 4963 2227 5032 Quod
2257 4976 2433 5020 autem
2462 4964 2549 5021 hic
2574 4962 2649 5021 ait
2678 4962 3042 5022 Tertullianus
3064 5007 3080 5029 ,
3111 4966 3308 5034 corpus
3339 4973 3580 5019 nmtrum
3613 4969 3668 5018 in

2075 5036 2294 5091 modum
2322 5052 2443 5092 esse
2466 5039 2643 5093 crucis
2663 5080 2678 5103 ,
2728 5038 2867 5093 idem
2896 5039 3057 5093 etiam
3084 5037 3280 5091 clarius
3309 5035 3543 5104 explicat
3573 5035 3666 5089 lib.

2070 5104 2185 5160 Iatl
2241 5107 2493 5179 Nitiones
2519 5150 2533 5173 ,
2578 5124 2699 5180 cap.
2741 5108 2826 5167 12.
2872 5107 2985 5178 Ipsi
3010 5106 3432 5180 quoqueper-pari
3460 5116 3670 5180 nostra,

2073 5182 2227 5232 tacita
2251 5177 2297 5234 et
2324 5190 2514 5234 secreta
2534 5177 2671 5235 linea
2692 5224 2707 5247 ,
2736 5177 3048 5235 crucissitus
3065 5177 3160 5234 est.
3193 5178 3342 5245 Quod
3363 5189 3515 5247 caput
3544 5177 3672 5233 enti-

2042 5320 2045 5323 _
2074 5259 2155 5323 cat
2180 5292 2203 5323 ,γ
2223 5251 2359 5315 quod
2387 5253 2537 5323 spina
2565 5251 2820 5322 dirigitur,
2850 5250 2988 5323 quod
3016 5251 3342 5305 humerorum
3360 5247 3669 5323 obligatio...

2078 5321 2136 5377 Si
2185 5321 2440 5377 hominem
2490 5321 2731 5378 statuariis
2776 5321 3009 5377 manibus
3072 5323 3347 5392 expansis,
3401 5322 3674 5393 imaginem

2077 5394 2240 5465 crucis
2269 5398 2467 5465 feraris.
2506 5396 2631 5450 ηις.

2158 5464 2222 5538 (ἰ)
2257 5463 2444 5538 ςιπίάεδ
2496 5470 2683 5538 famem
2714 5482 2814 5520 non
2862 5466 3021 5519 timet.
3076 5463 3247 5538 Magni
3294 5478 3510 5533 semper
3570 5463 3696 5538 fecit.

2088 5533 2882 5609 Tertulliannm'iiteronymus,
2930 5551 3052 5591 nam
3079 5533 3181 5609 abi
3215 5536 3317 5592 hoc
3360 5538 3546 5609 plures
3608 5533 3697 5609 ille

2087 5609 2318 5677 sumpsit
2362 5603 2989 5676 sententiasfintcrque
3037 5607 3155 5662 illas
3185 5603 3557 5662 etiarn—lianc.
3617 5603 3698 5660 Ita

2089 5679 2231 5733 enim
2261 5677 2328 5732 ad
2358 5679 2629 5751 lleliodor.
2668 5679 2780 5735 :De
2823 5680 2935 5735 cibo
2974 5679 3205 5751 cogitas?
3228 5679 3316 5751 sed
3346 5677 3474 5749 ﬁdes
3496 5680 3605 5750 [am
3624 5692 3705 5732 em

2091 5766 2193 5805 non
2213 5750 2372 5805 timet.
2406 5753 2557 5805 Arat.
2588 5750 2680 5824 Idib.
2717 5752 2779 5813 Il.
2811 5753 2938 5824 hist.
2962 5749 3214 5824 apostol.
3249 5749 3423 5824 dixit:

2595 5813 2772 5889 Neque
2791 5813 3225 5889 enimgdiscrimina
3248 5821 3390 5874 novit

2216 5878 2510 5937 Formidare
2528 5882 2670 5938 ﬁdes.
2690 5878 2707 5889 '
2922 5886 3030 5937 ιω.
