4150 6352
380 220 484 281 681

1583 225 1788 285 LIBER
1834 226 1928 287 DE
1963 225 2442 290 IDOLOLATRIA.

3564 240 3671 300 682

378 337 533 410 thyta
560 336 842 407 solemnia,
867 337 1022 412 quasi
1047 335 1140 396 tibi
1161 349 1378 412 quoque
1402 343 1780 416 prtescriptum
1809 346 1880 401 sit
1898 344 1967 402 de
1996 347 2051 410 A
2074 347 2353 405 celebrans
2396 347 2702 408 hominibus
2749 349 3033 423 placebat?
3082 367 3152 410 an
3199 353 3462 414 modestia
3489 365 3544 436 et
3569 374 3669 431 pa-

379 431 472 488 die
503 473 518 497 ,
549 446 672 504 quo
697 432 874 490 minus
901 433 954 489 id
982 433 1123 506 quod
1154 435 1359 490 homini
1384 434 1552 494 debes
1576 479 1590 504 ,
1656 439 1744 494 vel
1787 439 1881 496 tibi
1908 440 1975 496 ab

378 524 602 584 homine
656 527 902 598 debetur,
948 530 1082 586 citra
1111 529 1218 587 diei
1245 531 1672 590 observationem
1695 534 1845 600 luas,
1889 535 1974 591 vel

378 619 629 690 recipias.
660 619 734 674 Da
763 619 990 677 formam
1018 622 1072 678 in
1123 637 1228 695 qua
1278 624 1356 697 (1)
1381 626 1516 682 velis
1554 626 1839 698 agitecum
1873 626 1971 699 (a).

376 709 491 769 Cur
517 713 662 768 enim
686 715 764 786 {et
790 714 998 784 lateas,
1041 732 1163 774 cum
1211 718 1772 790 ignorantia'alterius
1826 730 1972 777 tuam

378 807 766 865 conscientiam
795 812 1176 870 contamines?
1207 813 1252 870 si
1277 828 1384 870 non
1432 815 1874 889 ignorarisquod.
1897 817 1972 873 sis

376 901 736 970 christianus‘,
768 904 1012 973 tentaris,
1045 916 1099 962 et
1125 914 1312 964 contra
1334 908 1722 964 conscientiam
1752 909 1974 965 alterius

381 995 518 1064 agis,
551 1004 803 1066 tanquam
831 1011 940 1052 non
976 997 1326 1055 Christianus.
1373 1000 1658 1057 Enimvero
1677 1001 1778 1056 etsi
1808 1001 1977 1058 simu-

330 1130 336 1134 .
377 1086 574 1143 laveris
624 1085 742 1161 (2),
770 1096 1040 1158 tentatus,
1087 1091 1330 1147 addictus
1361 1108 1439 1148 es.
1467 1093 1628 1148 Certe
1666 1094 1779 1148 sive
1832 1093 1934 1150 hac
1957 1135 1974 1162 ,

375 1181 491 1234 sive
519 1179 661 1246 illac,
688 1195 814 1236 reus
838 1197 898 1238 es
927 1181 1256 1240 confusionis
1286 1185 1338 1239 in
1370 1185 1480 1241 Deo
1504 1185 1740 1255 (Matth.,
1766 1185 1836 1253 Χ,
1857 1187 1926 1242 52
1959 1205 1975 1254 ς

2079 441 2282 509 tientia,
2313 458 2380 498 an
2409 444 2699 514 gravitate,
2731 460 2800 500 an
2827 444 3158 504 humanitate
3180 488 3196 513 ,
3227 464 3297 505 an
3319 450 3668 522 integritate?

2077 531 2311 589 Proinde
2331 550 2454 590 cum
2478 535 2628 604 dicit,
2661 537 2846 593 Omnia
2873 540 3103 596 omnibus
3124 545 3292 613 factus
3319 559 3453 612 sum,
3483 554 3537 598 ut
3565 561 3670 600 om-

2077 641 2166 680 ne:
2190 626 2508 697 lucrifaciam
2534 627 2576 700 (Ι
2595 629 2713 684 Cor.
2733 629 2824 697 IX,
2841 631 2956 703 22),
2977 634 3230 704 numquid
3252 634 3545 692 idololatris
3561 636 3670 693 ido-

2077 719 2318 798 Iolatres,
2343 722 2598 793 numquid
2625 725 2856 780 ethnicis
2875 725 3142 793 ethnicus,
3160 729 3420 799 numquid
3443 731 3667 786 saecula-

2079 813 2226 870 ribus
2248 816 2560 872 smcularis?
2589 816 2694 873 Sed
2713 820 2813 874 etsi
2839 833 2944 875 non
2972 820 3220 890 prohibet
3239 837 3336 878 nos
3358 825 3673 881 conversari

2078 922 2200 962 cum
2223 908 2520 965 idololatris
2549 919 2604 966 et
2631 910 2885 967 adulteris
2911 921 2966 968 et
2992 915 3202 969 steteris
3223 915 3526 972 criminosis
3545 958 3561 983 ,
3588 915 3676 971 di-

2080 1014 2210 1056 cens
2231 1000 2276 1070 (I
2307 999 2450 1069 Cor.,
2486 1001 2550 1068 V,
2581 1002 2710 1072 10):
2747 1013 2982 1058 caeterum
3007 1005 3070 1058 de
3096 1007 3284 1060 mundo
3326 1007 3529 1063 exiretis
3552 1007 3672 1080 (7);

2082 1108 2190 1148 non
2218 1094 2402 1163 utique
2439 1108 2531 1150 eas
2558 1093 2798 1152 habenas
2836 1099 3260 1154 conversationis
3311 1099 3583 1166 immutat,
3613 1109 3676 1156 ut

2083 1186 2337 1256 quoniam
2365 1200 2588 1241 necesse
2626 1188 2769 1242 sitet
2810 1189 3098 1245 convivere
3119 1205 3218 1246 nos
3254 1201 3309 1246 et
3333 1193 3675 1250 commisceri

376 1273 506 1341 Luc,
533 1273 762 1347 IX,26).
785 1277 887 1346 Qui
901 1287 1072 1334 autem
1097 1279 1337 1350 confusus
1364 1296 1515 1352 super
1544 1296 1633 1334 me
1650 1280 1799 1349 fuerit
1824 1297 1980 1352 penes
2083 1276 2161 1347 (8)
2204 1291 2324 1332 cum
2376 1280 2767 1349 peccatoribus,
2801 1280 2924 1337 ideo
2961 1290 3167 1337 etcum
3217 1283 3295 1339 eis
3339 1300 3561 1352 peccare
3590 1285 3673 1358 (9)

380 1368 606 1423 homines
627 1410 643 1436 ,
696 1377 745 1424 et
772 1385 865 1441 ego
893 1371 1184 1443 confundar
1209 1389 1361 1444 super
1389 1373 1482 1428 illo
1509 1415 1525 1440 ,
1555 1371 1731 1445 inquit
1756 1415 1772 1441 ,
1823 1389 1976 1444 penes

382 1461 590 1517 Patrem
608 1479 794 1531 meum,
815 1465 995 1536 quiest
1021 1466 1073 1520 in
1099 1467 1260 1521 caelis.
1296 1518 1299 1520 _

963 1556 1190 1616 CAPUT
1227 1559 1372 1616 XIV.

446 1649 554 1708 Sed
601 1649 746 1707 enim
792 1649 1031 1723 plerique
1070 1651 1180 1722 jam
1232 1653 1560 1710 induxerunt
1601 1653 1802 1723 animo,
1829 1653 1976 1726 igno-

2079 1370 2373 1440 possimus.
2405 1369 2482 1427 Ibi
2511 1378 2595 1427 est
2619 1373 3004 1428 commercium
3033 1375 3179 1441 vitaz,
3205 1375 3350 1445 quod
3383 1377 3678 1447 Apostolus

2081 1465 2365 1530 concedit;
2415 1465 2503 1521 hic
2529 1481 2789 1536 peccare,
2818 1467 2962 1538 quod
3011 1484 3170 1525 nemo
3215 1470 3499 1540 permittit.
3526 1464 3681 1529 Licet

2079 1559 2364 1615 convivere
2391 1574 2512 1614 cum
2533 1559 2784 1627 ethnicis,
2816 1563 3075 1617 commori
3105 1577 3210 1617 non
3237 1563 3381 1619 licet.
3411 1563 3679 1622 Conviva-

2078 1666 2199 1706 mus
2218 1667 2340 1707 cum
2371 1650 2620 1708 omnibus
2649 1670 2663 1705 :
2693 1651 3043 1708 conlmtemur
3067 1670 3134 1709 ex
3163 1657 3544 1713 communione
3571 1673 3675 1714 na-

371 1743 629 1801 scendum
680 1759 856 1813 esse,
893 1744 941 1799 si
987 1743 1226 1815 quando,
1255 1746 1377 1818 (5),
1430 1761 1550 1818 quae
1598 1746 1838 1815 ethnici,
1897 1748 1975 1800 fa-
2001 1729 2050 1791 Β
2078 1753 2211 1800 tura:
2239 1744 2375 1816 (10).
2409 1760 2516 1800 non
2554 1744 2970 1814 superstitionis.
3033 1745 3198 1802 Pares
3241 1748 3422 1804 anima
3449 1763 3674 1819 sumus,

370 1838 541 1905 ciunt,
583 1850 653 1893 ne
697 1843 895 1893 nomen
951 1835 1372 1907 blasphemetur.
1405 1837 1574 1894 Porro
1604 1837 1971 1909 blasphemia.

369 1946 489 2003 quae
520 1929 676 1986 nobis
701 1929 922 1986 omnino
947 1929 1233 1986 devitanda
1259 1940 1344 1988 est
1370 1972 1386 1998 ,
1418 1931 1536 1988 hmo
1558 1931 1752 2002 opinor
1773 1941 1896 1987 est:
1923 1931 1972 1988 si

370 2025 489 2096 quis
511 2033 754 2080 nostrum
801 2023 869 2081 ad
893 2024 1093 2097 justam
1123 2023 1520 2097 blasphemiam
1543 2063 1545 2065 -
1567 2025 1842 2082 ethnieum
1871 2025 1967 2082 de-

371 2117 548 2185 ducat,
579 2125 672 2173 aut
696 2115 906 2185 fraude,
938 2127 1032 2173 aut
1061 2117 1277 2188 injuria,
1305 2127 1398 2173 aut
1418 2119 1768 2186 contumelia,
1792 2118 1966 2173 aliave

368 2209 588 2266 materia
608 2209 784 2281 digna:
809 2210 1044 2281 querelae
1072 2252 1088 2277 ,
1117 2210 1170 2266 in
1194 2226 1299 2281 qua
1330 2226 1526 2266 nomen
1549 2210 1742 2267 merito
1764 2226 1959 2281 percu-

365 2301 581 2367 titur,ut
595 2302 791 2358 merito
805 2303 1067 2378 irascatur
1085 2311 1140 2358 et
1157 2301 1795 2375 Dominus(4).Cazterum
1819 2303 1866 2358 si
1894 2302 1963 2358 de

265 2418 268 2420 ·
365 2396 512 2450 omni
553 2392 881 2466 blaSphemia
909 2395 1111 2452 dictum
1143 2405 1227 2452 est
1249 2414 1263 2451 :
1285 2397 1434 2453 vestri
1463 2397 1542 2467 (5)
1567 2413 1752 2452 caussa
1781 2413 1965 2452 nomen

365 2501 535 2541 meum
557 2485 936 2556 blasphematur
960 2472 1232 2556 (RomQII,
1250 2489 1366 2563 24),
1395 2489 1634 2559 perimus
1690 2489 1961 2556 universi;

365 2595 490 2636 cum
505 2587 650 2635 totus
659 2580 835 2635 circus
852 2580 1092 2638 scelestis
1108 2579 1374 2653 suffragiis
1397 2581 1540 2638 nullo
1557 2582 1750 2637 merito
1769 2596 1965 2637 nomen

368 2670 604 2727 lacessit.
661 2671 1019 2741 Desinamus,
1074 2684 1130 2729 et
1175 2690 1280 2731 non
1319 2673 1803 2746 blaSphemabitur.
1851 2674 1965 2730 Imo

2075 1853 2182 1894 non
2213 1837 2494 1908 disciplina
2527 1837 3231 1907 :compossessores'mundi
3255 1879 3272 1908 ,
3305 1854 3412 1895 non
3441 1841 3671 1898 erroris.

2075 1930 2231 1999 Quod
2257 1930 2302 1985 si
2349 1928 2503 1986 nobis
2530 1929 2738 1985 nullum
2786 1930 2875 2001 jus
2899 1939 2986 1987 est
3008 1932 3404 1988 communionis
3433 1932 3487 1988 in
3518 1933 3671 2004 ejus—

2071 2022 2220 2079 modi
2249 2037 2372 2078 cum
2392 2022 2684 2089 extraneis,
2713 2030 2912 2092 quanto
2937 2022 3219 2079 scelestius
3247 2033 3366 2092 est,
3391 2023 3516 2093 haec
3532 2026 3676 2082 inter

2068 2113 2265 2171 fratres
2314 2114 2655 2185 frequentare
2686 2112 2801 2186 (11)
2827 2118 2840 2167 !
2865 2114 2996 2181 Quis
3034 2114 3136 2171 hoc
3171 2116 3438 2173 sustinere
3463 2129 3555 2172 aut
3574 2117 3674 2174 de-

2066 2207 2290 2264 fendere
2327 2207 2550 2278 potest?
2590 2205 2788 2262 Judaeis
2816 2206 2933 2262 dies
2975 2222 3104 2262 suos
3134 2206 3302 2264 fastos
3329 2207 3449 2281 (η)
3477 2224 3674 2280 expro-

2068 2297 2188 2354 brat
2217 2297 2450 2369 Spiritus
2487 2305 2740 2353 sanctus:
2766 2296 3012 2365 Sabbata,
3039 2299 3231 2370 inquit,
3280 2308 3445 2354 uestra
3469 2311 3515 2354 et
3544 2317 3672 2357 neo-

2069 2392 2266 2446 menias
2324 2399 2370 2446 et
2416 2391 2742 2446 caeremonias
2787 2391 2894 2445 odit
2933 2393 3107 2447 anima
3151 2409 3264 2448 mea
3307 2392 3454 2466 (13.,
3485 2394 3672 2468 1,14).

2073 2482 2243 2539 Nobis
2270 2483 2468 2554 quibus
2489 2482 2708 2538 sabbata
2731 2493 2986 2539 extranea
3011 2491 3137 2539 sunt
3180 2493 3237 2540 et
3286 2487 3589 2542 neomeniae
3617 2498 3674 2545 et

2071 2575 2220 2632 feria:
2241 2590 2270 2630 a
2297 2576 2406 2630 Deo
2431 2575 2718 2646 aliquando
2743 2573 2952 2630 dilectae
2975 2617 2992 2643 ,
3024 2574 3351 2643 Saturnalia,
3401 2588 3456 2634 et
3474 2577 3675 2634 Janua-

2068 2669 2200 2735 riaz,
2239 2677 2293 2724 et
2314 2668 2527 2726 Bruma:
2564 2666 2642 2740 (ὁ)
2673 2708 2690 2735 ,
2732 2677 2785 2724 et
2823 2667 3144 2726 Matronales
3189 2669 3261 2743 (ε)
3313 2671 3660 2742 frequentan-

365 2764 769 2837 blasphemetur
791 2807 807 2833 ,
852 2765 980 2822 dum
1024 2781 1207 2823 sumus
1241 2768 1294 2822 in
1323 2767 1723 2834 observatione,
1757 2781 1863 2823 non
1906 2767 1962 2822 in
2067 2761 2202 2834 tur!
2224 2775 2447 2817 munera
2474 2759 2819 2816 commeant?
2867 2770 3064 2816 sirenae
3093 2765 3437 2819 consonant?
3477 2765 3626 2822 lusus
3648 2808 3666 2835 ,

365 2856 765 2913 exorbitatione
811 2856 1106 2928 disciplina:
1129 2900 1146 2927 ,
1175 2857 1301 2913 dum
1340 2858 1650 2929 probamur,
1683 2873 1792 2914 non
1832 2858 1960 2914 dum
2064 2853 2310 2911 convivia
2357 2861 2710 2924 constrepunt
2754 2849 2908 2924 (1'5)?
2934 2850 2979 2908 Ο
3007 2854 3200 2909 melior
3231 2854 3365 2911 fides
3391 2857 3670 2915 nationum

364 2948 736 3020 reprobamur.
780 2948 827 3005 Ο
876 2949 1264 3022 blasphemiam
1307 2951 1386 3025 (6)
1413 2953 1660 3026 martyrii
1697 2952 1917 3009 affinem
1937 2993 1954 3016 ,
2063 2947 2118 3002 in
2147 2960 2300 3002 suam
2324 2945 2568 3001 sectam!
2597 2958 2717 3015 qua:
2743 2943 2945 2999 nullam
2975 2943 3372 3002 solemnitatem
3403 2946 3674 3004 Cbristia-'

364 3057 483 3112 qua:
511 3051 638 3098 tunc
667 3057 754 3098 me
782 3051 1010 3099 testatur
1033 3041 1418 3114 Christianum,
1449 3060 1571 3101 cum
1597 3052 1820 3118 propter
1842 3061 1962 3100 eam
1989 3047 2260 3118 C‘norum
2308 3037 2410 3092 sibi
2465 3036 2701 3092 Vindicat
2723 3077 2740 3102 ,
2782 3050 2892 3092 non
2941 3036 3279 3093 Dominicum
3317 3040 3458 3094 diem
3484 3083 3502 3109 ,
3559 3057 3672 3100 non

364 3105 686 3191 detestatur!
714 3134 1027 3208 Benedictio
1051 3145 1137 3193 est
1158 3105 1417 3204 nominis,
1437 3105 1748 3194 maledictio
1771 3146 1956 3193 custo-
2044 3105 2418 3191 ~Pentecosten
2471 3131 2591 3204 (ά),
2649 3131 2861 3188 etiamsi
2902 3141 3160 3199 nossent,
3202 3133 3481 3190 nobiscum
3519 3150 3671 3192 com-

296 3283 304 3292 ,
363 3228 489 3285 dita:
521 3229 838 3301 disciplima.
886 3228 950 3287 Si
1003 3231 1326 3301 hominibus,
1371 3233 1580 3304 inquit,
1633 3233 1811 3288 vellem
1850 3235 1963 3303 pla-
2065 3228 2450 3292 municassent;
2477 3225 2886 3281 timerentenim
2918 3239 2987 3280 ne
3008 3225 3297 3281 Christiani
3329 3227 3662 3285 viderentur.

362 3340 498 3392 cere,
519 3340 689 3380 servus
717 3323 908 3381 Christi
932 3341 1036 3380 non
1063 3341 1222 3381 essem
1249 3325 1418 3400 (Gal.,
1451 3325 1497 3392 Ι,
1521 3324 1632 3398 10).
1681 3325 1788 3381 Sed
1814 3326 1958 3381 idem
2063 3322 2172 3378 Nos
2193 3338 2261 3378 ne
2286 3320 2485 3377 ethnici
2511 3320 2927 3392 pronuntiemur
2950 3362 2968 3388 ,
3002 3335 3110 3376 non
3138 3336 3410 3379 veremur.
3443 3324 3501 3380 Si
3536 3325 3667 3397 quid

363 3415 493 3471 alibi
541 3415 765 3488 (ICor.,
796 3415 868 3485 Χ,
908 3418 1005 3490 55)
1025 3418 1212 3489 jubet,
1253 3419 1503 3475 omnibus
1546 3419 1766 3490 placere
1798 3434 1956 3475 cure-
2061 3423 2120 3472 et
2141 3413 2288 3471 carni
2315 3411 2702 3483 indulgendum
2726 3422 2811 3468 est
2839 3410 2936 3483 (e),
2965 3411 3156 3480 habes,
3189 3429 3296 3469 non
3321 3414 3498 3472 dicam
3528 3417 3666 3474 duos

364 3522 506 3563 mus.
537 3507 971 3574 Quemadmodum
994 3529 1119 3584 ego,
1152 3513 1362 3585 inquit,
1404 3513 1637 3569 omnibus
1664 3529 1761 3585 per
1783 3513 1958 3568 omnia
2061 3506 2182 3581 (14)
2213 3507 2328 3562 dies
2355 3504 2475 3578 (15)
2504 3513 2707 3560 tantum
2727 3545 2743 3570 ,
2775 3505 2874 3560 sed
2918 3513 2973 3560 et
3020 3505 3224 3576 plures.
3267 3506 3401 3564 Nam
3429 3509 3663 3567 ethnicis

367 3601 561 3672 placeo.
604 3601 866 3661 Nimirum
911 3604 1214 3663 Saturnalia
1265 3615 1322 3665 et
1369 3605 1636 3664 Kalendas
1678 3591 1983 3676 januariasi
2061 3600 2230 3658 semel
2279 3612 2491 3655 annuus
2514 3597 2631 3656 dies
2659 3598 2888 3671 quisque
2935 3597 3104 3657 festus
3150 3611 3235 3659 est
3265 3619 3280 3658 :
3315 3603 3412 3661 tibi
3440 3613 3662 3664 octavus

1589 3719 1973 3779 LECTIONES
2009 3712 2426 3775 VABIANTES.

421 3851 470 3920 (1
537 3856 756 3911 Formam
778 3871 873 3924 qua
907 3859 1082 3928 Rigalt.
1131 3918 1144 3932 ο
1266 3922 1276 3933 ,

443 3923 475 3969 2
529 3921 592 3972 Et
611 3923 997 3974 dissimulaberis
1017 3928 1184 3975 Parta.
1216 3924 1274 3975 R1

421 3859 495 4050 $3}
529 3986 831 4050 Quandoque
855 3988 930 4050 his
953 3988 1106 4039 Fran.
1131 3988 1243 4050 Rig.

443 3921 495 3988 ἓ)
529 3921 592 3988 Et
611 3921 997 3988 dissimulaberis
1017 3921 1184 3975 Paris.
1216 3922 1326 3988 Rig.

443 3985 490 4057 ᾗ)
529 3986 831 4057 Quandoque
855 3988 930 4057 bis
953 3988 1106 4057 Eran.
1121 3988 1243 4057 _Ilt'g.
1277 3985 1296 3988 ’
1348 4045 1360 4057 ,

442 4047 493 4116 ᾖ)
529 4047 771 4116 l_rascatur
786 4051 842 4116 ei
857 4049 1092 4101 Dominus
1116 4047 1256 4116 Leo'p.
1271 4047 1468 4116 primus
1488 4051 1696 4116 egimus.

442 4111 493 4175 5)
530 4110 618 4178 E_st
639 4125 731 4172 vae,
769 4114 906 4178 cujus
948 4125 1118 4163 caussa
1155 4110 1322 4165 Paris.
1345 4114 1466 4164 Jun.
1507 4111 1694 4164 Pamel.
1713 4122 1734 4174 ;
1781 4113 1949 4162 vestra

355 4184 524 4222 caussa
548 4175 692 4239 LeOp.
830 4175 841 4178 '

530 4235 1274 4355 ἓξὶἓέῧέριὶῗαᾟὲῗηῦίωιίἠεη.
1306 4300 1419 4356 Bia.
1460 4301 1661 4356 exisseti

405 4296 491 4366 _(7)
530 4296 754 4349 Exiretis‘
784 4300 942 4362 Paris.
967 4303 1078 4355 Pet.
1123 4301 1274 4355 Rhea.
1306 4300 1419 4369 Rig.
1460 4301 1691 4357 exissetis
1734 4296 1943 4360 Semler,

355 4359 550 4410 Ciacbn.
805 4359 808 4362 '

417 4420 492 4485 (8)
529 4421 842 4475 Commiscerl
862 4424 1018 4476 Paris.

2141 3848 2196 3919 9)
2208 3848 2775 3919 _Id_eo_et‘compeecare
2799 3844 2910 3919 Rig.

2149 3911 2221 3982 to)
2250 3913 2386 3982 _t_30d.
2409 3911 2575 3982 Agat);
2590 3911 2750 3982 tiaris.
2775 3911 2950 3961 animae
2971 3923 3159 3978 sumus,
3184 3925 3284 3966 non
3305 3916 3592 3982 disciplinae.

2145 3975 2223 4045 11)
2250 3975 2575 4045 [frequentari
2599 3975 2721 4024 Jun.

2143 4037 2220 4089 12)
2251 4037 2426 4088 Festos
2444 4037 2601 4088 Paris.

2141 4099 2218 4168 15)
2232 4099 2516 4152 Commeaut
2537 4106 2591 4150 et
2610 4104 2818 4162 strenas,
2841 4105 3114 4152 consonant
3135 4099 3289 4168 ldsus,
3308 4117 3449 4158 conv.
3468 4115 3654 4160 constr.

2048 4165 2172 4217 Jun.

2115 4227 2218 4292 (14)
2260 4226 2385 4293 Suos
2408 4224 2568 4293 Ciacc.
2592 4225 2716 4293 Jun.
2741 4230 2853 4276 tuos
2873 4225 2983 4292 Rig;
3007 4226 3183 4293 Seml.;
3204 4241 3303 4281 non
3347 4238 3514 4286 tamen
3541 4233 3656 4287 dies

2046 4285 2366 4358 ίειὶιιμεὶιηξεά
2380 4297 2431 4338 ει
2455 4288 2622 4358 Plures:
2638 4285 2757 4358 Bia:

2113 4355 2219 4418 (15)
2240 4347 2369 4404 ’Νοη
2391 4347 2556 4404 tamen
2572 4350 2682 4403 dies
2697 4347 2874 4417 Rigalt.

1722 4548 2276 4613 COMMENTARIUS.

427 4686 506 4758 (a)
545 4685 643 4774 ρξε’
667 4689 1034 4774 formam-qua
1067 4691 1190 4748 uelis
1226 4692 1312 4764 agi
1347 4694 1690 4774 tecum,__cur_
1711 4696 1858 4774 enim
1896 4701 1940 4747 et
1965 4693 2020 4753 D
2048 4683 2494 4774 schol.nlie§iodi,
2524 4683 2589 4774 II,
2621 4699 2843 4774 operum
2870 4686 2977 4774 late
2998 4687 3452 4774 disserittlfei‘n.

353 4760 534 4836 lateas.
564 4760 736 4836 Elige,
769 4760 974 4833 inquit,
1021 4779 1123 4836 qua
1154 4760 1328 4820 tecum
1360 4765 1446 4836 agi
1493 4765 1623 4820 velis
1646 4764 1892 4836 formula
1925 4781 1939 4818 :

2120 4760 2194 4831 (c)
2219 4757 2281 4812 Et
2295 4757 2635 4831 Matronalia.
2656 4758 2931 4814 Feriarum
2957 4761 3145 4815 harum
3160 4762 3442 4820 celebritas
3452 4763 3645 4824 Calen-

354 4833 626 4907 christiani
656 4829 808 4907 inter
844 4829 1090 4890 ethnicus
1137 4838 1248 4891 noti
1299 4829 1614 4907 vel'ignoti.
1638 4835 1770 4890 Nam
1816 4849 1940 4889 cum
2044 4832 2129 4888 dis
2153 4829 2358 4907 Martiis
2373 4831 2710 4907 occurrebat,
2742 4832 2793 4884 in
2821 4831 2886 4885 iis
2909 4831 2977 4886 de
3007 4832 3261 4907 Matribus
3290 4844 3352 4907 et,
3383 4835 3639 4896 Matronis

354 4903 493 4972 apud
529 4903 794 4968 ethnicos,
838 4907 1108 4963 solemnes
1135 4903 1476 4964 ethnicorum
1513 4908 1626 4963 dies
1657 4908 1935 4973 observas,

357 4973 632 5048 idefficies
655 4989 708 5029 ut
731 4977 920 5044 lateas,
951 4990 1112 5048 atque
1136 4987 1194 5034 ut
1235 4991 1285 5034 te
1300 4996 1405 5035 non
1441 4994 1562 5034 esse
1587 4977 1936 5034 christianum

357 5045 615 5122 ethnicus
653 5057 840 5116 putet;
890 5059 944 5122 et
994 5045 1138 5107 fraus
1176 5060 1259 5106 est
1307 5066 1447 5122 quae,
1491 5051 1595 5106 hoc
1634 5052 1751 5119 ipso
1798 5048 1938 5119 quod

357 5113 705 5241 ignorantiam
728 5121 972 5177 veritatis
992 5122 1212 5186 inducit.
1237 5113 1620 5180 conscientiam
1645 5113 1788 5178 tuam
1815 5113 1942 5176 eon-

383 5204 390 5211 ’
411 5197 597 5241 Ιηηιιιῑ.
672 5205 741 5241 IG.

383 5197 597 5242 nminat.
623 5197 741 5245 lita.

2043 4911 2160 4961 erat
2196 4901 2530 4972 solemnitas,
2555 4902 2870 4956 dicebantur
2907 4918 3123 4972 quoque
3142 4902 3404 4959 Matralia.
3437 4909 3515 4963 Le
3541 4909 3640 4967 Pn.

2120 4974 2204 5049 (d)
2223 4972 2345 5027 Non
2356 4971 2710 5049 Pentecosten.
2729 4973 3023 5049 Intelligere
3034 4971 3320 5049 Auctorem
3343 4993 3446 5031 non
3467 4980 3640 5036 solum

2046 5044 2394 5116 Pentecostes
2427 5044 2644 5110 festum,
2673 5044 2768 5099 sed
2818 5045 2999 5111 etiam,
3029 5045 3378 5116 Autiiloquitur
3405 5050 3491 5116 (de
3519 5052 3641 5109 Cor.

2049 5115 2213 5188 mil.),
2241 5126 2454 5181 tempus
2479 5116 2607 5170 illud
2641 5117 2908 5188 integrum
2937 5131 2967 5169 a
3011 5114 3100 5170 die
3123 5115 3345 5172 Paschre
3378 5114 3431 5174 in
3454 5122 3623 5180 Pente

2031 5185 2256 5254 'cost'en,
2279 5195 2436 5262 patet_
2471 5203 2539 5240 ex
2577 5201 2644 5242 eo
2671 5185 2812 5257 quod
2838 5201 2963 5241 mox
2988 5189 3258 5262 sequitur,
3299 5205 3511 5262 excerpe
3537 5196 3648 5249 sin-

427 5256 1199 5348 (ὶΑῇΡᾸΙῚζε--ςὶὴῌιΒνηῖηω
1217 5265 1400 5322 Ferias
1413 5255 1950 5348 Brum‘ales‘iutelligit
2053 5255 2885 5348 gulas‘solemnitalets-nationum,
2906 5255 3301 5348 etainJ-o‘rdinem
3332 5255 3478 5348 nexi,
3508 5262 3647 5348 ξςη-

353 5342 473 5404 qua:
494 5327 764 5404 _B_rumalia
783 5327 1120 5404 dicebantur,
1164 5339 1361 5394 fiebant
1386 5343 1575 5394 autem
1606 5342 1658 5394 in
1688 5327 1949 5392 honorém
2053 5327 2273 5387 iecosten
2292 5329 2504 5404 implere
2524 5345 2625 5404 non
2651 5339 2906 5404 poterunt.
2933 5327 3153 5404 Eodem_
3167 5331 3326 5404 modo
3350 5344 3404 5388 et
3427 5335 3489 5388 Β.
3513 5336 3645 5394 Hie-

353 5397 546 5478 Baec_bi
573 5405 914 5460 torcularium
937 5415 992 5463 et
1017 5397 1302 5478 przelorum
1324 5411 1615 5466 inventuris
1635 5411 1775 5464 circa
1797 5422 1946 5462 men-

2049 5417 2334 5480 ronynius,
2364 5403 2456 5455 lib.
2477 5399 2694 5480 advers.
2719 5399 3027 5480 bionﬁtanum
3053 5408 3107 5455 et
3129 5399 3495 5463 Luciferianos
3513 5449 3530 5474 ,
3555 5426 3648 5480 per

349 5486 464 5544 sem
486 5471 938 5544 LenznonemJioc
955 5471 1062 5543 est,
1077 5479 1386 5536 Ianuarium
1403 5482 1766 5536 nostrumJSm
1787 5479 1946 5533 etiam
2052 5471 2253 5531 omnem
2282 5473 2628 5544 Pentecosten
2643 5471 2962 5544 drixi_t.iPau.

348 5540 497 5623 feria;
528 5545 793 5623 Ambrosii:
815 5540 1373 5623 vocabanturgraecis,
1402 5569 1522 5623 qua:
1546 5551 1812 5623 Brumalﬁia
1843 5550 1948 5623 Ro-

347 5615 543 5693 rnanis,
572 5633 694 5672 nam
715 5615 1452 5693 Dionysiusapud'hosce'est
1478 5624 1725 5679 Brumus.
1754 5621 1948 5693 Hac_in

347 5684 788 5758 interpretatione
830 5684 972 5746 forte
1008 5684 1365 5749 hallucinatus
1411 5703 1496 5749 est
1547 5694 1816 5749 Pamelius
1862 5690 1954 5747 Li-

2127 5546 2204 5620 (e)
2240 5545 2302 5599 Si
2489 5543 2628 5620 carni
2667 5542 3157 5620 indulgendumest.
3177 5544 3477 5620 Alloquitur
3508 5548 3654 5606 chri-

2055 5613 2289 5675 stianum
2325 5613 2354 5673 :V
2379 5614 2438 5687 Si
2481 5613 2606 5682 quid
2639 5614 2895 5687 voluptati
2921 5613 3416 5686 indulgendum-est
3437 5660 3452 5687 ,
3485 5622 3652 5678 habes

2057 5691 2221 5747 etiam
2253 5688 2370 5742 dies
2399 5683 2584 5750 festos,
2608 5684 2745 5738 sicut
2775 5684 2974 5740 habent
3022 5683 3264 5754 ethnici,
3318 5683 3653 5752 nontamen

349 5755 508 5818 lium'
537 5758 828 5830 Gyraldum
884 5774 1118 5820 secutus.
1161 5766 1238 5822 De
1271 5768 1373 5823 hac
1421 5781 1554 5823 voce
1599 5766 1850 5825 thetzes
1896 5764 1953 5820 in
2059 5762 2179 5820 dies
2205 5768 2412 5816 tantum
2431 5765 2590 5830 atque
2608 5755 2686 5814 illi
2707 5755 2928 5825 habent,
2955 5757 3051 5814 sed
3077 5766 3133 5814 et
3157 5761 3362 5830 plures.
3385 5761 3505 5821 Rm.

587 5854 1031 5921 Turonum:
1093 5857 1142 5919 Ι.

2764 5850 3251 5936 (Vingt-deux.)
