4090 6358
483 249 590 314 685

1919 237 2384 304 TERTULLIANI

3665 235 3777 337 689

482 374 710 445 quisque
750 367 867 428 dies
913 367 1014 442 (l).
1045 363 1295 439 Excerpe
1334 363 1569 438 singulas
1593 361 1964 420 solemnitates
1986 379 2078 418 na-
2104 365 2158 426 Α
2181 375 2303 418 cum
2332 370 2509 417 tamen
2536 359 2588 415 in
2620 358 3062 432 superstitionem
3091 356 3456 424 deducuntur,
3485 367 3675 428 rapere
3704 355 3777 412 ad

481 468 714 534 tionum,
735 475 789 521 et
816 465 874 520 in'
894 464 1138 522 ordinem
1178 470 1299 520 texe
1329 460 1409 535 (2)
1431 502 1447 530 ,
1477 461 1829 519 Pentecosten
1852 457 2077 531 implere

483 573 594 617 non
623 565 895 632 poterunt.
1093 626 1320 688 CAPUT
1360 625 1458 684 xv

554 743 664 802 Sed
719 743 740 817 (
770 742 984 811 Matth,
1014 741 1078 809 ν,
1114 742 1184 798 I6
1214 744 1232 814 )
1273 743 1472 798 luceant
1494 782 1510 808 ,
1562 739 1734 812 inquit
1779 737 1889 811 (a),
1920 751 2076 810 opera

479 833 667 894 castra.
709 838 779 893 At
836 851 978 893 nunc
1029 836 1210 892 lucent
1258 835 1494 891 tabernae
1536 843 1588 889 et
1622 833 1801 904 janua:
1852 840 2071 886 nostrae:

477 931 659 1003 plures
681 929 791 1001 jam
820 928 1061 985 invenies
1089 927 1427 984 ethnicorum
1458 924 1600 981 fores
1627 925 1744 981 sine
1771 924 2002 980 lucernis
2018 930 2076 978 et

475 1024 674 1079 laureis
700 1038 857 1094 quam
881 1022 1329 1078 Christianorum.
1385 1019 1463 1076 De
1506 1019 1607 1074 ista
1635 1032 1848 1088 quoque
1897 1016 2076 1087 specie

486 1115 616 1187 quid
642 1115 851 1170 videtur
871 1114 893 1168 ἵ
915 1113 972 1169 Si
1003 1113 1130 1168 idoli
1162 1114 1334 1168 honor
1359 1119 1461 1179 est,
1489 1113 1604 1166 sine
1629 1110 1794 1166 dubio
1824 1109 1952 1164 idoli
1980 1109 2077 1164 hoc

485 1223 588 1264 nor
609 1209 907 1264 idololatria
938 1217 1040 1264 est.
1064 1207 1120 1264 Si
1143 1206 1571 1273 hominiseaussa
1588 1212 1692 1272 est,
1722 1205 2078 1276 recogitemus

396 1370 401 1375 η
476 1315 693 1357 omnem
724 1301 1080 1356 idololatriam
1112 1300 1165 1355 in
1194 1300 1429 1355 hominis
1457 1313 1702 1354 caussam
1730 1312 1870 1354 esse.
1902 1296 2077 1353 Reco-

474 1395 705 1466 gitemus
735 1409 950 1449 omnem
982 1381 1340 1449 idololatriam
1373 1392 1427 1447 in
1457 1391 1706 1447 homines
1759 1407 1878 1448 esse
1907 1392 2077 1447 cultu-

475 1499 615 1554 ram,
651 1501 772 1542 cum
798 1486 944 1557 ipsos
963 1484 1094 1541 deos
1132 1484 1412 1540 nationum
1435 1483 1682 1540 homines
1707 1493 1854 1540 retro
1871 1483 2037 1539 fuisse
2059 1525 2077 1552 ,

475 1579 638 1636 etiam
677 1580 819 1649 apud
843 1593 970 1635 suos
997 1587 1230 1634 constet.
1257 1580 1446 1650 Itaque
1476 1579 1607 1634 nihil
1641 1579 1887 1645 interest,
1918 1592 2080 1649 supe-

2178 469 2240 512 se
2266 453 2530 510 daemonia
2555 462 2611 509 et
2659 466 2874 508 omnem
2904 453 3150 522 spiritum
3177 451 3518 506 immundum
3533 459 3626 520 per
3646 463 3780 504 con-

2180 547 2500 605 secrationis
2521 548 2964 620 obligamentum.
2995 547 3243 618 Alioquin
3271 546 3537 601 daemonia
3572 545 3776 600 nullum

2181 645 2377 701 habent
2404 659 2598 700 nomen
2623 643 2952 716 singulatim,
2985 641 3079 698 sed
3121 642 3192 698 ibi
3226 657 3419 698 nomen
3447 642 3732 697 inveniunt
3760 682 3776 707 ,

2179 737 2268 792 ubi
2294 746 2349 793 et
2369 738 2580 807 pignus.
2614 735 2787 791 Etiam
2813 734 2955 807 apud
2983 734 3201 792 Graecos
3221 735 3522 805 Apollinem
3565 737 3778 805 θυραῖον,

2179 829 2255 903 (ε)
2281 839 2334 885 et
2360 829 2602 885 Antelios
2628 828 2708 902 (ά)
2752 829 3029 884 daemonas
3053 830 3314 883 ostiorum
3361 827 3622 898 praesides
3651 827 3782 896 legi-

2177 934 2317 977 mus.
2350 922 2476 978 Haec
2507 924 2663 994 igitur
2685 923 2922 979 abinitio
2943 924 3243 993 praevidens
3274 923 3507 992 Spiritus
3534 929 3775 986 sanctus,

2179 1015 2340 1071 etiam
2368 1016 2503 1070 ostia
2530 1018 2582 1070 in
2623 1015 3061 1086 superstitionem
3091 1025 3317 1071 ventura
3339 1013 3654 1086 prtececinit
3677 1027 3778 1084 per

2181 1109 2609 1180 antiquissimum
2639 1110 2950 1180 prophetam
2980 1109 3184 1164 Enocb.
3225 1107 3356 1163 Nam
3372 1106 3546 1164 etalia
3559 1105 3694 1161 ostia
3715 1105 3773 1160 in

2181 1201 2388 1256 balneis
2416 1202 2631 1256 adorari
2661 1202 2926 1257 videmus.
2960 1201 3017 1257 Si
3063 1213 3241 1267 autem
3287 1215 3473 1257 eorum
3505 1208 3633 1256 sunt
3660 1212 3782 1269 qua:

2180 1291 2234 1347 in
2275 1292 2428 1348 ostiis
2467 1292 2762 1348 adorentur
2791 1293 2894 1368 (5),
2924 1293 2992 1348 ad
3030 1305 3126 1350 eos
3150 1303 3202 1348 et
3239 1294 3472 1348 lucet-nte
3505 1304 3560 1347 et
3585 1291 3785 1346 laureae

2183 1385 2542 1456 pertinebunt.
2564 1386 2712 1441 ldolo
2735 1381 2949 1452 feceris,
2978 1385 3230 1458 quicquid
3255 1387 3396 1441 oetio
3424 1384 3637 1441 feceris.
3667 1383 3784 1438 Hoc

2182 1477 2235 1532 in
2277 1477 2396 1532 loco
2425 1491 2490 1534 ex
2517 1478 2832 1533 auctoritate
2853 1493 3065 1550 quoque
3103 1477 3198 1533 Dei
3228 1488 3521 1543 contestor,
3541 1476 3663 1547 quia
3683 1488 3785 1530 nec

2197 1581 2365 1627 tutum
2402 1582 2484 1627 est
2534 1571 2850 1628 subtrahere
2878 1572 3252 1644 quodcumque
3285 1572 3374 1626 uni
3402 1570 3565 1627 fuerit
3593 1579 3774 1625 osten-

473 1672 656 1739 rioris,
684 1687 751 1727 an
779 1671 936 1743 hujus
960 1672 1143 1727 saeculi
1173 1671 1302 1727 viris
1324 1671 1752 1743 superstitioista
1777 1679 2078 1742 praestetur.
2133 1734 2154 1743 ι,
2189 1679 2332 1732 sum,
2356 1668 2540 1738 utique
2565 1667 2806 1721 omnium
2833 1681 3045 1721 caussa.
3077 1666 3202 1722 Scio
3228 1663 3450 1721 fratrem
3483 1677 3579 1735 per
3617 1663 3783 1719 visio-

470 1735 777 1822 ldololatria
803 1735 908 1822 non
932 1776 1150 1837 propter
1173 1735 1432 1837 personas
1457 1781 1576 1837 qum
1603 1735 1948 1836 opponuntur
1975 1763 2078 1837 (3),
2111 1735 2159 1806 Β
2188 1775 2311 1816 nem
2341 1735 2532 1815 eadem
2558 1769 2718 1814 nocte
2739 1758 3056 1831 castigatum
3088 1758 3323 1830 graviter
3345 1798 3362 1825 ,
3391 1756 3540 1829 quod
3560 1757 3805 1826 januam‘

472 1859 570 1915 sed
603 1866 822 1930 propter
843 1832 1016 1913 cilicia
1034 1832 1408 1914 istddamnata
1433 1832 1538 1928 est,
1565 1832 1692 1929 quin
1705 1859 1771 1913 ad
1806 1832 2081 1914 daemones

470 1953 761 2024 pertinent.
793 1949 1087 2008 Reddenda
1113 1961 1240 2008 sunt
1270 1949 1511 2024 (Matt/1.,
1545 1950 1716 2024 XXII)
1746 1949 1940 2006 Cwsari
1968 1961 2082 2022 qua

470 2043 590 2100 sunt
611 2044 848 2114 Caesaris,
875 2045 1014 2101 bene
1039 2046 1180 2117 quod
1206 2047 1478 2116 opposuit,
1498 2053 1545 2099 et
1561 2059 1674 2116 qua:
1693 2055 1809 2098 sunt
1829 2042 1928 2098 Dei
1949 2043 2076 2099 Deo.

475 2137 609 2206 Quae
626 2153 756 2208 ergo
772 2147 896 2194 sunt
915 2137 1144 2193 Caasaris
1160 2137 1183 2191 ?
1200 2138 1407 2193 scilicet
1423 2138 1489 2192 de
1509 2137 1702 2208 quibus
1721 2146 1846 2192 tunc
1865 2137 2083 2192 consul—

472 2233 605 2288 tatio
631 2231 948 2288 movebatur
969 2273 986 2301 ,
1017 2230 1430 2302 praestandusne
1457 2239 1602 2286 esset
1629 2243 1822 2286 census
1859 2227 2082 2297 Caesari,

471 2341 543 2381 an
571 2338 703 2381 non;
725 2325 849 2380 Ideo
870 2333 927 2379 et
956 2333 1227 2379 monetam
1253 2322 1463 2379 ostendi
1490 2322 1589 2378 sibi
1615 2322 1873 2378 Dominus
1903 2332 2085 2393 postit-

474 2417 625 2483 lavit,
660 2426 714 2473 et
739 2416 808 2472 de
844 2417 1076 2487 imagine
1106 2458 1120 2482 ,
1151 2415 1304 2486 cujus
1331 2423 1509 2480 esset,
1540 2415 1842 2484 requisivit.
1873 2414 2084 2468 Etcum

469 2509 732 2577 audisset,
763 2505 994 2564 Caesaris
1023 2524 1036 2561 :
1063 2508 1300 2574 Reddite,
1335 2508 1430 2574 ait,
1453 2521 1565 2578 qua:
1583 2516 1702 2561 sunt
1723 2506 1944 2562 Cesaris
1975 2506 2086 2561 Cte-

471 2601 599 2667 cari,
624 2611 671 2656 et
701 2616 814 2672 quo:
840 2609 960 2655 sunt
978 2597 1075 2653 Dei
1096 2597 1207 2653 Deo
1229 2598 1326 2671 (b);
1357 2597 1409 2654 id
1439 2607 1523 2654 est
1551 2599 1838 2668 imaginem
1857 2597 2085 2653 Caesaris

470 2694 708 2761 Cmsari,
756 2708 876 2763 qua:
906 2693 959 2747 in
987 2705 1210 2747 nummo
1235 2701 1348 2760 est,
1403 2701 1458 2746 et
1506 2692 1794 2761 imaginem
1827 2691 1917 2745 Dei
1948 2692 2082 2757 D‘eo,

475 2802 595 2858 quae
633 2787 689 2841 in
740 2785 959 2841 homine
1001 2794 1128 2841 est:
1163 2793 1221 2839 ut
1270 2783 1470 2840 Caesari
1526 2785 1740 2855 quidem
1803 2787 2082 2854 pecuniam

473 2878 692 2946 reddas,
724 2877 838 2933 Deo
892 2877 1259 2947 temetipsum.
1290 2876 1562 2946 Alioquin,
1595 2877 1722 2947 quid
1748 2877 1854 2932 erit:
1881 2877 2007 2943 Dei,
2039 2877 2084 2932 si

473 2973 654 3030 omnia
677 2970 950 3028 Caesaris?
975 2970 1138 3041 Ergo,
1169 2969 1367 3039 inquis,
1399 2969 1576 3023 honor
1603 2969 1696 3023 Dei
1722 2977 1826 3034 est,
1850 2968 2084 3024 lucernae

473 3079 575 3135 pro
608 3065 812 3120 foribus
834 3106 849 3130 ,
892 3073 946 3118 et
970 3063 1153 3118 laurus
1181 3063 1234 3116 in
1272 3059 1559 3132 pestibus?
1593 3073 1696 3115 non
1729 3061 1912 3130 utique
1941 3059 2082 3132 quod
2113 3106 2150 3135 ﬁ

477 3113 575 3210 ἕεέ
605 3113 1588 3222 ἱιῌτίᾇὲὲέιξὲὲέίάιὲόιὶὲλῖιζάιῖίἀπο
1620 3113 1758 3205 ὑέᾶ
1775 3113 2084 3223 hujusmodi
2110 3113 2156 3180 C

475 3247 671 3305 officiis
700 3246 1032 3314 honoratur,
1081 3255 1342 3317 quantum
1376 3245 1429 3298 in
1456 3242 1746 3299 manifesto
1783 3253 1898 3311 est,
1933 3245 2080 3300 salva

475 3332 789 3413 operatione
836 3355 953 3410 quae
984 3339 1140 3394 estin
1173 3339 1388 3393 occulto
1417 3339 1432 3405 ‘,
1495 3337 1562 3392 ad
1593 3336 1858 3392 dmmonia
1884 3349 2082 3408 pert-ee

473 3436 650 3490 niens.
680 3431 827 3489 Certi
857 3435 1001 3489 enim
1032 3441 1160 3488 esse
1195 3432 1457 3488 debemus
1485 3475 1499 3498 ,
1542 3432 1586 3486 si
1627 3447 1763 3502 quos
1806 3432 1937 3487 latet
1986 3447 2085 3502 per

479 3529 837 3600 ignorantiam
889 3527 1203 3582 litteraturae
1230 3527 1547 3593 saecularis,
1602 3527 1763 3582 etiam
1819 3527 2087 3581 ostiorum

477 3621 611 3678 deos
659 3619 802 3692 apud
874 3619 1186 3685 Romanos,
1238 3617 1498 3674 Cardeani
1548 3632 1578 3672 a
1630 3617 1937 3673 cardinibus
1986 3633 2086 3690 ap-

475 3715 751 3786 pellatam,
804 3724 859 3770 et
906 3713 1193 3770 Forculum
1249 3711 1326 3782 (4)
1389 3727 1420 3766 a
1463 3709 1666 3783 foribus
1697 3753 1710 3775 ,
1769 3720 1826 3766 et.-
1873 3711 2087 3766 Limen—

482 3810 654 3865 tinum
703 3824 734 3863 a
789 3808 994 3873 limine,
1033 3815 1086 3861 et
1130 3807 1303 3876 ipsum
1359 3804 1555 3860 Ja'num
1595 3820 1626 3860 a
1670 3806 1831 3876 janua
1863 3823 1876 3860 :
1905 3817 1958 3862 et
1987 3809 2090 3864 uti-

481 3917 590 3974 que
613 3899 816 3959 scimus
836 3940 854 3969 ,
895 3899 1025 3956 licet
1049 3897 1268 3957 nomina
1299 3897 1478 3954 inania
1503 3906 1664 3968 atque
1687 3897 1916 3954 conticta
1941 3901 2048 3954 sint
2066 3943 2083 3967 ,

2183 1854 2300 1926 ejus
2329 1853 2508 1910 subito
2534 1854 2862 1910 annuntia-tis
2887 1854 3092 1925 gaudiis
3114 1851 3340 1924 publicis
3360 1853 3500 1908 servi
3523 1863 3786 1907 coronas-

2184 1958 2321 2003 sent.
2366 1946 2434 2002 Et
2463 1956 2641 2003 tamen
2671 1961 2776 2002 non
2805 1947 2921 2017 ipse
2949 1955 3336 2014 coronaverat,
3386 1955 3478 2000 aut
3516 1955 3788 2016 praecepe-

2184 2050 2269 2096 rat
2295 2083 2311 2109 ,
2343 2057 2466 2096 nam
2494 2050 2618 2098 ante
2650 2050 3008 2113 processerat,
3037 2053 3091 2097 et
3120 2055 3398 2109 regressus
3425 2039 3788 2111 reprehende~

2185 2145 2269 2190 rat
2308 2134 2390 2209 (6)
2442 2135 2640 2192 factum
2675 2154 2689 2193 :
2719 2136 2855 2192 adeo
2897 2137 3038 2207 apud
3083 2137 3368 2191 Dominum
3400 2136 3450 2189 in
3481 2133 3788 2205 hujusmodi

2189 2232 2352 2285 etiam
2406 2230 2687 2302 disciplina
2720 2230 2787 2302 (e)
2844 2230 3060 2285 nimiliac
3111 2241 3311 2286 noctra:
3357 2230 3658 2284 aestimatur
3685 2229 3786 2301 (7).

2188 2321 2351 2393 Igitur
2371 2322 2512 2393 quod
2539 2323 2766 2379 attineat
2807 2323 2874 2378 ad
2903 2323 3135 2378 honores
3161 2336 3346 2394 regum
3377 2323 3461 2377 vel
3485 2322 3784 2394 imperato-

2189 2427 2306 2469 rum
2335 2414 2538 2485 (Iiom.,
2566 2414 2708 2483 XIII,
2732 2415 2810 2486 7),
2837 2417 2967 2471 satis
2992 2415 3360 2486 praescriptum
3392 2415 3652 2469 habemus
3675 2456 3691 2482 ,
3735 2414 3790 2469 in

2189 2507 2336 2562 omni
2353 2509 2612 2580 obsequio
2638 2521 2758 2564 esse
2787 2525 2889 2564 nos
2911 2519 3183 2580 oportere,
3212 2507 3509 2564 secundum
3537 2507 3784 2577 A‘postoli

2189 2609 2515 2672 praeceptum
2542 2645 2559 2670 ,
2591 2602 2834 2658 subditos
2876 2603 3279 2673 magistratibus
3299 2610 3354 2657 et
3381 2601 3715 2672 principibus
3737 2607 3795 2655 et

2190 2694 2580 2770 pulestat-ibus:
2614 2693 2710 2750 sed
2749 2695 2886 2750 intra
2917 2694 3116 2749 limites
3144 2695 3444 2764 disciplinae
3465 2733 3482 2760 ,
3511 2705 3795 2764 quousque

2191 2786 2259 2839 ab
2285 2786 2582 2842 idololatria
2634 2801 2970 2857 separamur.
3023 2788 3316 2857 Propterea
3370 2787 3515 2841 enim
3559 2797 3612 2840 et
3660 2783 3791 2840 illud

2192 2882 2497 2950 exemplum
2533 2880 2694 2934 trium
2724 2880 2948 2935 fratrum
2974 2879 3454 2951 praecucurrit,qui
3479 2877 3613 2933 alias
3632 2877 3794 2932 obse-

2190 2980 2418 3041 quentes
2444 2985 2570 3042 crga
2603 2985 2782 3042 regem
2811 2969 3307 3027 Nabuchodonosor
3335 2972 3354 3043 (
3386 2970 3550 3037 Dem,
3579 2963 3666 3036 III,
3696 2968 3790 3037 12,

2190 3063 2378 3133 seqq),
2415 3065 2674 3119 honorem
2707 3066 2953 3135 imaginis
2983 3065 3098 3135 ejus
3118 3064 3553 3120 constantissime
3580 3077 3793 3133 respue-

2189 3167 2315 3211 runt
2344 3197 2359 3220 ,
2410 3157 2698 3226 probantes
2766 3157 3121 3212 idololatriam
3170 3171 3291 3213 esse
3319 3199 3335 3224 ,
3367 3157 3624 3228 quicquid
3652 3157 3790 3212 ultra

2192 3250 2410 3305 humani
2436 3249 2657 3305 honoris
2682 3251 2904 3305 modum
2926 3250 3000 3306 ad'
3022 3254 3189 3306 instar
3224 3251 3418 3305 divinae
3451 3250 3794 3305 sublimitatis

2189 3345 2463 3401 extollitur
2488 3345 2588 3416 (8).
2621 3345 2709 3401 Sic
2737 3349 2792 3400 et‘
2808 3345 2992 3410 Daniel
3025 3344 3183 3415 (Dan.
3216 3343 3306 3410 Vl,
3330 3345 3382 3412 5,
3414 3343 3793 3415 seqq.)c:etera

2190 3437 2352 3492 Dario
2380 3438 2669 3501 subnixus,
2694 3438 2893 3492 tamdiu
2935 3437 3033 3492 luit
3060 3440 3113 3492 in
3144 3435 3344 3504 cilicio,
3373 3437 3672 3508 quamdina
3696 3449 3791 3506 pe-

2189 3530 2360 3585 riculo
2400 3529 2698 3601 disciplinae
2749 3530 2830 3601 (9)
2875 3540 3111 3586 vacaret.
3171 3530 3304 3585 Nam
3337 3530 3387 3584 id
3419 3545 3489 3585 ne
3537 3529 3741 3585 subiret
3768 3568 3786 3594 ,

2192 3637 2299 3678 non
2326 3623 2494 3693 magis
2513 3623 2696 3678 leones
2719 3624 2898 3693 regios
2927 3623 3120 3687 timuit,
3144 3637 3302 3693 quam
3327 3621 3400 3676 illi
3417 3622 3592 3692 regios
3618 3623 3786 3691 ignes.

2194 3715 2507 3772 Accendant
2531 3716 2693 3787 igitur
2722 3716 2960 3786 quotidie
2990 3717 3236 3770 lucernas
3265 3757 3279 3780 ,
3305 3715 3501 3785 quibus
3529 3715 3617 3769 lux
3645 3713 3791 3768 nulla

2198 3820 2320 3877 est,
2352 3810 2570 3880 alligant
2619 3809 2863 3880 postibus
2908 3809 3090 3864 lauros
3138 3809 3477 3880 postmodum
3536 3823 3790 3875 arsuras,

2195 3904 2392 3975 quibus
2422 3905 2570 3974 ignes
2598 3903 2922 3970 imminent;
2946 3904 3054 3959 illis
3073 3912 3386 3974 competunt
3404 3912 3460 3960 et
3488 3902 3795 3961 testimonia

1713 4009 2096 4075 LECTIO'NES
2131 4014 2549 4076 VARIANTES.

544 4129 614 4193 (l)
654 4125 842 4181 Octavo
863 4137 1062 4193 quoque
1085 4125 1170 4178 die
1196 4123 1348 4178 Fran.

570 4191 623 4244 2)
655 4193 848 4244 Exsere
872 4191 1025 4241 Frtm.

547 4131 588 4193 (l
654 4129 842 4181 Octavo
863 4137 1062 4190 quoque
1085 4129 1170 4178 die
1196 4129 1348 4178 Fran.

570 4196 601 4244 2
655 4193 848 4244 Exsere
872 4191 1025 4241 Frtm.

547 4129 623 4320 £3}
659 4257 980 4317 Apponuntur
1004 4250 1156 4305 Latin.
1183 4250 1293 4319 Εἰς.
1343 4245 1434 4304 Fr.
1459 4249 1580 4302 Jun.
1629 4249 1879 4317 LeOpold.,
1920 4253 2086 4310 ueteri

482 4327 811 4385 apponuntur.

545 4333 922 4455 ἓὸωὲᾘᾝίἱς,
929 4375 1352 4455 Ῐςαρςξ-ἲοπὶοιιὶυω
1368 4381 1453 4430 aut
1474 4373 1766 4455 fot‘eculum.

547 4440 622 4509 (5)
656 4440 971 4495 Adornentur
994 4440 1116 4490 Jun.

2109 4429 2165 4490 D

2254 4131 2327 4205 (6)
2361 4132 2705 4205 Coromerat,
2725 4147 2778 4205 ει.
2804 4147 2853 4199 p.
2865 4132 3008 4205 (nam
3033 4142 3148 4186 ante
3170 4134 3504 4202 processerat)
3521 4142 3574 4188 et
3594 4139 3792 4201 regres-

2186 4209 2272 4247 sus
2289 4198 2689 4260 deprehenderat
2710 4196 2830 4247 Juii.
2857 4197 3010 4247 Latin.

2274 4260 2325 4328 ξι)
2358 4259 2671 4328 Apuddeum
2696 4287 2757 4328 -τ-
2781 4261 3078 4313 testiniatnur
3099 4259 3278 4328 Rigalt.
3299 4261 3441 4328 Leop.

2275 4320 2326 4387 si
2362 4320 2564 4387 gitana
2587 4321 2766 4387 Rigalt.

2254 4383 2330 4449 (9)
2363 4384 2631 4448 Disciplina
2645 4383 2767 4438 Ὶιιη.

1862 4546 2426 4618 COMMENTARIUS.

555 4679 1000 4752 CAP.XV.-(a)
1029 4677 1134 4735 Sed
1163 4677 1382 4753 luceant,
1409 4680 1592 4751 inquit,
1619 4695 1775 4753 Opera
1791 4691 1974 4737 uestra.
1997 4684 2082 4740 In-

485 4757 602 4828 quit
646 4754 1033 4828 Qhristus._S_ic
1059 4753 1155 4828 lib.
1183 4752 1250 4806 de
1275 4752 1486 4828 Pallio;
1516 4752 1716 4828 Ipsum,
1751 4755 1940 4826 inquit.
1975 4755 2086 4813 fer-

490 4821 612 4882 rum
638 4826 810 4879 virum
837 4823 1020 4878 trahit.
1057 4821 1172 4877 Hoc
1195 4833 1300 4888 est,
1327 4824 1498 4890 inquit.
1526 4821 1962 4882 Homerusztc.

561 4896 738 4972 (b)iEt
781 4911 897 4972 quin
930 4903 1044 4949 sunt
1064 4893 1202 4972 Dei,
1227 4893 1357 4972 Deo.
1387 4895 1614 4972 Notetur
1654 4897 1941 4966 explicatio
1978 4901 2080 4955 ista

487 4967 807 5026 Tertulliani
848 4967 1001 5037 plena
1025 4967 1322 5033 acuminis,
1355 4983 1513 5036 quant
1546 4970 1768 5022 limatur
1793 4985 1858 5024 ex
1902 4973 2080 5028 verbis

485 5041 706 5097 Christi.
743 5039 814 5094 Ut
841 5038 984 5110 enim
1013 5052 1264 5110 nummus
1284 5039 1493 5110 dandus
1514 5039 1712 5094 Ctesari
1735 5081 1749 5104 ,
1774 5043 1896 5110 quia
1921 5059 2080 5098 num-

485 5128 610 5186 _mus
640 5114 813 5186 imago
838 5118 922 5164 est
945 5108 1174 5186 Caesaris
1207 5125 1220 5161 :
1266 5109 1346 5165 sic
1370 5109 1534 5167 homo
1562 5110 1770 5167 dandus
1792 5108 1929 5179 Deo,
1955 5118 2080 5186 quia

485 5183 650 5239 homo
673 5179 768 5238 est
785 5185 958 5251 imago
981 5179 1104 5251 Dei.
1139 5179 1269 5234 an.

555 5255 631 5326 (c)
671 5249 957 5327 Apollinem
977 5249 1279 5327 Τιρυνωᾳῃι.
1305 5251 1430 5327 Fuit
1458 5252 1649 5323 Apollo
1673 5269 1876 5323 prteses
1899 5267 2082 5327 porta-

482 5323 894 5396 rum,videlicet
917 5324 1039 5392 quia
1063 5337 1158 5396 per
1185 5323 1302 5396 illas
1330 5324 1505 5379 aditus
1525 5327 1723 5381 estluci
1753 5327 1805 5381 in
1833 5323 2076 5396 domum,

483 5398 606 5454 inde
629 5404 820 5466 θυραίας
855 5395 1052 5467 dietus.
1084 5392 1216 5447 Nam
1254 5393 1462 5467 Graecis
1499 5401 1617 5467 θύρα.
1656 5406 1738 5454 est
1755 5401 1938 5465 jantta.
1969 5392 2082 5456 Ma;

478 5469 632 5524 crob.
675 5469 769 5522 lib.
803 5469 820 5518 l
849 5466 1051 5531 Satnr.,
1081 5480 1201 5533 cap.
1244 5465 1317 5530 9,
1367 5465 1628 5522 rationem
1675 5469 1914 5526 adhibet.
1964 5472 2081 5528 Huc

483 5541 758 5610 pertinent
784 5537 946 5591 verba
969 5535 1286 5610 Scholiasta:
1308 5537 1478 5608 Soph.
1509 5539 1564 5593 in
1585 5540 1917 5597 Elect.:cum
1933 5546 2078 5598 enim

479 5608 742 5668 Phoebum
771 5608 1150 5678 prostaterium
1191 5618 1347 5662 vocet
1397 5611 1715 5679 Sephocles,
1763 5613 1937 5668 schol.
1970 5616 2076 5681 ait,

477 5696 814 5755 προστατήριε,
842 5686 917 5735 ὅτι
962 5688 1051 5750 πρὸ
1074 5695 1167 5755 τῶν
1189 5686 1339 5755 θρρῶν
1363 5684 1920 5755 ἲδρρτιιι,γρνοεωιεγὶθ,
1943 5701 2077 5755 quo-

473 5750 614 5809 niam
633 5765 750 5810 ante
778 5754 911 5823 {om
929 5751 1189 5808 statuatur.
1215 5750 1284 5808 Et
1299 5750 1564 5811 AriStides
1580 5750 1782 5827 hymno
1801 5756 1868 5813 ad
1881 5750 2072 5816 Miner.

2189 4695 2738 4770 meminitApollinis
2780 4707 3099 4770 προπυλιξσυ.
3140 4695 3468 4770 Ειηψιὶἀεηι
3521 4696 3788 4758 Phoebum

2187 4766 2314 4837 olim
2336 4766 2608 4837 depictqu
2637 4770 2688 4822 in
2711 4766 2914 4826 foribus
2939 4769 3149 4827 videtur
3165 4766 3304 4826 efﬁci
3326 4785 3395 4828 ex
3418 4770 3596 4828 verbis
3619 4775 3788 4828 Arno-

2186 4834 2283 4902 bii,
2315 4834 2422 4892 lib;
2440 4837 2527 4894 Vl.
2551 4839 2682 4895 Lac.

2260 4929 2343 4999 (d)
2373 4929 2438 4984 Et
2463 4932 2688 4986 Antelios
2716 4933 2993 4988 dwmonas.
3015 4933 3216 4999 Ilhen.,
3236 4933 3328 4990 lib.
3349 4933 3418 4989 de
3437 4931 3563 4990 Cor.
3585 4933 3788 4991 Antelii

2188 4999 2407 5074 Graecis
2440 5002 2521 5074 Dii
2569 5013 2722 5069 sunt,
2768 5007 2858 5074 qui
2892 5006 3090 5060 foribus
3128 5007 3463 5062 dedicantur.
3511 5006 3601 5063 Sic
3637 5009 3783 5062 enim

2186 5087 2308 5149 aras
2333 5073 2410 5149 rel
2437 5073 2685 5128 divorum
2711 5073 2913 5149 statuas
2941 5078 3205 5132 vocabant
3231 5079 3559 5144 subdivales,
3584 5090 3641 5134 ut
3662 5095 3786 5149 quae

2116 5219 2118 5222 .
2184 5143 2294 5198 Soli
2327 5143 2503 5200 forent
2523 5148 2813 5214 espositm:
2847 5147 2982 5202 Hinc
3009 5149 3336 5220 Hesychius:
3369 5143 3585 5211 ἀντήλιὸι
3615 5143 3710 5203 θεὲὶ
3740 5159 3786 5203 σε

2188 5227 2278 5286 πρὸ
2303 5233 2392 5272 τῶν
2431 5225 2584 5273 πυλῶν
2615 5222 2866 5288 ἱδρῦμενοι,
2895 5229 2948 5272 et
2997 5235 3217 5292 rursus,
3265 5225 3506 5286 ἀντήλιος,
3537 5226 3562 5275 ὁ
3589 5226 3787 5292 ἀντικρῦ

2188 5295 2326 5349 ἣλιοι)
2353 5292 2588 5359 ἱδρῦμενςς
2612 5299 2777 5360 βωμὸς
2805 5296 2834 5350 ἦ
2857 5293 2976 5352 θεός.
3006 5290 3142 5347 ΡΑΙ.

2257 5401 2334 5475 (e)
2377 5403 2662 5474 Disciplina
2685 5406 2898 5475 fantiliaz
2924 5415 3114 5462 nostra
3154 5407 3482 5465 animamur.
3511 5405 3604 5463 Sic
3627 5415 3786 5466 vetus.

2184 5475 2494 5544 exemplar:
2523 5477 2679 5551 Apud
2704 5477 2876 5551 Deum
2897 5479 3154 5551 ,Ainqnit,
3196 5483 3248 5537 in
3282 5481 3587 5551 hujusmodi
3624 5477 3784 5534 iactis

2183 5548 2864 5626 censemurexdisciplina
2882 5548 3122 5626 inutilia:
3147 5548 3412 5626 nostraet
3430 5555 3533 5606 hoc
3558 5559 3676 5626 est,
3722 5552 3782 5607 in

2181 5617 2248 5699 iis
2269 5632 2388 5687 quin
2413 5617 2480 5673 ad
2500 5620 2703 5675 crimen
2726 5617 3053 5705 idololatria:
3081 5625 3365 5706 perliuent.
3400 5623 3651 5706 imputari
3681 5637 3783 5677 no-

2181 5687 2265 5741 bis
2293 5704 2323 5742 a
2351 5689 2460 5744 Deo
2487 5706 2607 5760 qua:
2635 5692 2706 5748 ob
2730 5707 2949 5760 pravam
2984 5694 3319 5760 disciplinam
3346 5695 3548 5754 familia
3592 5702 3780 5753 nostra

2181 5707 2265 5741 ms
2293 5707 2323 5742 a
2351 5707 2460 5744 ueo
2487 5707 2607 5760 qua:
2635 5707 2706 5748 οι)
2729 5707 2949 5766 pravam
2984 5707 3154 5768 atsctp

2179 5760 2502 5832 peccaverit.
2523 5761 2692 5822 Idem.
