4150 6352
428 268 532 327 687

1848 258 2313 321 TERTULLIANI

3605 255 3711 313 688

424 405 547 446 rum
575 389 694 460 quis
723 384 1043 445 sacriﬁcanti
1065 383 1380 451 tradiderit,
1405 381 1514 440 imo
1537 382 1582 440 si
1607 381 1774 438 verbo
1801 395 2015 455 quoque
2041 383 2096 443 Α
2120 381 2308 438 eadem
2332 377 2659 436 conditione.
2685 377 2916 434 Tantum
2939 377 3081 434 enim
3108 375 3328 432 honoris
3347 373 3563 431 nomine
3588 389 3714 430 con-

425 484 605 553 aliquo
631 483 896 538 sacriﬁcio
922 480 1230 536 necessario
1245 477 1508 550 adjuverit
1528 519 1544 545 ,
1577 477 1826 533 minister
1853 475 2019 532 habe-

423 574 570 630 bitur
595 574 930 631 idololatriaa.
962 573 1131 644 Hujus
1161 572 1358 643 regula
1405 586 1677 628 memores
1705 569 1866 626 etiam
1897 585 2016 625 ma-

421 666 730 738 gistratibus
756 675 810 721 et
838 666 1194 738 potestatibus
1217 665 1451 720 ofﬁcium
1481 677 1766 736 possumus
1788 661 2018 720 reddere

419 757 715 814 secundum
744 757 1076 830 patriarchas
1103 767 1158 814 et
1185 765 1408 813 cteteros
1436 755 1700 826 majores,
1745 755 1834 826 qui
1878 754 2019 826 regi-

421 849 524 904 bus
551 848 846 905 idololatris
875 864 1045 920 usque
1085 849 1151 903 ad
1186 848 1347 904 ﬁnem
1393 847 1711 903 idololatria:
1750 861 2013 918 apparue-

420 948 569 996 runt.
605 941 740 996 Hinc
789 943 1036 1012 proxime
1059 940 1354 1012 disputatio
1403 940 1620 995 suborta
1654 938 1734 1010 (l)
1781 947 1900 1003 est,
1946 954 2014 992 an

416 1049 606 1092 servus
626 1035 720 1091 Dei
746 1036 824 1107 (a)
870 1036 1096 1106 alicujus
1123 1035 1397 1107 dignitatis
1419 1043 1513 1090 aut
1537 1035 1818 1105 potestatis
1846 1033 2016 1088 admi-

417 1129 794 1184 nistrationem
844 1129 1055 1199 capiat,
1109 1129 1156 1184 si
1196 1128 1266 1182 ab
1293 1129 1440 1183 omni
1471 1129 1652 1198 specie
1698 1127 2016 1182 idololatria:

416 1219 678 1275 intactum
701 1234 786 1287 se,
813 1230 906 1275 aut
930 1220 1098 1290 gratia
1115 1219 1311 1290 aliqua,
1339 1227 1432 1272 aut
1459 1219 1652 1273 astutia
1681 1218 1844 1272 etiam
1874 1233 2042 1288 prae--

415 1323 562 1370 stare
590 1314 760 1384 possit
783 1332 798 1369 :
821 1312 1114 1369 secundum
1140 1312 1358 1390 quodet
1375 1311 1574 1382 Ioseph
1593 1309 1946 1382 (Gen.,XLl),
1965 1321 2020 1365 et

414 1405 607 1463 Daniel
636 1406 656 1478 (
691 1405 849 1472 Dan.,
881 1404 926 1459 lI
967 1414 1013 1460 et
1037 1402 1171 1474 VII)
1201 1402 1386 1459 mundi
1412 1403 1482 1457 ab
1511 1401 1812 1458 idololatria
1852 1403 2045 1457 usti--

421 1509 562 1565 tere,
589 1509 644 1554 et
685 1499 999 1570 dignitatem
1045 1507 1101 1553 et
1145 1506 1465 1569 potestatem
1510 1495 2020 1551 administraverunt

417 1591 475 1646 in
527 1601 844 1646 ornamento
885 1600 940 1646 et
983 1605 1217 1661 purpura
1269 1589 1432 1644 totius
1458 1587 1538 1660 (2)
1564 1587 1782 1660 Αῐςγριί
1806 1588 1880 1660 (ὁ)
1905 1588 2018 1645 sive

416 1683 750 1756 Babyloniis.
781 1683 1079 1739 Credamus
1120 1682 1612 1752 itaque‘succedere
1643 1683 1800 1739 alicui
1836 1697 2016 1754 posse,

2119 473 2433 531 ferebantur
2459 473 2543 528 his
2563 473 2651 544 qui
2699 471 3109 528 familiaritatem
3131 486 3316 542 regum
3343 469 3710 526 merebantur.

2122 567 2278 624 Unde
2302 578 2356 624 et
2375 566 2652 640 purpurati
2679 581 2865 637 regum
2886 565 3216 620 vocabantur
3237 579 3266 619 a
3295 579 3552 635 purpura,
3575 563 3716 618 sicut

2121 663 2260 734 apud
2290 678 2388 719 nos
2415 679 2445 717 a
2477 671 2597 733 toga
2624 659 2848 717 candida
2879 658 3146 716 candidati
3173 677 3186 713 :
3229 657 3324 714 sed
3350 674 3455 714 non
3497 666 3556 712 ut
3583 672 3716 728 sug-

2120 765 2306 827 gestus
2333 757 2422 812 ille
2444 754 2760 812 sacerdotiis
2786 768 3000 824 quoque
3025 760 3116 807 aut
3155 752 3419 824 aliquibus
3448 751 3715 808 idolorum

2123 848 2316 905 ofﬁciis
2343 847 2786 919 adstringeretur.
2814 844 2946 900 Nam
2975 845 3019 900 si
3048 845 3117 900 ita
3145 854 3310 908 esset,
3343 843 3530 914 utique
3551 843 3716 900 tanta:

2119 943 2419 998 sanctitatis
2448 950 2504 998 et
2544 939 2860 996 constantia:
2902 938 3001 994 viri
3050 937 3228 993 statim
3275 936 3494 992 habitus
3529 937 3718 1007 .inqui-

2120 1044 2277 1090 natos
2337 1041 2717 1100 recusassent,
2744 1031 3031 1102 statimque
3057 1029 3398 1102 apparuisset
3437 1029 3715 1085 Danielem

2121 1127 2311 1201 (Dan.,
2337 1127 2459 1198 XII)
2487 1126 2642 1182 idolis
2659 1140 2769 1182 non
2796 1125 3119 1190 deservisse,
3139 1139 3237 1179 nec
3263 1122 3445 1179 Belem
3474 1137 3574 1178 nec
3600 1121 3722 1179 dra-

2120 1238 2311 1281 conem
2339 1221 2538 1290 colere,
2569 1220 2711 1292 quod
2741 1219 2910 1276 multo
2938 1228 3122 1290 postea
3164 1219 3431 1289 apparuit.
3473 1217 3716 1290 Simplex

2123 1315 2285 1384 igitur
2309 1329 2542 1386 purpura
2574 1313 2683 1379 illa,
2711 1327 2812 1369 nec
2833 1311 2944 1384 jam
2971 1311 3244 1384 dignitatis
3269 1320 3408 1378 erat,
3437 1311 3529 1368 sed
3562 1312 3713 1384 inge-

2122 1407 2340 1463 nuitatis
2365 1405 2506 1476 apud
2528 1405 2797 1460 Barbaros
2821 1404 3051 1475 insigne.
3079 1403 3540 1471 Quemadmodum
3571 1404 3716 1460 enim

2123 1511 2178 1557 et
2205 1499 2402 1569 ioseph
2429 1499 2449 1572 (
2477 1497 2634 1566 Gem,
2656 1496 2798 1568 XLI)
2848 1499 2936 1568 qui
2967 1512 3156 1554 servus
3184 1496 3358 1553 fuerat
3379 1539 3395 1564 ,
3448 1507 3504 1552 et
3534 1497 3718 1554 Daniel

2123 1593 2312 1667 (Dan.,
2332 1593 2444 1663 VII)
2473 1592 2564 1664 qui
2589 1607 2684 1664 per
2706 1590 3065 1662 captivitatem
3093 1599 3289 1647 statum
3311 1597 3561 1656 verterat,
3585 1589 3719 1645 civi-

2125 1696 2289 1744 tatem
2335 1687 2685 1758 Babyloniam
2745 1694 2800 1741 et
2846 1684 3153 1757 Egyptiam
3181 1685 3261 1758 (4)
3289 1693 3419 1740 sunt
3442 1685 3718 1740 consecuti

415 1786 480 1832 ut
504 1779 556 1833 in
584 1792 802 1848 quoquo
827 1776 1067 1841 honore,
1099 1785 1160 1832 ut
1207 1777 1287 1848 (5)
1319 1778 1372 1832 in
1401 1777 1521 1832 solo
1551 1776 1772 1832 honoris
1802 1775 2018 1832 nomine
2047 1755 2098 1815 Β
2125 1797 2225 1854 per
2252 1755 2493 1836 habitum
2544 1779 2838 1835 barbarica:
2887 1755 3269 1851 ingenuitatis):
3301 1779 3380 1835 sic
3426 1793 3595 1852 penes
3621 1791 3720 1834 nos

415 1869 670 1936 incedat,
703 1886 879 1942 neque
900 1869 1199 1935 sacrificet,
1235 1885 1409 1940 neque
1452 1869 1734 1925 sacriﬁciis
1781 1869 2050 1925 auctori-1

413 1970 580 2017 tatem
606 1975 756 2018 suam
780 1961 1169 2028 accommodet,
1190 1976 1298 2017 non
1321 1962 1523 2017 hostias
1548 1961 1708 2029 locet,
1730 1975 1836 2016 non
1860 1976 2018 2017 curas

413 2053 741 2125 templorum
772 2053 983 2125 deleget
1010 2095 1024 2118 ,
1058 2068 1166 2108 non
1192 2053 1473 2124 vectigalia
1501 2067 1704 2108 eorum-
1722 2062 1975 2124 procuret
2003 2094 2018 2118 ,

414 2161 524 2204 non
545 2147 849 2217 spectacula
873 2149 998 2202 edat
1021 2146 1090 2201 de
1116 2161 1216 2201 suo
1237 2154 1328 2200 aut
1348 2145 1416 2201 de
1437 2145 1652 2216 publico
1673 2186 1690 2212 ,
1723 2153 1817 2200 aut
1849 2145 2022 2201 eden-

417 2237 504 2295 dis
533 2242 754 2310 prtesit:
791 2238 924 2295 nihil
960 2238 1204 2294 solemne
1248 2238 1562 2308 pronuntiet
1589 2237 1673 2293 vel
1698 2237 1876 2293 edicat
1900 2279 1914 2302 ,
1947 2252 2018 2293 ne

416 2329 564 2401 jurct
589 2330 804 2401 quidem
836 2349 849 2385 :
892 2330 1003 2400 jam
1033 2345 1164 2385 vero
1189 2345 1308 2401 qua:
1333 2340 1459 2384 sunt
1491 2329 1774 2399 potestatis
1797 2371 1812 2395 ,
1845 2344 2020 2400 neque

420 2423 628 2495 judicet
651 2423 720 2479 de
755 2424 931 2495 capite
974 2423 1202 2494 alicujus
1243 2423 1330 2478 vel
1388 2421 1592 2493 pudore
1642 2423 1826 2492 (feras
1874 2423 2020 2478 enim

421 2517 492 2572 de
519 2513 811 2588 pecunia"),
842 2532 1021 2588 neque
1065 2516 1287 2571 damnet
1333 2530 1507 2586 neque
1551 2514 1882 2586 prtedamnet
1909 2513 1982 2588 (c)
2005 2555 2021 2581 ,
2053 2540 2059 2550 -

423 2610 697 2666 neminem
737 2609 972 2675 vinciat,
1005 2609 1276 2664 neminem
1327 2607 1572 2664 recludat
1601 2608 1724 2680 (ά),
1772 2618 1866 2664 aut
1915 2619 2025 2665 tor-

437 2715 642 2776 queat;
673 2705 716 2760 si
746 2704 864 2760 haac
887 2703 1148 2760 credibile
1175 2712 1259 2758 est
1283 2701 1398 2759 ﬁeri
1426 2716 1599 2772 posse.

993 2795 1225 2854 CAPUT
1272 2796 1454 2852 XVIII.

499 2890 618 2947 Jam
662 2905 793 2948 vero
840 2889 909 2947 de
958 2889 1076 2946 solo
1125 2901 1377 2960 suggestu
1433 2895 1489 2944 et
1533 2895 1793 2959 apparatu
1855 2891 2031 2944 hono-

430 2985 506 3040 ris
580 2981 1023 3048 retractandum;
1079 2981 1329 3052 pr0prius
1405 2979 1620 3037 habitus
1696 2980 2060 3051 uniuscujus-'

2121 1889 2336 1946 quoque
2355 1872 2543 1930 ﬁdeles
2571 1873 2653 1944 (5)
2679 1871 2724 1927 si
2755 1886 2977 1928 necesse
3002 1872 3186 1938 fuerit,
3219 1871 3418 1943 poterit
3459 1883 3514 1928 et
3542 1871 3722 1942 pueris

2121 1976 2384 2038 praetexta
2405 1966 2668 2032 concedi,
2709 1977 2766 2022 et
2793 1966 2986 2037 puellis
3019 1965 3098 2038 (6)
3127 1967 3288 2032 stola,
3321 1966 3618 2022 nativitatis
3644 1967 3724 2023 in-

2123 2062 2324 2134 signia,
2355 2076 2461 2117 non
2492 2061 2780 2132 potestatis
2811 2079 2824 2114 :
2852 2058 3068 2131 generis
3093 2102 3109 2127 ,
3139 2074 3247 2114 non
3285 2059 3543 2116 honoris:
3575 2059 3728 2116 ordi-

2110 2151 2231 2224 nis,
2261 2170 2369 2212 non
2395 2155 2815 2226 superstitionis.
2847 2153 3115 2210 thterum
3143 2169 3378 2226 purpura
3412 2152 3498 2209 vel
3529 2163 3727 2210 ctetera

2130 2247 2361 2320 insignia
2390 2248 2706 2318 dignitatum
2747 2256 2801 2301 et
2840 2254 3184 2315 potestatum,
3218 2247 3432 2302 inserta:
3482 2246 3730 2317 dignitati

2128 2349 2185 2396 et
2208 2342 2562 2412 potestatibus
2606 2339 2925 2396 idololatria:
2972 2340 3040 2396 ab
3081 2339 3236 2394 initio
3277 2339 3451 2395 dicata
3480 2379 3496 2406 ,
3530 2338 3734 2395 habent

2130 2432 2520 2505 profanationis
2573 2448 2684 2488 suae
2741 2431 3049 2487 maculam:
3100 2447 3221 2487 cum
3273 2442 3533 2503 prmterea
3599 2431 3733 2503 ipsis

2130 2527 2294 2583 etiam
2325 2525 2484 2580 idolis
2510 2525 2802 2581 induantur
2849 2525 2928 2596 (7)
2975 2535 3258 2596 prmtexta:
3287 2568 3302 2591 ,
3350 2536 3406 2583 et
3449 2527 3649 2583 trabea:
3676 2536 3734 2584 et

2133 2618 2368 2674 laticlavi
2400 2617 2480 2690 (It)
2501 2660 2516 2684 ,
2542 2617 2716 2673 fasces
2743 2633 2960 2688 quoque
2986 2627 3042 2674 ct
3064 2622 3228 2690 virga:
3249 2620 3607 2690 praeferantur
3634 2661 3650 2684 ,
3679 2627 3737 2675 et

2132 2711 2351 2766 merito.
2376 2709 2508 2765 Nam
2540 2709 2802 2765 dmmonia
2835 2711 3178 2785 magistratus
3202 2721 3327 2766 sunt
3346 2713 3548 2776 saeculi,
3576 2711 3732 2782 hujus

2054 2821 2059 2828 ‘
2135 2804 2347 2875 collegii
2393 2803 2618 2875 insignia
2646 2803 2820 2860 fasces
2847 2816 2903 2861 et
2949 2820 3211 2876 purpuras
3243 2816 3455 2876 gesmnt
3483 2806 3566 2877 (i).
3592 2805 3726 2873 Quid

2137 2911 2266 2968 ergo
2297 2893 2566 2966 proﬁcies,
2592 2895 2637 2950 si
2664 2907 2914 2967 suggestu
2943 2898 3157 2968 quidem
3185 2899 3354 2953 utaris
3375 2939 3391 2963 ,
3420 2913 3578 2969 opera
3601 2913 3729 2954 vero

2140 2991 2257 3062 ejus
2278 3005 2386 3046 non
2406 2989 2751 3044 administrcs
2771 2991 2794 3041 Ἰ
2820 2988 2992 3045 Nemo
3010 2991 3060 3044 in
3089 2990 3378 3046 immundis
3406 2991 3475 3063 (j)
3509 2991 3733 3046 mttndus

431 3092 540 3148 quc
561 3085 683 3144 est,
731 3086 840 3132 tam
891 3073 960 3131 ad
1003 3090 1157 3130 usum
1188 3072 1590 3144 quotidianum,
1617 3088 1777 3144 quam
1820 3071 1888 3126 ad
1936 3071 2037 3127 ho-

2141 3082 2310 3138 videri
2341 3089 2538 3152 potest.
2581 3081 2841 3137 Tunicam
2874 3082 2918 3136 si
2949 3081 3139 3138 induas
3167 3083 3500 3154 inquinatam
3534 3100 3627 3155 per
3654 3099 3736 3152 se,
3801 3093 3816 3112 ⁸

358 3238 366 3245 ,
434 3187 622 3228 norem
664 3181 720 3228 et
755 3170 1091 3242 dignitatem.
1136 3166 1304 3238 Igitur
1342 3181 1574 3237 purpura
1615 3165 1704 3220 illa
1744 3174 1800 3222 et
1843 3181 2034 3221 aurum

435 3266 662 3322 cervicis
687 3272 1062 3320 ornamentum
1093 3261 1286 3317 eodem
1316 3275 1468 3316 more
1494 3258 1635 3330 apud
1661 3257 1946 3332 Egyptios
1982 3269 2040 3316 et

435 3357 764 3431 Babylonios
792 3355 1024 3428 insignia
1054 3363 1210 3410 erant
1232 3352 1512 3423 dignitatis
1532 3392 1548 3417 ,
1578 3366 1686 3423 quo
1713 3367 1866 3408 more
1894 3368 2040 3408 nunc

439 3460 716 3524 praetexta:
737 3451 813 3524 (ε)
837 3493 852 3516 ,
883 3449 968 3506 vel
997 3450 1162 3504 trabte
1185 3489 1201 3511 ,
1231 3447 1316 3502 vel
1363 3446 1608 3517 palmata:
1639 3445 1712 3518 (ι’)
1740 3487 1756 3513 ,
1802 3454 1857 3502 et
1879 3461 2040 3503 coro-

443 3561 528 3603 na:
555 3559 736 3602 aurea:
777 3541 1122 3602 sacerdotum
1169 3539 1246 3613 (g)
1292 3539 1738 3612 provincialium,
1789 3539 1884 3596 sed
1935 3556 2040 3596 non

2143 3175 2340 3247 poterit
2371 3175 2594 3231 forsitan
2627 3177 2714 3231 illa
2758 3192 2866 3242 non
2897 3177 3162 3248 inquinari
3194 3193 3292 3249 per
3322 3189 3395 3244 te,
3430 3179 3526 3234 sed
3561 3191 3616 3234 tu
3647 3196 3744 3251 per

2141 3267 2288 3324 illam
2319 3268 2550 3324 mundus
2580 3283 2701 3326 esse
2728 3285 2834 3325 non
2865 3271 3086 3343 poteris.
3127 3270 3244 3325 Iam
3271 3287 3413 3327 nunc
3435 3275 3525 3342 qui
3557 3273 3626 3328 de
3649 3273 3744 3329 Jo-

2143 3361 2279 3433 seph
2306 3360 2484 3432 (Gem,
2519 3361 2658 3433 XLI)
2680 3373 2735 3418 et
2755 3363 2939 3418 Daniel
2965 3363 3152 3436 (Dan.,
3181 3363 3293 3436 VII)
3321 3367 3742 3436 argumentaris,

2145 3457 2282 3512 scito
2306 3472 2412 3512 non
2459 3472 2676 3528 semper
2702 3458 3062 3528 comparanda
3090 3474 3212 3516 esse
3241 3469 3431 3516 vetera
3462 3471 3518 3517 et
3565 3477 3704 3518 nova
3730 3505 3746 3532 ,

2145 3548 2300 3603 rudia
2331 3557 2386 3604 et
2406 3550 2589 3620 polita,
2622 3559 2799 3621 empta
2820 3559 2875 3607 et
2893 3551 3142 3622 explicita
3167 3592 3182 3618 ,
3213 3543 3440 3609 servilia
3463 3561 3519 3611 et
3548 3553 3748 3613 libera-

1669 3652 2048 3716 LECTIONES
2093 3659 2513 3724 VARIANTES.

511 3779 586 3841 (l)
625 3778 806 3830 Oborta
828 3770 936 3842 Rig.
1131 3834 1149 3842 _
1210 3838 1218 3842 Α
1356 3838 1365 3842 _
1408 3835 1436 3842 __
1529 3833 1584 3842 ω

515 3834 591 3902 (2)
633 3843 689 3892 In
710 3834 1000 3902 ornamento
1023 3834 1330 3902 prmfecturtc
1353 3835 1502 3886 totius
1524 3834 1633 3901 Rig.

515 3900 585 3965 (ἦ)
631 3904 698 3953 Ut
719 3903 848 3952 abest
867 3900 974 3959 Πῦρ.

514 3957 588 4032 (4)
628 3965 884 4030 IEgyptum
905 3957 1057 4014 Fran.

2240 3781 2286 3850 ξ)
2316 3781 2602 3850 ξίιιειυῖίσ-

2316 3844 2530 3915 Puerilis
2633 3846 2844 3910 puerilis
2866 3847 2975 3915 Rig.

2215 3907 2291 3970 (7)
2326 3906 2473 3958 Idolis
2494 3906 2752 3960 induantur
2775 3906 3026 3975 praetexta:
3049 3909 3202 3966 Latin.
3227 3913 3347 3967 Jun.

1839 4042 2398 4124 COMMENTARIUS.

535 4190 688 4246 CAP.
714 4186 956 4245 XVll.—-
976 4186 1055 4258 (a)
1094 4186 1175 4258 An
1199 4200 1369 4258 servus
1397 4182 1508 4238 Dei.
1534 4181 1851 4258 Undeaputl
1882 4183 2063 4258 Philo-

468 4278 591 4318 nem
613 4262 777 4316 multa
804 4255 1106 4329 legere'e'st,
1144 4257 1195 4312 in
1229 4257 1371 4312 hunc
1400 4270 1613 4329 sensum
1657 4255 1750 4329 lib.
1784 4255 1951 4329 Quod
1983 4256 2064 4310 vir

470 4335 642 4389 bonus
668 4333 801 4386 liber
831 4326 918 4384 sit.
946 4330 1022 4383 Ibi
1054 4328 1277 4382 mirifice
1302 4328 1511 4381 extollit
1554 4327 1749 4385 senarii
1783 4326 1938 4380 istius
1964 4342 2064 4380 au—

467 4415 670 4460 ctorcm
694 4419 707 4455 2
735 4407 809 4463 τὶς
835 4406 930 4458 ἔστὶ
961 4406 1153 4460 ὂοῦὶςςζ
1184 4407 1266 4454 rei}
1296 4403 1448 4452 ϐινεῖν
1472 4406 1690 4468 ippon-te
1715 4404 1794 4451 ὥν.
1822 4395 1898 4452 LE
1930 4398 2026 4452 PR.
2064 4459 2066 4461 ἓ

555 4473 946 4544 (b)Potesttgem
971 4471 1444 4544 administraverant
1467 4473 1515 4523 in
1544 4479 1837 4524 ornamento
1863 4480 1914 4544 et
1941 4486 2068 4544 pur-

2167 4180 2482 4236 idololatria:
2517 4178 2702 4255 :Aquod
2746 4181 2833 4238 hic
2860 4183 3156 4255 attingitur,
3189 4186 3355 4255 liquet
3384 4203 3449 4243 ex
3478 4203 3628 4246 more
3658 4205 3750 4248 ro-

2167 4267 2349 4326 mano,
2378 4268 2482 4322 quo
2528 4251 2671 4308 illam
2720 4251 3500 4326 gestabant'triumphatores:
3559 4263 3748 4318 trium-

2167 4324 2306 4396 phus
2331 4335 2508 4396 autem
2541 4332 2683 4378 totus
2710 4327 3044 4396 mancipatus
3071 4327 3168 4382 fuit
3195 4324 3370 4384 idolis.
3404 4331 3533 4387 Lac.

2245 4396 2318 4466 (g)
2336 4394 2549 4468 Corona:
2573 4412 2742 4452 aurea:
2756 4394 3072 4452 sacerdotum
3096 4401 3500 4468 provincialium.
3517 4405 3655 4460 Satis
3676 4407 3758 4460 in-

2175 4467 2428 4524 decorum
2449 4467 2660 4522 videtur
2685 4484 2912 4524 coronas
2938 4467 3129 4525 aureas
3166 4470 3278 4526 dari
3307 4474 3676 4530 sacerdotibus
3701 4479 3756 4532 in

469 4539 600 4618 pura
618 4539 778 4618 totius
791 4542 1033 4618 _/Egypfi.
1056 4541 1144 4618 Sic
1167 4541 1674 4618 c_meutlavim_us_e:t
1707 4541 2060 4618 pracedenti-
2087 4543 2141 4602 D
2168 4539 2477 4618 prouinciis.2
2521 4541 2809 4618 nonetiam
2833 4540 3040 4618 Bonae.
3071 4542 3183 4618 Iloc
3209 4552 3386 4618 tamen
3416 4546 3760 4604 innuitlectio

476 4611 577 4673 bus
588 4611 888 4673 actionibus
897 4611 1078 4668 secum
1099 4612 1324 4666 invicem
1343 4611 1748 4678 collatis.ango
1765 4613 2060 4681 legebatur,

476 4689 545 4745 In
567 4695 860 4744 ornamento
885 4695 930 4739 et
961 4700 1188 4755 purpura
1217 4685 1423 4736 extitere
1447 4683 1596 4736 totius
1628 4682 1865 4754 ZEgypti.
1895 4685 2026 4738 Enn.
2056 4745 2059 4748 _

551 4764 628 4833 (c)
647 4759 825 4830 Neque
837 4757 1075 4833 damnet,
1096 4770 1256 4833 neque
1284 4755 1615 4833 prtt’dnmnet.
1634 4755 1860 4833 Damnat
1876 4755 2064 4833 judex,

479 4824 812 4903 pri-damnat
837 4828 1128 4903 legislator.
1153 4824 1392 4903 Utroque
1417 4825 1684 4879 abstineat
1704 4824 2064 4903 Christianus.

482 4896 583 4959 nec
601 4903 669 4958 de
696 4901 869 4971 capite
897 4896 1212 4968 cujusquam
1235 4906 1323 4950 aut
1346 4896 1516 4964 lcgcm
1533 4905 1624 4950 aut
1649 4898 1967 4951 sententiam
1991 4898 2069 4953 fc-

477 4985 580 5032 rat.
603 4974 723 5028 th.

560 5047 642 5116 (tl)
681 5043 951 5116 Neminem
975 5039 1224 5095 recludat.
1251 5037 1467 5094 Profani
1510 5047 1776 5104 auctores,
1806 5047 2068 5116 quotquot

481 5111 636 5177 sunt,
666 5117 768 5170 hoc
799 5114 960 5168 verbo
985 5121 1228 5178 utuntur,
1261 5126 1360 5180 pro
1385 5125 1568 5165 resera
1596 5119 1648 5164 et
1679 5111 1862 5180 aperio
1904 5129 1916 5164 :
1966 5113 2070 5166 Ec-

479 5187 765 5244 clesiastici
817 5199 947 5239 vero
983 5185 1281 5252 smpissime
1309 5197 1406 5252 pro
1435 5182 1704 5235 contrario
1731 5182 2029 5252 signiﬁcato
2048 5224 2063 5247 ,

481 5258 728 5314 videlicet
756 5272 854 5326 pro
883 5255 1122 5309 includo.
1164 5255 1237 5309 Ita
1270 5255 1370 5308 hoc
1395 5254 1530 5326 loco
1554 5252 1778 5326 Tertull.
1819 5262 1873 5307 et
1917 5253 2060 5307 Hier.

483 5332 642 5400 epist.
697 5324 772 5381 ad
818 5327 1142 5400 Paulinum:
1172 5335 1285 5400 post
1325 5324 1614 5378 solitudinis
1637 5324 1918 5379 libertatem
1941 5326 2067 5380 urbe

480 5395 626 5472 quasi
647 5407 987 5472 carceresunt
1011 5397 1218 5472 reclusi.
1252 5395 1383 5451 Lac.

552 5471 701 5528 CAP.
725 5468 986 5525 XVIll.—
1010 5467 1085 5538 (e)
1108 5467 1396 5521 Prtetcxtw.
1424 5466 1541 5522 Non
1571 5465 1790 5522 dubittm
1825 5467 1950 5538 quin
1981 5467 2075 5522 du-

480 5544 606 5612 plex
637 5542 796 5598 fuerit
823 5549 1075 5612 prtetexta
1099 5557 1112 5592 :
1140 5554 1450 5612 puerorum,
1480 5540 1546 5592 de
1585 5554 1694 5612 qua
1729 5539 1864 5593 infra
1895 5539 2071 5612 loqui-

477 5610 587 5680 tur,
609 5631 726 5682 qua:
747 5628 855 5668 non
877 5611 1107 5680 obligata
1129 5611 1295 5682 sacris
1325 5611 1466 5682 ullis;
1486 5619 1539 5682 et
1561 5611 1986 5682 magistratuum,
2002 5610 2071 5667 dc

475 5702 591 5758 qua
611 5680 716 5758 hic,
740 5695 793 5739 et
816 5683 929 5738 haec
951 5681 1183 5758 obnoxia
1211 5689 1326 5734 erat
1347 5680 1677 5758 idololatrian
1706 5681 1837 5738 Lac.

550 5757 616 5826 (f)
653 5756 918 5811 Palmatw.
951 5753 1240 5826 Palmalam
1275 5755 1799 5826 vestem,sivetoga,
1832 5754 1953 5810 sive
1981 5763 2068 5809 tu-

475 5823 607 5888 nica
621 5830 798 5897 fuerit,
823 5841 945 5884 nam
974 5825 1250 5895 utriusque
1275 5839 1403 5880 usus
1432 5823 1564 5894 fuit,
1592 5825 1880 5898 obligatam
1904 5828 2068 5885 fuisse

2171 4609 2402 4689 vulgata,
2437 4609 2774 4664 Sacerdotum
2802 4613 3209 4689 prouincialium.
3235 4613 3371 4689 Quid
3409 4617 3453 4671 si
3486 4617 3762 4689 disjunga-

2173 4683 2326 4738 mus?
2348 4692 2404 4736 ut
2432 4697 2607 4736 aureae
2635 4698 2848 4737 corona:
2872 4682 3068 4738 fuerint
3097 4687 3458 4749 sacerdotum,
3483 4682 3694 4745 fuerint
3706 4701 3763 4747 et

2171 4753 2608 4879 provincialium;
2641 4769 2834 4824 nempe
2859 4753 3293 4824 Magistratuum;
3334 4759 3402 4820 de
3429 4762 3624 4829 quibus
3649 4763 3763 4833 ipse

2198 4825 2250 4879 ib
2279 4825 2347 4879 de
2388 4823 2632 4879 Corona.
2661 4840 2782 4879 can.
2820 4825 2888 4879 15
2915 4843 2927 4878 :
2960 4826 3090 4879 Sunt
3119 4837 3168 4879 et
3201 4831 3533 4879 m-ovinciales
3561 4849 3755 4879 mtrem-

2198 4825 2250 4879 ib
2279 4825 2347 4900 de
2388 4823 2599 4900 Corona
2617 4866 2632 4891 ,
2661 4823 2782 4894 cap.
2801 4825 2888 4900 ,15
2915 4843 2927 4878 :
2953 4823 3090 4880 Sunt
3119 4837 3168 4881 et
3201 4823 3533 4894 provinciales
3561 4823 3759 4900 aurem,

2171 4897 2451 4968 imaginum
2465 4896 2600 4966 jam,
2635 4913 2738 4951 non
2764 4897 2984 4951 virorum
3021 4900 3190 4968 capita
3219 4903 3417 4971 majora
3459 4896 3759 4968 quazrentes.

3569 4974 3688 5032 Rto.

2172 5039 2178 5046 '
2244 5038 2324 5110 (h)
2343 5038 2408 5092 Et
2433 5039 2677 5094 laticlavi.
2697 5038 2886 5094 Latum
2909 5039 3116 5095 clavum
3145 5043 3231 5097 hic
3274 5043 3591 5101 idololatria:
3620 5049 3765 5103 attri-

2170 5111 2306 5174 buit,
2355 5120 2410 5165 et
2451 5110 2666 5179 quidem
2697 5111 2917 5180 optime;
2949 5127 3091 5178 nam,
3117 5125 3174 5168 ut
3199 5126 3476 5170 auctorum
3521 5121 3763 5174 omnium

2171 5182 2491 5257 testimoniis
2519 5189 2758 5257 constat,
2779 5193 3093 5257 senatores
3128 5201 3234 5240 non
3273 5189 3434 5242 modo
3475 5189 3564 5257 jus
3595 5190 3763 5248 babe-

2170 5252 2320 5317 bant,
2348 5251 2573 5306 laticlavi
2603 5252 2697 5307 sed
2719 5253 2882 5307 etiam
2909 5255 3219 5311 sacerdotes
3238 5267 3293 5312 et
3319 5251 3766 5318 sacrificuli.Ves-

2170 5325 2240 5379 tis
2267 5334 2443 5405 autem
2469 5324 2554 5405 ills}
2583 5323 2691 5379 κατ’
2718 5333 2973 5405 Enitar»
2997 5325 3192 5405 dicitur
3214 5329 3382 5405 _latt_ts
3432 5331 3640 5402 clavus,
3667 5349 3764 5405 pro

2175 5406 2326 5451 veste
2352 5395 2435 5450 cui
2462 5393 2655 5448 afﬁxus
2681 5405 2795 5449 erat
2819 5397 2956 5451 latus
2984 5397 3183 5455 clavus.
3213 5399 3292 5455 LE
3322 5401 3418 5456 Ρη.

2249 5466 2316 5543 (i)
2336 5466 2508 5543 Hujus
2525 5464 2728 5543 collegii
2751 5467 2972 5543 insignia
2993 5471 3155 5540 fasces
3176 5469 3222 5525 et
3241 5490 3523 5543 purpuras.
3547 5476 3767 5533 Poterat

2179 5535 2308 5593 ferri
2327 5535 2545 5616 vulgata
2577 5535 2735 5616 lectio
2753 5579 2769 5604 ,
2805 5535 2969 5616 Unius
2993 5535 3212 5616 collegii.
3238 5535 3576 5616 Magistratus
3602 5549 3763 5616 hujus

2175 5609 2371 5686 szeeuli
2383 5609 2616 5686 collegas
2632 5607 2838 5686 habent
2855 5607 3157 5686 Dznmonia',
3178 5629 3296 5686 qua:
3316 5607 3397 5672 ob
3411 5635 3527 5674 eam
3548 5607 3767 5676 causam

2178 5680 2407 5751 insignia
2452 5679 2665 5751 collegii
2716 5690 2962 5752 gestant,
3010 5679 3274 5743 fascés'et
3321 5703 3608 5761 purpuras,
3655 5700 3764 5748 etc.

3533 5762 3656 5820 Rts.

2250 5823 2314 5898 (j)
2343 5823 2408 5882 In
2445 5826 2739 5886 immundis.
2768 5825 2986 5889 Scilicet
3016 5829 3288 5904 vestibus,
3320 5834 3769 5904 quemadmodum
