2075 3176
210 185 263 214 689

807 182 909 211 LIBER
934 181 981 209 DE
998 181 1240 209 lDOLOLATRIA.

1800 182 1853 210 690

208 245 254 273 lia.
280 245 347 274 Nam
371 245 409 274 illi
434 247 515 274 etiam
528 246 598 273 servi
613 244 767 273 conditione
779 247 857 271 erant
871 252 878 271 :
895 248 924 270 tu
938 250 1004 270 vero
1016 243 1043 273 Α
1057 247 1082 270 te
1095 241 1318 270 commonefaciat
1338 248 1433 271 omnes
1447 243 1526 279 hujus
1539 245 1630 273 saeculi
1645 248 1803 280 potestates.
1824 248 1853 272 et

209 292 308 320 nullius
323 299 433 324 servus,
461 293 487 320 in
512 296 641 327 quantum
667 290 752 318 solius
773 289 890 322 Christi,
918 289 962 324 qui
978 293 1004 316 te

207 340 289 367 etiam
303 340 455 375 captivitate
467 339 557 367 surculi
573 338 707 371 liberavit,
721 337 760 374 (l)
774 345 806 365 ex
820 337 904 364 forma
918 335 1005 363 domi-

208 386 269 414 nica
282 385 321 421 (a)
332 393 412 421 agere
425 385 546 413 debebis.
560 385 609 412 Ille
623 384 754 412 Dominus
769 384 795 411 in
815 382 966 410 humilitate
978 385 1006 409 et

208 433 374 468 ignobilitate
387 432 499 460 incessit
512 431 648 459 domicilio
661 430 699 467 (2)
714 431 832 457 incertus
843 429 934 464 (Lua,
945 428 1003 462 IX):

209 479 280 507 Nam
293 478 389 510 Filius,
406 479 502 513 inquit,
521 478 629 505 hominis
642 486 693 505 non
705 477 778 504 habet
793 476 835 504 ubi
848 481 923 511 caput
932 483 1005 503 suum

209 527 324 559 collucet;
338 526 436 554 vestitu
447 525 574 558 incultus,
589 532 676 560 neque
689 524 760 552 enim
774 523 886 551 dixisset
897 522 1005 559 (Matth.

209 572 256 606 XI,
271 573 287 600 8
299 572 308 608 )
324 581 330 598 :
345 571 412 599 Ecce
424 573 467 607 qui
478 572 571 599 teneris
584 572 739 603 vestiuntur,
753 570 779 597 in
792 569 907 596 domibus
920 577 1007 604 regum

207 625 278 652 sunt;
300 621 372 647 vultu
395 620 510 655 denique
537 623 561 646 et
588 622 691 653 aspectu
717 617 861 652 inglorius,
884 616 954 644 sicut
981 619 1009 643 et

208 668 301 695 Esaias
311 666 362 703 (Is.
374 665 477 701 Llll,2)
489 665 719 701 pronuntiaverat.
730 664 758 691 Si
774 667 932 699 potestatem
942 669 1008 697 quo-

208 722 260 749 que
273 713 372 741 nullam
384 720 419 740 ne
430 712 455 739 in
466 719 530 739 suos
538 710 646 746 quidem
657 709 888 745 exercuit,quibus
897 708 1007 736 sordido

208 759 360 788 ministerio
376 759 483 786 functus
498 756 639 794 cst(Joan.
656 756 726 793 XIII)
741 765 748 783 :
765 756 787 783 si
801 763 892 791 regem
908 763 937 783 se
961 755 1007 782 de-

208 806 290 841 nique
308 805 365 832 ﬁeri
377 803 425 840 (ὁ).
436 804 560 831 conscius
573 803 614 830 sui
629 803 702 837 regni
715 823 723 834 ,
736 802 833 837 refugit
847 801 936 837 (Jonn.
952 801 1009 835 Vl),

209 852 366 888 plenissime
379 851 453 878 dedit
463 850 579 878 formam
594 849 651 877 suis
660 848 801 883 dirigendo
814 848 855 883 (5)
870 847 943 875 omni
956 847 1010 875 fas-

210 899 273 933 tigio
287 898 323 934 (c)
340 903 368 926 et
379 901 506 933 suggestu
520 900 573 923 tam
588 895 629 931 (4)
642 894 779 930 dignitatis
794 901 873 929 quam
890 898 1008 928 potestas

211 946 254 973 tis.
269 945 334 979 Quis
344 945 415 973 enim
431 944 516 978 magis
531 943 573 970 bis
588 950 652 970 usus
665 941 755 969 fuisset
766 949 847 976 quam
855 940 902 968 Dei
911 940 1007 967 Filius?

210 992 304 1028 quales
319 996 346 1020 et
358 991 451 1027 quanti
465 991 504 1026 (5)
519 997 581 1017 eum
597 989 684 1017 fasces
698 988 896 1024 producerent!
922 987 1008 1022 qualis

211 1044 327 1074 purpura
343 1037 377 1065 de
392 1036 512 1063 humeris
534 1035 592 1070 ejus
615 1034 743 1062 ﬂoreret!
760 1034 840 1069 quale
865 1040 959 1060 aurum
974 1033 1009 1060 de

212 1085 298 1120 capite
308 1083 426 1111 radiaret
438 1103 445 1112 .
460 1082 511 1109 nisi
523 1081 633 1116 gloriam
645 1080 737 1108 szeculi
752 1079 866 1107 alienam
880 1083 907 1106 et
920 1078 969 1106 sibi
983 1083 1011 1106 et

212 1131 268 1158 suis
282 1128 446 1165 iudicasset!
469 1128 561 1164 Igitur,
576 1134 635 1162 qua:
649 1126 744 1159 noluit,
760 1125 872 1161 rejecit;
887 1132 947 1160 qua:
968 1124 1010 1160 (6)

213 1177 318 1212 reiecit,
333 1174 488 1206 damnavit;
505 1181 565 1209 qua:
576 1173 723 1205 damnavit,
747 1172 773 1199 in
791 1179 887 1207 pompa
911 1170 1010 1198 diaboli

214 1223 362 1260 deputavit.
377 1222 435 1249 Non
448 1221 519 1248 enim
537 1220 707 1252 damnasset,
724 1218 773 1246 nisi
789 1226 841 1245 non
863 1225 928 1245 sua:
943 1217 1011 1245 aite-

216 1272 272 1298 rius
286 1274 375 1296 autem
389 1276 450 1296 esse
463 1274 516 1294 non
533 1270 661 1301 possent,
679 1265 729 1293 nisi
751 1264 851 1292 diaboli
864 1285 870 1297 ,
890 1272 951 1299 qua:
964 1264 1012 1291 Dei

216 1324 270 1344 non
282 1319 353 1342 sunt.
366 1314 406 1342 Tu
421 1314 443 1341 si
457 1313 555 1340 diaboli
566 1319 691 1347 pompam
705 1311 812 1346 ejerasti
825 1310 876 1346 (ά),
887 1310 1014 1346 quicquid

219 1371 251 1391 ex
266 1369 296 1390 ea
311 1361 449 1397 attigeris,
465 1359 492 1388 id
513 1359 584 1387 scias
606 1366 667 1387 esse
689 1358 884 1391 idololatriam;
906 1358 948 1386 vel
963 1358 1015 1386 hoc

1056 288 1210 324 dignitates,
1226 296 1280 316 non
1295 288 1381 317 solum
1394 290 1494 318 alienas
1505 312 1512 325 ,
1526 299 1618 320 verum
1632 296 1660 320 et
1671 291 1794 320 inimicas
1803 291 1852 318 Dei

1056 343 1134 369 esse,
1157 335 1228 371 quod
1252 343 1301 372 per
1315 336 1373 364 illas
1388 336 1516 366 adversus
1538 338 1588 366 Dei
1606 346 1700 367 servos
1721 338 1853 374 supplicia

1056 382 1177 410 consulta
1191 386 1251 409 sunt
1266 382 1319 417 (ε),
1341 390 1390 417 per
1405 383 1463 411 illas
1484 389 1512 412 et
1528 393 1615 420 paenae
1639 385 1674 420 (Γ)
1696 384 1730 412 ad
1757 384 1855 419 impios

1057 433 1158 464 parata:
1179 428 1331 463 irrogantur
1345 428 1396 464 (7).
1413 429 1467 457 Sed
1479 434 1507 458 et
1528 431 1653 459 nativitas
1666 434 1694 458 et
1705 430 1855 458 substantia

1058 480 1102 503 tua
1116 475 1237 502 molestae
1249 474 1296 502 tibi
1311 480 1374 502 sunt
1393 475 1523 505 adversus
1538 477 1726 505 idololatriam.
1742 476 1784 506 Ad
1797 476 1856 505 evi.

1058 521 1168 549 tandum
1182 521 1299 548 remedia
1313 520 1408 549 deesse
1419 530 1471 550 nou
1487 529 1616 558 possunt;
1630 531 1691 551 cum
1704 522 1754 551 etsi
1766 522 1857 552 delue-

1059 569 1131 601 rint,
1147 568 1265 604 supersit
1278 569 1384 596 unicum
1394 569 1459 598 illud
1469 578 1523 605 quo
1539 570 1579 607 (8)
1591 571 1694 601 felicior
1702 570 1788 612 factus
1802 578 1857 600 non

1060 615 1088 644 in
1101 615 1180 644 terris
1191 615 1380 650 magistratus,
1397 616 1444 644 sed
1459 617 1485 645 in
1500 618 1588 646 caelis.

1363 683 1478 713 CAPUT
1503 684 1575 712 XIX.

1098 755 1193 783 Posset
1203 755 1232 782 in
1243 754 1295 782 islo
1307 743 1424 789 capitulo
1435 754 1516 782 etiam
1527 754 1561 783 de
1569 755 1663 783 militia
1676 755 1815 784 deﬁnitum
1824 758 1863 785 vi-

1061 802 1130 834 deri,
1142 810 1202 838 quae
1216 802 1286 830 inter
1295 801 1452 837 dignitatem
1465 806 1493 829 et
1505 806 1664 836 potestatem
1681 807 1732 830 est.
1746 804 1780 830 At
1791 811 1863 831 nunc

1061 849 1096 876 de
1113 848 1165 876 isto
1180 848 1323 883 qumritur,
1336 856 1371 876 an
1384 847 1470 876 ﬁdelis
1484 848 1518 876 ad
1529 849 1652 877 militiam
1666 850 1788 878 converti
1802 858 1863 885 pos-

1062 896 1107 929 sit,
1119 901 1146 923 et
1154 904 1188 923 an
1198 895 1293 923 militia
1305 895 1338 923 ad
1352 895 1431 923 ﬁdem
1442 895 1545 923 admitti
1554 896 1634 924 etiam
1643 897 1766 932 caligata,
1775 897 1817 925 vel
1826 897 1863 925 in-

1059 943 1142 971 ferior
1151 950 1264 979 quaeque
1272 942 1323 977 (9),
1334 942 1376 969 cui
1386 950 1438 970 non
1450 943 1485 969 sit
1494 943 1641 970 necessitas
1651 938 1863 971 immolationuru

1060 989 1103 1017 vel
1118 989 1271 1024 capitalium
1285 988 1455 1023 iudiciorum.
1472 988 1530 1016 Non
1554 990 1680 1017 convenit
1694 997 1863 1018 sacramento

1062 1035 1154 1063 divino
1170 1040 1196 1063 et
1213 1035 1426 1070 humano,signo
1438 1034 1540 1063 Christi
1553 1040 1580 1063 et
1593 1028 1864 1071 signo'diaboli,cas-

1064 1082 1112 1110 tris
1124 1082 1192 1109 lucis
1205 1086 1235 1109 et
1250 1082 1346 1109 castris
1362 1081 1532 1109 tenebrarum
1547 1090 1555 1108 τ
1574 1089 1627 1109 non
1641 1087 1731 1117 potest
1742 1090 1795 1110 una
1808 1084 1867 1111 ani-

1064 1136 1107 1156 ma
1119 1128 1223 1156 duobus
1232 1127 1334 1159 deberi,
1348 1127 1402 1155 Deo
1417 1132 1445 1155 et
1455 1127 1864 1164 Ctesari(Matth.,XXIl;Exod.,

1062 1174 1113 1208 Ill;
1130 1174 1228 1207 Exod.,
1240 1173 1363 1206 XXVIII;
1377 1173 1484 1207 Matt/L,
1509 1174 1557 1207 Ill;
1573 1174 1670 1207 Εωάη
1683 1175 1771 1208 XVII;
1786 1175 1865 1209 Luc..

1062 1221 1118 1254 III;
1145 1221 1252 1255 Matt/1.,
1265 1221 1329 1254 VIII;
1346 1220 1439 1248 Matth.
1450 1220 1559 1256 XXVI).
1575 1220 1609 1248 Et
1622 1221 1725 1257 virgam
1748 1223 1866 1257 portavit

1064 1267 1169 1304 Moyses
1179 1288 1186 1300 ,
1202 1267 1311 1295 fibulam
1327 1266 1366 1303 (g)
1379 1271 1407 1295 ct
1418 1267 1526 1299 Aaron;
1541 1267 1656 1301 cingitur
1671 1268 1730 1296 loro
1748 1274 1775 1296 et
1784 1268 1867 1296 Joan-

1065 1322 1128 1348 nes;
1141 1322 1236 1351 agmen
1247 1315 1301 1350 agit
1316 1319 1342 1342 et
1352 1314 1430 1342 Jesus
1444 1313 1534 1347 Nave;
1546 1314 1653 1342 bellavit
1665 1319 1692 1342 et
1704 1315 1828 1350 populus,
1843 1316 1865 1343 si

1066 1363 1155 1398 placet
1171 1362 1274 1390 ludere.
1290 1361 1432 1396 Quomodo
1452 1365 1543 1389 autem
1558 1360 1666 1389 bellabit
1676 1360 1727 1397 (Ιι),
1740 1360 1794 1390 imo
1808 1361 1866 1398 (10)

838 1417 1029 1449 LECTIONES
1047 1419 1256 1449 VARIANTES.

249 1481 285 1512 (1)
301 1480 425 1514 Ειιῖνςςης
440 1508 463 1514 -.

250 1510 286 1544 (2)
301 1511 429 1544 Βοωὶείιὶἱν
436 1510 532 1544 Ciacon.

251 1542 287 1574 (5)
304 1542 447 1574 Derigendo
457 1542 518 1566 Jun.

250 1574 287 1605 (4)
305 1575 381 1604 Quam
395 1574 450 1605 Βία.

250 1603 287 1638 (5)
303 1603 467 1632 Scribendum
485 1604 584 1636 fortasse
597 1608 607 1629 :
618 1603 705 1637 quales
719 1606 776 1629 ante
796 1610 853 1630 cum
864 1605 937 1636 Leap.

1099 1480 1135 1509 (ti)
1153 1480 1229 1509 Quam
1242 1492 1271 1497 —-
1283 1486 1353 1510 quam
1366 1493 1395 1497 -—-
1406 1485 1477 1511 quam
1489 1477 1577 1511 Rigalt.

1097 1511 1134 1567 (7)
1153 1512 1299 1541 lgnornntur
1314 1511 1417 1541 lv‘mncq.

1108 1544 1133 1567 8i
1155 1543 1222 1567 Quod
1238 1542 1326 1567 IiItItlll.

1108 1544 1133 1570 8)
1155 1543 1222 1572 Quod
1238 1542 1326 1572 Rigalt.

1028 1585 1052 1617 ρ
1100 1575 1252 1617 (ξρῃρξιυιμὲο
1269 1575 1360 1617 ξιόιιιυ.
1376 1574 1429 1598 MS.

1100 1606 1152 1637 (lti)
1168 1605 1238 1630 iam?
1262 1607 1321 1630 Jun.

901 1656 1181 1688 COMMENTARIUS.

222 1720 329 1750 Ovidius
346 1729 353 1748 :

314 1786 372 1812 Sive
383 1786 432 1811 erit
440 1786 465 1810 in
472 1784 537 1816 Cois,
546 1784 595 1810 Coa
601 1783 694 1809 decere
703 1784 769 1815 puta.
783 1782 863 1808 Idem.

259 1861 297 1898 (a)
311 1862 350 1890 Ea:
364 1864 446 1897 forma
464 1859 692 1898 dominicaNelim
707 1863 784 1886 notes
792 1858 940 1898 ha_c_forma
956 1864 1019 1885 usos

222 1893 368 1932 scriptores
374 1897 570 1925 ecclesiasticos
587 1903 648 1932 cum
658 1894 831 1932 respectu‘ad
845 1893 951 1932 Filium.
965 1901 1017 1932 _non

222 1936 254 1963 ad
270 1929 386 1963 Patrem.
406 1933 497 1967 Itaque
512 1939 572 1958 cum
586 1931 679 1958 dicunt
694 1930 859 1967 domituram,
874 1929 1021 1967 respiciunt

223 1972 364 1999 Dominum
379 1964 494 1996 Filium:
510 1968 544 1995 ita
560 1967 656 1999 Grteci,
672 1966 707 1993 ita
721 1972 747 1993 et
761 1965 858 1992 Latini.
875 1964 940 1992 Lac.

259 2018 299 2053 (h)
312 2017 342 2044 Si
357 2024 442 2051 regem
461 2015 568 2053 denique
580 2014 636 2049 ﬁeri
647 2013 762 2053 conscius
776 2012 899 2053 διιέντεῃηί
913 2012 1017 2052 refugit.

224 2048 353 2081 Dominus
370 2048 461 2079 noster
473 2051 557 2077 noluit
571 2058 618 2077 rex
647 2049 784 2076 hominum
807 2048 862 2074 ﬁeri
873 2068 880 2079 ,
895 2048 1018 2074 conscius

222 2097 333 2123 regnum
349 2095 426 2114 suum
441 2094 493 2113 non
507 2094 569 2123 esse
579 2093 690 2123 regnytn
706 2083 796 2112 mundi
811 2083 901 2117 hujus.
916 2082 1017 2123 Eodem

224 2119 304 2152 sensu
318 2125 343 2150 in
360 2123 533 2157 Apologetico
545 2119 628 2151 dixit}
640 2120 760 2148 Caesares
775 2126 844 2157 esse;
851 2119 1018 2157 necessarios

222 2153 430 2189 szecnlo.ver'um
438 2153 605 2185 Christianos
611 2164 663 2184 non
674 2163 752 2190 posse
759 2162 819 2183 esse
825 2153 1018 2182 Ctesaresﬁtc.

259 2206 296 2239 (ς)
307 2204 445 2239 Dirigendo
456 2203 525 2229 omni
540 2203 651 2237 fastigio.
660 2202 704 2239 Sic
717 2206 795 2239 vetus
810 2200 957 2239 exemplar,
970 2208 1019 2227 ne-

224 2249 276 2276 que
288 2235 331 2267 est
345 2235 499 2276 uiolandum
520 2235 672 2276 quicquam.
687 2237 824 2276 Der-igere,
844 2244 892 2263 seu
903 2235 1019 2276 dirigere

224 2272 275 2304 hoc
288 2276 349 2302 loco
358 2280 398 2303 est
415 2274 481 2301 solvi
493 2280 522 2299 ac
536 2272 684 2300 subsidere.
701 2272 804 2299 Glossze
817 2276 932 2303 veteres,
952 2274 1017 2298 ἀπο-

226 2321 359 2346 πτξσσομαι,
375 2310 505 2346 Derigeor,
526 2311 670 2346 ἀπετςηγνύω
681 2328 688 2339 ,
704 2307 822 2346 Diriguo.
849 2306 1014 2346 Legendum,

225 2342 356 2383 Derig'eo,
368 2346 410 2373 vel
430 2342 545 2379 Dirigeo.
563 2343 641 2383 Riget
658 2347 756 2383 statua,
772 2343 840 2383 riget
865 2342 1017 2383 fastigium,

224 2377 300 2419 riget"
313 2382 400 2418 quivis
414 2377 564 2419 suggestus,
578 2377 615 2419 et_
625 2378 724 2419 habent
737 2378 763 2404 in
774 2378 866 2419 rigore
884 2377 957 2404 velut
971 2384 1018 2404 su-

225 2413 365 2455 perbiam;
393 2413 542 2455 nec—lacile
568 2414 681 2455 cedunt;
706 2413 760 2440 imo
790 2413 933 2455 resistunt,
956 2420 1018 2440 nam

225 2448 288 2482 sunt
302 2456 327 2482 in
350 2448 476 2481 duritiem
499 2451 605 2485 stipata.
622 2450 658 2477 Ea
673 2456 738 2477 vero
750 2448 975 2485 cum_solvuntur,
991 2453 1020 2475 ut

226 2491 289 2526 igne
302 2490 422 2521 metalla,
440 2492 466 2516 et
471 2483 541 2526 _sole'
550 2486 660 2521 glacies,
673 2485 796 2521 derigere
808 2483 944 2517 dicuntur,
958 2484 1020 2519 quia

224 2523 279 2562 jam
294 2535 347 2554 non
362 2527 458 2561 rigent.
471 2523 531 2551 th.

265 2571 303 2607 (ὁ)
313 2572 352 2599 Tu
366 2574 387 2599 si
400 2570 503 2598 οἱαῢοιὶ
519 2577 637 2604 pompam
647 2567 828 2607 eieraatizVi-de
839 2566 884 2594 lib.
893 2566 934 2607 _de
947 2567 1020 2607 βίη)-

228 2602 318 2640 tismo,
333 2608 366 2635 de
386 2602 688 2640 renuntiatione‘pompw
709 2603 815 2636 diaboli,
828 2608 856 2630 et
877 2602 972 2631 alicubi
986 2604 1021 2632 de

227 2644 371 2675 eieratione.
388 2644 456 2671 Plut.
491 2648 494 2652 '
592 2670 594 2673 ,
616 2646 618 2649 ’
671 2674 675 2675 γ
702 2674 706 2675 ν
820 2645 823 2649 ’

265 2680 302 2713 (e)
315 2680 388 2712 Quod
399 2687 442 2713 per
456 2678 515 2705 illas
528 2677 648 2704 adversus
660 2674 708 2702 Dei
721 2683 804 2713 seruos
817 2674 1020 2713 aupplicia_con-

227 2711 297 2743 nulla
309 2711 378 2743 sunt.
399 2711 445 2743 Sic
458 2714 614 2744 Rhenanus,
630 2717 656 2738 et
671 2716 731 2746 post
742 2711 911 2743 Rhenanum,
921 2711 1017 2738 editio-

228 2759 277 2779 nes
290 2751 349 2778 alia:
362 2758 455 2778 omnes
464 2753 626 2777 constanter.
640 2748 675 2775 At
687 2748 713 2774 in
726 2747 819 2774 codice
830 2746 963 2782 Agobardi
980 2748 1018 2775 le-

227 2788 298 2823 gitur
310 2786 436 2823 Cottvulsa
455 2789 522 2813 sunt.
539 2784 597 2812 Κιο-

266 2823 296 2858 (I)
317 2822 369 2849 Per
387 2822 446 2849 illas
458 2828 481 2848 et
495 2827 575 2858 ηῳηᾳε
589 2820 621 2858 ad
640 2819 731 2852 impios
757 2822 852 2858 paratw
866 2818 1020 2858 irrogantur.

229 2854 359 2887 ble‘ndose
371 2854 649 2892 prorsus.‘Verissima
658 2858 747 2892 autem
761 2859 803 2892 es_t
814 2854 892 2892 lectio
905 2855 1020 2890 vulgata,

230 2902 310 2930 quam
327 2889 416 2921 tuetur
427 2892 507 2930 etiam
521 2891 603 2918 codex
615 2889 748 2930 Agobarﬂi
760 2898 766 2915 :
781 2889 833 2930 P_e_r
844 2889 902 2930 illas
908 2889 1024 2930 etpaemz

231 2924 265 2957 rid
278 2930 370 2964 impios
382 2932 479 2964 parata
487 2927 647 2964 ignorantur.
664 2925 707 2952 Ait
720 2924 831 2964 Tertull.
845 2925 896 2953 Per
907 2924 1024 2964 iniquam

232 2959 399 2995 saecularium
413 2959 571 3000 potestatem
584 2961 711 2991 adversus
720 2959 1024 2998 Christianossazvitiam

1074 1716 1144 1750 ﬁeri,
1157 1724 1211 1750 quo
1230 1717 1319 1745 minus
1340 1716 1434 1751 religio
1452 1715 1598 1744 christiana
1618 1715 1759 1750 proﬁciat;
1775 1723 1805 1743 ac
1819 1722 1868 1750 per

1073 1752 1125 1780 hoc
1135 1774 1143 1784 .
1160 1753 1276 1788 ignorari
1290 1760 1350 1788 quae.
1360 1753 1415 1779 sint
1428 1760 1442 1779 a
1458 1752 1512 1779 Deo
1528 1759 1615 1788 paena:
1629 1752 1758 1778 adversus
1771 1751 1867 1788 impios

1072 1787 1183 1822 paratae}
1202 1789 1294 1823 Itaque
1307 1796 1401 1815 omnes
1416 1788 1496 1822 hujus
1508 1787 1599 1814 saeculi
1619 1791 1764 1821 potestates
1777 1792 1803 1814 et
1827 1787 1868 1813 di-

1072 1825 1189 1858 gnitates
1203 1832 1256 1851 non
1272 1824 1359 1852 solum
1374 1824 1475 1851 alienas
1489 1843 1496 1853 .
1511 1830 1604 1849 verum
1625 1827 1653 1858 et
1678 1822 1799 1850 inimicas
1820 1823 1866 1849 Dei

1071 1857 1142 1890 e55e.
1157 1860 1278 1894 adeoque
1290 1859 1450 1888 Christianis
1470 1858 1517 1885 Dei
1527 1857 1672 1886 cultoribus
1687 1858 1797 1886 minime
1809 1866 1868 1886 am-

1072 1894 1183 1924 biendas
1195 1900 1238 1922 aut
1248 1895 1442 1929 suscipiendas.
1454 1894 1513 1922 th.

1106 1931 1305 1959 CAP.XIX.-—
1315 1930 1354 1966 (α)
1368 1930 1489 1957 Fibulam
1499 1934 1521 1956 et
1535 1930 1630 1956 Aaron.
1645 1929 1764 1966 Uncinos
1779 1933 1807 1966 et
1818 1936 1868 1956 au-

1071 1974 1133 1994 reos
1153 1967 1287 2001 intelligit,
1302 1966 1398 2001 quibus
1406 1966 1597 1998 colligahantur
1607 1965 1826 1999 superhnmerale
1841 1971 1868 1993 et

1069 2002 1208 2035 rationale,
1222 2001 1458 2037 quemadmodum,
1475 2001 1525 2028 lori
1538 2001 1655 2034 nomine,
1673 2001 1783 2029 Joannis
1796 2001 1867 2036 Bap-

1069 2038 1139 2065 tista).
1153 2045 1247 2065 zonam
1260 2038 1408 2072 pelliceam.
1423 2037 1490 2064 pA!-

1107 2072 1147 2110 (b)
1169 2074 1303 2106 Quomodo
1315 2078 1398 2110 autem
1410 2073 1514 2110 (bellabit
1525 2081 1534 2099 :
1548 2073 1599 2110 imo
1610 2073 1736 2110 quomodo
1750 2073 1825 2110 etiam
1836 2073 1867 2110 in
1914 2089 1923 2097 ρ

1073 2108 1276 2144 ραεεήιίιίιαὸὶι,
1289 2109 1343 2136 sine
1353 2109 1450 2144 gladio,
1466 2116 1539 2142 quem
1554 2108 1678 2135 Dominus
1688 2108 1812 2135 abstulit?
1836 2108 1864 2135 In

1071 2143 1138 2186 pace
1149 2146 1264 2186 militare
1277 2143 1469 2186 dicunturxqui
1490 2144 1578 2186 etiam
1591 2148 1665 2171 extra
1681 2144 1743 2185 belli
1760 2149 1866 2185 tempus

1071 2179 1098 2208 in
1119 2181 1279 2208 stationibus
1300 2184 1327 2208 et
1340 2179 1471 2214 prtesidiis
1481 2179 1581 2213 degunt
1593 2180 1706 2212 armati,
1721 2185 1764 2206 aut
1778 2180 1804 2206 in
1819 2187 1865 2206 ar-

1071 2217 1122 2244 mis
1130 2221 1260 2251 apparent
1271 2215 1384 2251 principi
1394 2215 1551 2249 cazterisque
1564 2216 1739 2251 potestatibus
1747 2215 1780 2242 ad
1792 2215 1867 2251 jussu

1070 2250 1238 2287 exequenda.
1260 2250 1297 2279 Ea
1311 2259 1375 2279 vero
1394 2251 1544 2285 priscorum
1558 2250 1770 2287 Christianorum
1783 2250 1865 2287 disci-

1070 2285 1144 2322 plina
1157 2287 1216 2320 fuit,
1232 2292 1261 2314 ut
1280 2295 1348 2321 quos
1368 2286 1434 2314 ﬁdes
1453 2287 1479 2313 in
1500 2287 1594 2321 quavis
1607 2286 1700 2314 militia
1716 2285 1868 2322 deprehen-

1030 2331 1057 2361 D
1069 2321 1166 2356 derat,
1181 2323 1199 2349 ii
1219 2323 1365 2361 secundum
1384 2322 1495 2361 Ioannis
1508 2322 1692 2361 praescriptum
1716 2321 1742 2348 in
1771 2321 1866 2361 militia

1070 2365 1118 2385 sua
1132 2363 1329 2393 permanerent.
1344 2358 1397 2386 Sed
1413 2357 1457 2385 vix
1483 2362 1560 2390 erat,
1588 2362 1618 2385 ut
1635 2358 1689 2393 qui
1700 2361 1762 2384 ante
1778 2356 1866 2393 ﬁdem

1070 2392 1313 2423 non’militarent‘.
1328 2398 1389 2429 post
1414 2393 1492 2429 ﬁdem
1514 2393 1621 2420 nomina
1646 2392 1750 2420 militia;
1769 2392 1867 2420 darent

1070 2437 1136 2461 sua;
1159 2430 1214 2457 imo
1234 2428 1354 2465 plerique
1375 2434 1436 2456 ante
1457 2428 1536 2456 ﬁdem
1557 2428 1666 2465 milites,
1689 2432 1865 2465 posteaquam

1071 2465 1105 2492 ad
1120 2465 1199 2492 ﬁdem
1222 2463 1344 2497 conversi
1373 2465 1488 2495 fuerant,
1513 2469 1541 2491 et
1559 2464 1694 2499 cingulum
1710 2468 1737 2491 et
1749 2463 1865 2498 gladium

1070 2501 1249 2535 deponebant.
1271 2501 1362 2535 Itaque
1371 2501 1439 2528 hanc
1451 2500 1530 2527 etiam
1545 2499 1579 2526 ob
1586 2507 1708 2526 caussam
1722 2499 1868 2526 Christiani

1072 2534 1187 2565 ethnicis
1208 2537 1271 2564 odio
1284 2537 1451 2571 ludibrioque
1468 2535 1556 2566 fuere,
1578 2539 1704 2571 tanquam
1719 2534 1822 2571 inertes
1838 2539 1868 2562 et

1072 2573 1177 2607 ignavi,
1191 2580 1223 2599 ac
1235 2572 1349 2607 denique
1369 2570 1472 2607 imperii
1492 2570 1594 2597 romani
1615 2570 1717 2607 hostes.
1738 2570 1804 2607 Cum
1817 2570 1867 2604 igi-

1071 2606 1115 2636 tur
1126 2608 1175 2636 hac
1189 2608 1286 2635 invidia
1302 2606 1444 2643 plurimum
1460 2607 1622 2643 laborarent,
1639 2606 1747 2643 tandem
1765 2606 1864 2638 visum,

1071 2649 1126 2671 tam
1140 2644 1281 2678 abruptum
1296 2648 1323 2670 et
1345 2650 1463 2678 princeps
1478 2642 1619 2669 consilium
1642 2642 1682 2669 sic
1704 2646 1863 2678 temperare,

1070 2684 1101 2707 ut
1122 2687 1187 2713 pace
1208 2677 1243 2707 ab
1264 2677 1377 2706 ethnicis
1399 2678 1526 2706 Ecclesia:
1552 2684 1698 2709 concessa,
1720 2677 1864 2704 Christiani

1069 2716 1150 2743 etiam
1177 2722 1237 2742 cum
1272 2715 1387 2742 ethnicis
1421 2713 1575 2740 militarent.
1614 2713 1689 2741 Unde
1719 2713 1866 2747 Septimius

1068 2751 1163 2786 ipsein
1186 2750 1358 2786 Apulogelico
1372 2749 1477 2777 diluens
1493 2749 1596 2786 objecta
1616 2748 1869 2786 Christianisﬂigna-

1072 2783 1127 2826 viae
1147 2783 1469 2826 probra,'Navigant_us,
1501 2785 1644 2826 inquituet
1669 2793 1715 2811 nos
1738 2783 1866 2825 vobiscum

1074 2820 1223 2849 militamus.
1251 2822 1337 2857 Atque
1363 2820 1486 2857 inibanc
1505 2820 1663 2857 sententiam
1679 2820 1867 2857 apertissimus

1074 2857 1239 2886 Arelatensis
1257 2855 1369 2885 Concilii
1392 2856 1483 2884 Canon
1503 2856 1607 2888 tertius,
1621 2855 1660 2882 De
1679 2855 1718 2882 his
1736 2855 1779 2889 qui
1793 2863 1867 2882 arma

1075 2893 1211 2929 projicith
1223 2893 1249 2919 in
1262 2901 1333 2927 pace,
1346 2893 1442 2927 placuit
1459 2891 1579 2929 abstineri
1593 2900 1636 2929 eos
1648 2900 1664 2917 a
1677 2891 1864 2929 communione.

1075 2926 1279 2962 At'Septimius
1304 2926 1395 2956 noster
1418 2929 1445 2955 in
1465 2928 1511 2955 illo
1529 2927 1563 2956 de
1588 2927 1703 2958 Corona.
1716 2931 1795 2962 atque
1815 2926 1868 2954 hoc

1077 2965 1157 2995 etiam
1173 2963 1205 2994 de
1220 2963 1372 2995 ldololatria
1387 2971 1485 3000 opere,
1500 2970 1548 2999 pro
1568 2968 1670 2994 natura:
1684 2970 1740 2993 sua:
1753 2962 1870 2993 austeri-
