4150 6352
447 343 548 403 691

1825 342 2282 403 TEBTULLIANI
2307 404 2311 409 ,

3633 347 3742 404 692

449 461 720 532 quomodo
769 464 928 521 etiam
982 465 1035 520 in
1067 478 1196 535 pace
1220 462 1468 522 militabit
1507 462 1583 536 (a)
1608 505 1624 532 ,
1655 464 1772 528 sine
1817 463 1996 533 gladio
2020 505 2034 525 .
2063 473 2116 531 Α
2143 471 2256 517 tum
2286 469 2369 516 est
2393 477 2403 514 :
2428 469 2680 517 caeterum
2707 459 3104 536 consuetudinis
3133 461 3316 516 vitium
3357 468 3443 518 est
3479 479 3558 518 me
3601 463 3741 520 Her-

451 572 610 622 quem
634 555 891 612 Dominus
918 556 1169 612 abstulit?
1197 555 1458 622 Nam,etsi
1483 556 1728 612 adierant
1753 555 1952 609 milites
1971 554 2039 610 ad

2144 556 2257 610 cute
2281 555 2482 621 dicere,
2515 572 2596 610 me
2619 555 2748 610 Dius
2794 539 2947 625 fidius
2975 553 3048 628 (e)
3073 597 3085 619 ,
3116 555 3411 611 accedente
3438 555 3742 627 ignorantia

447 645 745 714 Joannem,
788 657 844 703 et
886 647 1112 704 formam
1158 648 1550 705 observationis
1585 657 1940 718 acceperant,
1994 648 2042 702 si
2144 647 2526 719 quorumdam,
2555 647 2649 719 qui
2669 648 2917 718 ignorant
2937 647 3310 718 jusjurandum
3336 662 3458 703 esse
3483 664 3576 718 per
3602 649 3742 705 lier-

445 739 604 794 etiam
622 740 868 796 centurio
889 740 1221 806 crediderat;
1247 756 1463 798 omnem
1490 750 1672 811 postea
1693 740 1917 796 militem
1935 739 2039 795 Do-

2142 741 2340 797 culem.
2367 741 2536 796 Porro
2561 739 2688 810 quid
2715 748 2834 795 erat
2859 737 2940 812 (a)
2968 739 3231 810 dejeratio
3255 739 3337 811 (5)
3363 755 3457 810 per
3481 754 3578 796 eos
3603 756 3744 812 quos

445 833 642 902 minus,
675 834 730 890 in
759 835 920 891 Petro
945 837 1291 902 exarmando,
1313 836 1581 893 discinxit.
1613 834 1802 891 Nullus
1828 832 2040 890 habitus
2141 835 2389 906 ejerasti,
2419 850 2579 906 quam
2624 834 2995 904 praevaricatio
3047 833 3173 890 ﬁdei
3225 849 3347 889 cum
3399 833 3742 891 idololatria?

443 924 620 986 licitas
645 935 731 984 est
756 928 898 1000 apud
916 943 1018 985 nos
1041 928 1226 985 illicito
1253 929 1396 985 actui
1426 927 1750 999 adscriptas.

1063 1023 1295 1081 CAPUT
1335 1023 1456 1079 XX.

524 1115 634 1174 Sed
680 1118 854 1185 enim,
907 1133 1032 1175 cum
1073 1118 1410 1174 convasatio
1476 1116 1674 1174 divina:
1737 1114 2034 1186 disciplina:

442 1225 550 1266 non
598 1209 754 1267 factis
793 1220 1037 1281 tantum,
1079 1227 1264 1268 verum
1317 1212 1479 1268 etiam
1532 1211 1710 1267 verbis
1765 1209 2034 1280 periclite-

438 1311 526 1357 tur
564 1303 583 1373 (
618 1319 764 1369 nam,
794 1305 931 1359 sicut
955 1305 1210 1375 scriptum
1258 1313 1341 1360 est
1387 1321 1401 1359 :
1435 1301 1568 1358 Ecce
1607 1304 1758 1358 homo
1801 1311 1848 1357 et
1895 1307 2032 1373 facta

437 1397 548 1466 ejus
575 1394 673 1468 (b),
714 1396 786 1450 ita
822 1396 1061 1468 (Mutila,
1089 1395 1206 1463 XII,
1232 1395 1322 1468 57)
1357 1414 1368 1450 :
1401 1394 1486 1450 Ea:
1528 1412 1613 1450 ore
1643 1406 1728 1450 tuo
1767 1396 2031 1466 justi/ica-

438 1486 616 1558 beris);
639 1488 947 1544 meminisse
962 1487 1219 1544 debemus
1244 1489 1406 1543 etiam
1431 1488 1484 1542 in
1508 1487 1685 1543 verbis
1710 1489 1794 1558 (1)
1819 1504 2032 1559 quoque

434 1580 754 1638 idololatria:
779 1582 1054 1638 incursum
1105 1582 1516 1652 praecavendum
1541 1622 1555 1646 ,
1587 1591 1681 1636 aut
1711 1584 1780 1638 de
1803 1596 2029 1638 consue-

434 1676 634 1733 tudinis
672 1677 835 1743 vitio,
868 1687 961 1732 aut
1005 1678 1320 1733 timiditatis.
1365 1679 1506 1734 Deos
1534 1678 1808 1733 nationum
1857 1677 2028 1732 nomi-

432 1771 549 1824 nari
575 1769 660 1824 lex
685 1769 937 1840 prohibet
956 1769 1176 1842 (Exod.,
1208 1769 1401 1836 XXIII,
1436 1769 1528 1842 15)
1550 1812 1564 1835 ,
1593 1786 1699 1826 non
1726 1769 1912 1840 utique
1959 1784 2028 1825 ne

2141 927 2277 995 Quis
2305 927 2450 986 enim
2481 942 2578 998 per
2602 941 2738 998 quos
2759 926 2966 997 dejerat
2985 967 3000 991 ,
3023 941 3132 982 non
3163 925 3415 984 honorat?

2693 1016 2920 1074 CAPUT
2969 1016 3114 1072 XXI.
3340 1002 3348 1008 ’

2212 1113 2533 1169 Timiditatis
2591 1122 2675 1168 est
2715 1121 2927 1180 autem,
2982 1128 3104 1169 eum
3151 1120 3206 1169 te
3254 1113 3392 1170 alius
3458 1132 3552 1188 per
3609 1119 3744 1176 deos

2137 1219 2266 1262 suos
2312 1206 2514 1276 obligat
2559 1205 2834 1276 juratione
2881 1203 2967 1260 vel
3007 1204 3183 1276 aliqua
3220 1207 3634 1278 testiﬁcatione,
3689 1221 3746 1267 et

2135 1309 2194 1356 tu
2247 1315 2318 1357 ne
2365 1299 2683 1372 intelligaris
2721 1299 2977 1370 quiescis.
3043 1298 3180 1355 Nam
3221 1315 3376 1371 aeque
3417 1303 3746 1373 quiescendo

2137 1396 2427 1451 conﬁrmas
2455 1395 2795 1464 majestatem
2825 1408 3010 1450 eorum
3030 1434 3047 1460 ,
3071 1394 3224 1464 cujus
3251 1409 3447 1451 caussa
3476 1398 3744 1454 videberis

2138 1487 2423 1557 obligatus.
2469 1485 2609 1554 Quid
2644 1486 2810 1541 refert
2839 1484 2971 1541 deos
2999 1485 3280 1552 nationum
3308 1486 3538 1545 dicendo
3564 1489 3702 1545 deos
3724 1532 3742 1558 ,
3779 1488 3784 1491 ’

2137 1597 2204 1635 an
2235 1579 2502 1636 audiendo
2539 1577 2866 1634 conﬁrmes?
2915 1579 3066 1648 jures
3095 1578 3180 1648 (6)
3213 1595 3307 1649 per
3338 1580 3511 1646 idola,
3563 1597 3628 1637 an
3672 1583 3743 1638 ab

2135 1676 2242 1730 alio
2261 1675 2540 1744 adjuratus
2565 1672 2923 1744 acquiescas?
2949 1672 3059 1727 Cur
3083 1688 3192 1728 non
3219 1688 3576 1744 agnoscamus
3603 1692 3733 1732 ver-

2135 1768 2304 1823 sutias
2323 1767 2557 1831 Satanae,
2585 1766 2676 1836 qui
2701 1764 2844 1833 quod
2871 1779 2967 1820 ore
2992 1774 3178 1820 nostro
3210 1766 3467 1835 perﬁcere
3492 1783 3597 1822 non
3627 1783 3726 1838 po-

431 1859 648 1916 nomina
673 1876 860 1917 eorum
892 1863 1302 1933 pronuntiemus
1323 1904 1338 1925 ,
1371 1878 1491 1933 qua:
1521 1861 1674 1918 nobis
1703 1871 1761 1916 ut
1781 1861 2026 1916 dicamus
2057 1852 2104 1912 B
2135 1869 2277 1925 test,
2305 1860 2358 1914 id
2381 1859 2526 1931 agit,
2558 1867 2615 1914 ut
2640 1873 2861 1914 suorum
2887 1874 2981 1913 ore
3009 1857 3286 1928 perﬁciat,
3305 1875 3403 1928 per
3426 1875 3588 1917 aures
3606 1862 3742 1918 infe-

430 1953 771 2008 conversatio
807 1963 1126 2025 extorquet;
1153 1971 1280 2010 nam
1309 1955 1362 2010 id
1399 1955 1714 2026 plerumque
1737 1954 2024 2010 dicendum

426 2053 548 2102 est:
576 2043 630 2099 in
657 2045 844 2116 templo
876 2045 1171 2117 Esculapii
1190 2049 1339 2102 illum
1358 2048 1530 2117 Itaqes,
1561 2056 1614 2103 et
1639 2089 1654 2115 ,
1711 2047 1819 2101 uico
1867 2047 2025 2104 Isidis

429 2135 622 2202 habito,
643 2145 718 2200 et,
755 2138 993 2193 sacerdos
1029 2138 1174 2195 Jovis
1225 2139 1393 2209 factus
1423 2149 1525 2206 est,
1555 2147 1609 2194 et
1637 2139 1806 2194 multa
1836 2140 1940 2194 alia
1967 2141 2023 2196 in

423 2225 567 2284 hunc
595 2228 811 2284 modum
833 2270 849 2298 ,
875 2231 1089 2300 quando
1111 2238 1167 2287 et
1191 2230 1498 2286 hominibus
1523 2231 1627 2287 hoc
1649 2246 1821 2302 genus
1845 2231 2022 2287 nomi-

429 2335 497 2374 na
519 2321 864 2378 inducuntur.
893 2323 1079 2394 Neque
1100 2325 1244 2380 enim
1274 2325 1561 2381 Saturnum
1585 2325 1796 2382 honoro
1818 2368 1833 2393 ,
1869 2326 1916 2382 si
1946 2326 2019 2382 ita

371 2423 397 2442 ι
421 2426 686 2468 vocavere
715 2429 836 2469 eum
859 2429 958 2470 suo
983 2416 1198 2471 nomine
1219 2415 1320 2488 (9.),
1355 2424 1461 2471 tam
1491 2431 1597 2471 non
1628 2416 1834 2472 honoro
1859 2433 2019 2487 quam

422 2503 683 2572 Marcum,
713 2505 787 2577 (ε)
829 2507 874 2561 si
909 2520 1168 2562 vocavere
1210 2506 1469 2562 Marcum.
1498 2506 1605 2563 Sed
1650 2507 1727 2562 ait
1766 2525 1779 2561 :
1813 2507 2020 2563 Nomen

421 2597 645 2655 aliorum
671 2599 884 2658 deorum
903 2617 967 2655 ne
986 2601 1445 2656 commemoremini
1473 2599 1746 2672 (5),neque
1772 2603 2020 2657 audiatur

421 2692 486 2748 de
509 2709 597 2747 ore
621 2702 731 2747 tuo.
755 2693 870 2749 Hoc
890 2695 1145 2765 precepit
1161 2735 1178 2760 ,
1211 2708 1278 2749 ne
1301 2693 1434 2750 deos
1452 2709 1704 2750 vocemus
1717 2694 1859 2751 illos.
1881 2693 2018 2749 Nam

423 2794 479 2840 et
503 2784 556 2840 in
589 2785 758 2856 prima
785 2794 937 2856 parte
968 2786 1098 2857 legis
1127 2785 1349 2858 (Exod.,
1379 2784 1501 2854 XX,
1544 2785 1600 2858 7)
1629 2803 1642 2837 :
1674 2783 1798 2842 Non
1826 2803 2016 2855 sumes,

420 2879 614 2950 inquit,
633 2894 817 2933 nomen
842 2877 1050 2933 Domini
1077 2878 1174 2934 Dei
1211 2880 1284 2934 tui
1308 2879 1363 2933 in
1404 2895 1534 2932 vano
1555 2919 1570 2943 ,
1604 2878 1657 2933 id
1682 2888 1766 2933 est
1789 2921 1804 2944 ,
1848 2878 2015 2934 idolo.

416 2970 624 3027 Cecidit
649 2971 809 3043 igitur
836 2972 890 3027 in
918 2971 1295 3037 idololatriam,
1326 2971 1419 3042 qui
1440 2970 1644 3026 idolum
1669 2971 1893 3028 nomine
1918 2972 2016 3027 Dei

419 3065 783 3123 lionoraverit.
828 3067 981 3135 Quod
1007 3067 1055 3122 si
1091 3067 1223 3123 deos
1251 3067 1533 3123 dicendum
1576 3067 1711 3136 erit,
1758 3067 2017 3140 adjicien-

2132 1967 2259 2010 rens
2288 1952 2448 2007 nobis
2473 1949 2880 2007 idololatriam?
2909 1950 3072 2006 Certe
3094 1951 3336 2021 quisquis
3364 1952 3454 2006 ille
3477 1961 3565 2009 est
3590 1995 3604 2016 ,
3643 1964 3742 2010 aut

2129 2047 2303 2100 amica
2333 2055 2425 2098 aut
2453 2043 2664 2098 inimica
2695 2041 3080 2112 congressione
3108 2041 3190 2115 (7)
3216 2041 3517 2112 adstringit.
3548 2043 3604 2100 Si
3636 2044 3737 2099 ini-

2129 2137 2288 2202 mica,
2311 2134 2422 2204 jam
2443 2133 2511 2190 ad
2544 2148 2774 2204 pugnam
2799 2133 3030 2199 vocaris,
3051 2133 3230 2188 etscis
3262 2133 3355 2190 tibi
3371 2134 3736 2192 dimicandum

2126 2245 2266 2286 esse.
2300 2228 2357 2285 Si
2378 2229 2571 2296 amica,
2598 2236 2800 2298 quanto
2821 2227 3065 2282 securius
3091 2226 3144 2282 in
3172 2217 3464 2284 Dominum
3493 2230 3729 2287 transfe-

2125 2338 2214 2379 res
2236 2321 2644 2391 responsionem
2660 2329 2829 2387 tuam,
2843 2328 2901 2375 ut
2913 2320 3179 2375 dissolvas
3194 2321 3573 2391 obligationem
3588 2325 3730 2394 ejus,

2125 2431 2222 2486 per
2247 2429 2407 2487 quem
2435 2424 2486 2470 te
2511 2413 2682 2469 Malus
2712 2413 2905 2468 honori
2937 2412 3202 2468 idolorum
3224 2456 3239 2479 ,
3283 2414 3336 2469 id
3362 2424 3476 2481 est,
3498 2415 3730 2472 idolola-

2125 2509 2242 2565 trize
2267 2509 2542 2580 quaerebat
2570 2516 2878 2564 annectere.
2926 2507 3113 2563 Omnis
3159 2508 3416 2578 patientia
3461 2511 3730 2581 ejusmodi

2123 2601 2446 2659 idololatria.
2472 2601 2714 2658 llonoras
2733 2616 2828 2656 eos
2847 2644 2862 2667 ,
2897 2601 3091 2672 quibus
3115 2601 3384 2671 impositis
3406 2602 3728 2674 obsequium

2123 2694 2440 2766 praestitisti.
2473 2694 2598 2750 Scio
2651 2693 2934 2764 quemdam
2965 2693 3072 2764 (cui
3100 2694 3360 2750 Dominus
3409 2695 3725 2769 ignoscat),

2126 2800 2246 2841 cum
2290 2785 2366 2841 illi
2412 2786 2467 2840 in
2502 2785 2712 2856 publico
2759 2801 2855 2856 per
2895 2785 3040 2840 litem
3069 2783 3269 2841 dictum
3314 2795 3495 2855 esset,
3524 2786 3729 2857 Jupiter

2128 2879 2218 2932 tibi
2247 2879 2310 2932 sit
2338 2879 2519 2944 iratus,
2553 2878 2926 2948 respondisse,
2950 2879 3056 2931 imo
3113 2877 3224 2932 tibi.
3277 2877 3416 2945 Quid
3464 2880 3619 2935 aliter
3647 2879 3722 2951 (8)

2124 2973 2342 3030 fecisset
2369 2972 2613 3028 ethnicus
2639 3015 2652 3038 ,
2679 2972 2770 3043 qui
2798 2972 2985 3026 Jovem
3011 2971 3171 3027 deum
3210 2970 3474 3027 credidit?
3501 2972 3724 3028 Etiamsi

2125 3083 2232 3123 non
2275 3082 2374 3138 per
2415 3066 2662 3122 eumdem
2708 3065 3013 3121 retorsisset
3057 3064 3437 3133 maledictum,
3490 3081 3591 3123 nec
3635 3082 3726 3137 per

421 3156 550 3212 dum
579 3165 664 3213 est
704 3157 941 3229 aliquid,
969 3174 1076 3228 quo
1124 3170 1418 3230 appareat,
1447 3160 1570 3231 quia
1615 3173 1725 3215 non
1768 3174 1870 3232 ego
1892 3160 2017 3216 illos
2044 3169 2089 3233 ί]
2123 3163 2290 3218 ullum
2342 3161 2489 3216 Jovis
2533 3160 2800 3226 similem;
2849 3157 3473 3214 conﬁrmaveratlovcm
3521 3157 3716 3224 deum,

419 3248 553 3305 deos
580 3249 722 3305 dico.
745 3249 878 3305 Nam
908 3259 964 3306 et
985 3249 1264 3322 Scriptura
1313 3249 1444 3307 deos
1487 3252 1768 3319 nominat;
1795 3253 1876 3326 (ά)
1921 3254 2020 3310 sed

421 3342 602 3413 adjicit
626 3359 744 3397 suos
763 3385 778 3409 ,
811 3343 896 3399 vel
925 3345 1208 3399 nationum.
1238 3344 1390 3400 Sicut
1427 3345 1595 3401 David
1620 3359 1743 3401 cum
1771 3347 1900 3402 deos
1929 3363 2020 3403 no-

2125 3271 2221 3328 per
2246 3271 2406 3327 quem
2448 3270 2508 3309 se
2533 3253 2876 3309 maledictum
2904 3251 3124 3322 indigne
3155 3250 3344 3307 tulisse
3383 3251 3720 3307 demonstra-

2122 3360 2276 3406 verat
2301 3347 2711 3406 remaledicens.
2731 3345 2812 3400 Ad
2836 3344 2962 3415 quid
2984 3344 3127 3400 enim
3162 3343 3455 3416 indigneris
3481 3359 3578 3413 per
3603 3359 3727 3400 eum

421 3436 675 3492 minasset
701 3479 716 3504 ,
745 3436 832 3492 ubi
871 3437 946 3493 ait
966 3422 1085 3511 (Ps.
1115 3438 1279 3505 CXV,
1311 3439 1367 3512 4)
1403 3456 1417 3494 :
1450 3438 1549 3494 Dei
1571 3450 1740 3496 autem
1755 3441 2018 3496 nationum
2120 3457 2278 3514 quem
2296 3443 2401 3497 scis
2429 3441 2562 3496 nihil
2579 3454 2699 3496 esse
2720 3437 2828 3510 (9)?
2842 3437 2976 3492 Nam
3004 3437 3049 3492 si
3070 3436 3293 3501 insanis,
3315 3435 3428 3507 jam
3457 3450 3576 3492 esse
3600 3451 3731 3491 con-

421 3529 695 3586 dazmonia.
720 3529 827 3588 Sed
853 3530 956 3588 hoc
979 3531 1112 3588 mihi
1139 3531 1206 3588 ad
1227 3533 1504 3604 sequentia
1531 3533 1703 3606 magis
1723 3545 2016 3605 praestruc-

2120 3539 2327 3602 tirmas,
2350 3543 2405 3589 et
2457 3533 2560 3590 erit
2579 3530 2899 3589 idololatriae
2925 3527 3042 3600 (10)
3075 3527 3339 3600 professio
3369 3527 3577 3585 timeris
3615 3526 3726 3582 tui:

1657 3649 2041 3710 LECTIONES
2080 3649 2494 3710 VARIANTES.

485 3764 559 3826 (l)
595 3763 852 3816 Debemus
873 3778 986 3816 esse
1011 3768 1060 3816 in
1085 3766 1250 3816 verbis
1274 3767 1516 3818 Wouwer.
1541 3768 1652 3818 MS.

485 3827 560 3893 (2)
597 3828 651 3893 Si
675 3829 740 3878 ita
763 3843 912 3892 quem
937 3843 1175 3893 vocavere
1196 3843 1286 3880 suo
1296 3832 1493 3881 nomine
1514 3831 1701 3883 Wouw.
1728 3831 1839 3882 MS.

490 3889 566 3954 (δ’)
598 3889 1068 3954 Qommémorabitur
1107 3893 1294 3954 Wouw.
1321 3893 1434 3941 MS.

511 3952 558 4023 έ)
591 3952 923 4023 Ετίιῃνοωρ.
946 3957 1015 4005 Μ.
1042 3955 1099 4006 s.
1124 3952 1280 4007 Latin.
1304 3955 1426 4006 Jun.

510 4014 558 4086 ξ)
589 4014 640 4086 si
663 4014 946 4086 adamaris.

511 4078 559 4141 6)
590 4078 729 4141 juret
752 4078 919 4131 Paris.

2197 3763 2274 3892 ρ)
2306 3766 2380 3840 Te
2403 3765 2522 3815 add.
2550 3763 2704 3834 Latin.

2217 3835 2248 3879 8
2306 3830 2450 3878 Aliud
2474 3830 2657 3892 Latth

2197 3830 2266 3892 (8)
2306 3830 2450 3878 Aliud
2474 3830 2628 3878 Latin.

2197 3892 2274 3955 (9)
2303 3892 2405 3942 Per
2431 3904 2542 3941 eum
2567 3887 2870 3952 maledictus,
2892 3898 3044 3952 quem
3067 3885 3163 3938 scis
3185 3885 3310 3938 nihil
3335 3898 3450 3938 esse
3485 3888 3726 3939 Wouwer.

2134 3955 2295 4082 Μῗὶο)
2333 4014 2612 4067 Idololatria
2636 4014 2737 4064 Lat.

1797 4182 2358 4245 COMMENTARIUS.

423 4310 533 4358 tate
563 4301 867 4358 Christianis
883 4303 1152 4367 omnibus,
1186 4302 1346 4357 etiam
1375 4301 1619 4358 Ecclesia
1645 4300 1806 4356 nullis
1832 4317 2018 4372 perse-

423 4374 728 4446 cutionibus
757 4385 969 4446 versata,
993 4389 1154 4429 omne
1182 4374 1386 4430 militia:
1406 4390 1596 4446 genus,
1617 4387 1834 4430 omnem
1861 4373 2022 4445 gladii

421 4460 581 4501 nsum
607 4445 810 4500 adimit.
842 4445 963 4501 Rm.

499 4515 576 4588 (a)
619 4517 885 4589 Quomodo
911 4517 1059 4589 etiam
1085 4517 1137 4570 in
1166 4534 1290 4584 pace
1307 4517 1562 4572 militabit.
1603 4517 1718 4575 Hoc
1755 4527 1858 4588 est,
1890 4532 2024 4589 quo-

426 4589 590 4675 modo
610 4588 933 4643 ehristianus
953 4588 1308 4675 implicabitur
1329 4589 1674 4672 szecularibus
1695 4592 1837 4645 curis
1852 4588 2024 4675 :i‘flllo-
2049 4614 2101 4675 Ι)

429 4660 591 4716 modo
633 4668 785 4730 geret
826 4659 1205 4730 magistratus?
1252 4660 1462 4714 Etenim
1503 4661 1556 4715 in
1610 4677 1740 4730 pace
1791 4662 2026 4718 militant

429 4732 833 4802 magistratus,
879 4731 1108 4786 militant
1157 4731 1332 4786 ofﬁcia
1390 4744 1442 4787 et
1491 4732 1786 4788 ministeria
1852 4735 2024 4802 magi-

428 4811 690 4875 stratuum
728 4801 924 4874 quibus
969 4812 1053 4875 est
1095 4817 1410 4875 concessum
1450 4803 1550 4875 jus
1579 4804 1774 4875 gladii,
1827 4805 1878 4859 in
1933 4801 2025 4858 fa-

430 4874 711 4930 cinorosos
763 4874 1222 4929 animadvertendi
1275 4888 1484 4929 caussa.
1538 4874 1806 4930 Discincto
1856 4879 2025 4931 semel

430 4945 591 5000 Petro
609 4987 625 5011 ,
648 4945 857 5000 cunctis
883 4945 1189 5001 cliristianis
1213 4945 1445 5016 gladium
1474 4946 1734 5000 Dominus
1782 4947 2020 5001 abstulit.

432 5016 503 5072 Et
557 5026 745 5090 tamen
787 5017 1137 5090 Apologetico
1179 5034 1281 5090 suo
1319 5016 1680 5090 ad__proceres
1739 5017 2021 5090 romanos,

430 5087 690 5168 pag-49!,
713 5085 1212 5168 Septiiniu'snnoster
1236 5089 1309 5143 ait
1339 5106 1353 5142 :
1387 5085 1779 5168 Naviganius__et
1808 5106 1901 5168 nos
1929 5085 2021 5168 ita}

429 5157 640 5222 hiscum,
681 5157 978 5214 militamus.
1003 5159 1106 5214 Sed
1137 5160 1224 5215 hic
1245 5160 1435 5229 quzerit
1453 5202 1468 5225 ,
1491 5157 1558 5212 ait
1590 5160 1764 5214 ﬁdelis
1789 5160 1854 5214 ad
1883 5161 2024 5214 mili-

431 5232 562 5284 tiam
589 5231 830 5285 converti
859 5231 1044 5299 possit.
1074 5230 1187 5286 [llic
1232 5233 1339 5299 agit
1375 5231 1443 5285 de
1484 5230 1742 5284 militibus
1771 5231 1836 5285 ad
1866 5231 2024 5286 ﬁdem

431 5301 903 5372 coni'ersiquuos
931 5302 1064 5356 ﬁdes
1092 5305 1144 5355 in
1171 5303 1360 5357 militia
1390 5302 1833 5372 deprehenderat.
1856 5303 2025 5357 Idem.

501 5371 655 5445 CAP.
701 5371 822 5445 XX.
862 5402 931 5411 —
963 5372 1042 5445 (b)
1085 5373 1214 5427 Ecce
1259 5376 1408 5428 homo
1434 5371 1479 5429 et
1504 5378 1641 5445 facta
1687 5375 1815 5443 ejus.
1850 5373 2032 5430 Haeret

427 5442 521 5498 hic
559 5444 858 5508 Pamelius,
915 5442 1098 5514 aitque
1153 5446 1366 5501 nescire
1406 5461 1466 5500 se
1505 5442 1718 5500 ubinam
1751 5445 1839 5498 ille
1881 5446 2029 5500 locus

431 5515 722 5588 Scriptura:
739 5514 1059 5588 reperiatur.
1083 5517 1172 5588 qui
1199 5527 1255 5570 et
1284 5517 1352 5572 ab
1379 5518 1673 5588 augustino
1696 5516 1893 5588 citatur
1919 5532 2031 5570 ine-

431 5586 673 5658 dit.pag.
695 5585 786 5642 39.
810 5585 1017 5655 Sequor
1045 5587 1130 5640 hic
1161 5586 1349 5642 lubens
1375 5585 1590 5644 Junium
1617 5587 1708 5658 qui
1729 5587 1780 5643 id
1807 5603 1872 5643 ex
1893 5588 2032 5642 libro

433 5656 985 5727 Enoelidesumptum
1017 5658 1252 5724 conjicit.
1280 5659 1356 5713 LE
1387 5659 1481 5714 Pu.

510 5727 585 5798 (ς)
626 5726 688 5783 Si
712 5726 950 5782 vacarem
977 5727 1232 5781 Marcum.
1256 5728 1415 5783 Notat
1443 5730 1747 5785 Brissonius
1775 5731 1826 5785 in
1856 5729 2032 5786 indice

435 5797 579 5872 luris
614 5815 808 5872 nomen
860 5799 1070 5852 Marcus
1100 5801 1345 5872 usurpari
1373 5817 1401 5854 a
1427 5801 1759 5858 Tertulliauo
1785 5817 1883 5872 pro
1911 5803 2029 5868 qui-

434 5871 572 5936 dam,
606 5870 670 5925 ad
701 5883 823 5926 eum
857 5872 1095 5936 modum,
1126 5870 1328 5942 quoab
1356 5872 1475 5928 aliis
1514 5873 1732 5944 ponitur
1779 5870 1930 5932 Caius
1977 5883 2030 5932 et

2125 4302 2337 4370 Lucius,
2369 4301 2449 4358 sic
2473 4309 2528 4358 et
2555 4315 2584 4355 a
2610 4299 2799 4356 Persio
2831 4297 2944 4354 Sat.
2972 4295 3026 4354 5.
3056 4295 3268 4352 Marcus
3289 4295 3488 4370 dicitur
3515 4295 3728 4370 quidam

2124 4369 2492 4440 manumissus
2547 4373 2712 4428 veluti
2768 4385 2867 4442 pro
2911 4370 3182 4442 exemplo,
3229 4378 3287 4442 ut
3321 4369 3598 4442 potuisset
3625 4369 3730 4424 dici

2123 4446 2308 4512 Caius,
2341 4461 2501 4512 quam
2530 4459 2716 4499 vocem
2743 4441 3034 4512 quinquies
3076 4441 3290 4509 repetit.
3319 4441 3450 4495 Lac.

2198 4463 2308 4512 .IllS,
2383 4463 2501 4502 nam
2530 4463 2716 4499 V008!“
2743 4463 3034 4512 (IIIIIIQUIBS
3076 4463 3290 4509 repetit.
3319 4463 3450 4495 LAU.

2198 4517 2278 4590 (d)
2319 4463 2459 4572 13am
2483 4527 2531 4571 et
2555 4517 2826 4590 Scriptura
2846 4513 2982 4590 Deos
3008 4513 3255 4578 nominat,
3287 4512 3592 4590 sedadiicil,
3617 4521 3723 4567 etc.

2126 4584 2301 4645 Locos
2330 4589 2397 4645 ad
2423 4604 2557 4658 quos
2584 4586 2793 4648 alludit,
2839 4584 3022 4658 videre
3052 4594 3134 4658 est
3161 4584 3470 4658 separatim
3503 4584 3556 4658 in
3587 4597 3732 4639 teco~

2131 4663 2309 4718 nomia
2368 4653 2672 4715 méthodica
2751 4654 3254 4711 concordantiarum
3321 4653 3378 4709 S.
3439 4655 3732 4724 Scriptura:

2129 4733 2345 4803 Georgii
2382 4731 2608 4786 Bulloci.
2635 4728 2820 4798 Neque
2861 4726 3077 4803 interim
3108 4724 3220 4803 sola
3256 4724 3558 4803 adjectione
3588 4741 3730 4796 prae-

2129 4796 2461 4860 dicta'utitur
2481 4796 2780 4870 Scriptura,
2810 4798 2914 4870 sed;
2928 4806 3081 4870 vocat
3107 4796 3240 4850 deos
3266 4797 3490 4870 alienos,
3515 4811 3726 4870 aureos,

2129 4875 2372 4946 IEgypti,
2407 4885 2549 4938 tuos,
2589 4868 2764 4936 meos,
2787 4868 3106 4946 conflatiles,
3139 4868 3400 4946 gentium,
3424 4868 3733 4946 quos‘igno-

2128 4937 2319 5002 rahatit
2349 4937 2759 5016 patres’eorum,
2788 4938 3248 5001 Amorrhazorum,
3267 4938 3459 5016 Syrize,
3484 4937 3722 5003 Sidonis,

2092 5023 2094 5025 ’
2126 4997 2759 5090 acwbloahtmontium,’
2805 5022 3117 5090 terrarum."
3131 4997 3484 5090 pop'uldrum',
3539 4997 3726 5089 terrae,

2127 5089 2360 5145 ﬁliorum
2408 5079 2548 5151 Seir,
2603 5086 2806 5149 Edom,
2855 5097 3041 5154 regum
3078 5079 3288 5160 Syriae,
3327 5080 3604 5160 Damasci,
3638 5095 3731 5160 pa-

2129 5171 2270 5214 trum
2301 5149 2554 5231 suorum,
2570 5172 2732 5231 opera
2764 5149 3042 5231 manuum,
3066 5149 3226 5231 _Juda,
3245 5165 3405 5231 _qu.os
3433 5150 3629 5231 fecisti,
3657 5151 3696 5205 il

2131 5233 2330 5292 lorum,
2360 5229 2496 5294 falsi,
2523 5221 2709 5296 lignei,
2739 5227 2826 5296 qui
2861 5241 2968 5280 non
2996 5221 3196 5288 vident,
3225 5221 3457 5296 denique
3485 5222 3640 5290 muti,
3671 5231 3724 5277 et

2131 5305 2224 5374 qui
2251 5312 2436 5374 natura
2449 5293 2590 5374 ροη-
2603 5308 2728 5374 sunt
2755 5293 2851 5374 dii.
2881 5297 3018 5351 Pan.
3201 5363 3216 5374 _
3249 5293 3260 5308 '

2207 5372 2281 5446 (θ)
2325 5372 2411 5427 Me
2438 5371 2579 5446 Dius
2597 5371 2769 5438 ﬁdius.
2801 5367 3169 5446 Juramen-tum
3201 5363 3305 5419 hoc
3327 5377 3449 5419 esse
3472 5378 3568 5446 per
3595 5362 3730 5446 lier-

2135 5434 2308 5500 culein
2339 5434 2880 5504 nonmilliasserunt,
2914 5437 3064 5508 quasi
3097 5436 3167 5491 ita
3191 5446 3448 5508 meamet
3472 5434 3730 5508 Hercules

2134 5515 2282 5572 Jovis
2297 5515 2457 5579 ﬁlius;
2475 5514 2564 5568 alii
2586 5520 2771 5581 putant
2789 5526 2908 5564 esse
2932 5505 3232 5581 perilovem
3262 5505 3384 5581 ﬁdei
3408 5505 3720 5575 praesidem,

2134 5593 2202 5657 μὰ
2225 5599 2318 5642 Δία.
2342 5597 2417 5642 τὸν
2440 5577 2648 5640 ἐτίστιξν.
2677 5577 2972 5657 Aitautem
3007 5580 3173 5657 Yarro
3223 5577 3548 5657 perforatum
3592 5586 3724 5657 _tec-

2136 5649 2249 5713 tum
2298 5657 2562 5721 Herculis,
2614 5665 2671 5710 ut
2708 5653 2951 5708 videatur
2995 5651 3200 5714 diuum,
3249 5651 3347 5702 hoc
3374 5658 3455 5702 est
3504 5649 3723 5721 coelum.

2133 5730 2438 5786 Notandum
2477 5719 2606 5782 vero
2630 5726 2894 5781 eruditum
2933 5722 3237 5778 Turnebum
3268 5730 3509 5773 nostrum
3537 5719 3726 5772 obser-

2133 5816 2308 5863 vasse,
2343 5799 2447 5854 hoc
2494 5797 2783 5868 juramenti
2822 5809 3020 5868 genere
3064 5806 3184 5850 usas
3211 5807 3316 5848 non
3347 5790 3512 5848 fuisse
3549 5788 3728 5848 ftemi-

2135 5887 2251 5932 nas.
2281 5872 2359 5931 LE
2398 5872 2497 5930 Pn.
