4150 6352
394 365 502 426 693

1588 361 1793 421 LIBER
1829 361 1922 420 DE
1959 359 2448 422 IDOLOLATRIA.

3578 370 3692 432 θθι

392 488 594 554 quanto
621 481 792 554 magis
812 494 934 540 cum
961 493 1056 551 per
1080 481 1255 552 ipsum
1273 476 1642 544 remaledicis,
1672 477 1863 536 eodem
1891 476 1982 533 .lo-
2010 486 2062 548 Α
2085 478 2156 535 de
2201 477 2431 534 ethnicis
2475 487 2778 539 mutuantes
2806 483 2907 542 sub
2947 482 3259 555 pignoribus
3289 485 3528 543 ﬁduciati
3559 485 3641 558 (ιι)
3661 527 3681 553 ,

394 577 476 632 vis
505 575 584 646 (Ι)
617 575 877 632 honorem
908 575 1036 631 facis
1056 617 1071 640 ,
1098 591 1205 645 quo
1234 574 1420 640 ctille,
1454 574 1546 644 qui
1575 583 1628 628 te
1657 573 1987 644 provocavit?
2082 571 2642 642 juraticavent,etsic
2658 574 2962 647 negant(e).
2996 575 3144 635 Scire
3168 576 3235 649 (1)
3259 577 3446 634 volunt
3472 579 3685 636 scilicet

394 671 597 728 Fidelis
622 679 800 728 autem
825 671 877 726 in
907 667 1167 741 ejusmodi
1195 667 1373 724 ridere
1403 667 1582 730 debet,
1601 681 1707 722 non
1732 667 1984 724 insanire:

399 767 526 830 imo,
561 764 851 822 secundum
871 772 1222 836 prteceptum,
1251 777 1319 817 ne
1345 776 1440 832 per
1464 761 1632 818 Deum
1659 759 1875 830 quidem
1899 775 1988 818 re.-

390 859 750 925 maledicere,
782 857 880 914 sed
927 857 1085 928 plane
1126 855 1447 914 benedicere
1491 869 1590 927 per
1619 853 1820 919 Deum,
1852 862 1909 910 ut
1937 861 1992 910 et

391 951 536 1009 idola
563 952 832 1024 destruas,
873 959 929 1009 et
955 951 1122 1010 Deum
1154 947 1443 1023 prtedices,
1473 955 1526 1004 et
1549 945 1846 1020 adimpleas
1871 945 1986 1006 dis-

390 1045 642 1118 ‘ciplinam
685 1043 782 1118 (a).

973 1132 1204 1190 CAPUT
1251 1131 1419 1190 XXII.

462 1227 642 1297 Eque
681 1226 928 1284 benedici
977 1241 1074 1297 per
1115 1226 1248 1282 deos
1291 1226 1565 1281 nationum
1623 1221 1836 1281 Christo
1882 1223 1988 1280 ini-

391 1319 556 1378 tiatus
598 1333 703 1375 non
748 1317 1067 1387 sustinebit,
1117 1325 1178 1374 ut
1222 1332 1440 1386 semper
1482 1315 1687 1386 rejiciat
1751 1317 1986 1370 immun-

389 1413 513 1468 dam
541 1411 995 1477 benedictionem,
1046 1420 1101 1466 et
1129 1425 1249 1466 eam
1277 1409 1381 1465 sibi
1435 1409 1488 1464 in
1539 1409 1708 1464 Deum
1755 1423 1984 1464 conver-

388 1513 509 1562 ῑθιιε
563 1505 837 1562 emundet.
870 1504 1121 1560 Benedici
1162 1519 1260 1573 per
1301 1503 1434 1558 deos
1475 1501 1785 1566 nationum,
1818 1501 1986 1557 male-

393 1600 503 1656 dici
535 1609 618 1656 est
648 1615 742 1671 per
774 1599 962 1656 Deum.
988 1598 1042 1655 Si
1079 1597 1164 1669 (ἓ)
1210 1596 1412 1654 dedero
1440 1596 1867 1669 eleemosynam,
1899 1595 1985 1651 vel

398 1693 603 1765 aliquid
633 1693 934 1764 praestitero
961 1691 1250 1758 beneficii,
1284 1701 1339 1746 et
1367 1689 1457 1745 ille
1500 1689 1632 1744 mihi
1662 1689 1793 1745 deos
1820 1703 1982 1756 suos,

388 1789 474 1844 vel
522 1786 748 1844 colonia:
793 1787 1006 1858 genium
1034 1785 1147 1856 (ὁ),
1200 1782 1460 1854 prapitios
1493 1782 1845 1852 .imprecetur,
1871 1782 1982 1852 jam

2093 673 2303 734 tempus
2327 665 2750 735 persecutionis,
2777 676 2832 722 et
2855 667 3031 728 locum
3065 667 3346 728 tribunalis
3365 712 3387 738 ,
3415 679 3470 727 et
3498 686 3686 742 perso-

2093 770 2216 810 nam
2240 755 2501 825 prtesidis.
2534 755 2844 813 Prmscribit
2887 757 3164 823 Christus,
3189 774 3297 816 non
3343 775 3470 818 esse
3493 761 3686 832 juran-

2093 846 2220 903 dum
2249 848 2348 920 (g).
2375 846 2612 918 Scripsi,
2644 848 2848 920 inquit;
2872 850 2968 906 sed
2995 851 3128 906 nihil
3159 851 3306 910 dixi:
3341 853 3548 926 lingua,
3579 868 3686 914 non

2092 939 2272 996 littera
2293 941 2508 996 occidit.
2545 941 2643 998 llic
2667 957 2814 1024 ergo,
2842 943 2922 1014 (6)
2951 955 3196 1001 naturam
3225 955 3279 1002 et
3303 949 3688 1006 conscientiam

2093 1032 2298 1088 advoco
2324 1052 2336 1087 :
2373 1041 2613 1089 naturam
2641 1075 2658 1102 ,
2689 1035 2814 1106 quia
2839 1036 2974 1092 nihil
3006 1045 3180 1106 potest
3210 1055 3404 1094 manus
3425 1041 3686 1110 scribere,

2091 1125 2302 1182 etiamsi
2343 1126 2521 1196 lingua
2544 1127 2596 1182 in
2613 1126 2911 1198 dictitando
2927 1139 3102 1185 cessat
3117 1130 3405 1188 immobilis
3421 1133 3689 1203 etquieta,

2092 1219 2235 1292 quod
2264 1236 2368 1276 non
2391 1221 2568 1277 anima
2599 1222 2923 1292 dictaverit,
2950 1239 3254 1295 quanquam
3281 1233 3336 1280 et
3359 1225 3462 1295 ipsi
3495 1225 3692 1299 lingua:

2091 1313 2266 1368 anima
2298 1312 2616 1380 dictaverit,
2663 1322 2756 1368 aut
2793 1329 2823 1370 a
2864 1329 2923 1369 se
2949 1326 3269 1386 conceptum
3295 1357 3310 1379 ,
3356 1325 3448 1372 aut
3475 1317 3543 1373 ab
3585 1318 3694 1372 alio

2092 1405 2488 1461 traditumJam
2511 1421 2579 1462 ne
2599 1405 3005 1473 dicatumalius
3029 1407 3266 1472 dictavit,
3283 1407 3400 1463 shic
3415 1409 3694 1466 conscien-

2099 1500 2226 1554 tiam
2255 1499 2465 1568 appello
2486 1541 2501 1566 ,
2536 1515 2602 1555 an
2633 1499 2778 1570 quod
2799 1499 2936 1556 alius
2960 1500 3181 1556 dictavit
3207 1501 3386 1556 anima
3413 1501 3690 1570 suscipiat,

2095 1599 2151 1645 et
2179 1590 2292 1644 sive
2336 1592 2628 1646 comitante
2675 1591 2790 1647 sive
2835 1590 3113 1649 residente
3157 1591 3336 1662 lingua
3375 1591 3443 1647 ad
3474 1607 3694 1652 manum

2090 1683 2432 1738 transmittat.
2463 1683 2533 1738 Et
2559 1683 2719 1751 bene,
2773 1684 2918 1754 quod
2949 1684 3002 1738 in
3033 1683 3213 1739 animo
3261 1691 3317 1738 et
3359 1685 3694 1740 conscientia

2091 1775 2328 1847 delinqui
2355 1775 2604 1831 dominus
2643 1775 2796 1832 dixit.
2837 1777 2914 1841 Si,
2958 1776 3129 1846 inquit
3183 1775 3455 1844 (Mallia,
3496 1776 3564 1846 ν,
3595 1777 3692 1850 28)

388 1881 586 1938 oblatio
631 1896 750 1937 mea
781 1879 866 1935 vel
911 1878 1152 1950 operatio
1196 1875 1467 1932 idolorum
1511 1874 1684 1931 honor
1714 1874 1849 1942 erit,
1893 1890 1988 1944 per
2015 1865 2065 1926 B
2092 1869 2526 1938 concupiscentia
2551 1867 2634 1940 (Ii)
2660 1869 2743 1924 vel
2770 1867 2972 1924 malitia
3002 1869 3054 1922 in
3083 1880 3178 1925 cor
3212 1867 3446 1926 hominis
3487 1883 3688 1925 ascen-

389 1989 510 2045 qua:
566 1971 956 2030 benedictionis
1035 1971 1264 2040 gratiam
1333 1977 1645 2039 compensat
1713 1967 1818 2038 (5).
1855 1965 1975 2042 Cur

368 2076 569 2139 _autem
620 2081 728 2121 non
772 2064 909 2121 sciat
938 2078 1025 2119 me
1057 2063 1152 2117 Dei
1203 2076 1394 2116 caussa
1424 2059 1648 2126 fecisse,
1675 2068 1737 2116 ut
1765 2068 1819 2114 et
1845 2059 1986 2114 Deus

390 2161 572 2232 potius
597 2160 959 2232 glorificatur,
979 2165 1034 2213 et
1059 2157 1324 2210 dzemonia
1357 2169 1461 2208 non
1491 2154 1824 2209 honorentur
1843 2153 1896 2208 in
1920 2168 1985 2209 eo

387 2252 527 2326 quod
552 2261 768 2323 propter
794 2251 958 2305 Deum
978 2248 1108 2304 feci?
1134 2249 1271 2302 Deus
1295 2244 1438 2302 videt
1459 2245 1538 2317 (4)
1555 2245 1803 2315 quoniam
1827 2260 1987 2315 prop-

389 2354 473 2402 ter
493 2345 664 2416 ipsum
698 2343 796 2398 feci
826 2361 839 2398 :
870 2341 1067 2412 pariter
1094 2340 1239 2394 videt
1273 2342 1530 2410 quoniam
1560 2347 1781 2409 propter
1808 2338 1982 2407 ipsum

387 2435 580 2492 fecisse
607 2452 694 2491 me
722 2435 865 2491 nolui
888 2433 1175 2489 ostendere
1197 2474 1212 2498 ,
1240 2442 1292 2488 et
1320 2440 1648 2502 prmeeptum
1673 2429 1790 2500 ejus
1811 2430 1984 2485 idolo-

387 2531 602 2602 thytum
627 2528 1022 2601 quodammodo
1049 2527 1172 2583 feci.
1197 2525 1341 2580 Multi
1362 2525 1563 2580 dicunt:
1581 2523 1779 2579 «Nemo
1804 2539 1864 2581 se
1884 2523 1982 2580 de-

389 2621 482 2678 bet
511 2623 844 2693 promulgare
866 2629 1056 2691 :rputo
1077 2629 1276 2685 autem,
1300 2632 1400 2674 nec
1427 2631 1641 2688 negare;
1665 2624 1823 2686 negat
1841 2616 1983 2672 enim

387 2716 714 2787 quicumque
737 2713 1038 2770 dissimulat
1067 2711 1137 2785 (ε)
1157 2753 1172 2777 ,
1219 2710 1271 2765 in
1296 2723 1632 2781 quacumque
1671 2723 1864 2766 caussa
1889 2722 1988 2778 pro

385 2807 604 2862 cthnico
633 2805 862 2860 habitus.
902 2803 972 2860 Et
1013 2803 1198 2874 utique
1233 2801 1409 2858 omnis
1453 2800 1704 2872 negatio,
1750 2799 1986 2856 idolola-

386 2899 486 2954 tria
510 2907 614 2966 est,
637 2900 776 2954 sicut
803 2897 980 2955 omnis
1003 2895 1306 2954 idololatria
1329 2893 1564 2967 negatio,
1595 2892 1710 2950 sive
1731 2891 1788 2951 in
1807 2891 1984 2960 factis,

385 2993 503 3054 sive
529 2995 586 3050 in
610 2991 810 3050 verbis.

591 3077 594 3080 ’
645 3090 648 3095 “
947 3082 1179 3140 CAPUT
1227 3081 1418 3139 XXIII.

2090 1959 2268 2024 derit,
2301 1976 2400 2031 pro
2432 1959 2571 2015 facto
2623 1958 2954 2032 teneris.(7).
2987 1958 3186 2015 Cavisli
3249 1960 3409 2033 igitur
3453 1959 3598 2030 quod
3635 1961 3694 2018 in

2090 2068 2186 2108 cor
2215 2063 2362 2109 tuum
2394 2054 2552 2124 plane
2579 2054 2860 2120 ascendit,
2892 2052 3037 2123 quod
3082 2068 3260 2124 neque
3307 2053 3586 2124 ignorasse
3629 2061 3686 2109 te

2089 2146 2420 2203 contendere
2472 2157 2626 2216 potes
2680 2142 2801 2220 (8),
2857 2160 3030 2216 neque
3083 2146 3341 2201 noluisse.
3388 2144 3523 2201 Nam
3569 2159 3697 2200 cum

2089 2253 2330 2306 caveres,
2350 2238 2497 2293 scisti
2519 2255 2532 2291 :
2557 2253 2678 2292 cum
2702 2237 3084 2308 scires,utique
3104 2237 3338 2304 voluisti,
3353 2246 3408 2293 et
3431 2237 3697 2310 haeres(9)

2091 2340 2200 2384 tam
2231 2330 2283 2383 in
2337 2328 2478 2384 facto
2505 2343 2668 2400 qitam
2715 2330 2987 2397 cogitatu,
3019 2343 3120 2384 nec
3159 2337 3312 2399 potes
3342 2329 3542 2385 leviore
3590 2329 3698 2385 cri-

2086 2424 2234 2479 mine
2263 2422 2434 2492 majus
2465 2419 2582 2494 (10)
2613 2411 2962 2490 εχοιιιόει-θ,’
2992 2430 3053 2476 ιιι
3097 2422 3246 2476 dicas
3291 2422 3485 2477 falsum
3539 2422 3698 2494 plane

2089 2515 2250 2584 efﬁci,
2279 2517 2522 2572 cavendo
2550 2516 2692 2588 quod
2719 2531 2825 2571 non
2850 2515 3002 2572 facis.
3044 2536 3064 2570 ι
3087 2516 3290 2572 Tamen
3315 2532 3423 2572 non
3467 2519 3698 2588 negavi,

2088 2612 2212 2684 quia
2241 2625 2348 2666 non
2375 2610 2607 2681 juravi.»
2641 2609 2755 2666 Imo
2784 2610 2886 2666 etsi
2915 2609 3048 2664 nihil
3073 2610 3183 2665 tale
3215 2609 3436 2666 fecisses
3457 2651 3472 2676 ,
3514 2617 3699 2666 tamen

2089 2705 2352 2762 dicereris
2395 2705 2645 2775 deierare
2672 2705 2718 2759 si
2745 2703 3110 2760 consenseris.
3168 2702 3289 2760 Non
3339 2702 3485 2760 valet
3533 2703 3697 2761 tacita

2091 2815 2196 2856 vox
2241 2800 2297 2855 in
2346 2799 2522 2870 stylo,
2551 2807 2606 2854 et
2649 2806 2830 2854 mutus
2872 2797 2940 2853 in‘
2967 2797 3162 2853 litteris
3210 2812 3399 2853 sonus.
3429 2797 3501 2852 fit
3543 2797 3695 2853 enim

2091 2893 2271 2967 (Luc.,
2293 2892 2350 2963 I)
2379 2891 2666 2950 Zacharias
2689 2889 2970 2961 temporali
2991 2889 3138 2945 vocis
3165 2889 3446 2945 orbatione
3465 2888 3697 2946 mulcta-

2090 2994 2196 3051 tus,
2225 3000 2348 3040 cum
2374 2984 2558 3040 animo
2577 2982 2880 3040 collocutus
2902 2982 3139 3054 linguam
3166 2981 3372 3039 irritam
3394 2979 3458 3054 (i)
3476 2982 3690 3047 transit,

2091 3077 2339 3135 manibus
2389 3076 2502 3132 suis
2557 3089 2587 3129 a
2638 3074 2803 3130 corde
2853 3074 3052 3142 dictat,
3097 3082 3155 3130 et
3186 3088 3386 3129 nomen
3431 3073 3529 3128 lilii
3573 3073 3694 3132 sine

457 3179 562 3238 Sed
611 3185 697 3235 est
751 3176 996 3250 quaedem
1039 3175 1305 3248 ejusmodi
1364 3172 1572 3246 species
1617 3173 1672 3230 in
1738 3171 1880 3230 facto
1933 3181 2061 3248 etc
2092 3186 2190 3229 ore
2215 3170 2560 3242 pronuntiat,
2609 3169 2845 3240 loquitur
2875 3167 2929 3225 in
2974 3166 3152 3239 stylo,
3207 3166 3421 3222 auditur
3461 3165 3520 3222 in
3566 3181 3693 3224 cera

388 3271 444 3328 in
492 3271 694 3337 verbo,
725 3271 808 3328 bis
858 3269 943 3342 (5)
987 3278 1145 3328 acuta
1201 3276 1259 3325 et
1306 3267 1500 3324 infesta
1551 3265 1839 3338 utrinque,
1866 3266 1990 3323 licet

389 3365 485 3422 tibi
533 3361 865 3430 blandiatur,
909 3363 1063 3435 quasi
1102 3368 1255 3417 vacet
1306 3359 1363 3416 in
1411 3367 1665 3429 utroque,
1706 3357 1835 3414 dum
1876 3357 1992 3415 fac-

392 3465 508 3516 tum
531 3473 640 3516 non
659 3455 870 3514 videtur
886 3498 905 3526 ,
928 3455 1053 3530 quia
1069 3454 1269 3512 dictum
1296 3466 1407 3511 non
1433 3460 1672 3510 tenetur.
1698 3451 1988 3510 Pecuniam

2095 3279 2284 3320 manus
2309 3263 2458 3320 omni
2485 3276 2620 3320 sono
2646 3262 2842 3320 clarior
2858 3303 2875 3330 ,
2923 3261 3104 3319 littera
3130 3261 3278 3317 omni
3305 3275 3404 3317 ore
3427 3258 3689 3317 vocalior.

2095 3359 2287 3428 Quaere
2314 3373 2383 3413 an
2407 3357 2638 3424 dixerit,
2664 3357 2754 3428 qui
2781 3355 2985 3412 dixisse
3029 3361 3338 3425 compertus
3375 3361 3480 3410 est.
3510 3353 3692 3410 Domi-

2091 3469 2220 3508 num
2251 3465 2469 3508 oremus
2496 3465 2565 3508 ne
2590 3464 2695 3524 qua
2724 3463 2825 3507 nos
2848 3446 3116 3520 ejusmodi
3155 3454 3466 3504 contractus
3505 3459 3694 3504 neces-

1622 3544 2003 3608 LECTIONES
2038 3543 2456 3612 VARIANTES.

459 3643 526 3773 tl
562 3643 1084 3773 summa

478 3709 524 3761 2i
562 3709 614 3759 Si
637 3711 712 3761 cui
745 3709 1060 3760 WoqufS.

478 3767 530 3834 5)
565 3771 906 3844 Compensant,
937 3767 1087 3843 Sami.

478 3835 526 3964 si
560 3830 1509 3964 ἕιθξέειὶθξέξξιεξι-ςξξξιεπῐξξίεὲὶςξί⁸·

456 3895 526 3964 (5)
560 3897 616 3948 In
639 3896 764 3948 facto
787 3903 840 3946 et
859 3896 910 3944 in
929 3895 1111 3952 verbis,
1132 3902 1294 3948 acute.
1318 3895 1426 3957 Εἰς.

456 3962 525 4027 (6)
562 3960 656 4012 Hic
679 3972 777 4024 ego
800 3959 988 4012 Wouw.
1014 3959 1124 4011 MS.

2176 3639 2225 3698 7)
2263 3638 2449 3689 Teucri
2480 3637 2666 3698 Wauw.
2693 3636 2806 3689 HS.

2176 3697 2228 3764 8)
2261 3701 2436 3753 Potest
2483 3697 2691 3764 Seuder.

2086 3760 2403 3839 “alites
2449 3760 2600 3839 S‘i’?’.‘-
2785 3823 2873 3839 -._

2087 3820 2277 3944 ἐξῧᾶ
2289 3826 2444 3895 idajus
2487 3827 2592 3880 Lat.
2613 3826 2739 3880 Jun.
2778 3823 2892 3894 Ilia.
2916 3823 3060 3890 ἰσων·
3085 3832 3258 3888 manus
3278 3820 3433 3882 Mat.
3467 3823 3692 3890 Fraueq.

1763 4038 2320 4106 COMMENTARIUS.

461 4140 616 4198 CAP.
637 4139 784 4198 XXI.
815 4171 886 4182 --
908 4137 984 4214 (a)
1009 4137 1373 4214 Disciplinam.
1402 4135 1627 4214 semper
1654 4132 1903 4214 haec_vox
1934 4137 1986 4214 in

391 4212 494 4269 hoc
524 4214 639 4268 viro
660 4221 812 4268 nOtat
836 4205 943 4267 non
965 4205 1292 4281 simpliciter
1319 4209 1675 4281 disciplinam,
1703 4205 1991 4281 seddisci-

391 4287 593 4410 ριίιιῗιη
622 4285 970 4351 severiorem,
997 4291 1056 4338 ut
1080 4278 1242 4340 etiam
1276 4282 1330 4338 in
1357 4280 1627 4353 Cypriano
1650 4279 1783 4336 locis
1804 4278 1988 4336 inlini-

392 4368 482 4410 tts.
565 4371 648 4410 ac.

392 4368 482 4411 υς.
520 4368 648 4411 LAC.

462 4426 618 4480 CAP.
646 4424 888 4480 XXII.—
911 4422 1097 4497 (b)rVel
1119 4425 1332 4487 colonia:
1355 4421 1683 4497 geniunt_.‘ln_
1701 4422 1991 4497 marmor}

393 4497 497 4552 bus
511 4497 745 4564 antiquis
757 4493 1394 4560 exstant'iuscriptiones’:
1413 4493 1619 4551 GENIO
1645 4493 1988 4551 COL‘DNIIE.

395 4567 606 4623 GENIO
653 4565 993 4622 MUNICIPII.
1043 4565 1253 4622 GENIO
1281 4565 1454 4620 LOCI.
1483 4563 1695 4621 GENIO
1724 4564 1988 4634 FONTIS,

390 4638 504 4694 imo
525 4648 580 4693 et
608 4637 815 4694 GENIO
857 4636 1307 4699 HORREORUM,
1336 4647 1440 4691 etc.
1467 4636 1590 4693 Bne.

469 4678 896 4783 ῖεςῑνῑάῖι·
905 4678 1755 4783 ῖιῖεῖιῑηῑάῑιξῖίεξςῖιξῑιῖεζιρςυε
1769 4707 1993 4783 insignis
2014 4678 2070 4739 D

393 4777 580 4838 contra
611 4777 975 4846 simulatores,
1005 4787 1059 4836 et
1090 4777 1488 4850 quodammodo
1534 4778 1855 4850 lihellalicos
1879 4777 1995 4850 (cu-

389 4855 562 4927 jusvis
597 4853 819 4927 anatis),
863 4852 951 4922 qui
981 4849 1227 4927 excusari
1243 4866 1304 4906 se
1333 4849 1585 4927 credunt,
1618 4850 1662 4902 si
1695 4849 1813 4927 loco
1835 4849 1996 4927 jura-

394 4921 586 4992 inenti,
638 4921 786 4995 quod
835 4921 1021 4980 centra
1076 4921 1235 4976 fidem
1277 4931 1331 4976 ct
1374 4921 1707 4995 Religionem
1757 4922 1998 4976 christia-

396 5014 521 5124 :3!“
567 4991 818 5067 exigitur,
858 4995 1203 5052 simulatione
1230 4991 1672 5065 quapiam'aliud
1713 5001 1992 5064 przestent.

443 5085 536 5124 sl.

443 5085 536 5124 ΔΙ.

471 5139 622 5194 CAP.
647 5137 991 5211 XXIII.—(d)
1011 5136 1120 5193 Sub
1142 5136 1438 5211 pignoribus
1464 5135 1694 5211 ﬁduciati
1710 5135 1876 5206 jurati
1903 5151 1994 5211 ca:

400 5220 534 5283 vent,
564 5221 611 5283 et
634 5212 707 5265 sic
734 5206 932 5283 negant
954 5211 1104 5283 scire.
1135 5206 1384 5283 Cr'editor
1413 5206 1678 5283 ethnicus
1731 5206 1997 5283 mutuanti

400 5280 694 5353 christiano
732 5279 1012 5353 pecuniam
1052 5280 1200 5336 dedit
1237 5281 1335 5337 sub
1375 5279 1692 5353 pignoribus
1714 5289 1768 5335 et
1792 5280 2001 5353 jureju-

399 5350 868 5409 rando.Confectis
898 5353 1157 5409 iiduciarii
1184 5350 1492 5424 contractus
1536 5350 1726 5406 tabulis
1754 5350 2000 5424 praeseri-

400 5433 549 5496 ptum
578 5433 694 5492 est,
722 5425 850 5496 quid
889 5425 1212 5493 praediorum
1241 5423 1536 5496 obligaret;
1566 5423 1825 5496 prmterea
1868 5437 1998 5496 vero

400 5494 526 5567 quid
548 5494 774 5566 jurarei.
801 5495 976 5551 Iurari
993 5503 1170 5549 autem
1200 5494 1436 5563 Oportuit
1454 5494 1714 5567 quodsibi
1729 5495 2002 5567 jurarivo-

399 5564 576 5624 fuerat
610 5567 862 5631 creditor,
893 5567 1104 5636 propria
1123 5564 1523 5634 superstitione.
1553 5564 1887 5624 Christianus
1908 5565 2003 5620 lin-

399 5655 502 5709 gua
545 5654 651 5692 non
678 5638 900 5708 juravit,
929 5637 1024 5691 sed
1053 5636 1261 5709 tabulas
1293 5647 1456 5693 testes
1477 5637 1822 5709 jurisjurandi
1855 5637 2000 5706 quod

401 5708 641 5790 creditor
656 5717 906 5790 exegerat
933 5709 1178 5790 signavit.
1201 5708 1468 5775 Quaeritur
1484 5725 1548 5790 an
1573 5708 1886 5790 idololatriae
1902 5709 2010 5790 cri-

403 5782 550 5836 mine
572 5780 850 5835 tcneatnr?
872 5780 1088 5834 Debitor
1118 5789 1274 5848 negat
1291 5795 1348 5833 se
1373 5782 1559 5838 teneri.
1582 5796 1645 5833 eo
1663 5780 1782 5849 quia
1802 5783 2000 5835 cautio-

403 5854 488 5908 nis
501 5867 597 5908 seu
622 5852 824 5907 liducim
852 5851 1261 5905 instrumentum
1289 5851 1597 5922 signaverit,
1620 5869 1724 5905 non
1746 5853 1999 5922 inquisito

404 5939 583 5998 neque
614 5922 886 5985 intellecto
910 5922 1038 5996 quid
1064 5931 1210 5984 esset
1231 5937 1331 5996 pro
1350 5921 1703 5998 jurejurando
1725 5921 1996 5996 prc'scripg

2096 4147 2231 4194 tum.
2260 4136 2622 4193 Tertullianus
2645 4145 2860 4203 contra,
2889 4135 3060 4193 teneri
3091 4136 3185 4190 ait.
3215 4133 3350 4191 Nam
3374 4148 3496 4191 cum
3522 4147 3685 4192 cave-
3718 4200 3721 4204 1

2093 4225 2204 4275 res,
2237 4210 2430 4280 inquit,
2459 4209 2628 4265 scisti.
2654 4208 2940 4264 Ethnicum
2966 4207 3170 4264 scilicet
3193 4207 3519 4263 creditorem
3546 4221 3692 4265 com-
3714 4207 3719 4220 ”

2092 4282 2345 4338 modasse
2378 4281 2470 4336 tibi
2503 4282 2781 4350 pecuniam
2812 4295 2872 4334 ea
2906 4281 3042 4350 lege,
3071 4289 3131 4334 ut
3167 4293 3388 4336 caveres
3415 4288 3468 4334 et
3498 4281 3689 4350 pigno-

2091 4353 2244 4410 ribus
2271 4364 2327 4410 et
2360 4351 2732 4424 jurejurando.
2761 4351 2832 4408 Et
2857 4366 2984 4408 cum
3009 4353 3200 4418 scires,
3235 4351 3417 4422 utique
3445 4351 3683 4478 vgluisti.

3521 4439 3613 4478 an.

3521 4439 3613 4478 ΑΙ.

2167 4493 2243 4569 (e)
2271 4495 2444 4569 ζειν-ιιιὶ
2471 4503 2667 4552 cavent.
2695 4495 2810 4552 Non
2839 4493 3410 4569 solumjureconsulti,
3455 4496 3548 4548 sed
3580 4506 3695 4561 pas-

2093 4567 2195 4622 sim
2223 4566 2328 4646 '_alii
2371 4569 2522 4624 latini
2565 4577 2838 4646 auctores,
2894 4567 3098 4622 similes
3121 4566 3528 4642 _schedulas_aut
3545 4580 3686 4646 syn-

2091 4637 2326 4710 graphus
2373 4647 2568 4694 vocant
2621 4639 2898 4695 cautiones
2923 4656 2936 4692 :
2967 4648 3022 4694 et
3053 4648 3230 4693 cavent
3260 4655 3280 4704 ;
3333 4637 3454 4706 quia
3479 4635 3691 4691 scilicet

2096 4713 2452 4837 savenruslita
2482 4711 2659 4780 nobis,
2689 4721 2748 4768 et
2773 4710 3047 4768 reddimur
3074 4711 3272 4778 securi,
3301 4723 3424 4764 cum
3445 4716 3690 4762 mutuum

2135 4796 2308 4836 auius.
2397 4797 2484 4837 AC.

2135 4796 2308 4836 auius.
2351 4796 2484 4839 LAC.

2172 4851 2239 4924 (Γ)
2271 4851 2476 4924 Negant
2501 4855 2652 4910 scire.
2681 4854 2831 4912 Hauc
2853 4853 3170 4924 scripturam
3197 4851 3531 4908 verissimam
3545 4863 3690 4924 esse,

2101 4921 2297 4980 ducant
2354 4921 2475 4996 qua:
2529 4937 2848 4995 sequuntur.
2891 4921 3034 4980 Nam
3079 4941 3196 4979 cum
3243 4938 3472 4989 caveres,
3512 4921 3692 4976 scisti:

2101 5013 2214 5070 cum
2236 4997 2424 5070 _sci_res,
2464 4999 2649 5070 utique
2674 4997 2894 5053 voluisti.
2925 4998 3046 5054 Ric-

2175 5067 2254 5192 ag)
2298 5062 2588 5125 Prdscribit
2613 5069 2845 5126 Christus
2878 5085 2982 5123 non
3007 5083 3116 5137 esse
3137 5065 3439 5136 iurandum.
3459 5062 3582 5121 Non
3610 5064 3697 5120 in-

2175 5143 2178 5192 i
2207 5143 2351 5192 icere
2383 5152 2658 5192 auctorem
2680 5142 2824 5192 omni
2853 5140 3153 5192 iuramento
3183 5136 3498 5192 simpliciter
3525 5136 3694 5192 absti-

2106 5136 2351 5208 telligere
2383 5152 2658 5197 auctorem
2680 5142 2824 5196 omni
2847 5136 3153 5211 juramento
3183 5136 3498 5211 simpliciter
3525 5136 3694 5194 absti-

2101 5211 2356 5283 nendum,
2381 5223 2527 5280 patet
2550 5213 2634 5268 vel
2659 5228 2726 5268 ex
2755 5208 2975 5283 Apolog.
3001 5227 3052 5267 c.
3073 5208 3164 5264 52.
3201 5209 3334 5283 Patr.

2168 5280 2256 5358 (li)
2275 5279 2583 5358 _Si._’iuqaa't,
2611 5279 3035 5358 concupiscentia.
3057 5283 3190 5338 Cum
3240 5281 3352 5354 ipsa
3379 5280 3496 5358 haec;
3534 5279 3698 5358 verba

2101 5353 2156 5410 iu
2185 5352 2246 5409 δὲ
2266 5352 2562 5424 ,δαιτίριιὶι-ιε
2579 5354 2824 5423 reperire
2854 5354 3113 5409 hactenus
3143 5352 3547 5422 non'potuerim
3567 5395 3582 5418 ,
3613 5352 3697 5424 vi-

2103 5425 2262 5480 detur
2289 5422 2421 5478 mihi
2461 5427 2517 5480 in
2563 5422 2944 5495 compendium
2981 5425 3312 5480 contraxisse
3355 5424 3484 5479 illud
3511 5422 3694 5479 Ecclec

2103 5497 2254 5552 siast.
2279 5495 2322 5550 γ
2346 5495 2460 5568 εγΝθ
2485 5497 2728 5568 sequaris
2757 5497 2812 5552 in
2843 5495 3159 5568 fortitudine
3189 5504 3279 5550 tua
3305 5497 3696 5568 concupiscen-

2105 5569 2232 5642 tiam
2258 5567 2443 5642 cordis
2469 5566 2595 5642 _tu_i',
2636 5575 2692 5622 et
2716 5583 2786 5623 ne
2817 5567 3056 5624 dixeris:
3087 5566 3366 5642 Quomodo
3391 5568 3561 5642 potui,
3607 5571 3700 5642 aut

2101 5640 2224 5764 ﬂuis
2255 5653 2340 5692 me
2359 5638 2609 5721 subjiciat
2633 5648 2855 5709 propter
2881 5642 3019 5722 facta
3051 5639 3204 5693 mea?
3237 5637 3544 5721 Deus'enim
3574 5637 3697 5690 vin-

2145 5725 2290 5764 tcans
2320 5710 2627 5764 vmdtcabtt.
2657 5713 2760 5764 Aut
2785 5721 2963 5764 notius
2988 5711 3112 5764 Illud
3143 5725 3287 5764 smne
3312 5719 3532 5764 cnlatum
3557 5707 3695 5764 allu-

2145 5713 2290 5766 icans
2320 5707 2760 5780 vindicabitJAu't
2785 5712 2963 5780 potius
2988 5711 3112 5766 illud
3143 5725 3287 5780 saepe
3312 5713 3532 5765 citatum
3557 5707 3695 5766 allu-

2091 5780 2394 5862 dit-blatta
2429 5779 2473 5835 γ
2501 5799 2515 5834 :
2539 5782 2636 5862 Qui
2656 5779 2851 5862 viderit
2880 5779 3312 5862 mulierem,_etc.
3342 5783 3479 5840 ΡΑιι.

2288 5851 2539 5934 Linguam
2557 5855 2777 5934 irritam
2812 5857 3012 5917 transit.
3053 5853 3321 5916 lrretitatn
3371 5863 3426 5916 et
3464 5852 3701 5917 residem

2105 5923 2238 5986 nihil
2261 5932 2524 5985 moratur.
2553 5924 2675 5988 Rts.
