4150 6352
374 349 3617 367 __.__.___._____.__________.______-_____.______________._____.

798 500 950 578 AD
1053 497 1442 573 LIBROS
1512 489 2332 574 APOLOGETICOS
2463 489 3064 581 APPENDIX,

934 644 1495 762 LIBER
1568 646 1830 812 an
1914 640 2942 777 scarum.

1944 817 2092 872 ΘΕΩ

1433 914 1996 979 ARGUMENTUM
2035 915 2140 978 ET
2184 911 2610 976 SYNOPSISJ

436 1046 569 1103 Dee

364 1131 510 1173 anno
539 1115 682 1182 205,
726 1115 1161 1183 ειΤει-ιιιΙΙίευοζ
1199 1116 1402 1174 editum
1459 1115 1623 1172 fuisse
1668 1115 1960 1170 'Pamelius

363 1197 418 1243 et
467 1189 727 1246 Baronius
794 1189 1165 1254 tradiderunt;
1227 1188 1349 1248 alii.
1379 1202 1510 1243 vero
1566 1186 1665 1242 sub
1704 1185 1954 1257 Helioga-

361 1259 487 1332 balo
530 1263 886 1332 imperatore,
918 1276 1061 1316 anno
1081 1261 1208 1316 ενι.
1244 1259 1612 1332 V’erosimjlius
1627 1268 1810 1332 tamen
1831 1259 1955 1332 _hoc

361 1328 683 1388 inter-medio
710 1334 983 1404 tempore.
997 1342 1052 1387 et
1076 1333 1216 1387 circa
1245 1346 1444 1404 annum
1460 1329 1599 1404 212,
1623 1328 1958 1404 idzaccidisse

359 1404 607 1469 videtur,
642 1419 764 1458 cum
796 1401 1004 1460 scilicet
1027 1413 1144 1473 post
1175 1402 1345 1473 patris
1386 1401 1764 1457 obitumsolus
1791 1402 1958 1473 impe-

360 1483 507 1546 raret
542 1473 814 1531 Caracalla
843 1492 858 1529 :
887 1471 1056 1546 quare
1085 1471 1242 1529 unius
1282 1482 1485 1546 tantum
1530 1471 1865 1546 imperatoris
1891 1485 1958 1524 eo

359 1544 416 1600 in
447 1545 582 1601 libro
611 1547 860 1601 meminit
889 1543 1162 1600 z'Colimus
1191 1543 1694 1617 ergouimperatorem
1719 1543 1812 1606 sic,
1834 1557 1959 1617 quo-

361 1618 515 1670 modo
539 1626 586 1671 et
615 1618 756 1673 nobis
775 1618 924 1682 licet,
955 1627 1002 1671 et
1029 1617 1132 1684 ipsi
1157 1611 1394 1684 expedit,
1412 1611 1477 1668 'ut
1508 1611 1760 1668 hominem
1786 1630 1820 1666 a
1847 1611 1960 1667 Deo

361 1689 640 1742 secundum
656 1706 677 1751 ;
695 1698 748 1744 et
778 1689 970 1744 iterum
995 1706 1010 1742 :
1036 1684 1220 1758 Itaque
1239 1697 1288 1741 et
1311 1687 1777 1758 sacriﬁcamusgpro
1793 1684 1962 1739 salute

363 1758 716 1828 imperatoris;
741 1761 828 1814 sed
853 1758 965 1813 Deo
990 1755 1182 1828 nostro,
1215 1767 1262 1812 et
1286 1759 1468 1827 ipsius.
1498 1758 1626 1810 Post
1651 1755 1957 1828 diuturnam

363 1827 496 1885 vero
537 1832 966 1898 persecutionem
987 1872 1002 1894 ,
1025 1845 1146 1900 quae
1185 1830 1286 1884 sub
1323 1828 1507 1900 Severi
1536 1827 1760 1897 imperio
1785 1828 1958 1900 conti:-

362 1901 474 1972 git,
503 1897 618 1958 haec
645 1902 1029 1959 Tertullianum
1045 1897 1346 1972 scripsisse
1387 1898 1514 1956 inde
1533 1907 1750 1972 constat
1769 1941 1787 1972 η
1812 1897 1956 1972 quod

363 1969 602 2044 quinque
646 1973 994 2044 proconsules
1037 1969 1320 2044 numeret,
1360 1986 1391 2044 a
1435 1971 1634 2044 quibus
1677 1969 1958 2044 christiani

365 2040 542 2098 vexati
570 2040 800 2110 fuerant,
830 2045 1028 2114 quique
1047 2059 1168 2098 cum
1200 2043 1251 2107 in
1275 2040 1792 2114 variasiincidissent
1814 2040 1957 2096 cala-

367 2114 611 2179 mitates,
643 2115 833 2170 horum
849 2111 1102 2184 exemplo
1130 2114 1414 2183 Scapulam
1438 2154 1454 2179 ,
1483 2120 1542 2166 ut
1572 2111 1674 2184 sibi
1707 2122 1956 2184 caveret,

366 2185 620 2258 hortatur
640 2203 657 2254 ;
679 2202 801 2243 cum
829 2182 1094 2258 praecipue
1111 2182 1617 2258 portentagquazd‘am
1637 2182 1960 2258 Carthagine

367 2257 482 2326 visa
537 2255 1008 2319 fuerint,‘s'tatim'
1045 2257 1297 2312 ae‘idem
1351 2255 1960 2326 Scapula'provinciam

368 2325 646 2398 ingressus
664 2359 690 2395 ,-
713 2329 983 2385 Mavilium
1031 2326 1435 2398 Adrumeticum
1464 2325 1833 2381 christianum
1864 2325 1962 2381 ho-

371 2397 571 2454 minem
599 2399 669 2457 ab
703 2399 903 2457 bestias
937 2399 1286 2455 damnaverat
1313 2417 1328 2454 :
1367 2397 1480 2452 Tibi
1507 2413 1702 2467 quoque
1729 2407 1964 2466 optamus

575 1047 742 1117 pocba
785 1046 902 1118 libri
941 1046 1010 1102 ad
1038 1044 1324 1118 Scapulam
1349 1042 1615 1118 dissident
1637 1043 1829 1118 eruditi
1851 1057 1960 1118 ,_ac
1985 1043 2037 1104 Α
2066 1040 2324 1118 gaudeant
2370 1039 2650 1118 christiani.
2699 1040 2889 1118 Postea
2925 1053 3126 1118 cognito
3155 1063 3322 1104 errore
3349 1061 3442 1101 suo
3462 1083 3477 1108 ,
3517 1039 3652 1112 quod

2049 1113 2321 1190 tormentis
2345 1113 2588 1190 quosdam
2603 1129 2636 1164 a
2653 1113 3023 1190 propositosu'o
3045 1123 3275 1175 excidere
3291 1119 3506 1190 fecisset.
3530 1127 3654 1179 ncne

2065 1183 2620 1258 christianusdecessit.
2640 1183 2871 1258 Ctecilius
2891 1187 3100 1258 Capella
3123 1195 3176 1248 in
3195 1183 3438 1246 illo'exitu
3453 1186 3654 1255 Byson-

2060 1257 2166 1309 tino
2189 1297 2204 1321 ,
2237 1255 2556 1315 christianos,
2584 1257 2815 1324 gaudete,
2839 1255 3155 1317 declamavit.
3185 1263 3289 1318 Sed
3312 1271 3356 1314 et
3384 1259 3466 1326 qui
3489 1258 3655 1310 viden-

2063 1327 2268 1401 tur_sibi
2287 1327 2499 1401 impune
2516 1329 2698 1401 tulisse
2717 1330 2955 1401 ,_venie'nt
2978 1333 3031 1385 in
3060 1335 3192 1389 diem
3221 1333 3379 1387 divini
3401 1328 3608 1401 judicii.

2133 1397 2428 1453 Praesidum
2457 1398 2638 1460 etiam,
2667 1399 2758 1468 qui
2785 1401 2836 1453 in
2855 1399 3188 1460 Christianos
3211 1397 3654 1468 mitiusegerunt,

2062 1469 2304 1540 exempla
2341 1469 2525 1523 addit:
2555 1470 2744 1536 Quanti
2789 1481 2953 1526 autem
3002 1475 3290 1539 Prazsides,
3333 1484 3379 1528 et
3420 1481 3657 1525 constan-

2052 1543 2302 1616 tiores,_et
2318 1540 2624 1616 crudeliores
2636 1541 3076 1600 dissimulaverunt
3105 1549 3165 1602 ab
3189 1544 3481 1616 hujusmodi
3506 1556 3657 1595 caus-

2062 1614 2134 1690 s_i_s
2157 1612 2204 1665 θ’
2227 1610 2296 1666 Ut
2338 1611 2541 1690 Cincius
2579 1613 2817 1690 Severus.
2848 1616 2933 1683 qui
2959 1616 3151 1690 Thistri
3182 1610 3288 1690 ipse
3326 1616 3464 1690 dedit
3489 1626 3655 1690 reme-

2063 1683 2511 1755 dium,_quor_nodo
2543 1686 2901 1754 responderent
2925 1683 3212 1755 christiani,
3244 1699 3297 1743 ut
3325 1685 3509 1741 dimitti
3541 1699 3657 1755 pos-_

2060 1765 2191 1810 sent.
2218 1753 2303 1829 _Ut
2342 1753 2654 1829 Vespronius
2689 1755 2980 1823 Candidus,
3012 1762 3101 1829 qui
3143 1753 3659 1829 christianumquasi

2062 1827 2428 1902 tumultuosum
2453 1825 2640 1881 civibus
2666 1829 2793 1902 _suis_
2820 1825 3112 1902 satisfacere
3135 1833 3346 1886 dimisit.
3379 1829 3446 1884 Ut
3471 1827 3652 1893 Asper,

2061 1900 2147 1968 qui
2171 1898 2369 1974 modice
2390 1907 2630 1974 vexatum
2657 1898 2954 1974 hominem,
2971 1911 3017 1956 et
3053 1905 3226 1958 statim
3257 1903 3506 1974 dejectum
3523 1911 3659 1974 ,_nec

2060 1970 2374 2036 sacriﬁcium
2406 1970 2652 2037 compulit
2676 1973 2845 2048 [acere
2862 1971 3020 2048 ,‘ante
3043 1969 3470 2048 professns'inter
3493 1969 3658 2024 advo-

2059 2051 2201 2094 catos
2225 2051 2277 2094 et
2314 2056 2622 2104 assessores,
2651 2042 2822 2095 dolere
2845 2059 2898 2096 se
2924 2042 3162 2102 incidisse
3186 2047 3239 2100 in
3267 2047 3396 2099 hanc
3424 2053 3655 2097 causam.

2063 2110 2274 2186 Pudens
2295 2113 2450 2186 etiam
2478 2113 2687 2186 missum
2715 2112 2784 2165 ad
2810 2130 2864 2186 se
2891 2116 3244 2180 christianum,
3272 2118 3323 2170 in
3346 2115 3509 2186 elogio
3537 2125 3660 2186 con-

2063 2184 2295 2237 cussione
2329 2184 2442 2252 ejus
2481 2184 2764 2250 intellecta,
2796 2185 3014 2254 dimisit,
3045 2190 3202 2244 scisso
3244 2183 3656 2254 eodem—elogio.

2064 2255 2174 2309 sine
2197 2263 2491 2308 accusatore
2527 2271 2716 2325 negans
2747 2271 2801 2310 se
2834 2259 3129 2314 auditurum
3160 2261 3411 2314 hominem
3431 2298 3448 2325 ,
3474 2269 3655 2325 secuit-5

2066 2326 2188 2379 dum
2225 2325 2542 2402 mandatum.
2575 2322 2701 2402 _Ht_ec
2732 2329 2903 2402 omnia
2943 2331 3060 2398 tibi,
3085 2341 3132 2386 et
3158 2333 3220 2386 de
3248 2322 3666 2402 ofﬁcio—suggeri

2069 2409 2280 2472 possunt
2301 2437 2316 2462 ,
2336 2397 2500 2472 _et_.a_b
2542 2397 2732 2452 eisdem
2773 2395 3069 2472 advocatis,
3099 2403 3186 2472 qui
3215 2411 3262 2457 et
3283 2395 3387 2472 ipsi
3417 2395 3662 2465 bméﬁcia

368 2470 765 2543 admonitionem
807 2471 1208 2543 solamifuisse,
1238 2469 1373 2542 quod
1417 2464 1534 2543 cuni
1581 2464 1965 2543 A'drurneticum
1992 2464 2040 2526 B
2069 2464 2254 2523 habent
2296 2468 2689 2543 christianorum
2711 2510 2746 2543 ,_
2768 2469 2885 2525 licet
2915 2464 3234 2536 acclament,
3279 2464 3391 2542 qua
3440 2472 3614 2526 volunt
3642 2483 3664 2533 ς

371 2540 641 2598 Mavilium
668 2543 736 2597 ad
761 2543 946 2599 bestias
966 2540 1292 2611 damnasses,
1322 2549 1371 2597 et
1401 2541 1575 2597 statim
1617 2540 1725 2596 htec
1767 2542 1968 2596 vexatio

373 2613 643 2669 subsecuta
667 2623 764 2670 est.

445 2683 702 2753 Quaenam
729 2695 908 2744 autem
937 2685 1097 2742 fuerit
1120 2685 1210 2740 illa
1241 2684 1488 2752 vexatio,
1515 2683 1600 2739 his
1625 2683 1806 2740 verbis
1845 2697 1968 2739 nar-

374 2763 497 2828 rat:
527 2753 777 2812 Caeterum
801 2768 849 2812 et
871 2758 1030 2812 imbre
1056 2758 1181 2811 anni
1210 2756 1469 2828 prieteriti,
1497 2755 1621 2828 quid
1657 2770 1968 2828 commerue-

372 2827 444 2880 rit
469 2843 628 2896 genus
656 2829 933 2884 humanum
959 2826 1220 2900 apparuit,
1262 2826 1632 2900 cataclysmumi
1670 2826 1890 2900 scilicet,
1919 2835 1968 2900 et

372 2907 506 2953 retro
537 2900 692 2968 fuisse
717 2909 925 2972 propter
962 2896 1372 2972 incredulitates,
1397 2896 1444 2972 et
1474 2899 1766 2972 iniquitates
1794 2896 1964 2972 homi-

371 2983 494 3023 num
518 2987 538 3034 ;
563 2981 610 3044 et
639 2969 924 3044 ignes,rqui
951 2988 1110 3040 supra
1145 2971 1330 3044 angnia
1348 3043 1351 3044 ν
1370 2969 1687 3044 Carthaginis
1713 2969 1967 3044 proxime

373 3040 720 3111 pependerunt
762 3040 860 3112 per
891 3054 1106 3106 noctem,
1135 3041 1256 3110 quid
1285 3043 1464 3096 minati
1501 3043 1622 3106 sint,
1652 3040 1839 3112 sciunt,
1878 3041 1968 3108 qui

374 3113 651 3184 viderunt;
683 3124 731 3168 et
763 3111 990 3182 pristina
1020 3114 1243 3167 tonitrua
1282 3113 1404 3184 quid
1434 3111 1748 3184 sonaverint,
1777 3112 1964 3184 sciunt,

371 3184 471 3256 qui
484 3183 854 3240 obduruerunt.
885 3185 1071 3239 Omnia
1100 3185 1208 3239 hcet:
1227 3183 1373 3256 signa
1398 3193 1516 3237 sunt
1542 3183 1849 3237 imminentis
1873 3184 1967 3236 irte

372 3252 473 3307 Dei
495 3297 511 3318 ,
547 3271 699 3322 quam
727 3273 924 3313 necesse
947 3266 1046 3322 est,
1069 3252 1291 3326 quoquo'
1309 3256 1460 3309 modo
1513 3270 1776 3323 possumus
1794 3295 1810 3320 ,
1833 3262 1968 3326 utet

373 3327 750 3399 annuntiemus,
775 3339 820 3382 et
845 3325 1198 3399 prtedicemus,
1229 3338 1275 3381 et
1315 3327 1642 3396 deprecemur
1661 3326 1862 3378 interim
1884 3325 1965 3378 ιο-

375 3397 537 3480 calent
564 3414 706 3464 esse;
728 3397 1289 3480 universalenrenimft
1316 3413 1604 3480 supremam
1626 3412 1720 3450 suo
1747 3405 1970 3480 tempore

376 3472 624 3534 sentient,
656 3472 741 3536 qui
769 3471 1001 3539 exempla
1026 3471 1137 3531 eius
1179 3469 1328 3523 aliter
1366 3469 1780 3539 interpretantur.
1827 3469 1969 3539 Nam

379 3545 428 3590 et
453 3540 530 3592 sol
557 3540 643 3594 ille
668 3543 720 3595 in
748 3537 993 3595 conventu
1021 3539 1283 3605 Uticensi,
1313 3541 1531 3594 extincto
1561 3537 1708 3608 plene
1744 3537 1964 3602 lumine,

379 3608 508 3683 adeo
532 3622 816 3683 portentum
847 3616 964 3683 fuit,
995 3621 1050 3664 ut
1076 3628 1178 3665 non
1202 3613 1420 3683 potuerit
1459 3627 1522 3664 ex
1551 3607 1970 3683 Ordinariodeli-

377 3681 498 3754 quio
522 3682 614 3736 hoc
641 3685 767 3753 pati,
802 3679 995 3754 positus
1023 3683 1076 3738 in
1100 3679 1210 3754 suo
1252 3682 1550 3754 hypsomate
1571 3689 1663 3754 ,_et
1689 3679 1968 3754 domicilio.

382 3750 592 3826 [iubetis
614 3749 919 3826 astrologos.
947 3753 1150 3810 Deinde
1164 3763 1228 3826 ut
1245 3749 1527 3823 scapulam
1559 3752 1626 3826 ab
1647 3749 1970 3826 ell'undendo

378 3821 1096 3896 chrisuanorum'sanguine
1144 3821 1470 3896 deterreret,
1497 3821 1624 3894 quid
1669 3823 1810 3893 passi
1863 3822 1972 3896 sint

374 3894 462 3948 alii
508 3899 796 3966 praesides,
847 3894 1105 3953 enarrat:
1147 3895 1424 3950 Doleamus
1471 3909 1668 3949 necesse
1709 3895 1971 3966 estuquod

375 3961 524 4020 nullti
551 3969 726 4023 civitas
755 3961 958 4040 impune
984 3969 1155 4040 latura
1182 3969 1247 4022 sit
1279 3967 1542 4040 sanguinis
1579 3965 1740 4018 nostri
1764 3961 1972 4040 effusio-

375 4053 519 4102 nem,
544 4041 675 4094 sicut
725 4051 772 4094 et
822 4036 913 4095 sub
969 4039 1243 4094 llilariano
1281 4037 1511 4093 Prteside
1533 4079 1546 4103 ,
1586 4053 1702 4090 cum
1730 4036 1802 4102 Vde
1837 4037 1971 4092 areis

375 4111 755 4173 sepulturarum
791 4122 1081 4167 nostrarum
1118 4111 1517 4164 acclamassent:
1548 4108 1694 4163 Area:
1721 4124 1822 4162 non
1846 4109 1966 4164 sint.

375 4181 522 4235 Arete
555 4183 783 4256 ipsorum
818 4201 920 4237 non
947 4187 1172 4256 fuerunt,
1200 4199 1389 4256 messes
1409 4182 1543 4256 enim
1560 4197 1689 4256 suos
1697 4196 1818 4256 _non
1852 4196 1968 4250 ege-

375 4263 516 4307 runt.
546 4253 624 4308 Ac
653 4265 772 4322 post
801 4250 1056 4309 nonnulla
1085 4255 1211 4309 alibi
1244 4255 1409 4308 relata
1439 4252 1658 4307 subdit:
1687 4250 1972 4306 Possumus

376 4337 520 4390 atque
561 4333 606 4376 et
640 4327 800 4378 exitus
839 4327 1177 4392 quorumdam
1222 4324 1514 4380 Prtesidum
1565 4324 1654 4377 tibi
1697 4339 1972 4392 exponere,

376 4394 464 4460 qui
503 4393 557 4446 in
603 4393 707 4460 ﬁne
748 4397 864 4449 vita:
906 4413 1013 4450 suae
1055 4396 1308 4450 recordati
1355 4405 1472 4449 sunt
1517 4395 1805 4464 deliquisse,
1837 4394 1974 4462 quod

378 4477 639 4536 vexassent
670 4465 988 4520 christianos.
1020 4465 1266 4536 Vigellius
1283 4466 1604 4521 Saturninus
1624 4506 1640 4528 ,
1661 4465 1747 4535 qui
1778 4467 1974 4536 primus

381 4534 467 4606 hic
497 4534 725 4606 gladium
764 4536 814 4606 in
855 4553 945 4589 nos
980 4534 1101 4606 egit,
1129 4539 1322 4590 lumina
1345 4537 1530 4590 amisit.
1564 4536 1810 4591 Claudius
1841 4535 1977 4589 Iler-

381 4604 637 4658 minianus
667 4608 740 4677 in
777 4604 1136 4677 Cappadocia,
1159 4623 1275 4659 cum
1312 4608 1519 4677 indigne
1560 4608 1727 4675 ferens
1765 4623 1976 4660 uxorem

379 4691 529 4729 suam
560 4677 628 4729 ad
654 4675 787 4731 hanc
814 4675 1001 4732 sectam
1038 4678 1326 4743 transiisso,
1358 4675 1663 4732 christianos
1706 4678 1975 4732 crudeliter

380 4756 666 4812 tractasset,
695 4749 935 4816 solusque
953 4749 1004 4801 in
1031 4749 1268 4819 prtetorio
1297 4765 1389 4803 suo
1418 4758 1642 4803 vastatus
1671 4760 1828 4818 peste,
1858 4765 1974 4802 cum

379 4819 520 4874 vivus
566 4807 815 4876 vermibus
849 4807 1111 4875 'ebullis'set
1131 4837 1150 4875 :
1179 4819 1344 4874 Nemo
1383 4821 1531 4887 sciat,
1561 4807 1748 4888 aiebat,
1778 4807 1841 4874 ne
1884 4837 1974 4892 spe
1996 4807 2050 4867 Ι)

877 4915 1106 4974 CAPUT
1145 4915 1434 4972 PRIMUM.

450 5007 560 5064 Nos
631 5009 846 5081 quidem
907 5025 1081 5082 neque
1146 5010 1583 5081 expavescimus,
1637 5027 1812 5084 neque
1850 5027 1972 5082 per-

384 5101 710 5159 timescimus
770 5119 865 5171 ea,
918 5120 1039 5175 qua:
1095 5103 1163 5159 ab
1221 5104 1586 5175 ignorantibus
1676 5106 1908 5176 patimur
1959 5124 1974 5161 :

384 5207 508 5247 eum
551 5194 617 5250 ad
657 5194 796 5252 hanc
847 5206 1087 5263 sectam,
1139 5196 1324 5268 utique
1367 5206 1614 5268 suscepta
1670 5197 1978 5255 conditione

384 5284 722 5357 ejus,-pacti
779 5291 1106 5354 venerimus,
1140 5299 1222 5344 [ut
1277 5291 1436 5345 etiam
1502 5291 1710 5345 animas
1765 5300 1977 5348 nostras

381 5381 640 5436 auctorati
692 5381 746 5436 in
796 5381 893 5438 has
935 5399 1138 5455 pugnas
1179 5384 1532 5452 accedamus,
1563 5401 1628 5442 ea
1653 5401 1773 5456 quze
1836 5386 1977 5442 Deus

383 5473 713 5541 repromittit
765 5477 1016 5546 consequi
1072 5485 1336 5546 optantes,
1367 5487 1424 5534 et
1475 5492 1538 5534 ea
1586 5494 1706 5548 qua:
1749 5477 1978 5535 diversa:

383 5563 510 5620 vita:
550 5565 906 5620 comminatur
949 5568 1056 5637 pati
1101 5567 1369 5625 timentes.
1415 5570 1653 5641 Denique
1673 5586 1794 5626 cum
1828 5573 1976 5628 omni

384 5658 590 5714 saavitia
621 5668 800 5715 vestra
826 5669 1227 5732 concertamus,
1258 5663 1418 5722 etiam
1447 5664 1586 5722 ultro
1605 5675 1973 5737 erumpentes,

2069 2556 2191 2593 nam
2209 2549 2264 2614 et
2288 2538 2554 2609 cujusdam
2580 2541 2830 2606 notarius,
2859 2557 2975 2597 cum
3001 2562 3033 2598 a
3059 2538 3664 2614 dwmone'prtccipitare-

2070 2621 2172 2688 tur,
2199 2611 2438 2666 liberatus
2461 2621 2571 2688 est;
2597 2621 2644 2665 et
2672 2615 3003 2688 quorumdam
3035 2611 3346 2688 propinquus
3367 2657 3384 2682 ,
3403 2611 3668 2688 etpneru-

2070 2683 2192 2758 lusg,
2223 2682 2510 2758 etquanti:
2533 2682 2730 2758 honesti
2749 2685 2872 2758 __viri
2899 2696 2916 2755 ί
2947 2688 3010 2740 de
3036 2682 3342 2758 vulgaribus
3382 2682 3516 2740 enim
3559 2695 3664 2758 non

2071 2753 2327 2824 dicimus)
2355 2763 2444 2824 aut
2473 2770 2504 2804 a
2539 2755 2834 2821 daemoniis,
2864 2751 2952 2811 aut
2989 2751 3359 2813 valetudinibus
3401 2751 3666 2824 remediuti

2069 2826 2214 2899 sunt!
2240 2823 2373 2899 Tum
2399 2823 2584 2899 Severi
2613 2824 2775 2899 refert
2803 2827 3143 2899 imperatoris
3167 2829 3494 2899 exemplum.
3515 2823 3604 2892 (ιιιὶ
3637 2837 3664 2874 τι

2068 2895 2363 2951 christiano
2410 2897 2660 2963 homine,
2691 2897 2812 2952 oleo
2853 2895 3137 2962 intinctus,
3174 2895 3390 2956 curatus
3445 2901 3618 2955 fuerat
3649 2907 3665 2945 :

2068 2965 2193 3035 Ipse
2221 2969 2372 3022 etiam
2401 2965 2637 3038 Severus,
2666 2978 2810 3038 pater
2829 2973 3090 3037 Antonini,
3125 2971 3530 3028 Christianorum
3563 2981 3668 3019 me-

2068 3055 2182 3092 mor
2207 3040 2301 3113 [uit
2323 3055 2342 3094 :
2372 3056 2490 3113 nam
2516 3049 2564 3092 et
2594 3037 2871 3113 l_’_roculum
2899 3045 3350 3113 christianum,qui
3375 3040 3665 3113 Toparcion

2069 3111 2553 3184 cognominabatur,
2599 3109 2810 3166 Evodio:
2852 3109 3384 3184 procuratorem,'qui
3428 3109 3541 3168 eum
3579 3123 3670 3180 per

2070 3181 2239 3256 oleum
2268 3181 2544 3256 aliquando
2567 3181 2860 3250 curaverat,
2879 3187 3156 3253 requisivit,
3187 3196 3233 3240 et
3262 3181 3321 3240 in'
3360 3185 3549 3256 palatio
3573 3196 3668 3256 suo

2071 3252 2247 3306 habuit
2269 3252 2426 3326 usque
2448 3253 2516 3306 ad
2536 3263 2748 3326 mortem
2767 3257 2898 3326 ejus,
2926 3252 3074 3325 quem
3097 3268 3143 3311 et
3170 3252 3456 3312 Antoninus
3479 3253 3668 3326 optime

2073 3333 2282 3399 noverat
2328 3325 2461 3378 lacte
2501 3325 3078 3399 christiano'educatus.
3126 3329 3408 3399 Scapulam
3451 3325 3667 3381 tandem

2073 3395 2349 3470 admouet,
2370 3405 2439 3470 _ut
2456 3409 2488 3449 a
2514 3394 2928 3470 Christianorum
2955 3394 3340 3470 perquisitibne
3367 3407 3570 3457 cesset.
3600 3406 3670 3447 ne

2075 3465 2970 3544 totaCarthago_ehristianoruni
3027 3471 3287 3544 sanguine
3340 3471 3668 3544 impleatur:

2079 3537 2217 3604 Quid
2261 3539 2373 3607 ipsa
2403 3537 2654 3609 Carthago
2698 3556 2912 3608 passura
2951 3551 3024 3596 est
3063 3537 3367 3598 decimanda
3391 3537 3436 3596 α’
3457 3551 3523 3602 te,
3555 3551 3671 3592 cum

2077 3610 2414 3680 prOpinquos,
2443 3626 2559 3662 cum
2601 3613 2984 3682 contubernales
3025 3630 3143 3667 suos
3179 3614 3287 3668 illic
3323 3611 3671 3682 unusquisque

2076 3679 2394 3751 cognoverit,
2423 3697 2540 3736 cum
2567 3681 2746 3735 viderit
2773 3682 2886 3736 illic
2913 3686 3159 3753 fortasse,
3190 3696 3238 3739 et
3267 3687 3342 3741 tui
3371 3679 3568 3739 ordinis
3597 3679 3671 3733 vi-

2075 3769 2194 3828 ros,
2222 3762 2268 3806 et
2293 3763 2552 3806 matronas
2572 3794 2587 3817 ,
2628 3763 2675 3806 et
2701 3755 3027 3828 principales
3051 3773 3284 3826 .quasque
3310 3772 3550 3828 personas
3567 3792 3582 3810 .
3623 3756 3674 3802 τι

2075 3824 2357 3897 a_micorum
2382 3835 2602 3897 tuorum,
2635 3826 2710 3879 vel
2737 3824 3103 3897 prOpinquos,.
3129 3824 3206 3882 vel
3251 3824 3480 3883 amicos?
3508 3825 3676 3897 Parce

2075 3893 2404 3964 Carthagini,
2436 3896 2480 3949 si
2506 3913 2606 3969 non
2635 3893 2756 3950 tibi}
2786 3893 2945 3966 parce
2981 3899 3254 3966 provincia:
3272 3943 3288 3966 ,
3315 3916 3429 3969 qua:
3455 3899 3564 3951 vim
3587 3894 3673 3969 ἕρξ-

2077 3971 2297 4021 tentione
2329 3977 2416 4020 tua
2436 4007 2451 4029 ,
2480 3967 2698 4020 obnoxia
2726 3964 2862 4039 facta
2885 3979 2960 4023 est
2982 3964 3426 4036 'concussionib'us,
3456 3980 3502 4024 et
3529 3964 3670 4021 mili-

2077 4048 2220 4111 tum,
2260 4048 2308 4092 et
2348 4039 2915 4111 inimicorumsuorum
2961 4043 3217 4111 cujusque.
3265 4045 3392 4099 Haec
3439 4040 3671 4111 idcirco.

2076 4109 2245 4179 quod,
2275 4125 2397 4166 cum
2430 4110 2625 4174 isemel
2672 4108 3326 4174 innotuisset.'Pr;esidem
3363 4108 3674 4170 christianis

2075 4181 2343 4257 infensum
2364 4195 2506 4257 esse,
2529 4181 3052 4257 gentilesturmatim
3068 4188 3127 4244 ,in
3153 4200 3248 4241 eos
3273 4200 3469 4257 magno
3491 4182 3677 4257 furore

2077 4252 2588 4325 impet_um_facere,
2634 4253 2898 4325 praedari,
2941 4264 3104 4325 atque
3140 4252 3390 4313 enecare'
3408 4253 3673 4325 solebant.

2077 4322 2340 4396 Caeterum
2359 4325 2499 4380 haud
2521 4322 2784 4396 exstingui
2816 4322 3188 4395 persecutione
3207 4329 3552 4384 christianum
3575 4323 3676 4375 lle-

2077 4395 2328 4467 ljgionem
2349 4438 2363 4461 ,
2395 4397 2488 4452 sed
2531 4395 2810 4466 propagari
2842 4399 3052 4466 potius,
3087 4397 3172 4467 his
3198 4401 3374 4455 verbis
3404 4402 3627 4452 annmat
3658 4411 3672 4467 ς

2079 4464 2191 4520 Nec
2212 4478 2380 4522 tamen
2405 4464 2604 4540 deﬁciet
2625 4464 2732 4522 mea
2755 4464 2912 4530 secta.
2930 4464 3223 4538 quant'tunc
3247 4471 3410 4540 magis
3429 4464 3678 4540 wdiﬁcm’i

2076 4539 2226 4602 scias,
2255 4556 2372 4592 cum
2410 4539 2535 4603 credi
2562 4539 2777 4593 videtur.
2805 4541 3028 4610 Quisque
3053 4543 3185 4594 enim
3225 4539 3421 4595 tantum
3449 4539 3677 4610 toleran-

2079 4612 2202 4662 tiam
2229 4621 2483 4678 spectans,
2524 4621 2578 4664 ut
2620 4611 2794 4680 aliquo
2817 4606 3058 4679 scrupulo
3098 4629 3383 4680 percussus,
3414 4621 3460 4665 et
3502 4606 3675 4680 inqui-

2078 4697 2188 4735 rere
2216 4683 2530 4753 accenditur,
2563 4679 2798 4753 quidsit
2844 4683 2897 4736 in
2943 4679 3235 4737 caussa‘:et
3255 4684 3342 4737 ubi
3387 4679 3676 4753 cognoverit

2077 4753 2364 4825 veritatem,
2397 4762 2443 4806 et
2477 4749 2587 4823 ipse
2611 4754 2783 4825 statim
2818 4755 3059 4825 sequitur.
3099 4753 3370 4810 Hactenus
3394 4749 3678 4810 Tertullia-

2077 4837 2178 4880 nus
2209 4823 2274 4878 ad
2297 4822 2604 4896 Scapulam.
2632 4824 2807 4880 Luup.

2079 4921 2357 4993 magisque
2398 4921 2635 4977 damnati
2676 4936 2836 4992 quam
2879 4920 3110 4976 absoluti
3147 4919 3462 4991 gaudemus.
3491 4916 3677 4986 Itaque

2081 5014 2223 5070 hunc
2247 5014 2484 5070 libellum
2513 5031 2620 5069 non
2643 5014 2798 5070 nobis
2825 5014 3076 5069 timentes
3111 5013 3378 5077 misimus,
3405 5009 3500 5066 sed
3527 5010 3678 5064 vobis

2083 5115 2138 5161 et
2181 5106 2431 5161 omnibus
2476 5107 2705 5162 inimicis
2748 5107 2978 5171 nostris,
3012 5093 3208 5161 nedum
3239 5103 3429 5159 amicis
3455 5101 3572 5172 (1):
3605 5101 3678 5157 ita

2082 5199 2226 5255 enim
2247 5199 2525 5269 disciplina
2561 5199 2812 5268 jubemur
2837 5197 3058 5268 diligere
3083 5195 3328 5252 inimicos
3353 5210 3594 5266 quoque,
3623 5200 3680 5249 et

2084 5308 2244 5348 orare
2272 5307 2369 5361 pro
2398 5293 2477 5348 eis
2506 5293 2596 5363 qui
2627 5307 2727 5347 nos
2755 5300 3152 5362 persequuntur
3176 5305 3190 5344 :
3222 5297 3280 5343 ut
3315 5287 3431 5344 hzec
3459 5289 3530 5343 sit
3554 5302 3678 5358 per-

2087 5385 2225 5441 fecta
2253 5395 2307 5441 et
2336 5389 2548 5456 propria
2579 5385 2792 5440 bonitas
2818 5373 3155 5448 nostra,'nou
3181 5383 3501 5437 communis.
3525 5380 3677 5436 Ami-

2080 5493 2175 5535 cos
2217 5478 2360 5536 enim
2383 5477 2606 5547 diligere
2629 5476 2868 5531 omnium
2906 5485 3010 5543 est,
3031 5475 3278 5530 inimicos
3315 5482 3497 5530 autem
3524 5474 3675 5530 solo-

2082 5591 2199 5630 rum
2243 5573 2680 5630 christianorum.
2745 5570 2845 5637 Qui
2887 5585 3016 5641 ergo
3055 5569 3300 5626 dolemus
3331 5568 3399 5624 de
3429 5569 3680 5638 ignoran-

2081 5667 2153 5723 tia
2183 5675 2379 5729 vestra,
2411 5673 2462 5719 et
2484 5651 2803 5720 miseremur
2825 5661 3025 5722 erroris
3078 5658 3417 5730 humani,'ct
3452 5658 3531 5732 (2)
3592 5659 3678 5714 lu-

1622 5778 1999 5844 LECTIONES
2036 5778 2456 5840 VARIANTLS.

383 5875 421 5938 ῆι
455 5869 530 5935 tt)
561 5869 802 5924 Necdum
830 5865 979 5925 Rhea.

2084 5936 2091 5943 .
2153 5873 2223 5936 (2)
2257 5869 2462 5926 Etabest
2481 5868 2584 5937 Rig.
