4090 6358
231 316 371 378 ’101

1538 316 1747 376 LIBER
1795 315 1890 376 AD
1925 314 2318 385 SCAPULAM.

3457 315 3568 379 ⁸102

230 432 486 506 aliunde
529 428 835 492 noscibiles'
859 446 1020 506 quam
1065 431 1135 491 de
1175 431 1552 490 emendatione
1601 433 1856 489 vitiorum
1885 433 1938 494 Α
1963 433 2316 504 quorumdam
2337 432 2622 503 praesidum
2650 432 2744 490 tibi
2767 447 3092 506 proponere,
3118 432 3210 505 qui
3237 431 3291 489 in
3313 431 3417 490 line
3441 434 3566 489 vine

232 527 645 600 pristinorum.
684 525 840 582 Absit
879 527 1025 582 enim
1052 533 1114 581 ut
1149 524 1368 597 indigne
1391 525 1630 579 (eramus
1659 539 1723 579 ea
1751 539 1852 579 nos

232 623 371 695 pati
397 638 520 694 quae
547 623 820 694 optamus,
853 633 943 678 aut
966 623 1222 680 ultionem
1246 637 1275 675 a
1302 621 1458 678 nobis
1485 621 1720 693 aliquam
1747 635 1860 677 ma-

233 717 570 785 chinemur,
599 731 758 789 quam
788 731 818 772 a
851 717 961 773 Deo
985 726 1380 788 exspectamus.

913 811 1140 870 CAPUT
1169 811 1259 868 Ill.

327 905 542 962 Tamen
597 905 776 978 (sicut
839 920 1002 977 supra
1056 906 1338 978 diximus)
1411 905 1690 962 doleamus
1728 903 1860 959 Tne-

233 1014 418 1056 cesse
445 1007 548 1066 est,
575 1000 720 1070 quod
763 999 907 1054 nulla
952 999 1140 1056 civitas
1184 1000 1404 1070 impune
1433 999 1608 1055 latura
1637 998 1708 1054 sit
1731 1012 1859 1054 san-

234 1093 442 1165 guinis
483 1093 653 1148 nostri
701 1093 1022 1150 ed‘usionem
1054 1093 1154 1166 (a),
1188 1093 1328 1150 sicut
1355 1102 1410 1150 et
1437 1093 1538 1149 sub
1583 1092 1860 1148 Hilariano

236 1185 618 1261 praeside“),
649 1201 772 1243 cum
818 1187 886 1244 de
929 1187 1072 1244 areis
1113 1188 1512 1260 sepulturarum
1551 1197 1858 1242 nostrarum

237 1281 685 1338 acclamassent:
718 1282 866 1337 Area:
891 1299 996 1337 non
1019 1283 1120 1336 sint
1143 1280 1218 1354 (b)
1245 1301 1260 1350 ;
1293 1297 1434 1338 area:
1464 1281 1700 1353 ipsorum
1750 1295 1858 1336 non

238 1375 498 1432 fuerunt.
527 1375 729 1431 Messes
757 1376 900 1432 enim
931 1389 1055 1431 suas
1091 1389 1196 1431 non
1227 1383 1472 1446 egerunt.
1505 1373 1771 1430 Caeterum
1803 1381 1859 1430 et

239 1469 433 1524 imbre
462 1468 482 1535 (
506 1466 588 1539 2)
619 1468 747 1527 anni
795 1467 1052 1538 praeteriti
1105 1467 1232 1539 quid
1280 1467 1660 1524 commeruerit
1686 1481 1854 1539 genus

239 1559 551 1614 humanum
595 1559 874 1630 apparuit,
924 1558 1302 1630 cataclysmum
1345 1558 1554 1614 scilicet
1599 1566 1655 1612 et
1707 1565 1852 1613 retro

238 1654 330 1724 (5)
384 1653 551 1708 fuisse
585 1661 804 1722 propter
843 1651 1240 1708 incredulitates
1288 1661 1342 1706 et
1393 1651 1702 1722 iniquitates
1753 1650 1856 1706 ho-

240 1749 501 1812 minum;
569 1756 627 1804 et
692 1747 842 1817 ignes
893 1747 984 1818 qui
1044 1761 1206 1816 super
1271 1745 1468 1802 muenia
1518 1744 1854 1816 Carthaginis

1963 541 2074 582 suae
2099 526 2366 583 recordati
2396 535 2527 582 sunt
2553 527 2845 599 deliquisse
2865 569 2882 594 ,
2912 527 3055 599 quod
3091 535 3382 583 vexassent
3417 525 3567 583 chri-

1964 623 2158 678 tianos.
2189 622 2446 692 Vigellius
2485 623 2806 680 Saturninus
2862 625 2942 695 (5)
2972 624 3061 696 qui
3102 623 3308 696 primus
3341 623 3426 678 hic
3451 622 3565 694 gla-

1964 714 2168 772 diumin
2197 731 2295 770 nos
2320 717 2446 786 egit,
2477 716 2676 772 lumina
2697 718 2891 774 amisit.
2920 718 3170 774 Claudius
3189 719 3384 775 Lucius
3417 719 3553 774 Iler-

1963 809 2233 865 minianns
2281 809 2402 881 (6)
2451 809 2505 865 in
2544 807 2898 881 Cappadocia,
2943 825 3066 866 cum
3115 810 3333 883 indigne
3376 809 3555 867 ferens

1968 917 2190 958 uxorem
2229 917 2382 958 suam
2409 902 2476 958 ad
2505 903 2644 958 hanc
2670 915 2872 959 sectam
2922 904 3220 972 transisse;
3244 903 3568 961 christianos

1963 995 2253 1052 crudeliter
2280 1005 2580 1064 tractasset,
2610 997 2864 1068 solusque
2892 997 2945 1052 in
2979 998 3230 1067 praetorio
3251 1013 3350 1054 suo
3373 1008 3558 1054 vasta-

1960 1097 2046 1144 tus
2088 1087 2491 1160 peste(e),cum
2535 1089 2689 1145 vivus
2730 1089 3000 1146 vermibus
3021 1089 3297 1145 ebullisset
3323 1091 3396 1162 (ι’)
3427 1089 3507 1162 (7)
3545 1109 3559 1146 :

1960 1181 2132 1238 Nemo
2164 1181 2316 1249 sciat,
2340 1182 2534 1249 aiebat,
2582 1197 2653 1239 ne
2699 1181 2778 1254 (8)
2833 1181 3101 1254 gaudeant
3139 1181 3416 1237 christiani
3458 1181 3564 1254 (9).

1962 1277 2158 1334 Postea
2178 1278 2392 1349 cognito
2421 1292 2606 1335 errore
2643 1292 2765 1346 suo,
2797 1275 2942 1348 quod
2985 1277 3274 1332 tormentis
3303 1275 3564 1348 quosdam

1963 1384 1993 1425 a
2024 1370 2296 1440 pr0posito
2340 1384 2439 1424 suo
2468 1369 2723 1426 excidere
2763 1367 3012 1433 fecisset,
3044 1383 3180 1437 pene
3225 1367 3559 1423 christianus

1961 1461 2210 1517 decessit.
2239 1459 2487 1516 Cmcilius
2513 1460 2727 1531 Capella
2755 1461 2808 1514 in
2839 1459 2932 1516 illo
2957 1460 3100 1516 exitu
3131 1458 3514 1531 bysantino(g)
3538 1476 3550 1512 :

1966 1555 2245 1610 Christiani
2276 1554 2492 1626 gaudete
2521 1554 2628 1626 (It),
2669 1553 3006 1609 exclamavit.
3037 1553 3143 1609 Sed
3174 1561 3228 1608 et
3251 1551 3343 1622 qui
3375 1552 3562 1608 viden-

1975 1657 2061 1702 tur
2108 1648 2208 1702 sibi
2237 1645 2352 1719 (10)
2401 1648 2620 1718 impune
2648 1647 2856 1714 tulisse,
2886 1646 3103 1702 venient
3133 1647 3184 1700 in
3216 1646 3355 1701 diem
3396 1646 3564 1702 divini

1957 1740 2166 1812 judicii.
2207 1740 2328 1796 Tibi
2372 1755 2587 1812 quoque
2625 1751 2873 1810 optamus
2925 1740 3346 1796 admonitionem
3391 1741 3562 1796 solam

242 1839 503 1911 proxime
534 1813 1023 1909 pependerunt—per
1049 1813 1284 1901 noctem,
1315 1837 1442 1908 quid
1485 1838 1672 1893 minati
1720 1813 1848 1904 sint,
1883 1813 1930 1884 Β
1957 1834 2157 1902 fuisse,
2217 1833 2361 1905 quod
2403 1849 2524 1890 cum
2569 1834 2955 1891 Adrimeticum
3006 1835 3256 1890 Mavilum
3325 1834 3441 1905 (ll)
3493 1835 3561 1890 ad

240 1931 432 1988 sciunt
455 1930 545 2001 qui
574 1929 855 1994 viderunt;
883 1939 939 1986 et
961 1931 1186 2000 pristina
1219 1931 1448 1985 tonitrua
1476 1929 1602 2001 quid
1627 1944 1853 1986 sonave-

245 2031 409 2086 runt,
439 2022 614 2077 sciunt
637 2021 726 2092 qui
754 2020 1144 2077 obduruerunt.
1185 2020 1378 2076 Omnia
1409 2020 1522 2077 haec
1547 2020 1697 2092 signa
1726 2031 1853 2076 sunt

241 2115 584 2172 imminentis
614 2114 708 2170 ira;
739 2114 852 2180 Dei,
885 2129 1044 2185 quam
1083 2128 1306 2169 necesse
1327 2122 1430 2181 est,
1460 2128 1673 2184 quoquo
1690 2113 1851 2170 modo

241 2222 563 2281 possumus,
597 2217 656 2264 ut
679 2216 734 2264 et
758 2209 1137 2264 annuntiemus
1158 2249 1172 2273 ,
1199 2217 1254 2263 et
1274 2207 1649 2278 praedicemus,
1672 2215 1728 2262 et
1753 2206 1850 2262 de-

241 2318 538 2374 precemur
606 2303 818 2358 interim
888 2301 1112 2358 localem
1179 2316 1303 2358 esse
1359 2299 1443 2371 (4)
1493 2319 1507 2356 :
1572 2302 1848 2357 universa-

245 2395 359 2451 lem
406 2395 551 2450 enim
595 2403 651 2451 et
692 2410 998 2464 supremam
1045 2409 1143 2450 suo
1189 2403 1431 2464 tempore
1457 2393 1722 2458 sentient,
1755 2393 1844 2465 qui

246 2485 499 2557 exempla
539 2485 656 2557 ejus
684 2487 839 2542 aliter
867 2487 1304 2557 interpretantur.
1336 2485 1468 2540 Nam
1497 2495 1549 2540 et
1568 2485 1647 2540 sol
1679 2486 1770 2540 ille
1793 2487 1846 2540 in

254 2589 522 2636 conventu
552 2579 793 2636 Uticensi
838 2579 937 2653 (c),
987 2579 1224 2636 extincto
1270 2593 1406 2650 pene
1451 2579 1686 2644 lumine,
1719 2579 1854 2636 adeo

255 2680 558 2743 portentum
598 2671 733 2740 fuit,
775 2683 972 2727 utnon
1013 2673 1252 2743 potuerit
1290 2688 1356 2727 ex
1402 2672 1676 2729 ordinario
1713 2672 1856 2728 deli-

256 2765 382 2835 quio
427 2763 528 2818 hoc
571 2766 715 2833 pati,
766 2763 972 2834 positus
1007 2764 1060 2819 in
1089 2779 1188 2818 suo
1218 2764 1533 2836 bypsomate
1561 2773 1616 2820 et
1635 2765 1855 2820 domici-

251 2854 328 2914 lio
354 2854 454 2928 (ά).
485 2855 703 2913 Habetis
725 2856 1062 2929 astrologos.
1094 2855 1388 2914 Possumus
1412 2871 1566 2928 aeque
1601 2866 1655 2912 et
1683 2858 1859 2915 exitus

1957 1928 2157 1985 bestias
2212 1927 2526 1984 damnasses
2552 1969 2566 1993 ,
2611 1935 2668 1984 et
2691 1929 2869 1983 statim
2891 1927 3008 1983 haec
3033 1927 3245 1982 vexatio
3271 1927 3558 1982 subsecuta

1956 2029 2070 2088 est,
2099 2029 2154 2075 et
2174 2035 2316 2075 nunc
2353 2036 2419 2075 ex
2455 2019 2644 2076 eadem
2689 2034 2876 2076 caussa
2901 2019 3260 2092 interpellatio
3285 2019 3564 2092 sanguinis

1954 2112 2042 2185 (i).
2071 2112 2178 2170 Sed
2207 2122 2478 2170 memento
2504 2114 2572 2170 de
2589 2123 2796 2170 caetero
2823 2113 2916 2188 (j).

2580 2205 2807 2263 CAPUT
2856 2205 2948 2264 IV.

2025 2296 2142 2353 Non
2199 2305 2252 2354 te
2304 2305 2605 2364 terremus,
2658 2299 2749 2370 qui
2800 2313 2900 2354 nec
2950 2299 3198 2357 timemus
3245 2322 3259 2358 :
3307 2305 3402 2362 sed
3469 2322 3564 2364 ve-

1952 2391 2080 2460 lim,
2119 2401 2178 2446 ut
2224 2406 2412 2448 omnes
2453 2393 2631 2448 salvos
2698 2391 2877 2448 facere
2935 2395 3240 2464 possimus,
3288 2401 3560 2456 monendo
3620 2393 3622 2397 ’

1954 2496 2028 2554 μὶ
2097 2490 2364 2554 θεομαχεῖν.
2433 2484 2592 2540 Potes
2655 2494 2711 2540 et
2776 2484 2953 2540 cilicio
3009 2485 3398 2556 jut’isdictionis
3455 2500 3562 2547 tuae

1956 2576 2125 2648 fungi,
2158 2587 2212 2631 et
2237 2576 2586 2632 humanitatis
2613 2576 2922 2632 meminisse
2948 2619 2963 2643 ,
3001 2579 3084 2634 vel
3107 2579 3228 2650 quia
3254 2591 3310 2637 et
3333 2597 3430 2638 vos
3459 2584 3562 2640 sub

1959 2670 2140 2743 gladio
2163 2670 2313 2727 estis.
2339 2670 2483 2739 Quid
2507 2670 2652 2725 enim
2681 2670 2914 2741 amplius
2941 2671 3033 2726 tibi
3065 2673 3369 2740 mandatur,
3399 2693 3558 2746 quam

1961 2772 2218 2820 nocentes
2245 2762 2524 2819 confessos
2545 2757 2830 2831 damnare,
2860 2773 3119 2836 negantes
3148 2777 3327 2824 autem
3350 2769 3415 2824 ad
3441 2781 3552 2827 tor-

1962 2866 2140 2914 menta
2171 2857 2472 2914 revocare?
2504 2855 2708 2912 Videtis
2732 2871 2862 2929 ergo
2885 2857 3158 2929 quomodo
3187 2859 3291 2932 ipsi
3314 2875 3406 2918 vos
3431 2877 3560 2920 con-

1478 2969 1862 3033 LECTIONES
1900 2972 2316 3032 VARIANTES.

339 3065 391 3193 ξιξ

338 3195 390 3256 5)
424 3194 638 3254 Scilicet,
667 3204 719 3246 et
739 3205 877 3246 retro
899 3198 1023 3246 Jun.

339 3257 388 3330 ll
420 3257 1001 3330 De.'te<.=etaur..imsrim~
1021 3256 1395 3330 εωιθαιιιιηι..
1621 3317 1655 3330 ί.

338 3313 384 3380 5)
421 3318 540 3374 Atii,
569 3320 634 3368 Μ.
663 3319 848 3369 Gellius
870 3313 1178 3369 Saturninus.
1204 3314 1452 3371 Pamelius
1474 3331 1487 3367 :
1513 3313 1719 3380 Valgius
1740 3315 1847 3369 Sat.

253 3381 430 3451 M3315
447 3381 726 3451 .-‘.Yi£?“.i“5
748 3382 946 3451 Situm
988 3445 998 3451 .
1041 3445 1051 3451 .
1269 3439 1298 3451 ..

315 3443 385 3510 (6)
423 3442 524 3496 Alii
547 3443 618 3496 Cl.
637 3442 755 3496 Luc.
779 3445 1196 3507 Hierominianus,
1229 3441 1317 3494 alii
1345 3441 1569 3495 :Lucius
1603 3442 1849 3508 Hierony-

1955 3069 2145 3140 mianus
2174 3067 2405 3140 νέμω-5.
2431 3065 2616 3140 bucius
2645 3064 3024 3117 Gerominianus
3057 3066 3239 3120 Junius
3277 3068 3550 3135 suspicatur

1955 3129 2763 3256 ιεέξςῖιῖάὲἷῖἱέλῶνῗιῧηϐθωίηὶωυε.

1875 3281 1922 3349 C
2123 3196 2652 3320 ggiiiizllizi’suiﬁterjecit.
2671 3267 2761 3317 spe
2786 3252 3084 3327 improbante
3101 3253 3324 3324 Rigaltio.

2075 3324 2091 3378 )
2130 3319 2322 3368 Rhenan
2343 3317 2464 3378 add.
2489 3325 2572 3367 aut
2591 3330 2680 3378 spe
2706 3317 3003 3368 ChﬂSllaﬂiB.

2039 3317 2464 3397 ul‘nl'tenanadd‘.
2489 3317 2572 3367 aut
2591 3330 2680 3380 spe
2706 3317 3003 3368 chrisﬁanze.

2022 3380 2068 3505 8
2077 3381 2130 3492 (1))
2167 3380 2278 3430 'l'ibi
2297 3377 2470 3450 Rigalt.
2620 3377 2635 3380 “
2887 3400 2904 3452 -_
3142 3441 3153 3451 ο

2109 3445 2123 3506 )
2163 3441 2538 3494 Adrumettcum
2558 3440 2635 3494 uel
2651 3440 3026 3495 Adrumetmum
3049 3443 3201 3496 Lattn.

1629 3545 2185 3604 COMMENTARIUS.

261 3677 372 3736 non
385 3663 755 3736 sacriﬁcamus
769 3662 940 3722 odore
960 3672 1054 3720 aut
1074 3663 1356 3736 sanguine.
1382 3660 1480 3719 sed
1504 3675 1668 3736 prece
1690 3677 1842 3731 pura.

256 3734 385 3791 Nam
425 3735 743 3792 sacriﬁcium
774 3751 880 3792 non
904 3736 1003 3791 nisi
1044 3751 1141 3806 per
1177 3733 1368 3806 preces
1406 3741 1462 3790 et
1499 3747 1598 3806 per
1626 3733 1847 3791 invoca-

256 3808 447 3862 tionem
475 3807 804 3862 sacriticatur
827 3817 919 3862 aut
945 3807 1219 3863 offeretur.
1249 3807 1386 3862 Pan.

324 3877 476 3962 CAP:
510 3878 681 3962 l‘IIL—
711 3879 788 3962 (ει)
809 3880 1131 3962 Quodnulla
1151 3879 1328 3934 civitas
1354 3879 1561 3961 impune
1583 3877 1846 3962 laturasit.

259 3947 388 4005 Hinc
415 3949 544 4006 illud
574 3947 826 4022 Cypriani
844 3951 1093 4021 martyris
1116 3966 1245 4006 :nec
1263 3947 1522 4020 unquam,
1542 3949 1849 4019 inquit,im-

260 4022 458 4090 piorum
482 4023 687 4078 scelere
717 4022 770 4078 in
800 4035 1041 4077 nostrum
1073 4038 1268 4077 nomen
1305 4022 1634 4092 exsurgitur,
1659 4031 1716 4076 ut
1737 4036 1849 4078 non

262 4094 434 4148 statim
455 4093 714 4150 divinitus
743 4094 978 4150 vindicta
1001 4096 1303 4150 comitetur.
1330 4093 1505 4148 Busa.

329 4163 404 4235 (b)
434 4164 578 4219 Area:
601 4182 703 4219 non
731 4167 850 4220 sint.
879 4163 1198 4221 Cmmeteria
1228 4166 1490 4234 intelligit.
1520 4162 1677 4219 Ludit
1704 4163 1846 4219 enim

260 4233 314 4289 in
341 4233 491 4290 voce.
531 4235 666 4291 Nam
693 4253 814 4291 cum
847 4237 939 4291 ille
963 4237 1344 4303 acclamasset,
1386 4233 1532 4290 Area:
1573 4252 1676 4289 non
1719 4236 1840 4300 sint,

263 4305 514 4362 intellexit
541 4307 610 4362 de
638 4309 963 4377 sepulturis;
995 4324 1116 4362 cum
1147 4323 1358 4362 rursum
1381 4307 1512 4364 dicit
1542 4325 1555 4361 :
1587 4309 1731 4361 Area:
1759 4309 1846 4374 ip-

260 4393 423 4432 sorum
449 4394 551 4432 non
591 4381 818 4448 fuerunt,
852 4379 1105 4449 intelligit
1135 4378 1200 4433 de
1229 4379 1371 4434 areis
1402 4379 1677 4434 messium.
1703 4381 1844 4433 Area

260 4458 443 4503 autem'
472 4465 567 4515 pro
593 4450 904 4504 cmmeterio
932 4453 1182 4514 sumitur,
1211 4450 1461 4508 Pontius.
1499 4449 1761 4503 Diaconus
1789 4450 1844 4504 in

259 4520 381 4575 actis
406 4519 673 4591 Cypriani.
707 4519 949 4588 Sepultus
970 4531 1041 4573 est
1082 4521 1134 4573 in
1161 4537 1281 4572 arca
1307 4518 1526 4573 Candidi
1547 4534 1844 4588 procurato~

261 4591 347 4644 ris.
369 4591 580 4646 Etenim
604 4591 922 4645 Cmmeteria
949 4600 1202 4644 vncaraut
1240 4601 1450 4644 veteres
1480 4593 1764 4644 Arenarias
1790 4601 1845 4644 et

262 4630 437 4717 Ξιῗρειῒ
460 4671 517 4715 ut
548 4630 860 4716 ιεείἣὶὲεἶιιῖν
888 4630 926 4715 ιῖ
959 4630 1309 4732 Βιῖιριῖεειτυᾷ
1332 4630 1458 4731 ἱαρῖ
1480 4630 1720 4732 '42,'nb.
1749 4630 1845 4729 ιιῖζ
1868 4630 1922 4691 1)

263 4733 325 4788 de
345 4735 593 4790 Templis.
625 4732 755 4790 Lac.

324 4749 349 4766 ³
455 4751 466 4784 l
581 4773 593 4786 .
672 4771 682 4788 ι
742 4773 755 4786 .

324 4749 778 4874 (dfliiiliinte‘tftu
818 4803 1064 4860 Uticensi.
1086 4803 1258 4861 Uticae
1274 4803 1466 4862 Africae
1492 4802 1744 4875 oppidum
1769 4804 1846 4859 ci-

261 4875 392 4930 vium
417 4876 575 4932 Rom.
606 4875 823 4932 Catonis
849 4888 1022 4932 morte
1086 4875 1288 4939 nobile,
1334 4887 1395 4930 ut
1441 4886 1528 4932 est
1567 4875 1708 4945 apud
1733 4876 1845 4932 Pli-

263 4947 414 5018 nium.
441 4951 678 5018 Apparet
700 4960 879 5005 autetn
906 4949 1212 5004 distinctam
1235 4947 1400 5018 fuisse
1428 4946 1483 5002 in
1520 4957 1840 5010 conventus,

263 5017 420 5091 instar
456 5017 724 5091 HiSpania:
754 5038 769 5084 ;
824 5035 985 5091 quam
1037 5020 1340 5091 citeriorem
1378 5017 1442 5073 in
1462 5029 1758 5091 conventus
1791 5019 1842 5091 77

265 5086 472 5142 divisam
498 5086 662 5146 fuisse
685 5086 887 5146 Plinius
918 5100 1073 5148 autor
1091 5100 1194 5153 est,
1224 5090 1364 5145 sicut
1390 5090 1641 5144 Bmticam
1689 5091 1746 5145 in
1775 5090 1836 5146 4.

271 5155 378 5233 [los
392 5157 712 5233 idem‘vocat
735 5161 1020 5228 Juridicos,
1045 5162 1186 5233 quod
1210 5162 1320 5216 illic
1346 5177 1446 5216 suo
1465 5161 1663 5231 quique
1688 5161 1840 5231 oppi-

266 5226 551 5300 do_linitimi
584 5231 959 5300 disceptarent.
1007 5226 1316 5290 Istiusmodi
1345 5226 1637 5288 conventus
1679 5226 1840 5288 hodie

267 5296 490 5353 referunt
516 5303 656 5374 apud
683 5296 1014 5360 Christianos
1057 5305 1248 5374 oppida
1271 5303 1557 5373 episcOpiis
1589 5304 1835 5374 insignia,

269 5370 597 5445 quantum_at_l
622 5387 837 5429 caussas
863 5378 1054 5430 attinet
1077 5370 1485 5431 ecclesiasticas.
1511 5374 1676 5445 Igitur
1696 5370 1837 5429 conc

266 5448 485 5519 lentum
501 5440 804 5519 Uticensem
830 5448 1035 5516 accipe,
1065 5462 1161 5514 pro
1188 5456 1357 5502 tractu
1381 5447 1486 5519 {qui
1505 5440 1836 5518 juridictioni

265 5511 578 5583 Uticensium
610 5515 880 5583 subjectus
895 5511 1031 5571 erat.
1057 5511 1234 5572 Busa.”

329 5582 418 5654 (d)]
444 5583 653 5657 Positus
679 5582 731 5638 in
755 5602 846 5638 suo
875 5588 1187 5657 Itypsomate.
1219 5588 1392 5645 Utitur
1438 5588 1711 5644 vocabulis
1749 5603 1835 5643 as-

266 5657 578 5728 trologorum
601 5655 823 5728 loquens
849 5655 925 5711 de
943 5655 1124 5728 eclipsi
1150 5660 1377 5728 quadam
1399 5661 1663 5725 solis,nou
1683 5662 1830 5714 ordi-

266 5729 416 5791 naria,
445 5727 538 5784 sed
563 5726 879 5796 prodigiosa,
917 5726 1069 5796 positi
1094 5726 1314 5796 scilicet,
1360 5742 1416 5786 ut
1462 5748 1603 5786 nunc
1643 5732 1830 5788 audire

267 5810 411 5860 amat,
445 5816 602 5865 supra
635 5799 717 5853 vel
741 5809 888 5855 certe
915 5812 1061 5855 extra
1092 5801 1287 5857 nodum
1313 5803 1514 5859 lunare.
1549 5805 1680 5859 Eon.

1953 3661 2156 3718 urbana
2201 3676 2321 3734 quae
2359 3660 2537 3717 dill‘ert
2570 3675 2610 3734 ει
2637 3661 2836 3734 rustica
2879 3669 3106 3732 propter
3142 3662 3462 3734 elegantiam
3503 3676 3560 3724 et

1952 3733 2457 3862 Sueton.
2479 3733 2533 3789 in
2557 3731 2725 3805 Calig.
2759 3748 2879 3805 cap.
2896 3731 2998 3802 57,7
3015 3744 3070 3790 et
3093 3735 3149 3790 in
3170 3731 3411 3807 Augusto
3435 3753 3554 3811 cap.

1994 3841 2412 3949 ’ξίςωῧὲιῗιηξιηιε
2448 3875 2723 3930 ebullisset.
2753 3875 3114 3946 Hieronymus
3162 3879 3216 3934 in
3260 3878 3550 3947 Hilarione,

1953 3949 2184 4004 Arenosa
2228 3951 2368 4021 regio
2408 3951 2716 4018 serpentium
2756 3957 2804 4003 et
2853 3959 3210 4006 venenatorum
3253 3952 3555 4008 animalium

1955 4021 2178 4076 ebulliuit
2205 4021 2606 4075 multitudinem.

2027 4090 2104 4166 (g)
2142 4091 2210 4146 In
2231 4093 2329 4166 illo
2352 4091 2818 4166 exituliysantino.
2845 4081 3058 4166 Exil'um
3106 4092 3238 4149 dicit
3270 4109 3333 4166 ca
3359 4095 3550 4166 forma,

1953 4163 2382 4234 quaiuterituui,
2415 4175 2473 4218 ut
2500 4163 2590 4217 lib.
2626 4164 2693 4218 de
2716 4165 3109 4220 resurrectione
3140 4165 3355 4220 carnis:
3389 4165 3554 4224 Nemo

1950 4236 2123 4307 adhuc
2147 4235 2429 4307 Babylonis
2467 4235 2616 4307 exitu
2663 4237 2822 4304 ﬂevit,
2857 4245 2912 4290 et
2957 4237 3049 4290 lib.
3098 4235 3218 4293 adv.
3273 4235 3489 4295 Iudaeos
3534 4257 3550 4295 :

1950 4305 2162 4362 Exitum
2192 4305 2400 4372 Christi,
2425 4306 2476 4362 id
2496 4316 2596 4371 est,
2622 4317 2868 4362 mortem.
2902 4307 3022 4364 Rlc.

2013 4379 2096 4448 (li)
2139 4379 2413 4436 Christiani
2449 4379 2683 4449 gaudete.
2724 4378 3027 4434 indicendte
3063 4379 3407 4436 exultationis
3435 4381 3547 4438 for-

1949 4451 2093 4505 mula
2142 4449 2260 4513 fuit,
2315 4449 2661 4505 GAUDETE.
2693 4451 2846 4517 Quod
2887 4452 3047 4504 etiam
3077 4452 3332 4508 discimus
3361 4468 3431 4508 ex
3461 4469 3553 4509 au-

1947 4535 2044 4575 reo
2073 4537 2293 4576 nummo
2334 4521 2639 4576 Maximiani
2668 4521 2915 4582 Cmsaris,
2945 4521 2998 4576 in
3027 4538 3132 4593 quo
3161 4522 3283 4576 dua:
3315 4524 3553 4580 victoria:

1948 4593 2160 4660 cippum
2189 4593 2476 4656 sustinent,
2508 4608 2628 4645 cum
2663 4593 3009 4659 inscriptione
3039 4609 3053 4645 :
3085 4593 3411 4648 GAUDETE
3429 4595 3553 4650 RO-

1949 4663 2140 4717 MANI.
2192 4663 2510 4718 Prudentius
2558 4662 2861 4718 Cathemer.
2909 4664 3010 4717 sub
3085 4667 3242 4718 litium
3275 4683 3287 4718 :
3323 4665 3552 4722 Gaudete

1949 4735 2196 4806 quidquid
2239 4735 2461 4806 gentium
2494 4744 2585 4788 est.
2615 4735 2889 4800 Martialis,
2918 4734 3011 4797 Χῐ,
3046 4735 3133 4790 62.
3161 4735 3282 4791 th.
3544 4786 3546 4788 τ

2025 4807 2086 4874 (i)
2143 4805 2206 4860 Et
2245 4805 2386 4859 nunc
2413 4821 2475 4858 ex
2499 4807 2675 4859 eadem
2704 4823 2858 4859 causa
2896 4807 3236 4878 interpellatio
3263 4808 3550 4878 sanguinis.

1948 4876 2177 4948 Scapula
2207 4880 2385 4931 statim
2417 4887 2535 4945 post
2571 4878 2883 4932 damnatum
2929 4877 3176 4932 Mavilum
3223 4876 3553 4936 acutissima

1951 4947 2233 5021 cuiusdam
2289 4948 2622 5021 aegritudinis
2664 4949 2904 5021 cruciatu
2943 4950 3128 5021 vexari
3163 4959 3415 5021 carperet,
3443 4966 3552 5021 quo

1948 5020 2110 5074 etiam
2155 5031 2282 5084 tum,
2312 5034 2432 5073 cum
2459 5019 2575 5074 haec
2593 5021 2854 5076 scriberet
2876 5018 3187 5088 Septimius,
3215 5018 3284 5076 ob
3304 5018 3549 5079 iteratam

1946 5091 2002 5150 in
2028 5089 2369 5146 Christianos
2399 5092 2659 5146 saevitiam
2701 5091 2880 5146 denuo
2907 5090 3221 5146 vexabatur.
3271 5090 3550 5150 Clamave-

1942 5171 2026 5216 rat
2075 5162 2142 5216 ad
2186 5162 2350 5217 Deum
2371 5163 2587 5232 sanguis
2613 5162 2969 5230 christianus,
3015 5177 3077 5216 ac
3103 5161 3298 5217 divina:
3327 5164 3543 5232 patien-

1942 5233 2028 5287 tia:
2048 5249 2226 5289 moras
2244 5233 2925 5303 interpellaverat.Paribus
2943 5233 3224 5301 exemplis,
3249 5233 3343 5288 sed
3374 5250 3534 5290 caus-

1940 5319 1998 5359 sa
2027 5304 2185 5374 longe
2223 5305 2424 5374 dispari
2455 5306 2744 5360 Petilianus
2769 5305 3044 5359 Donatista
3073 5303 3198 5359 adv.
3230 5304 3539 5362 Catholicos

1939 5378 2229 5447 pugnabat.
2280 5385 2337 5430 ut
2383 5375 2567 5431 videre
2589 5386 2672 5430 est
2721 5377 2773 5430 in
2806 5376 3186 5431 dissertatione
3227 5377 3534 5447 Augustini.

1939 5446 2154 5502 Etenim
2184 5447 2475 5502 Petilianus
2501 5447 2810 5502 terribiliter
2850 5460 3155 5516 preponere
3191 5446 3354 5501 ausus
3379 5456 3546 5504 estet

1939 5517 2122 5573 dicere
2155 5536 2170 5573 :
2198 5517 2303 5575 Sed
2330 5528 2383 5571 ut
2409 5529 2590 5574 caetera
2619 5529 2833 5583 taceam,
2873 5519 2928 5572 in
2963 5519 3144 5572 vestris
3163 5519 3413 5588 exemplis
3446 5519 3545 5572 ad-

1936 5593 2115 5644 vertite
2157 5591 2488 5661 imperatores
2533 5590 2857 5662 quamplnres
2880 5605 2940 5643 ac
2970 5590 3171 5662 iudices
3203 5599 3396 5646 vestros
3425 5607 3544 5662 per-

1933 5663 2244 5717 secutionem
2271 5662 2412 5715 nobis
2439 5661 2671 5731 facienda
2713 5661 2940 5729 periisse.
2969 5661 3088 5717 th.

2007 5733 2071 5803 (j)
2119 5732 2224 5786 Sed
2268 5744 2509 5786 memento
2541 5733 2602 5785 de
2645 5746 2844 5789 caueto.
2900 5732 3013 5789 Hoc
3065 5741 3173 5798 est,
3217 5732 3286 5788 de
3336 5731 3538 5802 futuro,

1935 5819 2167 5878 manet'e_
2181 5804 2383 5864 scilicet
2405 5804 2659 5872 ultionem
2685 5815 2942 5864 aeternam
2963 5808 3127 5878 longe
3150 5803 3540 5865 formidabilio-

268 5925 302 5944 ιλ
330 5871 396 5943 (e)
435 5871 687 5943 Solusque
722 5871 777 5929 in
803 5873 1038 5944 praetorio
1067 5889 1177 5932 suo.
1219 5873 1538 5934 Prmtoriuut
1582 5887 1666 5935 est
1698 5875 1827 5934 villa
1929 5890 2068 5934 rem.
2135 5875 2258 5944 Rm.
