4150 6352
538 301 647 361 703

1559 294 2024 357 TERTULLIANI
2066 295 2272 356 LIBER
2310 302 2404 360 AD
2441 303 2835 364 SCAPULAM.

3728 310 3841 369 708

543 426 626 474 tra
682 413 931 472 mandata
975 413 1203 482 faciatis,
1243 420 1302 470 ut
1345 411 1622 470 confessos
1665 427 1864 485 negare
1906 411 2130 484 cogatis.
2158 417 2214 478 Α
2237 419 2620 485 adulteramus,
2652 423 2882 494 pupillos
2902 421 2990 493 pie
3027 430 3338 490 tractamus,
3362 421 3722 490 indigentibus
3749 441 3842 482 τε.

543 512 697 569 Adeo
717 508 1049 567 conﬁtemini
1080 508 1396 566 innocentes
1419 521 1543 564 esse
1568 521 1690 574 nos,
1711 521 1850 579 quos
1872 506 2138 562 damnare
2239 512 2588 584 frigeramus,
2629 515 2760 571 num
2803 517 3004 572 malum
3031 531 3129 587 pro
3162 519 3306 574 malo
3342 519 3640 576 reddimus,
3676 519 3834 577 Vide.

541 603 725 660 statim
753 617 820 658 ex
849 600 1184 658 confessione
1226 616 1334 656 non
1378 600 1560 656 vultis.
1605 600 1661 656 Si
1705 611 1883 656 autem
1911 608 2138 655 conten-

541 695 670 752 ditis
714 694 781 750 ad
823 693 1106 750 elidendos
1154 709 1252 749 nos
1291 694 1396 764 (i),
1437 693 1542 763 iam
1604 706 1732 764 ergo
1781 691 2140 747 innocentiam

547 786 887 858 expugnatis.
919 785 1113 855 Quanti
1151 795 1332 841 autem
1373 784 1652 856 praesides,
1681 794 1735 840 et
1751 783 2144 840 constantiores

546 890 604 939 et
618 879 1456 946 crudeliores,dissimulaverunt
1482 878 1551 936 ab
1577 876 1883 948 huiusmodi
1911 878 2138 934 caussis!

543 985 603 1034 ut
641 975 856 1031 Cincius
889 972 1142 1040 Severus,
1187 973 1277 1043 qui
1324 972 1539 1045 Thystri
1597 972 1674 1044 (2)
1716 973 1832 1042 ipse
1879 970 2027 1026 dedit
2052 984 2144 1026 re-

543 1068 780 1126 medium
812 1065 911 1142 (α),
935 1066 1206 1138 quomodo
1231 1066 1620 1137 responderent
1639 1065 1942 1132 christiani,
1967 1074 2026 1119 ut
2055 1063 2142 1120 di-

544 1160 687 1218 mitti
717 1167 972 1230 possent;
1001 1168 1059 1214 ut
1080 1157 1412 1228 Vespronius
1433 1157 1725 1224 Candidus,
1758 1159 1847 1228 qui
1893 1157 2146 1212 christia-

545 1267 673 1308 num
701 1250 856 1322 quasi
874 1250 1257 1306 tumultuosum
1280 1249 1484 1305 civibus
1502 1251 1614 1306 suis
1634 1249 1943 1305 satisfacere
1965 1249 2041 1321 (ιι)
2061 1247 2145 1304 di-

546 1343 821 1408 misit;ut
869 1343 1089 1410 Asper,
1138 1341 1228 1412 qui
1280 1341 1489 1397 modice
1540 1349 1790 1397 vexatum
1845 1341 2140 1409 hominem,

547 1447 603 1494 et
627 1435 808 1491 statim
859 1435 1148 1506 deiectum,
1201 1449 1302 1491 nec
1357 1435 1678 1490 sacriﬁcium
1747 1435 2004 1505 compulit
2069 1432 2148 1487 fa-

547 1545 694 1596 cere,
720 1539 847 1586 ante
877 1529 1148 1600 professus
1192 1529 1332 1585 inter
1374 1530 1666 1586 advocatos
1707 1539 1762 1585 et
1801 1530 2139 1594 adsessores,

547 1621 735 1677 dolere
782 1637 843 1677 se
886 1621 1138 1676 incidisse
1193 1623 1246 1679 in
1295 1622 1434 1678 hanc
1495 1638 1740 1678 caussam
1782 1624 1884 1694 ('5).
1931 1620 2148 1677 Pudens

548 1715 710 1769 etiam
751 1715 975 1770 missum
1007 1715 1075 1770 ad
1109 1730 1168 1771 se
1213 1716 1567 1772 christianum
1609 1718 1660 1772 in
1706 1717 1882 1786 elogio
1910 1728 2139 1772 concus-

546 1809 700 1864 sione
722 1809 837 1878 ejus
863 1807 1126 1864 intellecta
1176 1808 1250 1881 (c)
1282 1809 1504 1877 dimisit,
1531 1811 1701 1866 scisso
1736 1813 1924 1866 eodem
1954 1808 2151 1880 elogio,

2243 608 2374 676 rint,
2400 609 2490 680 qui
2521 619 2722 665 sectam
2751 610 3104 676 mentiuntur,
3127 627 3263 682 quos
3288 611 3464 683 etipsi
3496 627 3834 669 recusamus.

2245 700 2376 767 Quis
2415 701 2646 771 denique
2690 701 2758 757 de
2804 703 2958 758 nobis
2997 703 3104 758 alio
3144 705 3361 783 nomine
3402 705 3647 774 queritur
3670 706 3838 777 (12)?

2248 795 2388 867 quod
2436 795 2579 850 aliud
2632 797 2903 866 negotium
2946 797 3157 868 patitur,
3185 797 3544 865 christiantts,
3579 798 3683 854 nisi
3727 815 3843 854 suae

2249 888 2446 944 sectae?
2471 903 2631 960 quam
2680 889 2940 944 incestam
2961 931 2976 955 ,
3005 905 3163 960 quam
3188 889 3464 968 crudelem
3485 932 3501 956 ,
3525 899 3676 946 tanto
3705 901 3844 946 tem-

2247 995 2380 1053 pore
2403 996 2562 1036 nemo
2589 981 2856 1052 probavit.
2898 981 3004 1036 Pro
3038 990 3184 1036 tanta
3207 982 3536 1047 innocentia,
3571 997 3669 1052 pro
3696 991 3847 1038 tanta

2248 1074 2513 1145 probitate
2539 1115 2554 1141 ,
2590 1089 2684 1144 pro
2711 1073 2914 1144 iustitia
2936 1116 2953 1142 ,
2993 1090 3089 1144 pro
3115 1073 3370 1144 pudicitia
3397 1116 3412 1140 ,
3435 1089 3535 1144 pro
3563 1073 3671 1130 ﬁde
3700 1116 3714 1138 ,
3744 1090 3848 1145 pro

2247 1167 2494 1234 veritate,
2521 1150 2624 1237 pro
2652 1168 2762 1222 Deo
2805 1168 2947 1231 vivo,
2977 1182 3314 1234 cremamur;
3339 1166 3482 1238 quod
3524 1183 3626 1222 nec
3674 1168 3849 1222 sacri-

2245 1260 2372 1331 legi,
2400 1275 2500 1316 nec
2517 1262 2698 1316 hostes
2725 1260 3133 1329 publici,verum
3160 1262 3277 1330 (15)
3309 1274 3408 1316 nec
3437 1269 3515 1314 tot
3548 1260 3851 1330 maiestatis

2249 1354 2327 1410 rei
2355 1354 2462 1424 pati
2492 1353 2689 1408 solent.
2714 1353 2846 1408 Nam
2877 1361 2934 1408 et
2957 1368 3098 1407 nunc
3124 1368 3152 1405 τι
3178 1351 3409 1433 ριέεβίᾀθ
3448 1351 3673 1423 legionis
3695 1391 3713 1413 .
3741 1363 3799 1406 et
3821 1367 3852 1406 a

2255 1446 2485 1516 praeside
2521 1445 2850 1500 Mauritania:
2875 1455 3099 1502 vexatur
3125 1445 3229 1500 hoc
3258 1460 3476 1512 nomen,
3517 1443 3614 1500 sed
3668 1444 3854 1516 gladio

2255 1550 2434 1608 tenus,
2458 1541 2597 1597 sicut
2621 1551 2676 1596 et
2701 1557 2730 1596 a
2755 1540 3048 1611 primordio
3065 1539 3374 1595 mandatum
3395 1547 3480 1594 est
3498 1537 3856 1593 animadverti

2256 1635 2314 1690 in
2341 1632 2670 1704 huiusmodi.
2689 1631 2799 1690 Sed
2822 1632 3026 1704 maiora
3049 1633 3368 1700 certamina,
3389 1629 3595 1701 maiora
3620 1645 3858 1701 sequun-

2256 1736 2345 1784 tur
2370 1728 2614 1799 praemia.

2905 1817 3133 1876 CAPUT
3171 1817 3240 1873 ν.

546 1901 668 1960 sine
689 1911 1001 1958 accusatore
1022 1917 1223 1974 negans
1245 1918 1306 1958 se
1331 1904 1636 1960 auditurum
1663 1904 2146 1959 hominemsecun-
2175 1875 2225 1936 Β
2324 1911 2625 1969 Crudelitas
2679 1920 2857 1968 vestra
2917 1911 3086 1982 gloria
3155 1918 3239 1966 es;
3307 1917 3511 1964 nostra,
3556 1907 3692 1964 Vide
3733 1917 3863 1964 ωη-

548 1996 676 2052 dum
719 1997 1025 2052 mandatum
1075 1996 1176 2070 (4).
1230 1997 1353 2052 [huc
1399 1999 1580 2054 omnia
1627 1997 1719 2054 tibi
1773 2006 1828 2053 et
1866 1996 1934 2052 de
1961 1994 2141 2052 ofﬁcio

549 2091 761 2162 suggeri
807 2100 1066 2162 possunt,
1104 2101 1159 2146 et
1200 2092 1269 2146 ab
1310 2092 1516 2149 eisdem
1571 2091 1843 2148 advocatis
1887 2090 2024 2163 (5),
2057 2089 2150 2162 qui

550 2185 652 2257 ipsi
684 2185 940 2242 beneficia
969 2186 1166 2242 habent
1188 2185 1634 2254 Christianorum,
1665 2187 1789 2243 licet
1825 2186 2147 2253 acclament,

551 2294 674 2350 qua:
700 2279 885 2334 volunt
934 2277 1034 2350 (6).
1071 2278 1206 2334 Nam
1249 2288 1306 2335 et
1348 2279 1626 2350 cuiusdam
1673 2279 1913 2334 notarius
1966 2293 2088 2332 cum
2119 2291 2151 2332 a

553 2372 802 2429 dmmone
823 2373 1267 2444 praecipitaretur,
1285 2374 1539 2430 liberatus
1566 2383 1682 2430 est:
1712 2383 1766 2430 et
1791 2372 2148 2444 quorumdam

556 2466 886 2537 propinquus
929 2475 984 2520 et
1007 2466 1311 2536 puerulus,
1338 2477 1391 2520 et
1427 2467 1612 2537 quanti
1658 2465 1870 2522 honesti
1899 2465 1998 2518 viri
2038 2462 2153 2536 (de

555 2558 866 2628 vulgaribus
893 2558 1056 2626 (enim
1099 2573 1207 2612 non
1250 2557 1520 2623 dicimus)
1550 2567 1695 2613 auta
1726 2557 2011 2612 dmmoniis
2058 2564 2153 2610 aut

559 2649 954 2707 valetudinibus
980 2650 1259 2707 remediati
1290 2652 1446 2706 sunt!
1479 2650 1597 2720 lpsc
1624 2651 1786 2707 etiam
1812 2651 2042 2706 Severus
2062 2663 2154 2720 pa-

561 2755 644 2802 ter
689 2744 982 2809 Antonini,
1027 2745 1451 2800 Christianorum
1502 2761 1708 2800 memor
1754 2744 1872 2800 fuit.
1923 2743 2058 2799 Nam
2100 2750 2157 2799 et

2253 2015 2366 2061 tum
2425 2021 2492 2060 ne
2544 2004 2646 2060 hoc
2685 2005 2840 2075 ipso,
2904 2003 3047 2073 quod
3093 2003 3218 2058 talia
3249 2001 3605 2065 sustinemus,
3636 2000 3705 2056 ad
3758 2001 3866 2056 hoc

2254 2101 2430 2156 solum
2485 2098 2764 2154 videamur
2804 2111 3108 2168 erumpere,
3152 2105 3208 2150 ut
3264 2095 3368 2149 hoc
3427 2094 3601 2165 ipsum
3661 2092 3863 2164 ρι’οῶ

2256 2209 2400 2260 mus,
2435 2207 2536 2249 nos
2581 2193 2699 2248 haec
2728 2206 2834 2247 non
2868 2191 3082 2255 timere,
3113 2187 3210 2244 sed
3248 2187 3390 2243 ultro
3415 2201 3630 2242 vocare.
3667 2185 3863 2240 Arrius

2257 2287 2563 2343 Antoninus
2612 2285 2666 2340 in
2720 2286 2846 2339 Asia
2901 2298 3024 2338 cum
3083 2289 3496 2352 persequeretur
3553 2278 3858 2346 instanter,

2256 2395 2448 2436 omnes
2495 2379 2636 2434 illius
2683 2379 2918 2434 civitatis
2960 2375 3238 2432 christiani
3274 2383 3399 2430 ante
3428 2372 3710 2429 tribunalia
3741 2371 3863 2441 eius

2257 2492 2317 2532 se
2363 2490 2523 2531 manu
2569 2474 2704 2529 facta
2754 2473 3107 2539 obtulerunt,
3157 2485 3278 2526 cum
3333 2467 3448 2542 (14)
3505 2467 3616 2534 ille,
3673 2467 3863 2536 paucis

2257 2570 2378 2626 duci
2404 2569 2591 2640 jussis,
2619 2566 2838 2638 reliquis
2882 2565 2957 2619 ait
2977 2605 2994 2631 ,
3025 2567 3062 2618 ὧ
3111 2568 3279 2628 δόλοι,
3337 2566 3380 2615 εἰ
3442 2568 3591 2617 θέλετε
3619 2565 3860 2613 ἀποθήσ-

2258 2690 2381 2732 att-1,
2407 2671 2637 2735 κρημνοὺς
2667 2669 2696 2722 ἢ
2723 2665 2926 2733 βρόχους
2965 2668 3096 2729 ἔχετε
3286 2655 3401 2711 iloc
3428 2654 3473 2710 εἰ
3503 2651 3758 2724 placuerit
3806 2659 3863 2706 et

2261 2757 2352 2813 hic
2393 2755 2531 2821 fieri,
2573 2753 2698 2824 quid
2751 2753 2914 2808 facies
2961 2751 3029 2806 de
3071 2750 3234 2805 tantis
3264 2747 3500 2804 millibus
3551 2745 3858 2807 hominum,

563 2836 848 2894 Proculum
875 2836 1228 2892 christianum
1261 2837 1354 2909 qui
1396 2837 1698 2907 Torpacion
1738 2835 2159 2907 cognominaba-

2264 2858 2341 2906 tot
2359 2848 2488 2904 viris
2514 2861 2578 2902 ac
2599 2845 2850 2910 foeminis,
2875 2843 3053 2898 omnis
3073 2840 3438 2904 sexus.omnis
3460 2839 3656 2899 aetatis.
3679 2835 3862 2891 omnis

563 2938 673 2995 tur,
703 2928 974 2984 Euhodea:
1007 2931 1087 2999 (7)
1128 2939 1562 3000 procuratorem,
1585 2930 1672 2999 qui
1701 2943 1823 2984 eum
1860 2944 1956 3000 per
1982 2928 2158 2984 oleum

2264 2939 2578 3012 dignitatis.
2628 2935 2976 2991 oﬁcrentibns
3032 2949 3093 2989 se
3141 2932 3288 2988 tibi?
3339 2930 3566 2999 Quantis
3623 2927 3858 2999 ignibus,

564 3020 852 3092 aliquando
863 3029 1164 3088 curaverat,
1186 3021 1484 3092 requisivit,
1501 3031 1554 3075 et
1571 3020 1622 3075 in
1641 3020 1836 3089 palatio
1859 3036 1957 3075 suo
1977 3019 2164 3076 habuit
2265 3032 2480 3105 quantis
2499 3029 2691 3102 gladiis
2710 3044 2844 3098 opus
2871 3027 3009 3083 em!
3043 3026 3169 3097 quid
3197 3026 3310 3095 ipsa
3353 3023 3622 3094 Carthago
3642 3035 3863 3093 passura

567 3128 736 3183 usque
773 3112 840 3168 ad
883 3123 1111 3169 mortem
1141 3112 1476 3184 ejuszquem
1521 3123 1578 3170 et
1619 3113 1924 3168 Antoninus
1961 3114 2162 3184 optime

2267 3135 2370 3193 est,
2422 3122 2740 3180 decimanda
2789 3139 2818 3174 a
2880 3129 2975 3189 te,
3005 3136 3128 3176 cum
3185 3119 3538 3190 propinquos,
3566 3131 3689 3172 cum
3739 3129 3868 3171 con-

567 3219 790 3266 noverat
826 3209 964 3264 lacte
988 3207 1284 3264 christiano
1311 3208 1568 3263 educatus
1619 3206 1722 3280 (8).
1766 3207 1874 3263 Sed
1901 3217 1955 3263 et
1975 3209 2159 3263 claris-

2268 3217 2581 3274 tubernales
2605 3230 2732 3269 suos
2772 3213 2885 3269 illic
2931 3213 3296 3282 unusquisque
3344 3209 3696 3281 cognoverit,
3745 3222 3866 3262 cum

569 3299 734 3355 simas
781 3299 1028 3356 fwminas
1075 3309 1130 3356 et
1163 3299 1496 3356 clarissimos
1533 3301 1680 3355 viros
1723 3300 1956 3357 Severus
1984 3300 2161 3357 sciens

571 3391 730 3463 huius
756 3401 922 3448 secta:
947 3406 1089 3458 esse,
1116 3373 1232 3449 non'
1247 3391 1408 3449 modo
1449 3408 1555 3448 non
1582 3391 1740 3458 lmsit,
1770 3408 1960 3448 verum
1991 3401 2047 3448 et
2086 3403 2166 3448 te-

571 3485 827 3540 stimonio
867 3471 1181 3551 exornavit,
1221 3495 1277 3542 et
1309 3486 1505 3559 populo
1545 3485 1740 3542 furenti
1772 3487 1824 3541 in
1862 3503 1961 3542 nos
1988 3485 2166 3558 palam

576 3576 792 3634 restitit.
860 3577 1078 3634 Marcus
1159 3593 1377 3651 quoque
1435 3580 1690 3636 Aurelius
1742 3579 1797 3635 in
1845 3579 2169 3637 Germanica

573 3669 918 3740 expeditione
963 3671 1377 3727 Christianorum
1434 3672 1666 3727 militum
1714 3673 2048 3728 orationibus
2098 3672 2168 3728 ad

575 3762 746 3818 Deum
789 3763 979 3830 factis,
1022 3766 1223 3822 imbres
1265 3767 1318 3822 in
1357 3766 1446 3821 siti
1473 3767 1562 3822 illa
1591 3767 1914 3838 impetravit.
1945 3767 2172 3835 Quando

576 3873 683 3914 non
714 3859 1195 3930 geniculationibus
1219 3870 1273 3916 et
1309 3860 1730 3931 icjunationibus
1774 3862 1976 3918 nostris
2013 3863 2174 3918 etiam

575 3953 846 4010 siccitates
883 3962 1008 4008 sunt
1042 3953 1484 4024 depulsze?Tunc
1510 3965 1564 4010 ct
1592 3955 1819 4026 populus
1873 3955 2177 4013 acclamans

580 4044 692 4105 Deo
716 4045 924 4101 deorum
947 4044 1049 4119 (9),
1069 4049 1162 4117 qui
1184 4049 1325 4102 solus
1356 4058 1532 4117 potens
1561 4048 1694 4122 (10),
1725 4050 1778 4104 in
1819 4051 1966 4106 Jovis
1999 4053 2178 4107 nomi-

579 4153 650 4193 ne
678 4138 788 4193 Deo
831 4147 1016 4194 nostro
1071 4139 1437 4195 tesﬁmonium
1497 4141 1746 4197 reddidit.
1799 4143 2007 4198 Prazter
2063 4145 2182 4216 (li)

582 4228 701 4287 ham
727 4230 1031 4303 depositum
1053 4247 1160 4290 non
1183 4231 1533 4306 ahncgamus,
1564 4235 1963 4291 matrimonium
1988 4240 2183 4298 nullius

2267 3312 2460 3368 viderit
2502 3310 2610 3366 illic
2657 3309 2886 3364 fortasse
2939 3317 2994 3362 et
3065 3306 3140 3361 tui
3199 3304 3404 3360 ordinis
3452 3303 3602 3358 viros
3644 3310 3701 3358 ct
3757 3315 3869 3355 ma.

2272 3417 2489 3472 tronas,
2519 3414 2575 3460 et
2623 3401 2952 3472 principales
3007 3413 3247 3471 quasque
3295 3411 3588 3468 personas.
3635 3401 3690 3450 et
3727 3393 3866 3448 ami-

2270 3514 2458 3556 corum
2489 3507 2701 3552 tuorum
2734 3496 2816 3550 vel
2843 3494 3172 3566 propinquos
3191 3491 3276 3547 vel
3303 3489 3530 3545 amicos?
3548 3489 3714 3544 Parce
3733 3499 3864 3557 ergo

2273 3593 2388 3659 tibi,
2416 3593 2460 3648 si
2488 3606 2595 3646 non
2619 3589 2796 3656 nobis,
2829 3602 2986 3658 parce
3006 3583 3337 3654 Carthagini,
3370 3583 3415 3637 si
3443 3596 3552 3636 non
3575 3579 3688 3643 tibi,
3711 3594 3866 3649 parce

2272 3686 2585 3759 provincias,
2607 3699 2728 3756 qua:
2751 3683 2866 3736 visa
2893 3680 3188 3736 intentione
3217 3688 3304 3732 tua
3331 3676 3562 3731 obnoxia
3611 3673 3752 3728 facta
3787 3678 3871 3728 est

2276 3779 2720 3836 concussionibus
2750 3785 2805 3831 et
2829 3770 3057 3830 militum
3084 3781 3138 3827 et
3169 3770 3510 3826 inimicorum
3536 3781 3758 3821 suorum
3785 3781 3875 3820 cu-

2275 3874 2492 3944 iusque.
2521 3871 2831 3941 Magistrum
2861 3867 3128 3923 neminem
3163 3863 3446 3930 habemus,
3468 3861 3569 3916 nisi
3597 3860 3767 3915 Deum
3787 3874 3874 3914 so-

2281 3967 2414 4021 lum.
2443 3965 2541 4019 Hic
2567 3970 2692 4016 ante
2721 3971 2774 4016 te
2799 3968 2912 4024 est,
2957 3973 3058 4013 nec
3101 3954 3358 4011 abscondi
3397 3961 3607 4024 potest,
3653 3949 3748 4006 sed
3789 3951 3875 4006 cui

2283 4056 2416 4112 nihil
2458 4055 2636 4110 facere
2678 4051 2874 4122 possis.
2908 4049 3188 4114 Cteternm
3219 4042 3354 4114 quos
3386 4052 3538 4115 putas
3580 4042 3673 4097 tibi
3706 4042 3876 4110 magi-

2283 4158 2445 4214 stros,
2476 4146 2721 4201 homines
2747 4151 2873 4198 sunt
2891 4139 3064 4210 etipsi
3104 4137 3346 4194 morituri
3389 4135 3732 4207 quandoque.
3772 4134 3878 4189 Nec

2287 4254 2467 4300 tamen
2491 4239 2706 4296 deﬁciet
2740 4237 2857 4294 hzec
2907 4243 3053 4293 secta
3077 4275 3091 4302 ,
3122 4249 3282 4306 quam
3325 4242 3451 4288 tunc
3495 4231 3667 4303 magis
3716 4229 3883 4287 tcdili-

1815 4391 2197 4456 LECTIONES
2233 4393 2648 4456 VARIANTES.

647 4508 718 4572 (l)
754 4503 1213 4576 Eligendosﬁigall.

650 4571 723 4630 (*2)
755 4569 964 4630 Rhysdri
991 4578 1092 4630 mg.

672 4630 724 4683 ὅ)
759 4630 942 4682 Dolore
964 4633 1092 4682 abest
1115 4630 1267 4683 Rhen.

672 4693 724 4746 4)
758 4695 1018 4746 Hominem
1036 4697 1166 4744 abest
1192 4693 1339 4743 then.

652 4754 727 4820 (5)
763 4757 993 4820 Eiusdem
1014 4759 1134 4820 Jun.
1159 4769 1186 4805 e
1219 4754 1377 4807 Vatia.

652 4764 706 4818 (5
763 4764 993 4820 Eiusdem
1014 4764 1186 4806 Jun.e
1221 4764 1377 4807 Valte.

650 4764 727 4891 (ei
759 4817 1323 4891 Etaddi'utﬂﬁenz...
1516 4881 1540 4891 -
1657 4888 1666 4891 _
1730 4881 1742 4891 .

653 4880 728 4945 (7)
762 4881 908 4933 Rhcn.
933 4880 1214 4946 conﬁciebat
1237 4880 1469 4946 Euboeae.
1502 4881 1573 4946 In
1592 4881 1743 4946 veteri
1769 4883 1904 4946 Cod.
1944 4885 2180 4936 Euhodze.

591 4943 810 5014 fiduciis
831 4943 1100 5014 emendavit
1123 4943 1293 5014 Euodi.
1310 4945 1437 5014 quod
1463 4943 1617 5014 piacet
1638 4943 1857 5014 pigaltio.
1886 4948 2030 5014 Ideni
2053 4955 2185 5002 notat

593 5009 902 5076 Scaligerum
922 5004 975 5059 in
994 5004 1240 5059 attimadv.
1259 5006 1312 5058 in
1323 5004 1591 5059 Eusebium
1614 5004 1875 5071 defendere
1916 5008 2181 5063 lectionem.

2285 4512 2502 4566 Euodize.

2204 4569 2260 4630 D
2287 4564 2705 4656 1(8.)‘.Nover'at‘_
2718 4569 3001 4621 christianis
3044 4567 3308 4620 educatum
3362 4565 3484 4620 Cod.
3544 4564 3876 4656 Divionensts.

2286 4636 2576 4694 christiano,
2600 4636 2724 4683 Par.

2353 4700 2423 4763 (9)
2459 4691 2743 4763 Etodditur
2768 4691 2915 4746 Rhea.

2378 4757 2458 4822 10)
2481 4757 2584 4811 Alii
2612 4767 2769 4822 potes.

2379 4818 2455 4885 ll)
2489 4818 2702 4885 Propter
2729 4818 2874 4885 Rhen.

2374 4877 2456 4950 η)
2487 4877 2740 4950 puerum-
2763 4877 2934 4944 m‘gatt.
3025 4943 3046 4950 _
3093 4937 3122 4950 Α,

2348 4943 2367 5012 (
2375 4943 2454 5011 15)
2486 4943 2706 5012 Euhlicii
2717 4943 2888 4994 verum
2906 4954 3000 4994 nec
3018 4943 3173 4993 Latin.

2297 5063 2301 5072 ,
2353 5008 2458 5076 (HT)
2491 5010 2619 5063 Tum
2651 5008 2861 5061 Ithenan.

1954 5136 2516 5226 CQMMENTARlUS.

662 5255 818 5313 CAP.
841 5254 1007 5322 ιν.-τ
1022 5253 1106 5381 (τι)
1122 5253 1222 5322 Qui
1237 5252 1561 5325 Thystriipse
1582 5251 1738 5307 dedit.
1753 5251 2090 5308 Contrarium
2108 5255 2189 5308 vi-

662 5338 760 5381 :tur
782 5327 1003 5381 omnino
1044 5327 1188 5381 uisse
1212 5326 1553 5380 observatum
1572 5341 1584 5377 :
1603 5325 1694 5381 qui
1721 5325 1863 5379 enim
1894 5341 2044 5379 reum
2070 5341 2189 5381 ner-

600 5329 760 5385 dctur
782 5327 1003 5383 omnino
1022 5325 1188 5382 fuisse
1212 5326 1553 5380 observatum
1572 5341 1584 5377 :
1603 5325 1694 5394 qui
1721 5325 1863 5379 enim
1894 5341 2044 5379 reum
2070 5341 2191 5393 per-

601 5401 1046 5462 ditnmvolebant,
1069 5398 1319 5452 omnibus
1349 5397 1694 5466 illum'm‘odis
1709 5405 1868 5464 atque
1893 5397 2118 5457 artibus.
2139 5405 2194 5452 ct

602 5471 809 5529 crebris
836 5469 1344 5538 interrogationibus
1361 5469 1416 5524 in
1436 5466 1681 5521 fraudem
1717 5467 2057 5522 inducebant.
2089 5469 2194 5523 Pa-

600 5544 797 5672 rlnelit:
845 5541 972 5613 legit
1011 5540 1218 5607 Tiristi,
1268 5540 1352 5596 vel
1405 5539 1608 5604 Tiristi;
1640 5539 1716 5594 La
1744 5539 1918 5597 Cerda
1945 5539 2194 5598 Thristri.

650 5631 684 5670 ε
782 5629 834 5669 n.
1589 5635 1593 5644 ·

650 5631 684 5670 Β
737 5629 834 5669 I’B.
1589 5635 1593 5644 '

675 5683 758 5757 (b)
803 5683 963 5757 Quasi
989 5682 1352 5757 iamuituosunt
1381 5682 1570 5738 civibus
1589 5684 1693 5757 suis
1719 5683 2030 5756 satisfacere.
2061 5682 2198 5738 Vcs-

604 5752 829 5830 pron'ius
853 5755 945 5810 ille
980 5752 1251 5830 Candidus
1276 5754 1422 5808 cives
1460 5752 1965 5830 suoschristianum
2002 5769 2194 5830 quem-

607 5822 730 5907 dam
758 5827 828 5882 ad
877 5835 1106 5884 mortem
1138 5822 1492 5907 deposcentcs
1533 5826 1832 5907 admonuit,
1875 5843 1939 5882 sc
1976 5822 2193 5907 quidem

609 5899 842 5960 libenter
883 5911 1072 5957 eorum
1093 5896 1232 5958 vctis
1256 5895 1674 5970 satisfacturum,
1709 5897 1808 5960 sed
1833 5913 1950 5963 rem
1989 5895 2198 5962 Civitati

2293 5255 2673 5312 tumultuosam
2699 5249 3002 5320 providere.
3031 5248 3152 5305 Rm.

2367 5325 2445 5397 (c)
2501 5315 2852 5397 ﬁoncussione
2903 5322 3011 5397 eius
3056 5315 3514 5397 intellecta.___ﬂ_oe
3554 5326 3667 5378 est,
3731 5335 3899 5377 vexa.

2298 5388 2466 5453 tione.
2501 5395 2622 5466 Ipse
2658 5393 2818 5466 infra,
2848 5392 2948 5466 sub
2975 5391 3131 5466 ﬁnem
3152 5390 3308 5460 huius
3334 5388 3498 5466 libelli
3527 5406 3735 5466 :_parcc
3764 5408 3897 5461 pro-

2299 5461 2682 5536 vinciquurc
2723 5465 2836 5520 visa
2887 5463 3180 5536 intentione
3227 5461 3602 5536 tua,_o|_moxia
3633 5461 3772 5516 facta
3808 5473 3901 5522 est

2302 5531 2780 5598 concussionibus,
2819 5543 2875 5590 et
2918 5534 3145 5588 militum
3195 5541 3254 5588 et
3291 5531 3625 5587 inimicorum
3667 5548 3898 5590 suorum

2305 5611 2582 5681 cuiusque.
2628 5605 2755 5681 itte.
2785 5604 3172 5681 -—Conct_tssi_o
3221 5611 3307 5659 est
3353 5603 3577 5658 subdola
3615 5608 3894 5681 accusatio

2305 5674 2528 5737 furentis
2555 5677 2831 5748 cuiusdam
2891 5674 3214 5743 nebulonis,
3265 5689 3373 5730 non
3421 5683 3602 5731 autem
3651 5675 3900 5748 legitima

2301 5753 2502 5808 actoris
2527 5751 2718 5805 oratio.
2745 5749 2825 5804 ιε
2853 5749 2950 5804 Pu.

2369 5821 2822 5893 CAI).VO__(d)Q
2852 5823 3019 5893 3510,,
3038 5846 3085 5893 κ,
3112 5845 3159 5893 τ,
3189 5823 3235 5870 λ.
3260 5817 3379 5893 Hoc
3399 5827 3484 5873 est
3507 5817 3605 5893 λθ
3630 5817 3822 5889 miseri,
3853 5822 3902 5877 εἰ

2300 5897 2430 5957 mori
2455 5895 2629 5968 vultis,
2651 5888 2936 5966 prticipitia
2964 5889 3154 5948 habetis
3179 5889 3479 5967 et_iaqueos.
3506 5888 3639 5949 Eon.
