4150 6352
259 309 368 369 Ἰθῦ

789 307 858 366 ΙΝ
909 305 1381 368 TERTULLIANI
1432 302 1964 365 APOLOGETICUM
2006 299 2455 364 DISSERTATIO
2493 302 2558 360 Ι).
2596 299 2685 361 LE
2721 299 3028 362 NOURRY.
3079 326 3086 335 -

3340 319 3348 331 -
3439 287 3546 360 ποθ

259 426 370 481 cari
401 423 538 481 scias
557 464 574 490 ,
605 437 727 480 cum
765 424 900 480 caedi
927 423 1158 480 videtur.
1188 422 1426 494 Quisque
1461 423 1604 479 enim
1643 431 1843 478 tantam
1873 429 1925 490 Α
1949 436 2040 478 sus
2077 420 2178 494 (ἓ),
2204 430 2258 477 et
2285 420 2555 491 inquirere
2579 419 2920 487 accenditur,
2947 417 3076 491 quid
3103 418 3172 474 sit
3202 417 3254 474 in
3274 429 3470 490 causa,
3491 428 3550 479 et

261 517 598 575 tolerantiam
631 525 882 589 spectans
908 517 1012 589 (l),
1042 525 1101 573 ut
1127 515 1305 588 aliquo
1342 515 1594 586 scrupulo
1629 530 1845 586 percus-

1952 516 2041 570 ubi
2069 514 2381 585 cognoverit
2404 515 2706 582 veritatem,
2739 523 2795 572 et
2825 513 2940 586 ipse
2967 513 3146 571 statim
3173 514 3438 586 sequitur.

1485 628 1864 688 LECTIONES
1901 627 2313 686 VARIANTES.

327 747 401 811 (l)
433 747 713 812 Expectans
736 743 883 798 Rhea.

2055 744 2130 808 ('2)
2163 743 2220 795 In
2243 743 2414 807 ﬁlim,
2439 744 2560 796 Jun.

1536 992 2424 1058 o'.-“—..o

1057 1074 1117 1127 θ
1283 987 1489 1216 Β
1531 992 2558 1213 insectatio

275 1376 396 1462 IN
426 1378 531 1488 Q.
556 1321 1071 1460 .SEPTIMII
1100 1374 1748 1462 FLORENTIS
1778 1377 2572 1469 TERTULLIANI
2598 1379 3572 1486 APOLOGETICUM,

472 1539 750 1632 DUOS
787 1557 938 1630 AD
979 1554 1510 1630 NATIONES
1745 1554 1914 1630 Ro:

1163 1554 1914 1776 (ΑΠΟΤΟΒΙὲῇῇἕὸ

2014 1561 2556 1716 ἣΕὶὲὲΠΜ
2600 1566 2754 1638 ΑΙ)
2801 1563 3414 1662 SCAPULAM,

2014 1707 2092 1776 CC.
2139 1719 2241 1776 LE
2284 1721 2665 1776 Nonnnv-\.

1163 1710 2092 1811 (AUCTORRDOMNQ’NIC.
2108 1710 2241 1808 ’ΞΕ
2279 1710 2665 1811 ΕῷΗΒΒΥ.)

420 1857 877 1917 pnesnv'reno
918 1857 1009 1915 ET
1048 1855 1380 1916 MONACHO
1415 1855 1692 1912 onmms
1729 1857 1789 1912 s.
1829 1819 2192 1918 ﬁsivnntcﬁ
2229 1864 2273 1921 E
2310 1827 2887 1928 cONGnEGA'rIONE
2921 1870 3166 1930 sanan
3202 1870 3440 1931 MAURI.

315 2157 317 2162 ς
809 2107 1036 2166 CAPUT
1066 2104 1350 2163 PRIMUM.

286 2207 316 2270 ι
357 2202 598 2275 Analysis
622 2203 943 2276 Apologetici
963 2243 978 2268 ,
1001 2211 1046 2255 et
1061 2201 1172 2272 quis
1192 2200 1254 2254 sit
1277 2197 1648 2268 Tertullianus,
1669 2198 1816 2270 cujus

304 2277 320 2342 .-
832 2297 1034 2352 nomine
1060 2293 1370 2349 inscribitur.

828 2403 1116 2446 ARTICULUS
1141 2401 1352 2442 PRIMUS.

801 2478 1386 2552 AnalysisApologetici.

361 2580 496 2637 Cum
535 2577 900 2634 Tertullianus
941 2589 1048 2630 non
1100 2587 1292 2642 magno
1319 2573 1436 2628 sine
1490 2571 1656 2626 animi
1701 2569 1889 2627 dolore

294 2681 543 2729 cerneret
561 2669 898 2726 Christianos
918 2675 1062 2721 tanta
1079 2664 1359 2735 iniquitate
1380 2663 1448 2719 ab
1469 2663 1698 2720 ethnicis
1715 2663 1896 2718 vexari

301 2776 360 2821 et
397 2763 594 2830 occidi,
622 2771 682 2818 ut
717 2776 817 2817 nec
856 2760 957 2814 sibi
986 2759 1158 2829 palam
1199 2773 1256 2813 se
1284 2757 1442 2820 tueri,
1487 2771 1587 2812 nec
1625 2755 1894 2826 judicibus

302 2874 401 2916 eos
421 2857 630 2930 publice
657 2854 844 2910 audire
867 2853 1070 2916 liceret,
1101 2851 1166 2906 ad
1190 2851 1426 2921 ipSorum
1442 2866 1658 2906 causam
1684 2849 1893 2905 occulta

303 2951 628 3022 scriptorum
657 2949 706 3002 vi
735 2945 876 3018 apud
905 2944 1131 3000 Romani
1159 2943 1369 3013 imperii
1412 2943 1695 2998 Antistites
1731 2956 1897 3012 agen-

316 3043 439 3100 dam
469 3055 754 3114 aggressus
795 3052 898 3096 est.
934 3039 1170 3094 Primum
1203 3038 1384 3107 itaque
1413 3037 1728 3107 gravissime
1763 3049 1898 3092 con-

302 3135 575 3206 queritur,
632 3132 968 3189 Christianos
1019 3145 1207 3186 omnes
1258 3129 1327 3183 ab
1375 3128 1623 3194 ethnicis,
1675 3127 1765 3197 qui
1810 3141 1904 3182 eos

306 3245 408 3286 nec
453 3236 751 3292 noverant,
793 3241 896 3282 nec
947 3240 1107 3281 nosse
1156 3222 1429 3287 volebant,
1483 3231 1670 3277 contra
1715 3221 1895 3275 omnia

304 3321 571 3392 aequitatis
586 3330 640 3375 et
660 3315 866 3374 natura:
885 3318 1002 3388 jura
1027 3317 1157 3372 odio
1180 3316 1340 3386 plane
1368 3313 1684 3384 implacabili
1714 3311 1901 3368 haberi

304 3423 360 3470 et
382 3413 772 3468 excarniﬁcari.
798 3411 1074 3466 Publicum
1105 3409 1382 3465 enimvero
1405 3407 1562 3478 hujus
1592 3407 1905 3478 ignorantia:

308 3505 670 3560 testimonium
698 3519 766 3559 eo
803 3503 976 3573 magis
1007 3502 1221 3556 illorum
1265 3499 1765 3571 praevaricationem
1811 3514 1903 3554 re-

311 3595 627 3666 darguebat,
673 3596 817 3667 quod
849 3595 939 3650 ubi
979 3595 1210 3665 primum
1254 3592 1619 3664 agnoscebant
1675 3607 1796 3662 qua:
1849 3601 1904 3648 et

318 3687 493 3760 qualis
521 3689 586 3744 sit
609 3689 822 3760 Religio
858 3687 1171 3752 christiana,
1202 3687 1381 3741 statim
1427 3686 1617 3740 relicto
1656 3683 1910 3740 falsorum

315 3780 540 3837 deorum
581 3784 750 3848 cultu,
797 3797 916 3837 eam
960 3788 1073 3836 toto
1101 3777 1369 3835 terrarum
1394 3779 1447 3834 in
1475 3779 1606 3835 orbe
1631 3779 1904 3849 amplexa-

317 3873 534 3930 bantur.
560 3874 745 3947 Neque
772 3872 1057 3929 dicendum
1097 3881 1178 3928 est
1203 3873 1321 3927 illos
1352 3871 1405 3927 in
1433 3871 1631 3926 malum
1659 3880 1783 3926 tunc
1808 3880 1915 3926 tra-

317 3967 462 4024 duci.
511 3968 631 4024 Mali
678 3968 942 4040 siquidem
987 3966 1222 4022 hominis
1272 3966 1388 4022 hzec
1429 3976 1515 4022 est
1565 3964 1823 4032 conditio,
1856 3975 1915 4020 ut

318 4064 526 4134 pudore
554 4073 609 4119 et
638 4063 830 4118 timore
859 4061 1106 4133 perfusus
1125 4103 1139 4126 ,
1183 4061 1418 4116 latebras
1455 4069 1660 4130 quaarat
1687 4078 1700 4113 :
1729 4068 1915 4114 contra

321 4170 452 4210 vero
479 4154 818 4211 Christianus
847 4155 946 4211 etsi
973 4154 1277 4218 damnatus,
1307 4169 1372 4208 ac
1414 4154 1650 4224 quolibet
1678 4162 1917 4210 tormen-

319 4257 497 4304 torum
544 4265 744 4320 genere
797 4249 1156 4316 excruciatus,
1189 4248 1256 4304 de
1298 4263 1397 4304 sua
1433 4247 1770 4320 professione
1797 4247 1917 4318 glo-

322 4343 514 4406 riatur,
545 4342 705 4410 gestit
729 4350 784 4396 et
812 4341 1048 4396 exsultat
1075 4341 1215 4412 (cap.
1246 4342 1325 4412 l).
1372 4369 1377 4376 -

397 4431 601 4487 Deinde
646 4447 773 4487 vero
810 4432 854 4486 si
882 4431 1540 4504 Christianus).sacrilegii,
1572 4433 1784 4499 incesti,
1814 4432 1912 4488 ho-

325 4525 550 4590 micidii,
589 4524 672 4578 vel
708 4523 930 4578 alterius
959 4523 1244 4594 cujuslibet
1275 4525 1550 4596 criminis,
1583 4526 1658 4580 uti
1699 4525 1907 4595 garrie-

327 4619 461 4674 bant
488 4616 740 4687 gentiles,
785 4631 908 4672 reus
935 4616 1045 4680 sit,
1077 4632 1175 4671 cur
1214 4617 1282 4672 ab
1320 4616 1424 4670 illis
1468 4627 1654 4672 contra
1703 4617 1917 4673 divinas
1944 4650 1998 4711 Β

328 4711 700 4780 hmnanasque
738 4709 886 4778 leges
909 4750 924 4774 ,
968 4708 1085 4764 sine
1125 4708 1233 4762 ulla
1269 4707 1917 4775 criminisaccusationc,

329 4804 452 4858 sine
480 4811 636 4866 teste,
673 4801 791 4856 sine
820 4801 1023 4872 praevio
1049 4801 1212 4856 ullius
1235 4801 1674 4868 circumstantiae,
1709 4811 1920 4873 tempo-

330 4895 428 4959 ris,
454 4893 793 4962 consciorum
834 4891 1104 4955 examine,
1129 4890 1225 4946 sed
1257 4891 1417 4947 unico
1446 4892 1659 4962 penitus
1690 4893 1923 4947 nominis

333 4984 644 5056 prmjudicio
683 4983 1110 5040 condemnatur?
1149 4983 1352 5040 Plinius
1379 4984 1557 5055 itaque
1592 4984 1692 5039 hac
1717 4985 1924 5054 injusti-

338 5076 409 5130 tia
450 5085 745 5144 permotus,
793 5075 1082 5146 Trajanum
1140 5077 1521 5147 imperatorem
1571 5077 1927 5147 interrogavit

335 5165 466 5237 quid
495 5166 561 5221 de
590 5166 936 5234 Christianis,
967 5169 1164 5224 nullius
1189 5170 1367 5240 plane,
1387 5179 1583 5241 praeter
1603 5171 1928 5228 obstinatam

337 5259 393 5316 in
424 5258 516 5314 Dei
546 5267 601 5314 et
627 5259 825 5316 Christi
851 5261 996 5316 cultu
1011 5277 1213 5334 suaque
1238 5262 1520 5333 disciplina
1545 5262 1926 5334 perseverandi

337 5351 704 5420 voluntatem,
763 5354 1006 5408 criminis
1063 5362 1158 5408 aut
1207 5354 1387 5412 delicti
1450 5355 1730 5422 convictis,
1771 5369 1934 5425 agen-

336 5441 465 5500 dum
503 5453 666 5500 esset.
694 5443 802 5500 Sed
851 5445 1054 5500 nullum
1097 5445 1245 5501 aliud
1275 5447 1344 5503 ab
1374 5446 1464 5501 illo
1491 5461 1807 5516 reSponsum
1839 5461 1932 5501 ac-

226 5595 236 5599 __
335 5535 622 5606 ccpit,nisi
649 5551 744 5592 eos
771 5553 876 5591 non
897 5552 1018 5592 esse
1047 5537 1416 5608 inquirendos,
1440 5539 1533 5594 sed
1563 5538 1773 5598 oblatos
1792 5537 1938 5608 judi-

293 5627 493 5682 ~cibus
553 5627 732 5698 puniri
802 5637 1073 5698 oportere.
1134 5628 1273 5695 Quid
1333 5639 1536 5693 autent.
1594 5629 1823 5684 obsecro
1860 5639 1930 5694 te,

340 5717 577 5789 iniquius
598 5734 662 5774 ea
689 5720 829 5790 lege,
855 5735 975 5791 qua:
994 5719 1352 5787 Christianos,
1378 5730 1566 5792 utpote
1596 5722 1933 5788 innocentes,

347 5820 498 5866 vetat
522 5810 742 5882 inquiri,
769 5820 826 5871 et
853 5821 1106 5887 tanquam
1128 5820 1390 5876 nocentes
1419 5813 1773 5874 condemnari
1797 5829 1936 5887 prae.

343 5903 474 5978 cipit
494 5902 636 5978 (cap.
665 5902 766 5977 2)?

1931 1977 2005 2020 σε

1919 2114 1969 2178 Β
2065 2111 2150 2167 Ad
2188 2111 2304 2170 haec
2331 2128 2481 2184 vero,
2523 2113 2718 2174 divinis
2754 2117 3109 2192 humanisque
3138 2119 3344 2192 legibus
3370 2129 3587 2176 cautum

1991 2214 2096 2273 est,
2115 2221 2185 2263 ne
2209 2208 2368 2264 ullius
2382 2211 2668 2282 cujuslibet
2688 2215 2929 2270 criminis
2951 2230 3077 2270 reus
3092 2215 3196 2270 ulla
3214 2231 3446 2286 unquam
3474 2224 3587 2270 tor-

1994 2309 2248 2368 queretur
2273 2312 2365 2358 aut
2384 2318 2563 2375 parua,
2587 2314 2679 2361 aut
2697 2309 3017 2378 quaestione,
3049 2309 3149 2362 nisi
3177 2317 3236 2363 ut
3263 2308 3467 2364 scelera
3495 2322 3590 2362 sua

1995 2393 2360 2451 conﬁteretur.
2387 2398 2457 2452 At
2485 2398 2774 2456 Christiani
2811 2417 2842 2456 e
2868 2403 3138 2457 contrario
3192 2402 3594 2460 discruciaban-

1998 2493 2118 2551 tur;
2151 2496 2212 2540 ut
2240 2503 2324 2552 ea,
2357 2504 2585 2560 quorum
2626 2493 2868 2547 accusari
2915 2492 3183 2560 solebant,
3216 2494 3462 2558 crimina,
3503 2507 3592 2548 se—

2001 2590 2105 2646 que
2129 2575 2466 2636 Christianos
2493 2597 2615 2638 esse
2655 2593 2936 2654 negarent.
2969 2585 3047 2640 De
3077 2585 3195 2639 solo
3222 2587 3399 2656 itaque
3419 2585 3594 2642 chris-

2000 2671 2266 2728 tianorum
2305 2677 2522 2732 nomine
2552 2679 2794 2748 przelium
2830 2689 2965 2734 erat.
2996 2680 3062 2734 Et
3081 2689 3228 2735 certe
3251 2696 3370 2751 qua:
3398 2695 3426 2733 a
3447 2679 3595 2750 judi-

1999 2765 2150 2821 cibus
2176 2765 2244 2822 de
2263 2767 2454 2823 tabella
2481 2769 2742 2825 adversus
2770 2785 2864 2826 eos
2889 2772 3335 2842 pronuntiabatur
3375 2780 3598 2828 senten-

2002 2861 2115 2928 tia,
2157 2861 2359 2916 omisso
2395 2865 2668 2932 ‘cujusvis
2717 2857 2959 2920 criminis
3013 2865 3219 2936 elogio,
3275 2863 3410 2920 nihil
3455 2863 3600 2918 aliud

2001 2953 2228 3022 ferebat,
2274 2959 2376 3013 nisi
2404 2945 2708 3014 christianos
2753 2961 3021 3017 damnari.
3051 2963 3121 3018 At
3158 2961 3358 3018 ethnici
3389 2971 3501 3017 tum
3539 2961 3594 3016 in

2002 3051 2326 3106 sacratiores
2359 3052 2503 3123 leges
2547 3067 2613 3109 eo
2657 3055 2875 3124 gravius
2908 3055 3222 3126 peccabant,
3251 3071 3358 3127 quo
3401 3055 3599 3125 saepius

2005 3138 2311 3198 fatebantur
2347 3154 2526 3200 castos
2578 3154 2904 3217 sanctosque
2955 3161 3075 3202 esse
3115 3151 3295 3203 mores
3341 3145 3605 3202 Christia-

2004 3249 2217 3301 norum,
2248 3251 2448 3308 eosque
2485 3239 2577 3310 qui
2604 3254 2669 3294 ex
2693 3239 2806 3294 suis
2833 3239 3124 3311 gentilibus
3147 3241 3456 3296 christiana:
3477 3239 3608 3297 lidei

2007 3345 2204 3388 nomen
2242 3331 2466 3397 dabant,
2514 3334 2630 3389 ﬁeri
2662 3319 2878 3405 semper
2905 3335 3178 3392 meliores.
3209 3334 3598 3390 Verumtamen

2011 3441 2119 3481 non
2159 3428 2353 3482 minori
2381 3427 2697 3484 crudelitate
2726 3429 2780 3484 in
2809 3428 2908 3484 hos
2950 3428 3289 3500 neOphytos,
3337 3444 3497 3500 quam
3541 3427 3598 3483 in

2011 3527 2238 3574 caeteros
2280 3534 2488 3590 omnes,
2534 3521 2605 3578 ob
2633 3531 2967 3594 assumptum
2993 3521 3352 3579 christianum
3407 3535 3609 3579 nomen

2011 3611 2326 3670 saeviebant.

2084 3731 2156 3786 At
2178 3731 2354 3809 nobis,
2381 3729 2694 3802 inquiebant
2721 3731 2943 3799 ethnici,
2969 3730 3221 3804 displicet
3244 3733 3484 3790 auctoris
3509 3747 3610 3790 eo-

2015 3840 2136 3882 rum
2158 3841 2376 3883 nomen.
2397 3825 2535 3895 Quid
2557 3841 2707 3898 ergo,
2732 3827 3417 3898 respondet'l‘ertullianus,
3433 3827 3610 3884 odiosi

2016 3919 2242 3975 subesse
2290 3928 2466 3990 potest
2511 3920 2565 3976 in
2609 3920 2807 3975 Christi
2848 3921 3108 3977 nomine?
3135 3920 3325 3978 Nonne
3372 3936 3438 3978 ex
3490 3936 3617 3976 sua-

2021 4013 2187 4068 vitate
2206 4014 2288 4069 vel
2312 4013 2644 4085 benignitate
2669 4014 2892 4070 ductum
2935 4015 3056 4071 est?
3081 4015 3220 4084 Quid
3249 4016 3410 4072 etiam
3438 4016 3493 4070 in
3521 4016 3614 4071 illo

2021 4107 2191 4177 magis
2237 4107 2362 4162 odio
2395 4107 2645 4178 dignum,
2690 4123 2852 4178 quam
2901 4109 2955 4162 in
2999 4109 3116 4178 ipso
3143 4107 3612 4178 philosophorum,

2022 4199 2378 4266 medicorum,
2408 4214 2703 4271 eoquorum
2733 4201 2972 4268 nomine,
3003 4202 3315 4272 transmisso
3341 4201 3410 4257 ab
3436 4213 3620 4256 aucto-

2023 4290 2171 4347 ribus
2200 4292 2335 4359 suis,
2358 4301 2413 4348 et
2431 4293 2499 4348 ab
2528 4294 2646 4349 aliis
2675 4293 2937 4363 accepto?
2958 4291 3166 4348 Nullius
3190 4293 3422 4365 denique
3449 4303 3614 4350 secta:

2024 4402 2222 4444 nomen
2270 4387 2465 4443 malum
2496 4397 2590 4444 aut
2629 4389 2856 4444 invisum
2901 4387 3070 4444 videri
3099 4388 3295 4453 debet,
3335 4387 3441 4444 nisi
3469 4389 3618 4460 prius

2026 4482 2152 4551 quid
2189 4482 2241 4535 in
2273 4483 2386 4552 ipsa
2408 4491 2553 4538 secta
2583 4482 2711 4538 mali
2735 4481 2828 4549 sit,
2863 4491 3014 4541 certo
3041 4481 3390 4555 dignoscatur
3414 4491 3470 4539 et
3493 4497 3624 4554 pro-

2025 4573 2182 4630 betur
2203 4574 2343 4646 (cap.
2372 4575 2452 4646 5).

2097 4689 2369 4762 Urgebant
2393 4693 2591 4748 ethnici
2613 4708 2674 4750 se
2703 4693 2882 4765 legum
2900 4735 2916 4760 ,
2943 4693 3009 4750 ad
3042 4692 3455 4766 imperatoribus
3483 4692 3620 4749 lata-

2025 4799 2170 4852 rum,
2204 4785 2514 4855 prmscripto
2555 4787 2620 4843 ad
2665 4789 2935 4844 vexandos
2967 4787 3342 4858 tollendosque
3369 4787 3621 4844 christia-

2028 4893 2129 4932 nos
2165 4878 2355 4934 tcneri.
2382 4877 2580 4934 Verum
2613 4895 2835 4952 prorsus
2860 4881 3038 4950 inepta
3061 4891 3177 4948 est,
3209 4880 3382 4950 inquit
3405 4879 3621 4936 Tertul-

2029 4970 2224 5038 lianus,
2255 4971 2370 5027 Itazc
2395 4973 2858 5045 exceptio..Nemo
2886 4974 3034 5029 enim
3055 4973 3162 5028 ulla
3191 4971 3387 5044 injusta
3416 4964 3623 5044 obliga;

2029 5074 2117 5121 tur
2142 5067 2276 5136 lege,
2306 5083 2426 5138 qua:
2473 5078 2562 5122 aut
2599 5068 2799 5124 bonum
2828 5067 3096 5138 prohibet,
3125 5076 3219 5122 aut
3247 5067 3486 5138 iniquum
3522 5065 3626 5121 ali-

2031 5159 2159 5228 quid
2185 5159 2430 5229 imperat.
2449 5161 2608 5232 Atqui
2656 5161 2791 5216 tales
2811 5168 2967 5216 erant
2985 5159 3206 5215 sancitae
3227 5159 3281 5214 in
3306 5160 3630 5214 christianos

2033 5253 2203 5324 leges.
2261 5254 2471 5310 lnﬁcias
2509 5263 2767 5326 praeterea
2823 5253 3022 5310 ethnici
3077 5254 3156 5310 ire
3215 5269 3325 5309 non
3381 5260 3632 5324 poterant

2035 5347 2218 5417 plures
2246 5362 2275 5401 a
2303 5349 2444 5410 suis,
2475 5348 2701 5418 aliisque
2738 5347 3169 5419 legislatoribus,
3200 5343 3450 5403 humana:
3479 5347 3632 5404 infir-

2037 5440 2209 5496 mitati
2248 5442 2532 5506 obnoxiis,
2563 5443 2752 5508 datas,
2783 5457 2905 5512 quae
2931 5441 3148 5512 quidem
3195 5442 3318 5514 quia
3343 5442 3473 5498 visa:
3507 5450 3636 5497 sunt

2037 5542 2132 5589 aut
2153 5535 2326 5590 noxia:
2345 5543 2436 5589 aut
2454 5533 2689 5600 inutiles,
2713 5533 2780 5588 ab
2799 5534 2918 5589 aliis
2947 5533 3292 5604 postmodum
3311 5533 3632 5602 emendatae,

2037 5634 2337 5695 truncatre,
2400 5627 2667 5698 abrogata:
2718 5626 2972 5683 fuerunt?
3025 5627 3216 5685 Nonne
3278 5629 3423 5685 enim
3484 5627 3636 5701 leges

2039 5717 2265 5791 Lycurgi
2305 5735 2334 5772 a
2364 5717 2835 5788 Lacedmmoniis,
2883 5735 3065 5777 nonne
3123 5720 3271 5792 leges
3323 5720 3504 5792 Papia:
3567 5719 3638 5778 de

2038 5812 2395 5884 suscipiendis
2426 5813 2612 5870 liberis
2633 5829 2662 5868 a
2687 5813 2893 5872 Severo
2937 5815 3273 5887 lmperatore
3299 5824 3394 5872 aut
3418 5830 3640 5873 correc-

2039 5914 2136 5976 taz,
2163 5912 2258 5962 aut
2273 5905 2563 5977 antiquata:
2589 5907 2756 5967 sunt?
2783 5907 2974 5969 Nonne
2994 5907 3087 5970 lex
3109 5908 3178 5968 de
3201 5907 3564 5970 creditoribus
3584 5909 3642 5968 in
