4150 6352
579 282 686 343 707

1653 285 1721 345 ΙΝ
1758 281 2218 346 TERTULLIANI
2255 281 2787 344 APOLOGETICUM

3769 281 3880 340 708

579 409 765 474 partes
790 400 1040 460 secandis
1075 401 1352 459 immutata
1390 399 1528 459 fuit?
1554 400 1664 459 Nec
1692 405 1885 460 mirum
1933 403 2172 474 quidem.
2202 399 2257 462 Α
2281 401 2364 457 vel
2405 400 2593 458 iisdem
2633 398 2954 457 Christianis
3003 399 3179 472 pretio
3223 397 3404 472 aliquo
3441 410 3598 455 suum
3630 398 3882 455 vendidit

579 493 870 551 Enimvero
916 510 1092 566 neque
1135 504 1397 560 vetustas,
1445 511 1623 566 neque
1649 495 1882 551 auctoris
1919 494 2172 566 dignitas,

576 585 674 640 sed
713 587 936 657 aequitas
981 587 1094 641 sola
1135 587 1280 659 leges
1308 585 1668 642 commendat.
1699 586 1850 642 Nulla
1897 602 2027 642 vero
2073 603 2171 642 un-

577 693 738 749 quam
776 679 1010 749 iniquior
1058 678 1176 745 fuit,
1219 694 1376 750 quam
1412 679 1524 744 illa,
1555 695 1676 749 qua:
1709 678 2068 745 Christianos,
2097 679 2168 735 ob

575 785 732 826 suum
772 771 1037 827 duntaxat
1083 787 1303 840 nomen,
1337 787 1436 828 nec
1473 773 1650 828 audita
1697 786 1881 838 causa,
1913 771 2168 828 condem-

575 868 690 923 nari
713 868 934 937 jubebat
957 866 1098 940 (cap.
1131 869 1186 940 4)
1201 912 1213 924 .

645 959 914 1027 Quantum
938 961 1082 1017 enim
1101 977 1211 1017 non
1233 959 1392 1016 modo
1415 975 1551 1016 nova
1574 971 1626 1016 et
1649 959 1868 1032 injusta,
1889 959 1982 1017 sed
2004 959 2166 1015 etiam

572 1055 846 1125 tyrannica
880 1055 970 1121 sit,
999 1054 1124 1110 inde
1146 1054 1508 1110 Tertullianus
1536 1054 1887 1119 demonstrat,
1926 1054 2050 1124 quia
2072 1052 2165 1108 Ti-

571 1147 775 1214 berius,
807 1163 914 1217 quo
943 1157 1202 1218 regnante
1229 1147 1584 1203 christianum
1624 1161 1822 1200 nomen
1865 1161 1959 1215 per
1990 1145 2166 1200 varias

571 1240 756 1296 mundi
788 1249 970 1311 partes
1004 1240 1345 1295 disseminari
1375 1240 1557 1310 empit,
1595 1239 1791 1293 auditis
1819 1236 2019 1292 Christi
2060 1236 2164 1290 mi-

579 1335 800 1404 raculis,
830 1351 954 1391 eum
994 1333 1218 1391 deorum
1253 1350 1478 1390 numero
1505 1334 1669 1389 voluit
1723 1333 1971 1388 adscribi.
2012 1331 2166 1400 Quod

573 1429 789 1500 quidem
839 1430 963 1495 etsi,
1012 1429 1262 1485 obStante
1307 1437 1534 1496 senatu,
1585 1443 1692 1483 non
1736 1426 2052 1498 perfecerit;
2111 1425 2164 1481 in

570 1536 667 1577 sua
713 1531 892 1577 tamen
937 1522 1232 1592 permansit
1274 1521 1564 1589 sententia,
1623 1530 1679 1575 et
1737 1519 2164 1574 Christianorum

570 1617 972 1671 accusatoribus
996 1613 1291 1686 perieulum
1317 1613 1673 1669 comminatus
1696 1621 1798 1668 est.
1837 1611 1916 1666 Ex
1946 1625 2162 1666 succes-

567 1710 781 1766 soribus
799 1718 979 1764 autem
1004 1708 1142 1763 illius
1163 1706 1326 1774 Nero,
1356 1707 1592 1762 omnium
1616 1705 1840 1776 primus,
1871 1705 1975 1759 heu
1998 1719 2158 1774 quam

2278 495 2570 551 silentium.
2623 494 2691 550 Et
2728 509 2856 550 vero
2905 495 3025 567 quis
3073 496 3188 552 haec
3231 495 3454 550 crimina
3499 492 3881 566 prodidisset?

2275 584 2391 642 Non
2418 587 2710 643 Christiani
2737 586 2976 657 quidem,
3014 586 3105 658 qui
3142 602 3249 642 non
3297 570 3476 642 minus
3529 585 3873 656 scrupulose,

2273 698 2433 752 quam
2472 682 2700 752 gentiles
2743 696 2839 737 sua
2891 680 3143 737 celabant
3187 681 3460 752 mysteria.
3494 678 3678 748 Neque
3705 679 3874 734 etiam

2271 774 2492 838 etlmici,
2539 775 2627 846 qui
2681 773 2750 830 ab
2791 773 3104 830 eorumdem
3163 772 3591 829 Christianorum
3640 771 3874 828 cmtibus

2271 869 2482 938 penitus
2511 867 2887 940 exclusi,quid
2919 868 2971 923 in
2989 868 3068 924 eis
3094 875 3362 938 ageretur,
3391 867 3533 922 scire
3559 865 3744 937 procul
3766 865 3871 920 du-

2277 961 2367 1017 bio
2393 975 2500 1017 non
2529 963 2875 1033 poterant.A't
2901 962 3009 1027 isti,
3040 961 3202 1029 fama,
3232 961 3563 1032 inquiebant,
3594 959 3870 1016 communi

2269 1053 2385 1111 luce
2449 1055 2716 1128 divulgata
2761 1064 2904 1111 Sunt.
2970 1055 3076 1111 Sed
3128 1055 3254 1126 quid
3305 1055 3442 1110 fama
3493 1055 3706 1121 levius,
3747 1069 3871 1124 qua:

2268 1155 2404 1202 sane
2436 1148 2559 1218 quia
2605 1153 2822 1218 semper
2860 1147 3032 1203 oritur
3056 1147 3140 1203 vel
3186 1147 3420 1212 invidia,
3466 1146 3552 1202 vel
3581 1146 3728 1212 odio,
3776 1155 3870 1200 aut

2267 1241 2608 1312 suspicione,
2650 1250 2741 1296 aut
2785 1240 2920 1296 alios
2958 1240 3261 1310 decipiendi
3292 1241 3604 1311 voluptate,
3653 1238 3866 1294 tamdiu

2267 1342 2473 1388 tantum
2501 1343 2830 1404 perseverat,
2861 1333 3115 1406 quamdiu
3145 1333 3405 1390 mentitur
3429 1333 3570 1404 (cap.
3600 1333 3681 1402 7).

2343 1427 2505 1496 Urget
2535 1425 2899 1482 Tertullianus
2924 1435 3031 1481 tam
3061 1424 3338 1480 horribilia
3369 1438 3490 1480 esse
3521 1423 3612 1478 illa
3638 1421 3858 1495 ﬂagitia,

2269 1530 2378 1576 uta
2408 1520 2623 1575 nemine
2651 1519 2800 1576 credi
2832 1534 3066 1588 unquam
3109 1517 3414 1583 debuerint,
3457 1526 3550 1572 aut
3591 1517 3862 1586 potuerint

2267 1612 2551 1667 committi.
2595 1611 2965 1667 Sectatoribus
3007 1610 3206 1680 quippe
3235 1609 3347 1664 suis
3377 1609 3672 1664 Christiani
3711 1619 3861 1664 aeter-

2271 1720 2394 1758 nam
2441 1703 2751 1760 felicitatem
2808 1702 3211 1773 promittebant.
3260 1701 3394 1770 Quis
3430 1711 3610 1756 autem
3651 1701 3708 1755 in
3747 1701 3858 1755 ani-

570 1802 766 1872 impius
811 1801 1213 1871 sceleratusque
1252 1799 1448 1855 homo!
1492 1798 1801 1855 Caesariano
1849 1795 2026 1868 gladio
2069 1795 2163 1848 ad-
2192 1789 2240 1849 B
2269 1813 2413 1852 mum
2432 1796 2532 1852 sibi
2555 1796 2792 1861 inducat,
2819 1810 2938 1851 eam
2967 1795 3231 1865 pollicitos
3259 1808 3382 1850 esse
3403 1792 3633 1859 homini,
3652 1794 3750 1865 qui
3780 1794 3852 1848 in-

567 1907 758 1949 versus
781 1891 1114 1948 Christianos
1144 1891 1371 1948 ferociit.
1401 1891 1736 1946 Domitianus
1759 1904 1912 1955 vero,
1936 1887 2166 1943 crudeli-

567 1994 677 2042 tate
731 1985 806 2040 illi
850 2001 959 2041 non
1005 1985 1200 2054 impar,
1256 1999 1380 2040 cum
1427 1981 1618 2039 eadem
1676 1988 1976 2044 tentasset,
2036 1993 2165 2034 suos

566 2081 675 2136 cito
716 2079 974 2151 repressit
1001 2087 1245 2136 conatus.
1284 2077 1368 2134 Ab
1398 2087 1627 2148 utroque
1651 2085 1830 2132 autem
1859 2075 2018 2145 longe
2065 2073 2162 2128 ab-

566 2173 666 2232 fuit
693 2174 902 2231 Marcus
924 2175 1192 2238 Aurelius,
1219 2173 1312 2246 qui
1337 2171 1753 2229 Christianorum
1785 2169 2013 2225 militum
2042 2183 2169 2240 pre-

567 2270 721 2327 cibus
751 2271 1039 2341 impetrato
1069 2268 1332 2324 divinitus
1369 2267 1542 2323 imbre
1563 2308 1578 2334 ,
1615 2266 1776 2337 jussit
1801 2265 1854 2321 in
1884 2280 1982 2321 eos
2002 2279 2163 2320 seve-

569 2362 682 2416 rius
710 2359 1096 2426 animadverti,
1129 2361 1219 2430 qui
1245 2359 1445 2415 Christi
1486 2367 1784 2414 sectatores
1824 2365 2163 2413 accusarent.

567 2459 738 2511 Antea
759 2455 1052 2526 Trajanus,
1090 2455 1234 2510 nulla
1259 2455 1377 2526 lege
1403 2453 1918 2524 lata,prohibuiteos
1949 2452 2162 2522 inquiri.

567 2543 723 2606 Nulla
775 2562 989 2618 quoque
1051 2546 1314 2602 adversus
1375 2545 1496 2600 illos
1545 2554 1728 2600 exstat
1779 2544 2162 2615 imperatorum

569 2638 1165 2710 Adriani,V'espasiani,
1199 2638 1298 2706 Pii,
1331 2645 1384 2693 et
1425 2635 1551 2692 Veri
1582 2636 1688 2701 lex,
1720 2635 2028 2704 nullumque
2071 2633 2164 2690 de-

570 2741 798 2790 cretum.
831 2732 941 2789 Soli
987 2733 1165 2804 itaque
1212 2731 1450 2803 pessimi,
1481 2730 1817 2801 nequissimi,
1845 2745 1909 2785 ac
1955 2729 2162 2799 impiis-

573 2826 697 2883 simi
722 2828 1075 2898 imperatores
1101 2828 1153 2880 in
1180 2841 1276 2881 eos
1302 2825 1591 2881 smvierunt
1609 2825 1749 2895 (cap.
1775 2823 1854 2891 5).

640 2921 777 2977 Tum
817 2921 1012 2978 dehinc
1049 2920 1435 2986 Tertullianus,
1475 2928 1536 2974 ut
1573 2917 1804 2974 ethnicis
1840 2930 2056 2971 omnem
2095 2930 2165 2970 ex

569 3014 834 3086 majorum
867 3012 1124 3069 institutis
1166 3027 1230 3068 ac
1269 3011 1479 3082 legibus
1523 3011 1703 3082 inepte
1751 3008 1992 3079 litigandi
2021 3009 2162 3062 viam

575 3106 907 3180 praecludat,
962 3105 1138 3177 palam
1195 3104 1414 3161 cuilibet
1453 3104 1604 3161 brevi
1652 3103 1962 3159 inductione
2009 3101 2157 3166 iacit,

569 3174 944 3274 pessumdatas
965 3174 1056 3255 tab
1098 3197 1203 3255 illis
1239 3199 1405 3254 fuisse
1431 3196 1500 3253 de
1531 3206 1769 3267 sumptu,
1799 3195 2026 3262 ambitu,
2053 3195 2166 3250 vini
2191 3174 2236 3238 (ἶ

580 3293 923 3359 abstinentia,
951 3291 1209 3348 divortio'
1230 3307 1292 3348 ac
1317 3291 1461 3347 cultu
1493 3289 1718 3346 deorum
1753 3291 2164 3360 leges,statuta-

570 3401 676 3456 que
704 3386 1016 3440 sacratiora.
1039 3385 1264 3441 Romani
1286 3384 1482 3456 quippe
1503 3383 1752 3439 consules
1769 3381 2018 3438 Liberum
2041 3396 2164 3436 eum

570 3478 686 3534 suis
711 3477 986 3550 mysteriis
1013 3477 1181 3532 Roma
1205 3487 1364 3548 atque
1384 3491 1452 3532 ex
1483 3483 1590 3532 tota
1621 3473 1790 3541 Italia,
1813 3472 2167 3544 quemadmo-

575 3569 703 3625 dum
726 3569 851 3625 Piso
881 3579 937 3626 et
974 3567 1256 3636 Gabinius,
1300 3568 1484 3624 itidem
1522 3568 1794 3635 consules,
1823 3566 2163 3638 Serapidem,
2199 3586 2202 3596 π

574 3663 793 3728 Isidem,
851 3675 907 3721 et
955 3664 1362 3735 Harpocratem,
1411 3680 1478 3720 ex
1529 3661 1791 3733 Capitolio
1831 3660 2167 3732 deorumque

571 3758 721 3815 curia
749 3756 1023 3828 ejceerunt
1041 3799 1054 3822 ,
1086 3756 1176 3828 qui
1209 3755 1540 3827 postliminio
1561 3755 1820 3809 duntaxat
1845 3769 1875 3807 a
1904 3752 2165 3810 Romanis

571 3861 700 3909 sunt
726 3853 978 3909 restituti.
1012 3853 1250 3922 Denique
1271 3849 1472 3907 ethnici
1497 3864 1686 3905 omnes
1715 3849 1963 3904 nuntium
2001 3851 2167 3905 mori-

576 3945 678 4001 bus
726 3960 1050 4016 proavorum
1101 3958 1322 4000 suorum
1365 3943 1691 3998 remiserant
1731 3940 1936 4007 habitu,
1995 3941 2166 4010 victu,

573 4037 863 4104 instructu,
893 4052 1079 4102 censu,
1111 4049 1166 4092 et
1196 4038 1314 4107 ipso
1341 4037 1506 4091 etiam
1545 4047 1817 4090 sermone.
1846 4031 2170 4092 Christianis

575 4131 733 4202 igitur
758 4129 955 4186 frustm
985 4130 1311 4200 objiciebant
1334 4129 1706 4185 conculcatam
1735 4137 1792 4184 et
1830 4127 2171 4200 proﬂigatam

575 4234 819 4280 veterum
874 4233 1084 4295 patrum
1148 4238 1366 4278 suorum
1424 4223 1835 4288 auctoritatem,
1883 4238 2042 4292 quam
2085 4223 2170 4292 ip-

575 4322 734 4379 simet
764 4331 870 4377 tam
917 4319 1196 4388 audacter,
1218 4334 1379 4392 quam
1428 4318 1649 4391 impune
1688 4316 2173 4390 pessumdederant

579 4414 600 4480 (
625 4429 743 4484 cap.
776 4412 851 4484 6).

647 4506 864 4562 Transit
889 4504 1012 4562 inde
1039 4505 1240 4561 Auctor
1278 4513 1462 4560 noster
1491 4505 1559 4560 ad
1588 4503 1720 4560 falsa
1745 4513 1802 4561 et
1833 4505 2054 4561 mentita
2085 4506 2167 4562 in-

579 4599 739 4656 fanda
766 4598 1180 4654 Christianorum
1206 4597 1454 4662 crimina,
1481 4613 1600 4669 qua:
1629 4597 1844 4670 quidem
1887 4600 1958 4654 ita
1991 4599 2164 4665 diluit,
2189 4578 2248 4645 Ῑ)

577 4704 639 4749 ut
667 4695 811 4764 ipsos
856 4691 925 4747 ab
964 4691 1029 4746 iis
1073 4700 1184 4745 tam
1227 4690 1455 4756 alienos,
1486 4707 1645 4762 quam
1685 4692 1913 4762 gentiles
1954 4693 2168 4750 illorum

578 4788 754 4858 reipsa
797 4801 921 4841 reos
949 4797 1072 4840 esse
1098 4781 1505 4840 evidentissime
1541 4783 1899 4841 demonSIret.
1931 4785 2170 4843 Primum

580 4881 723 4937 enim
764 4877 1054 4935 Christiani
1083 4892 1112 4930 a
1143 4877 1304 4949 longo
1325 4876 1436 4948 jam
1467 4885 1708 4948 tempore
1752 4877 2167 4950 infamabantur,

581 4970 733 5044 quasi
760 4984 954 5027 carnes
985 4969 1152 5026 occisi
1180 4985 1210 5025 a
1237 4984 1298 5024 se
1343 4967 1495 5040 pueri
1521 4967 1692 5024 ferino
1718 4984 1870 5026 more
1895 4982 2167 5041 vorarent,

579 5079 644 5120 ac
662 5075 845 5136 postea
875 5063 1156 5120 exstinctis
1184 5077 1378 5118 canum
1408 5075 1570 5132 opera
1600 5061 1912 5130 luminibus,
1941 5065 1992 5118 in
2033 5081 2169 5137 quo-

579 5157 713 5213 libet
757 5167 946 5228 stupro
991 5168 1047 5214 et
1097 5158 1306 5214 incestu
1345 5153 1640 5212 foedissime
1667 5154 2054 5213 volutarenlur.
2099 5161 2170 5216 At

580 5259 728 5306 certe
753 5249 885 5306 nihil
923 5249 1129 5306 facilius
1154 5259 1292 5318 erat,
1323 5264 1482 5322 quam
1508 5247 1847 5305 Christianos
1877 5259 2171 5319 tantorum,

582 5343 629 5400 si
658 5359 843 5400 revera
864 5343 932 5399 ab
954 5344 1017 5398 iis
1041 5351 1500 5414 perpetrarentur,
1520 5343 1802 5398 criminum
1825 5344 2166 5402 convincere.

581 5435 687 5494 Tot
712 5439 988 5492 enimvero
1019 5436 1234 5520 illorum
1275 5435 1480 5492 inimici
1508 5446 1564 5492 et
1600 5435 1783 5491 hostes
1813 5451 2026 5508 semper
2056 5439 2169 5494 fne-

588 5536 735 5595 runt,
760 5538 891 5599 quot
926 5526 1112 5598 judmi,
1142 5536 1272 5597 quot
1301 5527 1524 5594 milites,
1553 5537 1682 5598 quot
1706 5527 2008 5591 domestici,
2040 5539 2170 5600 quot

582 5636 719 5691 pene
745 5635 932 5676 eorum
990 5633 1206 5682 uxores,
1252 5620 1360 5674 imo
1399 5630 1454 5676 et
1491 5621 1718 5691 gentiles
1767 5619 2032 5687 homines,
2081 5623 2172 5692 qui

582 5711 705 5769 illos
734 5727 950 5785 semper
971 5711 1398 5768 insectabantur.
1420 5711 1609 5768 Nullus
1634 5722 1812 5770 tamen
1835 5728 1904 5770 ex
1928 5715 2008 5769 eis
2029 5722 2175 5772 tanta

580 5802 819 5866 facinora
843 5804 1062 5879 agnovit
1085 5816 1350 5877 unquam,
1383 5801 1657 5876 multoque
1694 5807 1871 5868 minus
1914 5805 2172 5880 prodidit,

2267 1890 2465 1946 fantem
2509 1890 2798 1954 occideret,
2849 1904 3043 1960 panem
3096 1885 3405 1944 comederet
3461 1887 3664 1943 recenti
3721 1886 3858 1942 illius

2267 1986 2528 2054 sanguine
2555 1984 2861 2051 intinctum,
2889 1998 2954 2039 ac
2987 1991 3173 2054 postea
3229 1981 3462 2038 nefando
3515 1983 3727 2038 incestu
3756 1983 3867 2052 pol-

2269 2077 2542 2135 lueretur?
2596 2077 2712 2134 lmo
2773 2093 2904 2134 vero
2976 2077 3174 2133 nemini
3229 2092 3466 2148 unquam
3550 2075 3869 2146 persuaderi

2268 2175 2467 2244 paterit
2510 2173 2626 2230 haec
2666 2173 2735 2229 ab
2772 2172 3014 2239 ethnico,
3051 2172 3139 2228 cui
3164 2171 3386 2242 pudoris
3424 2180 3480 2226 et
3515 2169 3869 2226 humanitatis

2269 2267 2462 2336 aliquis
2498 2282 2689 2322 sensus
2724 2267 2815 2334 sit,
2851 2265 3092 2337 potuisse
3121 2266 3257 2321 fieri.
3291 2264 3476 2336 Neque
3503 2264 3716 2321 dixeris
3738 2263 3868 2320 reli-

2268 2362 2442 2432 gionis
2468 2361 2773 2416 Christianae
2801 2360 3098 2416 candidatis
3123 2359 3316 2416 factam
3347 2359 3416 2415 ab
3442 2359 3564 2414 aliis
3591 2359 3864 2417 fraudem.

2268 2455 2400 2523 Quis
2425 2455 2570 2509 enim
2604 2470 2722 2510 eam
2752 2454 2929 2510 facere
2956 2454 3176 2524 potuit?
3202 2452 3341 2509 Num
3381 2470 3656 2510 sacrorum
3683 2465 3865 2526 pater,
3943 2483 3946 2488 -

2268 2555 2360 2600 aut
2399 2546 2534 2600 alius
2576 2561 2608 2601 a
2655 2561 2763 2617 quo
2787 2545 3193 2601 edocebantur?
3221 2546 3290 2602 At
3315 2560 3422 2616 quo
3449 2546 3664 2601 tandem
3708 2545 3862 2613 dolo,

2272 2639 2469 2710 quibus
2496 2639 2779 2709 praestigiis
2805 2653 2902 2695 eos
2926 2638 3123 2694 docere
3148 2647 3360 2708 poterat
3387 2637 3643 2709 quidnam
3671 2638 3742 2694 ab
3783 2639 3868 2709 ip-

2268 2735 2344 2790 sis
2382 2733 2448 2788 ad
2497 2733 2826 2789 exsecranda
2874 2732 2966 2788 illa
3029 2733 3255 2789 erimina
3307 2731 3665 2803 perpetranda
3715 2741 3872 2788 esset-

2266 2825 2574 2897 agendum?
2601 2825 2732 2881 Esto
2772 2835 2973 2893 tamen,
3018 2834 3074 2881 et
3103 2825 3204 2891 fac,
3236 2825 3282 2880 si
3312 2825 3465 2891 velis,
3511 2823 3628 2880 haec
3665 2824 3872 2881 abillis

2267 2922 2433 2978 fuisse
2459 2921 2767 2984 commissa,
2795 2936 2892 2976 cur
2919 2935 3050 2991 ergo
3066 2921 3132 2975 iis
3171 2919 3386 2975 tandem
3408 2918 3608 2991 agnitis
3626 2927 3682 2974 et
3703 2921 3866 2989 actis,

2267 3014 2336 3070 dc
2374 3014 2560 3070 fraude
2601 3013 2701 3068 sibi
2732 3011 2873 3067 facta
2923 3026 3193 3084 nunquam
3235 3012 3534 3082 conquesti,
3566 3011 3622 3068 in
3667 3011 3868 3067 tradita

2268 3107 2370 3163 sibi
2425 3117 2530 3162 tam
2577 3105 2820 3161 horribili
2863 3104 3106 3160 doctrina
3157 3114 3263 3160 tam
3313 3113 3627 3161 constanter
3674 3119 3867 3162 omnes

2271 3198 2720 3272 perseverarunt?
2758 3196 3029 3268 Numquid
3058 3197 3317 3254 timebant
3342 3211 3411 3253 ne
3436 3211 3500 3253 ea
3531 3197 3859 3268 patefacien-

2271 3301 2354 3348 tes
2379 3291 2731 3361 punirentur?
2758 3289 2900 3358 Quin
2950 3291 3060 3345 imo
3099 3288 3436 3345 ethnicorum
3485 3288 3718 3359 gratiam
3763 3289 3864 3344 sibi

2272 3384 2396 3440 inde
2438 3383 2869 3438 conciliavissent
2903 3399 2919 3439 :
2947 3381 3041 3438 sed
3070 3382 3246 3452 perire
3274 3380 3566 3448 malebant,
3598 3397 3754 3452 quam
3775 3378 3865 3435 sub

2271 3478 2362 3531 tali
2387 3476 2697 3531 conscientia
2717 3477 2880 3531 vivere
2907 3477 3044 3546 (cap.
3076 3474 3155 3546 8).

2331 3569 2458 3635 Qua
2505 3577 2683 3623 autem
2728 3566 2981 3628 facilitate
3027 3565 3390 3623 Tertullianus
3411 3565 3755 3623 Christianos
3794 3566 3862 3621 de

2271 3661 2432 3717 tantis
2473 3669 2664 3732 purgat
2703 3660 3039 3726 criminibus,
3088 3659 3277 3715 eadem
3323 3657 3566 3732 profecto
3632 3657 3867 3714 ostendit

2269 3757 2498 3830 gentiles
2539 3755 2854 3812 eorumdem
2901 3764 2994 3809 aut
3032 3755 3285 3810 similium
3334 3755 3492 3826 plane
3540 3755 3861 3827 penitusque

2271 3849 2539 3906 convinci.
2591 3849 2825 3904 Saturno
2877 3862 3129 3918 namque,
3181 3849 3272 3918 qui
3303 3847 3539 3919 propriis
3583 3847 3716 3903 ﬁliis
3753 3846 3854 3901 suis

2271 3959 2378 4000 non
2426 3943 2699 4014 pepercit,
2741 3939 2972 3997 infantes
3021 3941 3089 3996 ad
3142 3940 3374 4012 primum
3449 3956 3619 4012 usque
3668 3937 3863 3996 Tiberii

2272 4034 2710 4109 proconsulatum
2745 4033 2940 4104 palam,
2973 4048 3035 4089 ac
3063 4033 3318 4104 deinceps
3347 4034 3556 4089 occulte
3601 4027 3868 4088 iii-Africa

2277 4129 2644 4185 immolabant.
2683 4127 2822 4185 Galli
2861 4142 2990 4184 vero
3017 4126 3262 4183 solebant
3301 4128 3532 4198 majores
3567 4136 3698 4181 natu
3725 4125 3866 4181 Mer-

2274 4222 2449 4289 curio,
2472 4223 2634 4278 Tauri
2656 4237 2784 4278 suos
2810 4221 3050 4292 hospites
3075 4221 3281 4288 Dianae,
3308 4221 3536 4276 Romani
3559 4219 3869 4282 bestiarios,

2277 4334 2385 4375 non
2430 4317 2607 4372 minus
2654 4325 2832 4371 tamen
2873 4313 3144 4384 homines,
3179 4316 3234 4370 in
3281 4314 3510 4386 publicis
3562 4313 3704 4369 ludis
3749 4310 3874 4369 Jovi

2275 4421 2532 4470 mactare.
2561 4409 2700 4478 Quid
2730 4409 2897 4482 quod,
2939 4409 3030 4464 alii
3060 4425 3166 4465 non
3211 4408 3406 4464 minori
3440 4405 3764 4463 crudelitate
3791 4407 3877 4462 in-

2277 4506 2512 4562 fantibus
2557 4515 2648 4560 aut
2681 4504 2872 4560 abortu
2913 4503 3294 4574 prmripiebant
3331 4503 3530 4567 vitam,
3573 4511 3667 4556 aut
3713 4510 3878 4556 natos

2274 4601 2432 4658 morti
2464 4598 2805 4668 exponebant
2849 4610 2976 4652 mox
3020 4595 3249 4652 futura.
3292 4594 3406 4649 Huc
3453 4592 3683 4657 accedit,
3726 4590 3880 4663 quod

2274 4711 2383 4755 non
2410 4694 2588 4752 solum
2615 4693 2862 4748 nationes
2891 4689 3160 4760 quaedam,
3190 4686 3644 4760 quemadmodum
3677 4684 3881 4741 Catili-

2276 4805 2367 4856 na,
2419 4786 2593 4844 effuso
2653 4799 2752 4840 suo
2798 4781 3062 4853 sanguine
3113 4780 3290 4838 foedus
3341 4780 3629 4852 pepigere,
3680 4792 3880 4833 verum

2275 4883 2438 4942 etiam
2482 4877 2697 4951 Scytha:
2728 4875 3006 4932 hominem
3047 4872 3334 4931 comedere
3378 4871 3710 4928 ferebantur.
3745 4869 3881 4926 Bel-

2275 4977 2414 5034 lona:
2444 4985 2655 5044 quoque
2691 4968 3005 5025 sacerdotes
3031 4980 3130 5022 suo
3155 4965 3618 5022 consecrabantur
3644 4963 3882 5033 sangui-

2275 5086 2365 5136 ne,
2396 5077 2451 5124 et
2485 5064 2830 5136 gladiatores,
2863 5060 3003 5114 sicut
3028 5057 3284 5114 comitiali
3317 5057 3506 5112 morbo
3536 5055 3881 5122 laborantes,

2274 5159 2529 5218 bibebant
2557 5155 2786 5210 aliorum
2828 5151 3106 5207 hominu‘m
3134 5149 3186 5204 in
3215 5163 3376 5204 arena
3414 5147 3718 5202 occisorum
3750 5161 3885 5201 san-

2273 5253 2513 5326 guinem.
2542 5247 2648 5305 Alii
2675 5248 2835 5302 etiam
2864 5245 2916 5298 in
2948 5242 3180 5314 publicis
3211 5239 3535 5312 spectaculis
3559 5253 3755 5294 carnes
3779 5253 3883 5294 eo-

2275 5347 2561 5405 medebant
2581 5351 2672 5398 aut
2693 5339 2859 5404 cervi,
2884 5337 2973 5408 qui
2991 5337 3044 5392 in
3067 5335 3303 5390 hominis
3325 5331 3584 5404 sanguine
3601 5331 3882 5402 jacuerat,

2275 5449 2370 5497 aut
2410 5437 2547 5508 apri,
2573 5434 2662 5505 qui
2689 5431 2963 5486 hominem
2999 5433 3397 5490 cruentaverat,
3434 5431 3527 5480 aut
3555 5423 3666 5479 ursi
3688 5425 3884 5478 alveo-

2278 5536 2382 5602 los,
2421 5533 2511 5603 qui
2557 5527 2840 5586 ructabant
2883 5524 3058 5579 adhuc
3104 5521 3383 5576 hominum
3418 5516 3473 5572 in
3527 5514 3680 5572 hisce
3732 5513 3884 5570 ludis

2280 5623 2677 5684 interfecmrum
2738 5620 2967 5675 viscera.
3028 5614 3265 5690 Denique
3331 5610 3499 5681 magis
3562 5605 3881 5672 horrendo,

2280 5734 2380 5777 nee
2409 5731 2642 5785 unquam
2675 5711 3003 5770 nominando
3021 5752 3034 5776 ,
3065 5708 3271 5766 scelere
3300 5700 3654 5760 substantiam
3683 5698 3879 5754 homi-

2281 5811 2367 5872 nis
2403 5806 2787 5884 deglutiebant.
2826 5799 3119 5867 Christiani
3153 5813 3188 5861 e
3214 5787 3488 5860 contrario
3503 5790 3885 5856 abhorrebant
