4150 6352
311 249 418 308 709

1439 246 1893 312 DlSSER’l‘ATlO
1928 246 1996 310 D.
2032 247 2124 311 LE
2159 247 2471 313 NOURRY.

3492 241 3602 313 710

313 388 384 444 ab
412 385 561 444 omni
583 387 804 445 saevitiae
828 400 1050 461 genere,
1073 397 1177 446 nec
1195 384 1274 444 fas
1293 387 1374 445 eis
1393 398 1510 445 erat
1536 390 1696 446 etiam
1717 388 1942 446 crude“

2049 384 2171 425 nam
2200 369 2451 436 Lucullus
2470 365 2542 429 ob
2569 379 2754 429 cerasa
2777 379 2848 429 ex
2872 364 3044 430 Ponto
3072 375 3382 430 transvecta
3406 367 3464 430 in
3491 370 3603 432 Ita-

313 479 520 536 lissima
568 482 705 537 inter
752 488 1017 537 tormenta
1071 490 1165 536 aut
1219 479 1531 537 animalium
1570 482 1908 553 sanguinem,

315 582 409 628 aut
438 573 755 629 sulfocatum
779 573 999 645 aliquid,
1027 583 1118 628 aut
1137 573 1378 630 oblatum
1407 574 1559 632 falsis
1587 573 1694 632 diis
1721 576 1912 632 morti-

316 665 519 721 cinium
549 677 878 739 praegustare
905 665 1046 742 (cap.
1072 665 1150 738 9).

397 777 535 847 Quid
562 795 690 836 vero
707 794 912 836 caussae
929 789 1044 838 erat
1056 795 1153 836 cur
1164 780 1361 838 ethnici
1374 779 1710 839 Christianos
1725 796 1917 854 argue-

317 886 442 936 rent
471 876 726 941 incestus,
759 874 914 944 cujus
954 875 1263 945 ex‘emplum
1294 874 1518 931 dederat
1561 875 1916 931 sceleratissi-

317 988 439 1030 mus
468 970 696 1042 Jupiter,
726 977 780 1025 et
814 969 893 1025 rei
923 978 1080 1026 erant
1105 968 1324 1026 Persae?
1350 969 1603 1040 Ejusdem
1633 984 1761 1026 vero
1804 985 1919 1026 sce-

319 1066 454 1124 leris
491 1062 725 1134 suspecti
779 1070 935 1136 erant
981 1061 1322 1130 Macedones,
1355 1077 1387 1118 a
1415 1061 1611 1134 quibus
1637 1063 1684 1117 is
1731 1062 1920 1118 irrisus

319 1158 423 1215 fuit
475 1158 567 1229 qui
622 1155 817 1227 (Edipi
875 1156 1193 1228 tragcediam
1251 1155 1480 1228 agendo,
1531 1156 1923 1212 lamentabatur

323 1252 579 1307 violatam
620 1265 651 1304 a
695 1249 987 1320 semetipso
1041 1258 1270 1304 matrem
1318 1262 1492 1304 suam.
1535 1245 1674 1315 Quid
1727 1244 1923 1316 plura?

327 1346 560 1417 [mprobi
583 1345 813 1418 gentiles
829 1343 1030 1416 stupris
1050 1342 1370 1410 assuefacti,
1395 1343 1508 1399 suis
1530 1343 1691 1398 etiam
1717 1341 1921 1404 liberis,

332 1440 459 1496 olim
489 1437 768 1509 caposilis,
813 1452 915 1494 nec
964 1437 1065 1492 sibi
1108 1437 1340 1507 amplius
1384 1433 1634 1505 cognitis,
1678 1442 1924 1502 stuprum

333 1545 472 1588 caeca
494 1531 713 1587 libidine
743 1531 1062 1587 inferebant.
1093 1533 1162 1585 At
1188 1528 1478 1586 Christiani
1506 1527 1674 1582 autin
1707 1526 1927 1597 virgini-

332 1625 456 1680 tatis
485 1625 898 1695 perseverabant
927 1632 1090 1691 statu,
1115 1633 1206 1678 aut
1231 1621 1472 1679 ab'omni
1500 1630 1624 1693 post
1646 1619 1927 1676 matrimo-

327 1717 478 1774 nium
503 1732 730 1775 excessu
760 1731 975 1789 semper
994 1715 1355 1773 abstinebant.

411 1835 495 1891 Ab
515 1834 660 1891 falsis
683 1844 862 1892 autem
903 1833 1212 1906 lletitiisq‘ue
1237 1827 1668 1889 Christianorum
1700 1829 1930 1886 occultis

331 1930 668 1995 criminibus,
706 1926 772 1983 ad
804 1943 866 1982 ea
908 1927 1099 1982 transit
1147 1924 1533 1993 Tertullianus,
1585 1940 1705 1994 quae
1729 1922 1931 1980 ethnici

333 2023 614 2082 manifesta
651 2030 705 2077 et
734 2019 946 2091 publica
976 2034 1097 2075 esse
1123 2018 1565 2074 criminabantur.
1596 2017 1930 2087 Praecipuum

333 2127 512 2173 autem
557 2114 686 2169 illud
732 2120 886 2181 erat,
924 2125 1031 2182 quo
1059 2111 1328 2182 sacrilegii
1367 2119 1422 2167 et
1461 2111 1602 2166 laesae
1632 2107 1933 2179 majestatis

333 2210 530 2266 divinae
571 2206 693 2263 ideo
748 2203 1176 2271 accusabantur,
1229 2202 1372 2275 quod
1413 2217 1628 2258 omnem
1670 2202 1774 2258 diis
1813 2202 1930 2256 cul-

343 2314 457 2358 tum
529 2314 750 2372 prorsus
824 2298 1172 2369 denegarent.
1220 2295 1330 2351 Nec
1401 2295 1661 2350 difﬁtetur
1715 2294 1932 2364 quidem

339 2393 704 2451 Tertullianus
762 2390 967 2463 grande
1024 2388 1209 2459 procul
1261 2387 1422 2443 dubio
1475 2401 1597 2444 esse
1646 2385 1776 2442 illud
1824 2385 1934 2440 cri-

340 2504 490 2556 men,
517 2488 562 2542 si
583 2501 720 2559 quos
763 2483 966 2540 ethnici
1009 2483 1327 2550 adorabant,
1375 2482 1449 2538 dii
1496 2497 1685 2538 revera
1715 2481 1932 2538 fuerint.

338 2583 413 2637 At
461 2594 558 2636 eos
612 2594 718 2633 non
752 2577 906 2644 deos,
937 2575 1033 2632 sed
1074 2589 1252 2631 meros
1296 2574 1544 2630 homines
1590 2573 1757 2630 fuisse
1787 2575 1936 2631 testis

341 2681 462 2729 erat
486 2673 839 2742 ipsorummet
861 2669 1199 2725 ethnicorum
1229 2669 1583 2724 conscientia.
1611 2666 1669 2724 Si
1696 2668 1817 2738 quis
1852 2677 1935 2722 ta-

341 2781 468 2822 men
499 2763 750 2820 reluctari
781 2761 956 2818 adhuc
984 2761 1208 2827 audeat;
1248 2761 1338 2817 ille
1365 2759 1646 2816 confestim
1689 2761 1938 2815 innume-

342 2859 420 2915 ris
468 2856 773 2912 revincetur
811 2854 1144 2926 Scriptorum
1194 2868 1412 2909 suorum
1462 2853 1803 2918 testimoniis,
1847 2853 1941 2924 qui

343 2952 463 3007 loca
494 2949 749 3016 iudicant,
777 2949 866 3004 ubi
897 2949 1245 3005 commentitii
1286 2949 1360 3003 illi
1391 2948 1465 3003 dii
1514 2949 1645 3016 nati,
1672 2949 1760 3003 ubi
1791 2963 1940 3004 more

345 3044 508 3100 talem
532 3051 760 3115 egerunt
804 3043 1008 3109 vitam,
1041 3051 1096 3097 et
1141 3042 1231 3097 ubi
1262 3058 1324 3098 ea
1363 3043 1512 3097 finita
1553 3043 1748 3113 sepulti
1792 3052 1940 3099 sunt.

2015 463 2166 520 liam.

2085 577 2278 651 Neque’
2312 577 2508 650 potiori
2533 577 2742 636 ratione
2768 577 2872 636 dici
2901 585 3080 652 potest
3121 578 3369 638 collatam
3390 588 3609 654 pr0pter

2017 672 2208 730 merita
2237 679 2294 728 et
2319 672 2544 728 virtutes
2572 671 2880 729 hominibus
2912 673 3264 732 divinitatem.
3309 673 3443 730 Nam
3483 674 3613 732 inde

2021 765 2303 824 conficitur
2330 779 2638 836 supremum
2687 765 2921 834 aliquem
2965 781 3086 824 esse
3129 767 3308 836 deum,
3346 769 3437 841 qui
3490 784 3610 826 me-

2021 858 2268 915 rentibus
2301 857 2636 915 divinitatem
2665 859 2934 930 dipensat.
2979 861 3182 920 Deinde
3209 878 3339 919 vero
3378 864 3612 935 gentiles

2019 951 2174 1008 fateri
2203 951 2532 1022 cogebantur
2557 951 2691 1010 deos
2709 966 2838 1006 suos
2864 952 3025 1010 fuisse
3047 954 3289 1012 homines
3312 956 3610 1025 improbos,

2023 1044 2239 1114 impios,
2269 1045 2582 1110 sceleratos,
2615 1045 2997 1114 nequissimos,
3026 1047 3262 1118 aliosque
3281 1049 3385 1104 illis
3413 1049 3616 1105 similes

2025 1138 2094 1193 ab
2116 1138 2239 1194 aliis
2284 1137 2420 1194 bene
2467 1140 2694 1195 moratis
2721 1139 2842 1210 jure
2890 1141 3081 1196 merito
3107 1143 3476 1198 condemnari.
3509 1142 3618 1200 Fac

2029 1241 2208 1286 tamen
2255 1229 2379 1287 illos
2422 1229 2587 1287 fuisse
2635 1233 2854 1304 probos,
2885 1233 2981 1289 sed
3029 1250 3134 1290 non
3185 1237 3438 1292 meliores
3467 1246 3620 1293 erant

2028 1323 2250 1380 Socrate
2296 1333 2351 1379 et
2396 1323 2652 1392 Aristide,
2699 1340 2798 1381 nec
2845 1325 3095 1383 fortiores
3151 1325 3512 1384 Themistocle
3566 1336 3623 1384 et

2029 1416 2370 1481 Alexandro,
2418 1431 2518 1473 nec
2564 1415 2836 1473 feliciores
2880 1419 3159 1491 Polycrate
3207 1428 3262 1475 et
3295 1419 3464 1492 Sylla,
3521 1434 3624 1476 nec

2029 1511 2220 1569 Croeso
2256 1509 2521 1567 Crassove
2543 1511 2795 1578 ditiores,
2825 1512 3224 1583 eloquentiores
3263 1511 3626 1570 Demosthene

2031 1615 2087 1661 et
2107 1603 2386 1668 Cicerone,
2409 1603 2764 1673 sapientiores
2790 1601 3012 1670 Catone,
3045 1619 3109 1659 ac
3137 1603 3392 1676 Scipione
3416 1605 3623 1676 aequio-

2032 1711 2140 1753 res.
2174 1695 2283 1752 Cur
2306 1710 2436 1767 ergo
2465 1695 2687 1763 ethnici,
2718 1696 2801 1751 his
2829 1697 2967 1766 apud
2995 1697 3195 1752 inferos
3226 1697 3454 1768 relictis,
3503 1696 3628 1757 illos

1958 1761 2008 1825 Β
2035 1789 2090 1845 in
2110 1789 2306 1846 caelum
2329 1761 2578 1859 tanquam
2600 1761 2732 1846 deos
2759 1761 3090 1846 sustulerunt
3116 1790 3255 1863 (cap.
3287 1793 3416 1863 ll)?

2105 1903 2213 1960 Sed
2255 1903 2342 1960 dic
2369 1919 2534 1976 porro
2559 1905 2780 1977 quinam
2811 1905 2919 1960 sint
2957 1905 3010 1960 hi
3037 1906 3313 1978 gentilium
3354 1904 3451 1962 dii.
3484 1904 3630 1965 Nihil

2034 1996 2195 2067 plane
2224 1996 2276 2051 in
2308 1996 2436 2064 illis,
2484 1999 2560 2052 ait
2604 1995 2984 2066 Tertullianus,
3013 1999 3189 2065 video,
3251 1999 3352 2055 nisi
3387 2010 3630 2056 mortuo-

2035 2104 2155 2146 rum
2200 2089 2478 2146 hominum
2537 2093 2775 2146 nomina.
2811 2091 2952 2148 Nihil
2983 2093 3144 2148 audio
3173 2103 3370 2165 praeter
3398 2092 3630 2162 fabulas,

2036 2193 2198 2254 atque
2228 2199 2294 2239 ex
2325 2183 2411 2241 his
2441 2182 2638 2240 fabulis
2665 2201 2816 2241 sacra
2847 2186 3087 2242 instituta
3119 2202 3471 2259 recognosco.
3493 2186 3634 2256 Quid

2039 2293 2191 2345 vero,
2222 2278 2365 2349 quod
2408 2294 2597 2334 eorum
2625 2279 2913 2334 simulacra
2941 2295 3011 2336 ex
3044 2281 3412 2336 communium
3438 2295 3630 2336 vascu-

2037 2368 2212 2425 lorum
2254 2378 2309 2425 et
2347 2370 2823 2426 instrumentorum
2869 2374 3117 2440 materie,
3148 2373 3233 2428 vel
3282 2389 3348 2429 ex
3395 2374 3638 2444 ipsismet

2039 2463 2271 2517 vasculis
2291 2472 2348 2519 et
2373 2464 2747 2520 instrumentis
2776 2463 3091 2530 fabrefacta,
3116 2465 3192 2521 dii
3221 2465 3436 2521 tandem
3465 2465 3636 2521 sacri-

2039 2555 2156 2627 lega
2199 2557 2610 2613 consecratione
2640 2557 2780 2612 facta
2809 2559 2973 2614 sunt?
3017 2558 3148 2626 Quis
3175 2559 3394 2630 insuper
3413 2575 3520 2614 non
3554 2559 3639 2614 vi-

2038 2647 2164 2705 deat
2191 2650 2410 2720 pulchra
2441 2649 2527 2704 illa
2557 2651 2867 2719 simulacra,
2899 2650 3026 2707 dum
3077 2651 3423 2718 fabricantur,
3449 2652 3639 2708 eadem

2043 2743 2174 2812 pati,
2203 2752 2367 2812 atque
2401 2742 2705 2812 christiani,
2733 2758 2853 2799 cum
2895 2743 2964 2800 ab
3003 2743 3235 2800 ethnicis
3280 2742 3641 2815 torquentur?

2043 2836 2124 2892 Ex
2149 2835 2378 2892 metallis
2404 2835 2546 2892 enim
2576 2835 2727 2916 fiunt,
2759 2835 2956 2908 quibus
2980 2837 3303 2892 damnantur
3320 2837 3641 2912 Christiani.

2047 2928 2138 2984 Illa
2169 2929 2422 2985 crucibus
2455 2938 2511 2985 et
2537 2929 2808 3000 stipitibus
2844 2931 3211 3001 imponuntur,
3247 2931 3506 2987 raduntur
3540 2948 3644 2985 nn-

2045 3020 2204 3090 gulis,
2253 3021 2464 3093 ignibus
2515 3031 2834 3092 exuruntur,
2889 3022 2984 3078 sed
3046 3022 3132 3078 his
3169 3023 3419 3079 omnibus
3470 3023 3645 3078 modis

349 3137 487 3205 Quia
530 3150 660 3191 vero
687 3135 897 3207 longius
924 3134 1116 3190 fuisset
1139 3135 1376 3206 singulos
1407 3135 1572 3191 hosce
1597 3136 1728 3191 deos
1773 3136 1942 3191 nomi-

2047 3115 2338 3172 Christiani
2365 3117 2622 3172 tolluntur
2663 3131 2696 3172 e
2741 3116 2941 3184 medio;
2976 3118 3028 3173 in
3071 3117 3175 3172 hoc
3221 3127 3399 3173 tamen
3447 3119 3515 3173 ab
3541 3118 3646 3173 illis

358 3229 526 3285 natim
572 3237 880 3294 recensere,
913 3227 1116 3282 Auctor
1147 3237 1331 3282 noster
1357 3227 1487 3282 illud
1531 3226 1769 3294 Saturni,
1811 3228 1944 3284 deo-

351 3335 474 3378 rum
512 3322 767 3376 omnium
810 3319 992 3390 primi,
1042 3320 1292 3389 exemplo
1339 3318 1692 3376 demonstrat.
1743 3318 1946 3376 Omnes

356 3429 589 3486 namque
615 3414 992 3486 antiquitatum
1020 3411 1382 3484 descriptores
1409 3422 1657 3468 asserunt
1683 3413 1835 3468 illum
1861 3428 1949 3470 re-

352 3521 482 3563 vera
524 3506 689 3563 fuisse
731 3505 1002 3562 hominem
1026 3547 1043 3572 ,
1070 3506 1161 3576 qui
1188 3513 1310 3575 post
1334 3505 1531 3560 multas
1553 3505 1945 3577 expeditiones,

357 3599 537 3654 Attico
565 3600 798 3671 hospitio
825 3599 895 3655 ab
921 3597 1059 3654 Iano
1085 3599 1170 3654 vel
1205 3598 1369 3654 lnone
1399 3599 1450 3653 in
1483 3598 1632 3654 Italia
1669 3611 1946 3670 exceptus,

359 3692 532 3749 monti
559 3709 619 3750 ac
655 3695 857 3749 civitati
882 3709 1041 3765 quam
1083 3692 1330 3759 incoluit,
1361 3693 1563 3763 totique
1601 3691 1763 3748 Italiae
1803 3693 1950 3748 dedit

358 3785 620 3842 Saturniae
650 3801 868 3842 nomen.
900 3785 1079 3856 Neque
1101 3785 1152 3840 id
1180 3785 1356 3840 minus
1383 3785 1662 3856 perspicue
1701 3783 1950 3841 declara-

355 3877 486 3934 bant
509 3878 702 3935 tabulte
729 3877 796 3933 ab
833 3878 952 3949 ipso
978 3877 1048 3932 ibi
1075 3877 1308 3954 primum
1331 3875 1595 3944 confictae,
1622 3883 1682 3930 et
1700 3891 1952 3932 nummus

355 3970 590 4042 imagine
627 3970 889 4041 signatus,
915 3971 986 4026 ob
1012 3986 1175 4042 quem
1216 3971 1508 4042 praesidere
1548 3972 1742 4027 aerario
1766 3971 1952 4043 perhi-

355 4066 533 4122 betur.
568 4065 741 4122 Homo
772 4067 934 4137 igitur
963 4067 1056 4123 ille
1084 4065 1203 4134 fuit,
1229 4080 1328 4122 nec
1347 4064 1415 4121 de
1443 4066 1585 4124 caelo
1610 4075 1664 4123 et
1694 4076 1838 4123 terra
1861 4083 1952 4121 or-

356 4167 464 4226 tus,
487 4158 644 4214 sicuti
668 4159 909 4214 nonnulli
937 4158 1154 4215 fabulati
1181 4171 1326 4215 sunt.
1353 4155 1595 4216 Caeteros
1615 4175 1744 4232 ergo
1763 4175 1952 4217 omnes

357 4250 511 4318 deos,
559 4252 648 4322 qui
688 4267 841 4306 suam
865 4267 932 4308 ex
979 4252 1072 4308 illo
1119 4251 1326 4308 ducunt
1363 4252 1652 4324 originem,
1705 4252 1954 4312 homines

358 4345 520 4403 etiam
551 4343 735 4410 fuisse,
764 4345 884 4416 quis
910 4360 1109 4417 negare
1133 4343 1506 4419 audebit(cap.
1539 4343 1667 4418 10)?

431 4456 545 4513 Nec
570 4457 698 4512 sinit
724 4456 940 4528 quidem
987 4457 1350 4514 Tertullianus
1378 4458 1480 4514 sibi
1510 4457 1826 4530 responderi
1855 4457 1955 4514 hos

363 4559 486 4624 post
523 4560 750 4606 mortem
793 4559 999 4605 tantum
1046 4565 1196 4605 suam
1239 4549 1463 4606 deorum
1494 4549 1795 4620 adscriptos
1837 4565 1957 4606 esse

363 4658 614 4702 numero.
639 4643 980 4698 Divinitatem
1013 4641 1156 4698 enim
1188 4640 1366 4696 nullus
1395 4641 1559 4696 homo
1579 4641 1682 4697 sibi
1709 4639 1959 4698 conferre

363 4745 562 4811 potest.
591 4734 647 4793 Si
677 4736 762 4791 cui
791 4749 921 4806 ergo
949 4748 1044 4792 seu
1076 4743 1222 4800 ante,
1252 4748 1349 4788 seu
1399 4743 1520 4803 post
1570 4742 1798 4790 mortem
1834 4735 1960 4791 data

364 4843 470 4902 est,
510 4834 556 4890 is
587 4842 735 4889 certe
770 4831 840 4887 ab
879 4831 986 4886 alio
1012 4829 1312 4902 potentiore
1359 4828 1472 4884 Deo
1515 4829 1661 4884 illam
1714 4830 1960 4900 accipere

365 4928 570 4985 debuit.
587 4929 657 4983 At
671 4928 815 4984 nulla
834 4925 992 4998 plane
1013 4940 1201 4982 caussa
1217 4939 1452 4996 unquam
1469 4923 1567 4979 fuit
1586 4939 1685 4980 cur
1705 4924 1795 4981 ille
1807 4939 1960 4981 sum-

367 5035 491 5076 mus
529 5021 669 5076 Deus
695 5020 904 5092 aliquos
933 5028 1056 5091 post
1080 5033 1264 5074 eorum
1296 5029 1524 5074 mortem
1563 5017 1696 5074 deos
1734 5019 1955 5076 faceret.

368 5111 581 5168 Nullius
607 5115 824 5185 quippe,
864 5114 978 5170 sive
1015 5113 1082 5168 ad
1126 5111 1386 5168 mundum
1421 5111 1812 5181 fabricandum,
1845 5114 1962 5172 sive

371 5203 441 5260 ad
466 5204 613 5260 aliud
645 5207 918 5279 quidpiam
958 5205 1224 5279 agendum
1267 5219 1504 5275 unquam
1549 5204 1777 5277 indiguit
1805 5207 1962 5263 auxi-

371 5299 469 5356 lio.
517 5299 658 5357 Ante
698 5317 888 5357 omnes
928 5300 1191 5372 siquidem
1241 5300 1457 5357 ﬁctitios
1480 5302 1758 5373 gentilium
1804 5303 1962 5372 deos,

371 5393 602 5467 pluviae,
642 5395 865 5464 lumina,
893 5395 1091 5461 sidera,
1137 5395 1392 5464 tonitrua,
1435 5393 1677 5464 fulmina,
1710 5404 1766 5453 et
1814 5398 1962 5454 varia

370 5489 584 5562 frugum
657 5506 855 5562 genera
931 5499 1050 5546 orta
1121 5499 1266 5544 sunt.
1339 5490 1480 5558 Quin
1541 5490 1650 5546 imo
1722 5491 1962 5548 omnium

371 5583 652 5639 hominum
689 5585 914 5656 primus,
946 5590 1066 5654 post
1095 5582 1273 5638 omnia
1302 5581 1369 5638 ad
1395 5583 1555 5639 vitam
1579 5587 1696 5654 ejus
1724 5599 1965 5643 necessa-

370 5677 475 5742 ria,
505 5677 755 5734 conditus
784 5684 887 5732 est.
909 5674 1029 5732 Non
1060 5675 1228 5746 magis
1248 5690 1377 5747 ergo
1397 5675 1578 5745 Liber,
1612 5679 1796 5748 Ceres,
1823 5679 1963 5737 Bac-

370 5769 512 5832 chus
550 5780 608 5830 et
634 5769 873 5831 Minerva
916 5767 988 5830 ob
1026 5766 1272 5830 inventas
1299 5767 1480 5842 fruges
1521 5770 1595 5832 dii
1629 5772 1758 5833 facti
1807 5783 1960 5847 sunt,

2050 3207 2378 3278 discrepant,
2410 3208 2554 3279 quod
2579 3208 2865 3263 simulacra
2893 3208 3124 3279 primum
3150 3217 3276 3264 sunt
3294 3209 3415 3265 sine
3442 3209 3642 3280 capite,

2050 3298 2193 3369 quod
2222 3297 2564 3364 Christianis,
2595 3300 2929 3371 iniquissime
2959 3301 3247 3370 damnatis,
3286 3301 3504 3356 tandem
3534 3318 3648 3358 am—

2052 3401 2288 3463 putatur.
2305 3392 2388 3448 Ad
2414 3391 2531 3448 haec
2546 3408 2693 3459 vero,
2713 3393 2766 3448 hi
2792 3394 2844 3448 in
2865 3393 3069 3449 insulas
3093 3394 3420 3465 relegantur,
3447 3393 3500 3450 in
3523 3395 3646 3466 qui-

2052 3484 2152 3540 bus
2178 3485 2463 3556 plerosque
2489 3500 2678 3542 omnes
2705 3485 2984 3557 gentilium
3014 3486 3147 3543 deos
3183 3495 3338 3542 natos
3369 3498 3644 3543 mortuos-

2053 3592 2158 3648 que
2198 3593 2320 3635 esse
2366 3593 2526 3638 nemo
2564 3579 2754 3634 nescit.
2802 3578 2988 3649 Neque
3038 3580 3365 3650 respondere
3403 3589 3651 3651 poterant

2053 3667 2171 3726 haec
2226 3687 2373 3727 mera
2425 3685 2544 3728 esse
2593 3671 3018 3728 Christianorum
3069 3674 3122 3728 in
3181 3671 3314 3730 deos
3373 3675 3649 3738 convicia;

2054 3763 2486 3836 quandoquidem
2515 3765 2736 3821 eosdem
2772 3767 2903 3822 deos
2937 3767 3145 3822 Seneca
3189 3766 3433 3838 pluribus
3462 3769 3650 3840 longe-

2053 3872 2160 3927 que
2209 3857 2564 3913 amarioribus
2613 3858 2792 3914 verbis
2834 3858 3128 3915 insectatus
3169 3869 3275 3915 est.
3322 3857 3491 3916 Recte
3517 3875 3650 3932 ergo

2053 3947 2344 4004 Christiani
2384 3950 2471 4005 illa
2501 3950 2726 4006 deorum
2757 3951 3046 4007 simulacra
3075 3951 3305 4008 adorare
3330 3953 3648 4022 renuebant,

2057 4056 2178 4112 quae
2198 4057 2227 4095 a
2253 4042 2455 4110 milvis,
2484 4042 2748 4112 muribus,
2775 4043 2988 4100 araneis
3031 4044 3400 4115 coinquinata,
3426 4045 3494 4102 ab
3516 4046 3652 4117 ipsis

2055 4135 2345 4206 gentilibus
2377 4135 2741 4209 negliguntur,
2772 4137 3472 4208 illuduntttr,destruuntur.

2145 4247 2286 4318 Quin
2311 4250 2474 4308 etiam
2505 4250 2595 4305 alii
2620 4249 2756 4307 alios
2781 4251 2912 4308 deos
2935 4252 3205 4319 colebant,
3227 4252 3509 4326 nullusque
3537 4254 3656 4311 sine

2057 4346 2524 4407 senatusconsulto
2551 4345 2684 4401 deus
2722 4360 2845 4402 esse
2887 4355 3116 4417 poterat.
3154 4347 3489 4407 Domesticos
3528 4365 3655 4408 vero

2059 4445 2194 4500 deos
2222 4458 2320 4514 pro
2363 4456 2458 4498 sua
2489 4440 2718 4512 quisque
2763 4450 2856 4496 aut
2893 4442 3219 4500 necessitate
3263 4453 3355 4500 aut
3389 4454 3654 4517 potestate

1979 4505 2036 4569 Β
2062 4505 2470 4607 oppignerabat,
2507 4505 2607 4590 vel
2630 4505 2942 4603 vendebat,
2967 4535 3054 4592 vel
3103 4538 3347 4593 mutabat
3389 4505 3556 4594 modo
3599 4539 3654 4595 in

2065 4628 2302 4694 trullam,
2339 4628 2501 4683 modo
2530 4625 2584 4681 in
2623 4627 2902 4684 cacabutn.
2942 4629 3194 4684 Publicos
3219 4638 3396 4685 autem
3426 4629 3558 4685 deos
3595 4629 3651 4686 in

2064 4719 2306 4775 hastario
2323 4717 2612 4790 vectigales
2640 4717 2929 4787 habebant,
2960 4734 3023 4775 ac
3053 4721 3154 4776 sub
3184 4719 3360 4789 hasta,
3388 4730 3440 4777 et
3459 4713 3658 4792 publici

2065 4811 2332 4884 praeconis
2376 4826 2514 4868 voce
2555 4811 2794 4867 venales.
2843 4810 2956 4867 Nec
2996 4811 3050 4867 id
3119 4811 3361 4882 profecto
3433 4814 3653 4870 mirum.

2065 4907 2152 4964 Dii
2204 4907 2402 4978 quippe
2444 4921 2552 4978 quo
2593 4907 2765 4978 magis
2804 4907 2999 4976 sancti,
3044 4921 3112 4963 eo
3160 4911 3332 4979 magis
3383 4908 3659 4966 tributarii

2066 5010 2243 5056 erant.
2290 4999 2602 5056 hlendicans
2625 5014 2756 5055 vero
2798 4998 3135 5055 ethnicorum
3175 4999 3364 5070 religio
3400 5001 3664 5059 circuibat

2065 5107 2359 5164 cauponas,
2381 5107 2445 5149 ac
2472 5107 2722 5164 magnam
2763 5105 2864 5166 pro
2891 5091 3080 5164 templi
3107 5091 3335 5167 alicujus
3368 5093 3514 5153 aditu
3545 5094 3661 5152 exi-

2063 5209 2226 5282 gebat
2252 5206 2580 5266 mercedem.

2135 5303 2242 5361 Sed
2268 5302 2519 5373 agedum,
2545 5315 2673 5372 quo,
2709 5313 2916 5372 quaeso,
2957 5297 3121 5358 modo
3146 5299 3347 5358 ethnici
3375 5299 3506 5358 deos
3531 5315 3662 5359 suos

2079 5394 2455 5453 honorabant?
2482 5393 2684 5450 Eodem
2713 5393 2872 5464 plane
2909 5407 2975 5450 ac
3001 5402 3241 5450 mortuos
3267 5396 3658 5467 imperatores:

2078 5490 2192 5548 imo
2216 5507 2345 5548 vero
2366 5489 2618 5546 eumdem
2659 5488 2916 5543 honorem
2960 5489 3063 5544 illis
3088 5487 3409 5558 viventibus,
3437 5505 3502 5546 ac
3523 5505 3664 5548 mor-

2070 5586 2179 5640 tuis
2201 5584 2304 5640 diis
2330 5583 2442 5639 suis
2471 5581 2798 5638 detulerunt.
2827 5579 3001 5636 Simili
3027 5597 3239 5653 quoque
3264 5581 3426 5638 modo
3454 5581 3662 5638 Larem

2067 5678 2232 5734 tinam
2297 5675 2674 5742 meretricem,
2747 5671 3023 5730 Simonem
3067 5673 3304 5746 Magum,
3370 5684 3426 5731 et
3477 5674 3663 5732 nescio

2065 5787 2224 5846 quem
2244 5768 2446 5846 Synedi
2470 5769 2654 5842 deum,
2685 5783 2751 5828 ac
2775 5769 3014 5844 impurae
3037 5765 3306 5842 Junones,
3333 5768 3578 5843 Cereres,
3608 5777 3668 5827 et
