4150 6352
489 237 590 297 7H

1552 246 1621 306 1N
1656 247 2117 313 TERTULLIANI
2150 253 2678 322 APOLOGETICUM

3675 268 3780 336 712

488 363 687 418 Dianas
734 362 1167 463 venerabantur.
1206 363 1349 463 Quid
1393 377 1552 463 ergo‘
1561 369 1800 463 amplius
1844 372 1898 427 in
1931 381 2082 429 vete-
2110 375 2165 437 Α
2189 375 2404 446 Pharia,
2449 395 2568 452 quae
2596 381 2714 437 rudi
2745 377 2868 454 palo
2893 389 2952 441 et
2989 381 3139 458 ligno
3166 397 3198 442 a
3237 385 3414 446 crucis
3447 389 3632 463 stipite
3668 408 3779 451 non

488 470 606 511 rum
629 456 850 511 deorum
879 456 1395 530 contumeliamﬁeri
1421 459 1489 516 ab
1505 459 1612 518 ullo
1669 461 1890 520 homine
1928 474 2082 537 pote-

489 558 573 604 rat
601 548 738 620 (cap.
768 550 855 614 12,
891 551 978 623 15)
1005 551 1028 606 ?

560 638 750 697 Nonne
780 643 940 698 etiam
995 645 1069 700 dii
1108 661 1212 701 non
1260 647 1456 704 minori
1500 649 1607 706 illis
1650 653 2078 724 erantludibrio,

489 732 578 805 qui
635 735 866 806 pessima
915 753 1140 809 qumque
1183 740 1291 797 illis
1333 743 1726 811 sacrificabant,
1759 757 1815 802 et
1870 749 2081 804 tertiam

487 827 858 897 subripiebant
890 829 1219 888 decimarum
1271 833 1482 890 Herculi
1512 837 1811 894 debitarum
1840 842 2082 911 partem?

488 917 678 976 Nonne
714 921 805 976 alii
850 924 961 978 suis
993 925 1046 979 in
1093 925 1243 982 libris
1283 912 1668 986 non‘maxima
1712 933 1829 988 sine
1868 932 2080 990 illorum

486 1012 778 1084 ignominia
805 1018 1169 1087 prtedicabant
1197 1037 1290 1077 eos
1319 1024 1455 1079 inter
1476 1038 1534 1080 se
1551 1033 1770 1096 pr0pter
1795 1027 2079 1098 Trojanos,

485 1117 580 1161 aut
628 1107 868 1164 Achivos
910 1110 1236 1176 decertasse,
1264 1114 1528 1172 Venerem
1570 1121 1884 1187 sauciatam,
1940 1120 2080 1176 Mar-

485 1205 593 1254 tem
625 1200 677 1254 in
709 1201 936 1257 vinculis
965 1220 1102 1274 pene
1127 1217 1538 1279 consumptum,
1570 1209 1756 1267 Jovem
1784 1228 1814 1266 a
1840 1226 2081 1271 monstro

482 1295 714 1364 quodam
745 1296 1026 1354 liberatum
1053 1342 1068 1364 ,
1101 1316 1238 1355 nunc
1267 1301 1481 1358 flentem
1503 1345 1518 1371 ,
1545 1321 1686 1361 nunc
1715 1307 1860 1362 foede
1881 1309 2079 1364 suban-

483 1389 630 1445 tem?
660 1390 837 1446 Poetae
864 1407 991 1448 vero
1011 1403 1208 1450 canunt
1235 1395 1539 1464 Apollinem
1573 1399 1803 1455 Admeto
1824 1442 1839 1467 ,
1862 1412 1916 1456 et
1944 1401 2082 1457 Lao-

483 1482 724 1539 medonti
753 1484 1060 1556 Neptunum
1085 1488 1383 1544 servientes
1401 1529 1416 1556 ,
1444 1489 1706 1548 Pindarus
1732 1509 1862 1548 vero
1889 1493 2080 1550 [Esca-

481 1572 680 1646 lapium
749 1575 971 1633 fulmine
1016 1577 1342 1648 iudicatum.
1411 1581 1682 1640 Praeterea
1741 1601 1770 1638 a
1823 1587 2078 1658 tragcedis

480 1667 834 1724 decantantur
858 1669 1082 1726 deorum
1112 1687 1365 1728 aerumnae
1384 1683 1440 1730 et
1463 1690 1700 1733 errores.
1731 1678 1808 1732 Ex
1834 1679 2076 1749 philoso-

2185 470 2640 545 distinguebatur?
2670 475 2726 533 In
2767 492 2987 533 suorum
3015 490 3276 550 praeterea
3306 482 3530 540 deorum
3555 486 3780 542 simula-

2189 566 2318 632 cris,
2343 566 2398 622 in
2422 567 2692 634 victoriis,
2728 570 3005 642 trophzeis,
3048 573 3216 646 signis
3242 577 3582 642 militaribus,
3612 581 3782 637 vexil-

2188 657 2362 714 lorum
2389 670 2444 716 et
2471 663 2852 719 cantabrorum
2879 665 3145 736 sipharis,
3174 678 3268 724 aut
3292 687 3478 728 eorum
3505 673 3778 731 intestinis

2183 752 2492 822 monilibus,
2518 762 2574 811 et
2591 756 2743 812 stolis
2775 772 2965 815 cruces
3013 759 3310 820 adorabant
3361 765 3474 822 illis
3528 767 3780 839 supposi-

2186 853 2288 902 [85.

2262 939 2365 994 Alii
2393 941 2553 1012 paulo
2575 943 2791 1014 quidem
2816 947 3162 1006 verisimilius
3181 952 3592 1024 suspicabantur
3610 957 3781 1017 chris-

2183 1029 2473 1098 tianorum,
2501 1036 2952 1104 qucmadmodnm
2981 1040 3288 1110 Persarum,
3338 1045 3510 1102 Deum
3533 1064 3658 1106 esse
3682 1051 3781 1108 So-

2179 1118 2312 1178 lem.
2356 1125 2461 1182 Sed
2495 1126 2780 1212 ltzec'falsa
2809 1133 3045 1202 suspicio
3089 1136 3215 1191 inde
3242 1137 3461 1195 suborta
3501 1151 3604 1211 est,
3636 1147 3775 1215 quod

2184 1216 2345 1273 iidem
2394 1219 2697 1300 christiani,
2741 1225 2808 1280 ad
2847 1225 3030 1283 Solem
3079 1233 3348 1301 conversi,
3389 1234 3557 1291 Deum
3589 1253 3773 1308 preca-

2184 1311 2398 1377 bantur,
2428 1330 2492 1370 ac
2529 1316 2617 1373 die
2657 1318 2798 1374 Solis
2841 1320 2955 1376 sive
2989 1321 3262 1380 dominico
3293 1327 3494 1384 laztitite
3530 1330 3774 1405 indulge-

2181 1415 2322 1461 rent.
2365 1405 2473 1463 Sed
2521 1407 2664 1466 istud
2707 1413 2987 1482 gentilium
3041 1417 3463 1487 reprehensione
3514 1439 3586 1478 eo
3631 1436 3778 1485 certe

2181 1501 2361 1556 minus
2390 1501 2611 1573 dignum
2658 1515 2795 1574 erat,
2831 1508 2975 1580 quod
3004 1509 3082 1567 illi
3125 1511 3269 1569 diem
3310 1513 3530 1574 Saturni
3575 1519 3686 1576 otio
3725 1531 3781 1579 et

2180 1595 2346 1649 victui
2374 1595 2800 1656 destinaverant.

2253 1685 2534 1745 Postremo
2561 1691 2764 1748 Auctor
2787 1702 2970 1751 noster
2996 1695 3241 1756 Judaeum
3266 1701 3574 1773 quemdam,
3604 1706 3778 1763 maxi-

479 1759 602 1834 phis
629 1771 807 1818 autem
854 1761 1105 1819 Socrates
1128 1805 1143 1829 ,
1178 1765 1281 1821 etsi
1311 1783 1406 1837 per
1427 1785 1687 1839 quercum
1711 1812 1722 1835 ,
1744 1771 1948 1827 hircum
1976 1816 1991 1841 ,
2021 1784 2075 1830 et
2103 1769 2152 1829 B
2179 1793 2326 1834 mum
2353 1781 2592 1851 profecto
2622 1785 2968 1856 nebulonem,
2992 1791 3264 1858 exsibilat,
3283 1759 3385 1864 lqui
3414 1810 3537 1852 cum
3560 1759 3771 1854 bestia-

478 1867 665 1909 canem
691 1854 972 1925 juraverit,
1003 1858 1128 1928 quia
1157 1869 1338 1915 tamen
1362 1860 1494 1917 deos
1520 1862 1871 1931 destruebat,
1902 1879 2077 1925 morte

477 1943 762 2002 damnatus
791 1958 896 2007 est.
949 1949 1056 2005 Sed
1100 1953 1330 2008 rescissa
1371 1953 1716 2012 damnatione
1755 1959 2073 2028 prmclarum

482 2042 699 2098 tandem
738 2043 813 2098 illi
850 2038 1142 2102 reddidere
1183 2048 1571 2105 testimonium.
1628 2051 1908 2108 Postremo
1951 2053 2077 2110 Dio-

475 2148 642 2204 genes
665 2135 884 2206 quidam
932 2137 1100 2193 irrisit
1149 2139 1435 2198 Herculem
1465 2181 1482 2210 ,
1513 2157 1578 2198 ac
1603 2141 1780 2200 Varro
1805 2154 2075 2204 trecentos

479 2226 644 2286 Joves
669 2231 967 2287 introduxit
997 2233 1134 2305 (cap.
1167 2234 1285 2304 M).

547 2324 713 2398 Urget
751 2327 926 2384 adhuc
969 2328 1332 2386 Tertullianus
1372 2331 1428 2386 in
1471 2331 1747 2403 gentilium
1792 2333 2073 2391 comoediis

474 2432 538 2476 ac
559 2421 833 2492 tragoediis
861 2424 1239 2493 repraesentari
1262 2424 1534 2480 mtechum
1562 2427 1820 2496 Anubim,
1855 2443 2069 2484 mascu-

475 2513 585 2572 lum
608 2515 832 2584 Lunam,
857 2516 1181 2588 flagellatam
1215 2519 1459 2586 Dianam,
1482 2519 1632 2576 Jovis
1662 2530 2067 2589 testamentum,

475 2619 692 2683 tresque
723 2611 980 2668 Hercules
1021 2612 1316 2670 famelicos.
1353 2615 1436 2670 Ab
1467 2615 1818 2674 histrionibus
1847 2617 2070 2688 insuper

475 2704 830 2764 exhibebatur
859 2707 951 2763 Sol
979 2707 1188 2778 lugens,
1204 2708 1403 2780 Cybele
1432 2708 1768 2765 fastidiosum
1802 2720 2069 2781 pastorem

472 2801 768 2872 suspirans,
797 2801 951 2857 Jovis
978 2801 1233 2872 elogium,
1263 2800 1493 2857 Junonis
1521 2802 1887 2874 Minervaeque
1923 2803 2068 2873 judi-

472 2891 746 2960 cium,"ac
790 2893 1006 2950 tandem
1057 2895 1110 2949 in
1143 2894 1250 2948 illis
1296 2895 1863 2965 ignominiosissimum
1908 2905 2071 2965 caput

471 2987 893 3057 repraesentabat
919 2986 1004 3042 dei
1027 2986 1257 3056 alicujus
1284 2986 1596 3058 imaginem,
1631 2995 1686 3042 et
1709 3000 1905 3056 corpus
1929 2987 2066 3042 ridi-

471 3080 592 3135 cula
642 3087 760 3135 arte
811 3077 1197 3160 eﬂwminatum
1266 3079 1556 3135 Minervam
1613 3089 1705 3135 aut
1758 3079 2065 3136 Herculem.

471 3171 660 3244 Neque
704 3171 899 3228 melius
941 3155 1141 3244 aliquid
1175 3188 1243 3230 ex
1285 3188 1446 3229 cavea
1485 3182 1768 3243 expectes.
1817 3172 1891 3228 lbi
1921 3174 2066 3229 enim
2095 3153 2140 3218 Ο

471 3279 703 3339 persona
729 3267 985 3337 agebatur
1009 3266 1198 3339 Atydis
1238 3267 1479 3333 castrati,
1506 3265 1758 3321 ardentis
1797 3265 2065 3335 Herculis,

471 3355 723 3416 Mercurii
751 3361 890 3414 inter
915 3358 1117 3414 ludicra
1141 3358 1568 3414 meridianorum
1595 3357 1898 3429 Spectacula
1922 3374 2070 3415 mor-

472 3460 592 3508 tuos
620 3453 858 3508 cauterio
877 3452 1254 3518 examinantis,
1290 3467 1354 3507 ac
1411 3450 1594 3506 fratris
1619 3450 1764 3508 lovis
1795 3452 2057 3508 cadavera

471 3554 806 3600 mortuorum
846 3544 1120 3600 hominum
1148 3559 1272 3599 cum
1315 3543 1511 3599 malleo
1537 3542 1872 3600 deducentis.
1902 3544 2068 3600 Plura

471 3634 576 3693 alia
605 3637 689 3693 his
716 3637 909 3692 similia
937 3637 1135 3693 omittit
1173 3635 1560 3704 Tertullianus,
1587 3637 1828 3710 vitioque
1855 3636 2071 3709 gentili-

472 3730 573 3788 bus
599 3732 780 3798 vertit,
809 3730 950 3803 quod
990 3731 1128 3786 intra
1159 3730 1382 3786 deorum
1433 3730 1653 3802 templa,
1699 3731 1949 3802 ipsasque
1983 3731 2071 3786 in-

470 3833 556 3881 ter
581 3841 722 3894 aras,
752 3823 992 3896 atquein
1033 3823 1399 3892 sacerdotum,
1443 3832 1498 3880 et
1536 3825 1854 3880 :ndituorum
1888 3824 2070 3879 taber-

472 3921 679 3978 naculis
723 3909 1001 3975 adulteria
1028 3927 1438 3988 componerent,
1466 3927 1874 3989 tractarentque
1920 3917 2070 3974 leno-

471 4015 637 4071 cinia.
662 4014 889 4082 Quinam
914 4027 1064 4085 ergo,
1092 4013 1168 4068 ait
1189 4011 1300 4080 ille,
1326 4011 1521 4067 divinae
1547 4013 1852 4082 majestatis
1873 4012 1975 4076 rei,
1999 4026 2067 4066 an

475 4107 575 4180 ipsi
621 4108 712 4180 qui
743 4115 888 4162 tanto
912 4106 1142 4161 ludibrio
1162 4103 1295 4160 deos
1322 4119 1450 4160 suos
1477 4104 1768 4171 habebant,
1793 4120 1861 4159 an
1882 4101 2070 4159 Chris-

475 4199 626 4264 tiani,
669 4197 760 4270 qui
820 4198 918 4254 hos
958 4196 1226 4269 negabant
1268 4211 1392 4253 esse
1429 4196 1582 4264 deos,
1631 4198 1829 4267 quique
1870 4195 2071 4251 Idcirco

473 4309 662 4350 eorum
693 4292 887 4363 templa
928 4291 1159 4348 interdiu
1200 4307 1305 4348 non
1349 4299 1631 4357 noverant,
1658 4298 1714 4346 et
1755 4304 1820 4346 ea
1856 4288 1904 4345 si
1943 4289 2070 4347 fieri

475 4394 678 4460 posset,
709 4385 924 4456 penitus
953 4385 1276 4457 spoliassent
1303 4383 1442 4457 (cap.
1475 4379 1609 4454 15)?

549 4479 746 4535 Verum
795 4488 984 4535 contra
1015 4477 1344 4549 objiciebant
1368 4476 1566 4532 ethnici
1596 4485 1756 4550 caput
1798 4475 2068 4533 asininum

2180 1869 2294 1927 rius
2323 1882 2488 1940 esset,
2527 1875 2667 1932 inter
2693 1876 2848 1934 ludos
2873 1879 3177 1949 Circenses,
3195 1884 3248 1939 in
3281 1885 3403 1952 ista,
3431 1885 3629 1958 inquit,
3650 1890 3779 1944 civi-

2181 1972 2286 2018 tate
2333 1965 2863 2044 novissime'editos,
2909 1973 3163 2030 tabellam
3213 1980 3514 2049 proposuit,
3566 1981 3620 2036 in
3673 1999 3778 2054 qua

2177 2057 2358 2127 pictus
2397 2059 2874 2118 circumferebatur
2918 2064 3061 2122 Deus
3103 2068 3526 2128 Chrisﬁanorum
3563 2075 3781 2132 auribus

2175 2151 2425 2218 asininis,
2479 2153 2656 2237 altero
2695 2145 2834 2227 pede
2863 2159 3170 2229 ungulatus,
3201 2161 3399 2219 librum
3453 2175 3690 2236 gestans,
3724 2178 3779 2225 et

2177 2253 2547 2315 togatus,cum
2579 2247 2680 2304 hac
2705 2250 2928 2307 ridicula
2950 2254 3331 2327 inscriptione:
3363 2258 3505 2315 Deus
3524 2260 3776 2318 Christia-

2175 2352 2359 2393 norum
2380 2341 2696 2418 onocltoetes.
2718 2343 2824 2400 Sed
2845 2362 3004 2416 quam
3027 2347 3157 2404 falsa
3184 2351 3518 2424 mendaxque
3535 2353 3634 2410 fuit
3659 2357 3775 2413 hanc

2175 2432 2403 2504 pictura,
2437 2444 2544 2490 tam
2567 2424 2751 2493 verum
2783 2451 2898 2495 erat
2917 2442 2984 2498 ab
3011 2443 3240 2500 ethnicis
3269 2446 3398 2502 deos
3442 2447 3652 2505 adorari
3677 2451 3775 2506 ho-

2175 2525 2380 2580 tninum
2398 2523 2797 2602 belluarumque
2825 2534 3079 2591 membris
3105 2539 3433 2608 compositos
3464 2539 3606 2614 (cap.
3626 2542 3741 2616 16).

2244 2619 2324 2676 Ne
2353 2631 2529 2678 autem
2561 2624 2760 2682 ethnici
2788 2643 2970 2684 veram
3000 2629 3427 2688 Christianorum
3469 2634 3769 2692 doctrinam

2187 2711 2488 2769 voluntaria
2518 2716 2878 2787 ignoratione,
2910 2729 2966 2776 et
2995 2722 3398 2794 impudentibus
3434 2741 3584 2784 more
3613 2730 3771 2786 solito

2175 2806 2471 2863 mendaciis
2499 2808 2756 2880 deinceps
2801 2813 3283 2883 calumniarentur,
3315 2818 3460 2873 illam
3484 2819 3771 2876 Tertullia-

2174 2910 2277 2950 nus
2300 2911 2509 2952 summa
2534 2915 2657 2954 cum
2682 2903 2965 2969 brevitate,
3003 2913 3113 2958 tum
3157 2907 3470 2964 sinceritate
3494 2910 3571 2965 sic
3599 2926 3768 2982 expo-

2174 2987 2272 3044 nit.
2299 2989 2686 3070 Deus,'inquit,
2710 3009 2868 3064 quem
2911 2994 3162 3063 colimus,
3186 3013 3324 3052 unus
3350 3008 3451 3063 est,
3482 3001 3574 3070 qui
3606 3019 3764 3057 mun-

2173 3080 2298 3136 dum
2341 3067 2672 3150 universum,
2709 3085 2760 3139 in
2790 3100 2900 3140 suae
2928 3087 3224 3156 majestatis
3249 3101 3623 3147 ornamentum
3647 3135 3664 3160 ,
3697 3111 3765 3151 ex

2173 3172 2342 3229 nihilo
2362 3176 2585 3230 creavit.
2613 3175 2878 3244 ‘Quamvis
2916 3187 3093 3233 autem
3122 3189 3496 3252 cognoscatur,
3525 3184 3766 3241 invisibi-

2171 3264 2239 3321 lis
2264 3275 2440 3323 tamen
2489 3277 2591 3332 est,
2639 3269 3048 3340 inaestimabilis,
3072 3274 3389 3346 immensus,
3417 3292 3478 3332 ac
3509 3277 3608 3332 sibi
3660 3278 3760 3334 soli

2172 3369 2351 3418 tantus
2377 3373 2608 3434 quantus
2633 3375 2738 3431 est,
2766 3366 3029 3436 cognitus.
3059 3367 3211 3423 Hunc
3225 3385 3351 3425 vero
3366 3385 3527 3425 unum
3554 3386 3763 3426 verum-

2172 3470 2277 3527 que
2318 3456 2484 3512 Deum
2515 3473 2701 3513 revera
2745 3460 2984 3515 existere
3019 3459 3393 3517 demonstrant
3432 3472 3487 3518 et
3511 3463 3762 3532 mundus,

2173 3556 2230 3602 et
2266 3558 2457 3604 caetera
2499 3549 2701 3619 omnia,
2751 3567 2870 3622 quze
2916 3550 3087 3608 verbo
3148 3553 3261 3609 fieri
3320 3554 3509 3624 jussit,
3560 3556 3767 3611 ratione

2172 3642 2493 3712 composuit,
2519 3659 2583 3701 ac
2611 3645 2811 3701 virtute
2839 3661 2932 3702 sua
2977 3647 3237 3704 condidit.
3262 3649 3400 3716 Quin
3438 3651 3605 3706 etiam
3637 3637 3769 3709 illud

2171 3737 2572 3796 evidentissime
2598 3739 2979 3811 comprobatur
2997 3727 3304 3798 testimonio
3324 3743 3517 3799 animae
3541 3754 3763 3813 nostrae,

2172 3833 2488 3887 naturaliter
2523 3831 2849 3900 christianm,
2885 3849 3007 3906 qua:
3059 3835 3112 3888 in
3153 3825 3492 3904 quocumque
3529 3835 3642 3890 sive
3686 3836 3769 3890 in-

2173 3923 2468 3992 firmitatis,
2497 3924 2610 3981 sive
2639 3926 2860 3990 erroris,
2890 3925 3004 3981 sive
3044 3940 3219 3994 prava:
3249 3924 3482 3980 libidinis
3507 3933 3647 3980 statu
3673 3925 3765 3994 sit,

2173 4014 2266 4070 ubi
2315 4015 2619 4085 resipiscit,
2667 4026 2760 4070 aut
2804 4014 2943 4070 redit
2977 4015 3047 4071 ad
3092 4031 3152 4071 se
3203 4011 3396 4085 ipsam,
3449 4029 3558 4071 non
3607 4015 3762 4085 deos,

2174 4106 2270 4163 sed
2298 4122 2460 4162 unum
2486 4107 2788 4164 conclamat
2815 4107 3004 4175 Deum,
3034 4121 3268 4178 eumque
3290 4105 3766 4179 judiccm‘contes-

2175 4208 2320 4254 tatur
2347 4202 2488 4270 (cap.
2515 4200 2633 4271 17).

2245 4288 2358 4347 Nec
2382 4293 2566 4350 minus
2589 4292 2812 4350 evidens
2840 4291 3035 4349 divina:
3063 4290 3367 4351 existentiae
3390 4306 3764 4367 argumentum

2173 4383 2474 4441 desumitur
2523 4401 2591 4442 ex
2623 4388 2808 4442 sacris
2850 4385 3057 4442 Veteris
3081 4375 3414 4444 Testamenti
3463 4388 3637 4456 libris,
3667 4388 3758 4461 qui

2174 4479 2362 4550 scripti
2405 4488 2531 4534 sunt
2579 4495 2608 4534 a
2646 4478 2999 4534 viris'divino
3049 4480 3238 4549 Spiritu
3267 4480 3558 4548 inundatis,
3589 4489 3647 4537 et
3673 4482 3764 4552 qui

476 4589 506 4630 a
533 4573 841 4630 christianis
863 4585 1111 4644 tanquam
1134 4571 1295 4627 deum
1331 4572 1567 4627 adorari.
1600 4571 1706 4628 Sed
1738 4587 1972 4641 merum,
1997 4573 2073 4628 ait
2095 4542 2150 4604 D
2174 4571 2374 4640 scripta
2418 4586 2515 4628 sua
2541 4571 2707 4628 variis
2743 4573 2992 4643 verisque
3025 4568 3329 4628 miraculis
3354 4575 3762 4630 conlirmavere.

477 4667 864 4734 Tertullianus,
918 4675 1004 4722 est
1051 4665 1353 4733 somnium,
1401 4665 1489 4720 cui
1527 4661 1813 4722 Cornelius
1855 4664 2072 4721 Tacitus

477 4760 626 4816 dedit
666 4761 1028 4827 occasionem,
1077 4758 1168 4814 ubi
1211 4757 1488 4814 memoria
1530 4757 1666 4813 falso
1694 4757 1928 4828 prodidit
1971 4758 2070 4813 Ju-

477 4852 626 4909 άιυος
653 4852 989 4909 consimilem
1038 4849 1199 4922 hujus
1247 4851 1431 4905 bestia:
1474 4850 1815 4921 superficiem
1869 4851 2071 4907 idcirco

478 4961 826 5003 consecrasse
850 4989 866 5014 ,
897 4945 1020 5018 quia
1042 4945 1195 5016 ipsis,
1219 4945 1270 5000 in
1301 4944 1538 5016 Egypto
1563 4945 1649 4999 siti
1680 4945 2068 5012 laborantibus,

478 5038 696 5111 quidam
734 5037 920 5110 onagri
962 5038 1164 5094 fontem
1193 5037 1561 5093 ostenderant.
1595 5037 1701 5093 Sed
1731 5038 1889 5109 hujus
1921 5054 2072 5095 men-

479 5131 748 5187 dacissimi
793 5132 1075 5203 scriptoris
1113 5130 1379 5186 calumnia
1427 5131 1829 5187 evidentissitne
1872 5132 2067 5203 patuit,

477 5239 598 5280 Cum
627 5223 935 5295 Pompeius,
975 5223 1284 5280 Judznorum
1312 5223 1570 5295 templum
1602 5223 1897 5294 ingressus,
1942 5225 2067 5280 nul-

479 5316 590 5373 lum
617 5316 689 5371 ibi
712 5316 917 5371 invenit
947 5315 1316 5371 simulacrum.
1351 5317 1420 5370 At
1454 5323 1600 5370 certe
1645 5330 1753 5386 quo
1777 5314 1828 5370 id
1861 5313 2065 5382 falsius,

479 5426 548 5467 eo
575 5410 753 5468 verius
777 5419 895 5467 erat
917 5410 1157 5481 jumenta
1185 5409 1388 5476 omnia,
1410 5419 1465 5464 et
1491 5408 1796 5467 cantherios
1820 5425 1943 5467 cum
1971 5426 2069 5468 sua

481 5504 725 5576 llippona
747 5503 815 5558 ab
841 5503 1070 5558 etlmicis
1095 5503 1200 5560 coli
1229 5515 1284 5558 et
1314 5502 1590 5559 honorari.

551 5597 662 5652 Nec
686 5596 879 5668 potiori
906 5597 1112 5652 ratione
1133 5594 1452 5651 Christianis
1471 5597 1867 5668 exprobrabant
1893 5598 2079 5657 crucis

481 5693 680 5749 Christi
718 5693 944 5749 cultum.
981 5690 1120 5762 Quid
1148 5691 1292 5748 enim
1321 5691 1376 5748 in
1411 5691 1505 5749 illo
1529 5707 1758 5764 arguere
1782 5693 2073 5765 poterant?

482 5789 673 5850 Nonne
712 5788 854 5863 apud
889 5801 985 5847 eos
1013 5785 1287 5861 prostabat
1334 5785 1514 5844 Pallas
1554 5785 1753 5858 Attica,
1779 5800 1846 5847 ac
1896 5786 2071 5849 Ceres

2170 4665 2433 4721 Aristaeus
2477 4675 2659 4722 autem
2714 4665 3036 4722 testificatur
3066 4666 3229 4722 hosce
3267 4666 3456 4734 libros,
3513 4667 3765 4723 hebraico

2171 4759 2400 4830 primum
2426 4774 2676 4815 sermone
2701 4755 3052 4830 compositos,
3088 4759 3139 4814 in
3168 4774 3400 4827 graecum
3421 4801 3436 4826 ,
3475 4774 3766 4830 procuran-

2172 4863 2225 4909 te
2255 4854 2543 4909 Ptolemaeo
2575 4854 2922 4924 Philadelpho
2944 4897 2959 4921 ,
2991 4868 3055 4907 ac
3080 4852 3394 4908 Menedemo
3422 4853 3705 4922 probante,
3731 4869 3763 4908 a

2168 4948 2501 5018 septuaginta
2522 4947 2712 5017 judteis
2728 4961 2937 5002 summa
2975 4945 3076 5000 fide
3100 4960 3389 5000 conversos
3419 4945 3603 5002 fuisse.
3627 4945 3760 5003 Tum

2172 5050 2354 5095 autem
2400 5040 2576 5095 adhuc
2603 5039 3021 5094 asservabantur
3049 5038 3100 5093 in
3132 5038 3405 5094 Ptolemaei
3438 5038 3762 5097 bibliotheca

2175 5131 2440 5205 hebraicis
2478 5144 2534 5190 et
2583 5134 2774 5205 grtecis
2815 5133 3008 5189 litteris
3036 5130 3263 5198 exarati,
3295 5148 3428 5204 quos
3451 5132 3622 5190 Judaei
3653 5135 3764 5192 sin-

2173 5202 2313 5296 gulis
2358 5202 2656 5298 quibusque
2696 5225 2934 5280 sabbatis
2965 5225 3139 5296 palam
3174 5202 3501 5282 lectitabant.
3545 5225 3762 5284 Nullum

2172 5334 2303 5389 ergo
2320 5319 2388 5374 de
2409 5319 2620 5374 illorum
2640 5318 2864 5374 veritate
2885 5325 3046 5389 atque
3075 5317 3379 5390 integritate
3403 5319 3623 5376 dubium
3641 5333 3762 5376 esse

2174 5420 2387 5484 poterat
2407 5410 2544 5482 (cap.
2570 5411 2687 5477 18).

2248 5505 2530 5561 Maximam
2555 5516 2734 5562 autem
2766 5505 2978 5563 illorum
3001 5507 3374 5564 auctoritatem
3401 5504 3635 5564 vindicat
3662 5521 3762 5563 an-

2174 5598 2418 5670 tiquitas.
2475 5597 2609 5654 Nam
2669 5599 2831 5656 unius
2899 5600 3184 5673 Propheta:
3253 5600 3533 5671 scrinium,
3583 5599 3634 5656 id
3657 5607 3760 5669 est,

2175 5693 2374 5766 Moysis
2418 5693 2561 5761 libri,
2613 5694 2826 5752 caeteris
2865 5696 3145 5767 gentilium
3196 5694 3759 5764 commentationibus,

2175 5786 2300 5861 diis,
2329 5786 2578 5861 templis,
2619 5787 2875 5860 oraculis,
2902 5788 3094 5862 sacris,
3129 5787 3242 5850 imo
3288 5787 3539 5850 omnibus
3571 5786 3765 5864 graecis
