4150 6352
430 325 539 395 ³145

1500 333 1576 390 1N.
1607 327 2067 390 TERTULLIANI
2108 329 2636 393 APOLOGETICUM

3621 328 3754 392 716'

433 450 811 519 Tertullianns,
865 451 996 508 levis
1045 450 1334 506 videantur
1382 449 1638 504 momenti
1661 490 1676 517 ,
1707 448 1826 503 aliis
1865 463 2028 518 argu-
2056 447 2110 508 Α
2135 450 2383 506 concuti?
2401 449 2665 522 Numquid
2687 449 2827 506 Juno
2848 464 3004 522 mque
3023 450 3202 506 animo
3225 448 3366 507 ferre
3391 450 3567 521 potuit
3595 449 3729 507 Car-

433 544 634 598 mentis
663 543 1017 598 invictissime
1045 541 1447 598 demonstratur
1489 541 1706 597 eosdem
1751 556 1871 597 esse
1900 541 2032 596 deos

434 637 726 707 gentilium.
765 651 828 691 ac
884 637 1180 692 daemones.
1225 636 1558 692 Producatur
1606 635 1750 689 enim
1805 633 2029 704 aliquis,

434 728 526 798 qui
567 728 636 782 dc
679 727 782 783 deo
819 729 1037 798 patitur,
1065 729 1154 800 qui
1205 729 1313 784 aris
1350 728 1630 799 inhalans,
1659 741 1856 782 numen
1903 740 2033 780 con-

433 823 600 894 cipit;
653 821 874 892 prodeat
930 822 1030 878 dea
1080 823 1233 892 virgo
1291 823 1591 893 pluviarum
1645 819 2029 893 pollicitatrix,

436 914 740 984 proferatur
767 915 820 969 in
866 915 1102 970 medium
1136 915 1270 970 deus
1315 914 1677 985 Esculapius,
1709 912 2033 969 morientem

433 1006 666 1076 aliquem
718 1015 1024 1070 sanaturus,
1084 1019 1304 1076 tumque
1349 1006 1402 1061 lii
1449 1020 1638 1062 omnes
1687 1014 1744 1060 et
1770 1002 1963 1074 singuli
1988 1003 2034 1056 si

434 1102 633 1168 petenti
655 1099 953 1154 christiano
987 1100 1076 1170 qui
1106 1099 1234 1166 sint,
1284 1115 1342 1154 se
1369 1099 1646 1155 daemones
1667 1110 1789 1153 esse
1819 1112 1924 1150 non
1953 1095 2034 1149 fa-

437 1205 670 1260 teantur,
723 1210 819 1265 per
849 1194 1240 1250 Tertullianum
1274 1194 1417 1259 licet,
1454 1204 1511 1248 ut
1559 1194 1705 1248 illico
1757 1188 2032 1253 fundatur,

437 1289 682 1358 ejusdem
735 1289 1012 1344 christiani
1062 1288 1304 1358 sanguis.
1349 1289 1418 1342 At
1463 1287 1594 1342 nihil
1627 1285 1784 1356 plane
1816 1284 1918 1338 hac
1942 1280 2037 1337 de-

437 1382 827 1437 monstratione
878 1391 962 1436 est
998 1381 1312 1452 simplicius,
1361 1379 1700 1435 manifestius
1754 1387 1810 1433 et
1852 1375 2036 1431 effica-

436 1476 573 1530 cius.
608 1475 704 1530 νει
735 1475 877 1530 enim
908 1476 1196 1530 mentietur
1222 1475 1454 1538 daemon,
1488 1482 1542 1528 et
1584 1471 1718 1527 deus
1769 1485 1877 1524 non
1907 1477 1990 1524 est
2018 1486 2030 1522 :

443 1568 527 1622 vel
559 1583 682 1623 vera
712 1567 874 1633 dicet,
903 1582 965 1621 ac
994 1567 1218 1637 proinde
1243 1565 1320 1620 dii
1364 1578 1552 1621 revera
1584 1563 1858 1619 da‘mones
1884 1569 2032 1615 sunt.

370 1652 374 1656 ’
443 1662 778 1731 Quicumque
815 1676 944 1731 ergo
976 1660 1091 1716 huic
1120 1678 1148 1712 a
1194 1659 1300 1714 diis
1343 1659 1478 1714 facta
1508 1658 1725 1724 dixerit,
1756 1657 1800 1710 is
1827 1662 2037 1710 asserat

435 1767 660 1808 necesse
687 1763 770 1807 est
797 1752 920 1807 illos
959 1751 1271 1806 Christianis
1293 1765 1414 1807 esse
1441 1750 1736 1821 subjectos,
1766 1757 1929 1819 atque
1958 1745 2036 1800 id-

2136 543 2445 615 tbaginem,
2469 545 2570 601 sibi
2598 545 2728 600 olim
2753 544 2892 601 adeo
2927 545 3202 613 dilectam,
3235 555 3289 601 et
3319 545 3484 601 Samo
3516 559 3736 626 prmpof

2138 638 2317 704 sitam,
2367 654 2396 692 a
2445 639 2701 695 Romanis
2726 639 2918 708 deleri,
2962 647 3022 696 ut
3062 639 3271 711 imperii
3301 639 3382 695 sui
3411 639 3548 695 flues
3574 627 3736 696 latius

2139 733 2537 802 prepagarcut?
2557 733 2627 787 At
2655 733 2700 787 si
2729 747 2817 788 res
2845 742 3021 787 tamen
3050 731 3121 786 ita
3149 732 3237 799 sit,
3255 748 3351 786 cur
3381 732 3608 788 Romani
3635 734 3738 787 mi-

2139 837 2327 877 norem
2353 824 2426 877 illi
2447 824 2729 893 honorem,
2754 835 2914 896 quam
2931 826 3070 896 lupa:
3094 827 3514 896 prostitutissima:
3535 826 3736 882 Laren-

2141 915 2229 970 tizc
2257 915 2556 970 tribuerunt
2585 919 2608 970 ἲ
2815 967 2820 972 ,

2213 1007 2416 1062 Deinde
2457 1023 2583 1064 vero
2613 1009 2795 1078 plures
2827 1010 3038 1065 illorum
3066 1009 3162 1074 dii,
3197 1011 3351 1066 sicuti
3390 1011 3652 1066 Saturnus
3679 1017 3738 1066 et

2137 1097 2368 1169 Jupiter,
2401 1110 2772 1170 regnaveraut.
2822 1104 2867 1156 A
2919 1117 3025 1172 quo
3053 1115 3186 1172 ergo
3232 1102 3594 1156 Romanorum
3633 1102 3738 1156 deo

2139 1209 2294 1250 suum
2326 1209 2586 1266 accepere
2608 1196 2876 1266 regnum?
2904 1195 3172 1267 Numquid
3200 1213 3228 1249 a
3255 1195 3486 1266 quodam
3514 1195 3735 1250 Stercu-

2140 1289 2228 1344 lo?
2263 1289 2394 1358 Quis
2440 1289 2544 1344 nisi
2575 1289 2752 1345 fatuus
2789 1289 2839 1343 id
2867 1289 3050 1346 dicere
3076 1288 3306 1344 audeat?
3347 1289 3496 1344 Multi
3524 1303 3738 1360 quoque

2142 1381 2358 1437 fuerunt
2388 1396 2564 1452 reges,
2598 1382 2689 1452 qui
2733 1398 2832 1437 nec
2871 1382 3236 1437 Romanorum
3265 1381 3417 1447 deos,
3467 1395 3566 1436 nec
3605 1380 3742 1434 alios

2095 1520 2104 1532 .
2143 1494 2418 1548 nunquam
2455 1477 2754 1533 coluerant.
2781 1478 3022 1547 Denique
3046 1477 3344 1531 Romanum
3367 1489 3590 1545 regnum
3615 1482 3742 1528 ante

2143 1571 2460 1641 religionem
2492 1571 2750 1626 accrevit.
2801 1570 3115 1640 Priusquam
3155 1571 3297 1625 enim
3325 1569 3491 1623 Numa
3521 1567 3741 1637 Pompi-

2143 1661 2248 1715 lius
2278 1675 2446 1715 vanas
2485 1660 2901 1730 superstitiones
2944 1661 3132 1714 Romae
3172 1659 3511 1723 instituisset,
3539 1666 3593 1713 et
3615 1666 3748 1712 ante

2143 1768 2302 1822 quam
2333 1753 2438 1807 ulla
2461 1753 2602 1822 apud
2634 1753 2758 1808 illos
2783 1751 3014 1807 fuissent
3038 1752 3262 1806 deorum
3289 1749 3596 1814 simulacra,
3621 1749 3740 1820 plu-

433 1850 578 1901 circo
604 1854 710 1899 tam
744 1846 908 1900 falsos
932 1859 1054 1901 esse
1096 1845 1259 1912 deos,
1308 1860 1468 1915 quam
1502 1859 1626 1899 vera
1671 1851 1755 1897 est
1784 1841 2037 1896 christia-
2069 1836 2116 1896 B
2147 1862 2244 1902 res
2263 1847 2440 1903 Latini
2473 1848 2780 1903 habuerunt
2804 1863 2978 1919 reges.
2999 1847 3224 1902 Romani
3249 1853 3400 1917 ergo,
3421 1845 3592 1914 inquit
3617 1842 3746 1899 Ter-

433 1955 626 1996 norum
671 1940 884 2011 reiigio.
918 1940 1107 1994 Omnis
1132 1941 1332 2010 quippe
1360 1939 1476 1993 lucc
1505 1946 1743 2009 potestas
1768 1935 1942 1992 oritur
1971 1949 2038 1990 ex

441 2034 638 2090 Christi
667 2036 907 2098 nomine,
942 2050 1050 2104 quo
1099 2034 1396 2100 daemones,
1440 2033 1506 2088 ab
1537 2033 1644 2087 illis
1687 2031 1939 2102 adjnrali,
1970 2029 2040 2086 de

436 2127 674 2182 obsessis
724 2126 1000 2180 hominum
1053 2126 1374 2196 corporibus
1415 2137 1682 2196 coguntur
1725 2140 1832 2179 non
1863 2124 2036 2179 solum

432 2219 603 2285 exire,
672 2211 768 2275 sed
814 2220 1034 2290 insuper
1090 2218 1244 2274 fateri
1292 2231 1352 2273 se
1398 2216 1529 2272 deos
1586 2230 1890 2282 nomesse,
1943 2213 2039 2271 sed

432 2311 739 2367 immundos
767 2312 1010 2381 spiritus,
1040 2310 1110 2366 ob
1139 2309 1394 2364 malitiam
1421 2324 1573 2364 suam
1611 2307 2033 2380 prmdamnatos,

433 2404 650 2459 unicum
680 2417 810 2458 vero
835 2417 957 2458 esse
985 2403 1176 2469 Deum,
1203 2418 1269 2458 ac
1299 2416 1425 2457 vera
1451 2400 1655 2456 idcirco
1673 2413 1797 2456 esse
1821 2415 1941 2471 qua:
1970 2398 2042 2454 de

434 2495 649 2551 Christo
680 2495 836 2566 paulo
862 2504 987 2550 ante
1017 2494 1159 2550 dicta
1186 2504 1312 2550 sunt
1341 2497 1480 2565 (cap.
1507 2494 1602 2562 22,
1631 2493 1746 2565 25).

507 2589 676 2645 Recte
723 2603 852 2659 ergo
879 2603 944 2643 ex
976 2588 1056 2644 eis
1099 2587 1467 2643 'l‘crtullianus
1493 2586 1769 2643 concludit
1794 2585 2041 2641 christia-

435 2695 536 2738 nos
563 2680 998 2752 perperamlaesae
1021 2681 1314 2751 majestatis
1337 2681 1534 2736 divina:
1555 2681 1815 2736 accusari.
1840 2680 2040 2749 Quam-

435 2774 516 2829 vis
546 2775 688 2828 enim
720 2780 997 2828 constaret
1044 2788 1204 2828 veros
1231 2788 1355 2829 esse
1382 2774 1512 2828 deos
1540 2773 1904 2838 ethnicorum,
1936 2771 2052 2842 ipsi-

437 2878 640 2937 tamen,
695 2867 1150 2938 quemadmodum
1204 2867 1379 2936 Plato,
1433 2866 1816 2923 existimabant
1869 2880 2039 2936 penes

437 2976 627 3027 unum,
661 2970 789 3032 puta
816 2959 1040 3027 Jovem,
1089 2974 1212 3015 esse
1263 2974 1528 3015 summam
1569 2968 1928 3031 potestatem,
1983 2967 2040 3014 et

437 3053 811 3124 ofticiapcues
839 3065 1090 3108 caeteros.
1134 3051 1272 3120 Quid
1297 3066 1427 3123 ergo
1464 3051 1759 3122 peccabant
1784 3050 2039 3106 christia—

439 3147 517 3214 ni,
550 3147 639 3217 qui
673 3162 836 3200 unum
866 3160 1178 3215 supremum
1232 3145 1422 3212 Deum,
1455 3144 1628 3199 sicuti
1657 3144 1744 3198 alii
1792 3143 2040 3198 homines

439 3239 657 3294 unicum
721 3237 1138 3307 imperatorem,
1191 3236 1441 3292 colebant
1493 3245 1548 3291 et
1597 3235 2037 3292 venerabantur?
2066 3226 2112 3288 C

438 3331 708 3403 Numquid
759 3331 812 3387 id
862 3331 1038 3387 minus
1069 3331 1270 3386 licitum
1325 3331 1432 3386 illis
1457 3340 1594 3399 erat,
1626 3347 1784 3403 quam
1813 3332 2040 3404 singulis

437 3427 738 3499 quibusque
759 3425 1088 3490 hominibus,
1115 3426 1438 3490 civitatibus,
1463 3435 1519 3481 et
1547 3427 1835 3496 provinciis
1853 3442 2042 3498 quem-

439 3521 562 3576 dam
591 3521 863 3592 proprium
893 3529 948 3575 et
990 3519 1315 3589 peculiarem
1356 3518 1515 3574 deum
1545 3518 1778 3575 habere?
1799 3520 1869 3574 At
1895 3528 2044 3576 certe

446 3615 558 3681 alii,
589 3614 806 3672 nemine
829 3600 1181 3684 repugnante,
1199 3611 1420 3677 Jovem,
1446 3612 1533 3666 alii
1559 3611 1771 3681 Fidem,
1801 3611 2042 3685 Egyptii

440 3723 568 3764 aves
596 3717 650 3764 et
680 3707 897 3774 bestias,
927 3705 1048 3778 Syri
1077 3707 1368 3771 Astartem,
1391 3717 1552 3776 atque
1580 3706 1648 3761 ita
1672 3708 1852 3762 cmteri
1885 3723 2040 3761 suum

441 3800 600 3855 deum
631 3799 880 3871 privatim
907 3798 1181 3855 colebant.
1203 3797 1326 3854 Uno
1349 3798 1516 3854 verbo
1535 3799 1825 3871 unicuique
1848 3799 2045 3856 licebat

439 3907 834 3962 quemcumque
897 3891 1058 3947 vellet
1127 3892 1304 3946 colere
1371 3901 1565 3961 praeter
1612 3907 1798 3946 verum
1847 3892 2037 3948 Deum.

444 3983 550 4040 Sed
574 3999 780 4039 ..nonne
835 3982 938 4038 hoc
969 3983 1148 4054 potius
1189 3992 1305 4038 erat
1356 3983 1678 4048 maximum,
1711 3983 1864 4054 cujus
1911 3985 2046 4039 falso

445 4075 770 4131 christianos
801 4075 1207 4141 insimulabant,
1241 4075 1384 4130 lazsm
1408 4075 1704 4146 majestatis
1726 4077 1924 4133 divina:
1945 4079 2046 4134 cri-

445 4166 604 4222 men?
635 4166 700 4221 Et
725 4177 873 4222 certe
899 4167 1025 4222 illud
1060 4177 1208 4222 tanto
1246 4167 1418 4237 majus
1443 4179 1579 4232 erat,
1609 4178 1806 4238 quanto
1836 4169 2045 4226 crude-

449 4257 558 4313 lius
582 4256 907 4312 cbristianos
928 4257 993 4312 ad
1015 4256 1148 4312 falsa
1180 4259 1400 4312 numina
1422 4259 1671 4324 colenda,
1694 4275 1756 4315 ac
1777 4276 1962 4316 verum
1993 4269 2051 4317 et

446 4364 627 4406 rerum
655 4349 896 4405 omnium
936 4359 1236 4406 creatorem
1282 4351 1452 4406 Deum
1498 4351 1712 4422 penitus
1741 4353 2047 4424 negandum

447 4459 638 4516 cogere
664 4444 974 4499 nitebantur
1000 4444 1142 4514 (cap.
1166 4442 1282 4515 24).

520 4535 872 4607 Objectabant
895 4545 1073 4590 tamen
1102 4536 1408 4592 Romanise
1429 4553 1526 4608 pro
1557 4538 1790 4609 pietatis,
1821 4555 1884 4597 ac
1914 4541 2045 4598 reli-

446 4629 622 4700 gionis
643 4643 769 4700 erga
789 4628 922 4684 deos
941 4643 1067 4684 suos
1080 4629 1565 4701 meritqacccpisse
1591 4633 1751 4689 totius
1783 4645 2044 4692 terrarum
2070 4610 2126 4674 D

449 4721 598 4776 orbis
625 4721 935 4792 imperium.
969 4720 1108 4787 Quid
1147 4736 1299 4791 ergo,
1330 4723 1406 4777 ait
1446 4722 1846 4783 Tertullianus?
1871 4726 2042 4784 Num-

447 4813 574 4883 quid
598 4813 729 4868 illud
759 4814 1175 4884 impetraverant
1201 4829 1231 4867 a
1261 4812 1365 4868 diis
1386 4814 1498 4870 suis
1527 4819 1827 4876 vernaculis
1849 4837 1913 4876 ac
1942 4821 2042 4878 doc

445 4906 706 4972 mesticis,
734 4907 920 4977 quales
947 4915 1100 4962 erant
1127 4905 1423 4974 Sterculus,
1463 4905 1714 4967 Mutunus
1742 4921 1797 4967 et
1835 4912 2042 4971 Laren-

447 5001 559 5055 tina
588 5001 876 5056 meretrix?
900 5001 1031 5067 Quis
1050 5000 1270 5056 credat?
1309 5000 1573 5073 Numquid
1610 5019 1640 5059 a
1671 5009 1966 5078 peregrinis
1987 5021 2043 5067 et

444 5092 774 5161 adventitiis,
791 5094 985 5164 quibus
1007 5093 1395 5163 majorltomzc,
1413 5111 1572 5165 quam
1596 5099 1782 5168 patriae
1795 5115 1904 5156 suae
1919 5117 2044 5173 pro-

447 5186 686 5256 tegendae
698 5201 825 5241 cura
835 5201 957 5243 esse
975 5187 1240 5243 debebat?
1259 5192 1329 5242 At
1345 5189 1544 5259 Cybele
1559 5190 1786 5249 Romam
1803 5195 2030 5266 adscita,

440 5277 510 5332 de
535 5277 828 5333 nuntianda
855 5293 1050 5350 magno
1070 5293 1167 5335 suo
1192 5280 1458 5336 sacerdoti
1509 5283 1803 5355 archigallo
1828 5289 2036 5348 Aurelii

439 5370 778 5440 imperatoris
816 5381 990 5426 morte
1020 5380 1125 5425 tam
1155 5385 1343 5442 parum
1375 5373 1602 5430 sollicita
1625 5375 1752 5443 fuit,
1784 5390 1842 5436 ut
1882 5391 2032 5440 tran-

434 5464 602 5532 quillo
616 5463 795 5518 animo
817 5478 970 5534 passa
987 5464 1054 5518 sit
1073 5465 1302 5519 lacertos
1317 5465 1692 5539 impurumquc
1711 5476 2031 5545 sanguinem

431 5555 500 5610 ab
532 5555 625 5612 illo
652 5556 794 5611 litari
825 5569 920 5625 pro
945 5553 1166 5624 hujusce
1195 5554 1539 5626 imperatoris
1565 5561 1736 5618 salute
1761 5605 1776 5632 ,
1802 5568 1890 5636 qui
1910 5568 2029 5638 jam

429 5659 555 5706 ante
580 5659 702 5706 octo
725 5649 842 5706 dies
871 5665 940 5705 ex
968 5646 1068 5703 bac
1095 5648 1201 5703 vita
1245 5649 1588 5722 migraverat.
1631 5655 1745 5724 Qua
1776 5675 1904 5716 vero
1943 5679 2034 5719 ra-

425 5742 572 5800 tione
600 5740 813 5814 Jupiter
861 5751 969 5798 tam
1000 5741 1265 5812 patienter
1298 5743 1418 5800 tulit
1447 5744 1660 5803 Cretam
1715 5765 1892 5826 suam,
1937 5758 2028 5815 ubi

420 5843 607 5909 natus,
657 5844 920 5906 mortuus,
966 5844 1018 5894 et
1058 5835 1302 5907 sepultus
1345 5843 1449 5909 est,
1489 5837 1746 5904 Romanis
1795 5847 2035 5910 fascibus

2145 1942 2418 2010 tullianus,
2452 1959 2554 1997 non
2580 1953 2698 1997 ante
2722 1943 2969 2015 religiosi,
2992 1958 3144 2012 quant
3171 1941 3381 2012 magni;
3405 1940 3613 2009 ideoque
3642 1952 3746 1992 non

2145 2035 2208 2090 ob
2236 2035 2331 2089 hoc
2356 2035 2549 2106 magni,
2574 2037 2693 2100 quia
2721 2036 2967 2107 religiosi.
3396 2076 3403 2082 .

2217 2127 2323 2183 Sed
2355 2127 2534 2182 acrius
2561 2127 2737 2183 adhuc
2781 2137 2935 2198 urget
2965 2147 2976 2181 :
3011 2124 3314 2194 Quomodo,
3349 2124 3542 2193 inquit,
3575 2123 3660 2178 isti
3691 2123 3746 2177 in

2146 2217 2374 2274 aliorum
2401 2235 2568 2290 regna
2596 2219 2946 2274 invaserunt?
2973 2217 3089 2273 Non
3121 2218 3317 2288 pietate
3344 2215 3610 2287 profecto,
3645 2227 3748 2269 nec

2147 2312 2425 2383 religione,
2451 2313 2546 2368 sed
2575 2313 2752 2379 bellis,
2777 2320 2832 2368 et
2853 2313 3112 2378 victoriis,
3135 2326 3199 2367 ac
3223 2309 3444 2380 proinde
3470 2308 3749 2365 communi

2144 2407 2404 2463 mmnium
2433 2417 2486 2462 et
2532 2409 2878 2477 templorum,
2912 2405 3253 2462 sacerdotum
3293 2414 3349 2460 et
3386 2405 3604 2469 civium,
3655 2418 3747 2458 re-

2145 2518 2264 2557 rum
2291 2516 2564 2557 sacrarum
2613 2510 2669 2558 et
2711 2501 3053 2572 profanarum
3084 2509 3260 2570 strage
3286 2514 3348 2553 ac
3390 2499 3562 2552 ruina.
3593 2496 3750 2550 Hrec-

2146 2597 2267 2652 cine
2297 2611 2426 2667 ergo
2472 2605 2554 2652 est
2586 2599 2777 2667 pietas,
2813 2606 3031 2667 propter
3057 2608 3213 2664 quam
3243 2593 3317 2648 dii
3344 2605 3397 2648 et
3425 2589 3748 2647 laedentibus

2149 2706 2208 2748 se
2246 2691 2505 2747 Romanis
2535 2691 2682 2747 orbis
2725 2690 3006 2762 imperium
3053 2688 3338 2752 dederunt,
3376 2692 3432 2742 et
3457 2684 3580 2739 aliis
3623 2683 3750 2739 ade-

2148 2791 2386 2848 meruut,
2435 2784 2524 2853 qui
2568 2796 2696 2837 suos
2723 2795 2940 2852 quoque
2984 2793 3083 2834 nec
3131 2776 3323 2832 minori
3363 2774 3557 2846 pietate
3594 2773 3745 2828 cole-

2149 2876 2286 2931 bant
2323 2875 2473 2931 deos.
2531 2875 2771 2946 Denique
2811 2883 2937 2929 ante
2977 2872 3119 2942 jacta
3145 2870 3331 2926 Romae
3368 2865 3742 2932 fundamenta,

2148 2969 2445 3040 regnabant
2473 2985 2578 3023 non
2609 2969 2784 3024 solum
2830 2965 3135 3039 Babylonii,
3167 2962 3320 3029 Medi,
3349 2958 3604 3030 Egyptii,
3637 2959 3745 3012 As-

2149 3063 2281 3134 syrii
2309 3071 2364 3117 et
2395 3063 2720 3130 Amazones,
2753 3061 2847 3116 sed
2877 3060 3049 3116 Judaei
3093 3059 3274 3124 etiam,
3300 3055 3385 3124 qui
3414 3066 3605 3108 omnes
3635 3051 3752 3106 Ro-

2150 3172 2435 3214 manorum
2463 3159 2805 3228 aliorumque
2846 3155 3131 3226 gentilium
3159 3151 3290 3207 deos
3319 3147 3664 3218 respuebant,
3692 3154 3751 3202 et

2148 3252 2604 3322 aspernabantur.
2645 3251 2761 3306 Non
2805 3265 2948 3320 ergo
2973 3250 3335 3302 Romanorum
3385 3251 3476 3297 aut
3520 3239 3749 3294 aliarum

2149 3345 2389 3416 gentium
2432 3344 2505 3399 dii
2557 3359 2721 3416 regna
2750 3343 3086 3413 dispensant,
3134 3337 3227 3392 sed
3258 3335 3401 3390 solus
3433 3331 3522 3386 ille
3567 3330 3749 3386 omni-

2150 3448 2341 3508 potens
2369 3438 2530 3505 Deus,
2550 3439 2716 3504 cuius,
2745 3437 2918 3506 inquit
2942 3442 3129 3488 auctor
3150 3435 3354 3494 noster,
3382 3434 3453 3480 est
3479 3423 3634 3487 orbis,
3665 3422 3754 3493 qui

2150 3541 2413 3603 regnatur,
2439 3543 2484 3587 et
2511 3531 2662 3586 homo
2700 3531 2828 3600 ipse,
2856 3529 2938 3600 qui
2969 3535 3167 3598 regnat.
3205 3520 3320 3576 Non
3349 3518 3622 3575 christiani
3655 3517 3755 3587 igi-

2153 3635 2263 3693 tur,
2291 3627 2381 3698 qui
2411 3625 2558 3681 illum
2587 3624 2838 3680 colebant
2859 3665 2872 3689 ,
2905 3621 2999 3676 sed
3045 3615 3271 3673 Romani
3301 3613 3496 3682 aliique
3522 3610 3752 3681 gentiles

2152 3718 2296 3772 lzcszc
2337 3717 2636 3787 majestatis
2677 3714 2873 3770 divina:
2899 3712 3124 3768 crimine
3156 3703 3634 3766 convincebantur,
3662 3701 3753 3772 qui

2153 3826 2260 3866 non
2291 3811 2466 3865 solum
2499 3810 2662 3865 falsos
2690 3809 2822 3864 deos
2860 3805 3140 3866 colebant,
3173 3799 3265 3855 sed
3313 3796 3532 3851 eosdem
3580 3794 3758 3850 chris-

2154 3903 2331 3958 tianos
2369 3902 2436 3958 ad
2487 3918 2674 3958 eorum
2721 3902 2924 3956 cultum
2953 3892 3276 3968 quibuslibet
3303 3887 3580 3958 suppliciis
3604 3903 3758 3944 com-

2155 3996 2360 4066 pellere
2393 3995 2727 4050 conabantur
2755 3994 2895 4068 (cap.
2926 3991 3018 4057 25,
3051 3987 3168 4058 26).

2229 4089 2465 4157 Quorum
2495 4102 2624 4144 vero
2667 4087 2839 4158 major
2865 4095 2979 4142 erat
3010 4077 3310 4140 clementia.
3343 4074 3396 4129 hi
3425 4073 3758 4145 persuadere

2158 4181 2267 4237 illis
2297 4181 2592 4248 tentabant,
2641 4190 2700 4236 ut
2743 4180 2933 4235 saltem
2962 4183 3192 4231 manente
3219 4169 3357 4243 apud
3386 4168 3613 4222 animum
3640 4167 3756 4222 veri

2160 4274 2258 4331 Dei
2285 4273 2494 4330 colendi
2528 4273 2812 4344 proposito,
2836 4281 2944 4325 tam
2977 4265 3337 4339 pertinaciter,
3369 4271 3580 4330 tamque
3601 4267 3756 4328 certo

2157 4368 2354 4440 capitis
2380 4367 2620 4438 periculo
2659 4365 2764 4420 diis
2807 4361 3112 4418 sacrificare
3143 4372 3269 4412 non.
3290 4359 3618 4410 recusarent.
3649 4350 3757 4407 Sed

2157 4463 2264 4519 hoc
2318 4461 2465 4516 falsae
2518 4456 2904 4515 misericordia:
2947 4453 3227 4510 consilium
3278 4448 3341 4503 iis
3393 4444 3756 4516 inspirabatur

2155 4555 2346 4612 fraude
2376 4562 2430 4610 et
2450 4553 2644 4608 astutia
2671 4550 2998 4616 daemonum,
3023 4546 3111 4618 qui
3137 4542 3547 4599 cliristianorum
3576 4547 3760 4608 potes-

2153 4658 2324 4706 tatem
2366 4647 2636 4711 timentes,
2679 4643 2941 4699 adversus
2971 4654 3066 4696 eos
3093 4633 3414 4707 implacabili
3443 4631 3567 4687 odio
3617 4647 3757 4700 prcc-

2159 4743 2381 4799 liantur.
2410 4739 2520 4796 Nec
2548 4739 2828 4795 minimum
2861 4733 3072 4806 quidem
3118 4735 3447 4799 putantlesse
3488 4723 3756 4794 praedam-

2159 4837 2394 4892 nationis
2433 4849 2542 4890 sum
2570 4832 2840 4896 solatium,
2875 4828 2920 4882 si
2948 4819 3301 4881 constantiam
3342 4818 3557 4873 illorum
3603 4817 3756 4874 labe-

2157 4929 2384 4996 factare,
2407 4940 2607 4996 eosque
2629 4923 2826 4979 laedere
2846 4913 3129 4987 aliquando
3146 4909 3370 4982 possint.
3391 4907 3755 4974 Quamobrem

2154 5022 2438 5080 christiani
2484 5020 2588 5075 illis
2633 5017 2910 5077 resistunt,
2964 5015 3387 5080 persuasumque
3428 4999 3660 5068 habent,
3693 5016 3754 5057 se

2156 5130 2431 5188 nunquam
2476 5112 2545 5170 de
2572 5113 2812 5182 ipsorum
2842 5101 3037 5158 malitia
3076 5093 3363 5182 gloriosius
3395 5091 3752 5164 triumphare,
3792 5131 3801 5137 .

2150 5184 2316 5282 quam
2344 5223 2464 5264 cum
2495 5219 2591 5276 pro
2618 5197 2885 5259 constanti
2927 5191 3052 5250 fidei
3100 5203 3212 5247 suae
3237 5184 3572 5259 professione
3601 5187 3755 5244 dam-

2151 5313 2354 5361 nantur
2387 5304 2525 5376 (cap.
2553 5298 2668 5371 27).

2226 5373 2407 5453 Ροιτό
2447 5373 2624 5464 autem
2669 5386 2870 5448 ethnici
2920 5381 3098 5454 impiis
3149 5376 3460 5434 daemonum
3507 5373 3646 5430 dolis
3701 5383 3757 5430 et

2147 5488 2360 5544 artibus
2412 5485 2735 5542 christianos
2774 5494 2881 5536 non
2921 5473 3081 5532 modo
3128 5468 3194 5526 ad
3249 5465 3476 5523 deorum
3521 5465 3752 5532 cultum,

2145 5580 2247 5652 qui
2297 5578 2517 5635 omnino
2557 5578 2696 5634 liber
2745 5583 2801 5631 et
2858 5568 3210 5634 voluntarius,
3263 5568 3356 5620 aut
3407 5559 3588 5617 nullus
3633 5574 3756 5615 esse

2144 5672 2352 5738 debet,
2404 5672 2600 5727 invitos
2660 5665 2939 5740 impellam
2988 5662 3260 5729 volebant,
3302 5657 3398 5716 sed
3443 5656 3510 5713 ad
3561 5655 3754 5712 iisdem

2142 5782 2366 5840 quoque
2422 5767 2524 5824 diis
2581 5781 2678 5837 pro
2703 5764 2877 5821 salute
2926 5755 3268 5830 imperatoris
3312 5749 3749 5809 sacrificandum.

2140 5858 2488 5930 Quapropter
2527 5857 2641 5915 haec
2669 5852 2928 5915 sacrificia
2957 5849 3132 5907 facere
3169 5841 3504 5918 defugientes
3526 5883 3540 5912 ,
3569 5840 3751 5912 majo-
