4150 6352
395 365 507 426 ἯἸ

1506 367 1957 443 DISSERTATIO
1995 367 2062 429 Ι).
2099 367 2187 425 LE
2224 367 2533 426 NOURRY.

3598 375 3706 432 7l8

394 485 501 552 ris,
553 500 713 556 quam
765 485 905 540 laesae
945 483 1239 556 majestatis
1286 483 1481 540 divina:
1527 485 1751 541 sceleris
1804 500 2000 556 argue-
2028 483 2314 555 Ajestatis
2344 485 2615 547 humanae.
2647 486 2836 542 eadem
2886 489 3270 559 perspicuitate
3304 475 3702 557 ostendit,.cos

393 575 546 633 bant.
611 577 852 646 Quidni,
909 592 1032 633 cum
1089 578 1358 634 viventem
1411 577 1790 648 imperatorem
1841 579 1998 650 longe

395 668 593 738 magis,
617 684 778 738 quam
806 670 938 724 deos
981 684 1110 724 suos
1155 679 1398 725 mortuos
1425 665 1702 738 timerent,
1730 677 1891 740 atque
1919 669 2000 725 id-

393 760 548 818 circo
573 761 730 827 citius
755 777 851 833 per
889 762 988 817 hos
1017 777 1208 819 omnes
1236 764 1560 844 pejer‘arent,
1584 780 1743 835 quam
1773 780 1869 835 per
1893 765 1996 820 im-

393 854 660 926 peratoris
681 857 897 926 genium
915 855 1088 923 fQuid
1107 872 1236 912 vero
1253 867 1414 913 rectae
1439 859 1634 914 rationi
1656 858 1826 930 magis
1846 873 1998 930 repu-

391 959 540 1020 gnat,
579 965 738 1020 quam
770 950 875 1006 diis
902 952 1208 1007 sacrificare
1233 966 1330 1022 pro
1353 951 1589 1008 hominis
1613 953 1808 1019 salute,
1834 968 1994 1024 quam

395 1053 498 1094 nec
522 1039 652 1095 dare
685 1052 930 1110 possunt,
963 1057 1063 1098 nec
1094 1057 1440 1098 conservare.
1471 1042 1590 1110 Quo
1621 1045 1764 1100 enim
1807 1044 1988 1111 modo,

394 1141 549 1202 urget
578 1132 962 1202 Tertullianus,
991 1136 1126 1191 alios
1152 1135 1465 1203 servabunt,
1491 1137 1578 1207 qui
1605 1152 1728 1192 suas
1757 1137 1902 1193 :edes
1930 1152 1994 1194 ac

390 1233 599 1279 statuas
629 1226 745 1282 sine
783 1242 1142 1283 etesareorum
1195 1228 1422 1283 militum
1459 1228 1700 1284 excubiis
1723 1231 1856 1286 tueri
1885 1247 1991 1286 non

393 1317 619 1372 valent?
647 1318 788 1387 Quid
818 1335 969 1386 vero,
1003 1320 1144 1390 quod
1174 1321 1372 1392 templa
1398 1329 1453 1376 et
1477 1321 1552 1376 dii
1582 1322 1732 1376 multi
1759 1323 1994 1394 pendent

391 1410 461 1468 de
483 1401 712 1469 Caesaris
737 1424 867 1469 nutu
889 1429 952 1469 ac
979 1415 1290 1470 voluntate?
1316 1415 1495 1486 Itaque
1524 1416 1799 1472 christiani
1825 1418 1993 1472 multo

394 1503 592 1574 potiori
622 1504 745 1574 jure
796 1520 892 1576 pro
941 1505 1282 1576 imperatoris
1308 1507 1484 1562 salute
1511 1523 1616 1562 non
1665 1507 1827 1564 falsos
1869 1508 1992 1565 illos

389 1594 542 1662 deus,
575 1597 669 1652 sed
723 1597 889 1653 Deum
942 1583 1151 1664 verum,
1180 1600 1381 1664 vivum,
1422 1610 1476 1655 et
1506 1612 1765 1657 aeternum
1807 1617 1993 1673 preca-

390 1687 608 1744 bantur.
639 1689 771 1745 Nam
807 1701 861 1746 et
892 1693 1105 1762 ipsimet
1131 1693 1504 1764 imperatores,
1536 1697 1579 1748 si
1611 1711 1756 1750 same
1797 1697 1991 1752 mentis

390 1784 522 1849 sint,
555 1782 697 1838 hunc
727 1785 827 1840 sibi
856 1794 1045 1855 optant
1084 1801 1206 1842 esse
1252 1787 1564 1856 prepitium,
1594 1803 1622 1841 a
1646 1804 1754 1858 quo
1792 1787 1990 1843 habent

2105 590 2389 648 propterea
2440 579 2508 635 ab
2553 580 2783 636 ethnicis
2843 581 2948 638 diei
3003 598 3110 638 non
3164 583 3403 653 potuisse
3455 578 3698 654 publicos

2103 669 2309 738 hostes,
2341 671 2482 742 quod
2512 673 2750 743 ipsorum
2803 689 2954 730 more
3002 690 3105 729 non
3151 677 3491 734 celebrarent
3515 677 3699 734 Cmsa-

2101 777 2219 820 rum
2253 764 2535 820 solemnia.
2561 766 2692 833 Quis
2731 767 2874 822 enim
2910 767 3015 823 nisi
3061 769 3256 840 impius
3285 771 3445 827 homo
3485 771 3703 843 negabit

2100 872 2163 913 ea
2206 857 2409 926 agenda
2450 873 2570 913 esse
2607 874 2728 912 cum
2778 875 2971 930 magna
3021 861 3304 926 modestia,
3352 864 3697 930 verecundia,

2100 951 2411 1018 sobrietate,
2441 960 2494 1005 ct
2523 951 2810 1020 pudicitia?
2833 952 2990 1022 Atqui
3013 955 3243 1024 gentiles
3270 971 3333 1011 ea
3354 955 3700 1013 celebrabant

2103 1057 2311 1097 summa
2337 1057 2462 1106 cum
2491 1043 2728 1109 lascivia,
2758 1043 3041 1112 ebrietate,
3086 1047 3438 1118 impudentia,
3471 1048 3695 1105 seditio-

2098 1134 2174 1190 sis
2201 1135 2926 1206 cnrsitationilms,injuriis,
2975 1146 3028 1192 et
3068 1140 3318 1207 appensis
3348 1141 3515 1195 instar
3541 1141 3698 1208 lupa-

2099 1228 2308 1282 narium
2349 1228 2415 1283 ad
2463 1228 2745 1283 domorum
2781 1240 2960 1300 postes
2988 1231 3181 1286 laureis
3209 1246 3273 1287 ac
3299 1233 3552 1289 lucernis.
3583 1234 3698 1290 l-luc

2097 1319 2306 1375 accedit
2346 1320 2489 1390 quod
2522 1320 2636 1376 lucc
2665 1320 2818 1384 gfesta
2849 1322 3110 1376 solemnia
3139 1332 3381 1394 agentes,
3414 1341 3520 1379 non
3562 1326 3696 1396 ipsis

2099 1414 2390 1483 parcebant
2447 1415 2900 1485 imperatoribus,
2949 1416 3143 1486 quibus
3173 1433 3296 1472 cum
3355 1418 3536 1488 plures
3577 1419 3699 1474 vitae

2096 1520 2270 1560 annos
2320 1506 2452 1562 falso
2499 1508 2773 1576 optabant.
2819 1517 2928 1563 tum
2971 1508 3039 1564 de
3069 1509 3178 1565 alio
3207 1525 3348 1566 novo
3391 1509 3699 1583 cogitabant

2095 1601 2330 1658 creando
2359 1602 2705 1673 imperatore.

2167 1694 2350 1765 Neque
2376 1696 2500 1750 sinit
2527 1708 2713 1752 auctor
2735 1707 2915 1752 noster
2935 1697 3035 1752 sibi
3064 1698 3375 1768 responderi
3409 1697 3524 1754 haec
3567 1701 3696 1756 czeci

2098 1799 2304 1845 tantum
2337 1799 2390 1846 et
2418 1791 2606 1860 ingrati
2639 1791 2780 1860 vulgi
2811 1807 2932 1846 esse
2961 1801 3107 1858 vota,
3139 1807 3243 1846 non
3285 1808 3412 1848 vero
3442 1794 3694 1848 aliorum.

389 1876 534 1946 quod
564 1877 810 1933 homines
855 1880 984 1946 sint,
1010 1880 1152 1949 quod
1196 1880 1398 1946 vivant,
1441 1879 1584 1951 quod
1612 1881 1730 1935 aliis
1764 1883 1994 1936 homini-
2023 1886 2069 1945 B
2098 1881 2213 1937 Non
2243 1883 2384 1936 cnim
2410 1883 2602 1952 plebeii
2635 1882 2882 1938 homines
2911 1893 3066 1939 erant
3089 1885 3432 1939 infensissimi
3465 1885 3698 1956 impera-

389 1969 489 2025 bus
519 1969 802 2038 imperent.
837 1969 942 2025 Pro
967 1985 1154 2026 eorum
1194 1969 1354 2042 igitur
1381 1971 1574 2046 salute,
1611 1974 1986 2044 prosperitate,

389 2060 495 2115 vita
523 2060 769 2132 longiori,
800 2061 1162 2133 diuturnoque
1190 2063 1414 2134 imperio
1437 2062 1714 2118 christiani
1745 2065 1990 2120 manibus

393 2154 671 2222 expansis,
707 2153 852 2209 nudo
877 2156 1077 2225 capite,
1107 2157 1224 2210 sine
1264 2157 1466 2224 praevio
1494 2157 1760 2212 monitore
1801 2171 1989 2227 preces

387 2244 681 2302 fundebant
703 2247 770 2303 de
792 2264 954 2304 carne
974 2249 1187 2320 pudica,
1214 2251 1498 2306 innocente
1519 2251 1719 2318 anima,
1747 2266 1810 2306 ac
1835 2267 1990 2306 sanc-

389 2345 448 2395 to
469 2340 666 2411 Spiritu
693 2341 981 2411 profectas.
1012 2341 1119 2399 Sed
1152 2359 1256 2399 non
1288 2343 1610 2412 offerebant,
1641 2346 1780 2400 sicut
1803 2344 1985 2401 etimi-

387 2435 458 2501 ci,
493 2451 654 2506 grana
688 2437 845 2492 unius
874 2438 1035 2503 assis,
1069 2452 1169 2494 nec
1195 2436 1404 2493 arboris
1431 2438 1675 2494 Arabicae
1699 2438 1983 2510 lacrymas,

387 2545 490 2588 nec
519 2534 832 2601 sanguinem
881 2530 1034 2587 bovis
1093 2531 1235 2588 tabie
1282 2541 1375 2587 aut
1421 2541 1577 2587 aetate
1611 2530 1858 2599 confecti,
1891 2547 1989 2588 nec

389 2637 639 2694 Spuream
665 2625 1072 2694 conscientiam,
1100 2635 1191 2680 aut
1228 2625 1434 2681 hostias
1453 2641 1483 2682 a
1508 2625 1869 2681 vitiosissimis
1898 2641 1987 2681 sa-

390 2717 705 2773 cerdotibus
742 2717 1064 2773 immolatas.
1100 2718 1450 2774 Ethnicorum
1507 2719 1688 2789 itaque
1729 2718 1989 2788 pra'sides

321 2803 330 2818 ’
389 2819 652 2884 provocat
699 2810 1097 2876 Tertullianus,
1151 2820 1210 2868 ut
1258 2811 1614 2877 christianos,
1667 2811 1714 2866 si
1763 2811 1842 2866 fas
1890 2828 1989 2866 nn-

387 2922 548 2978 quam
598 2905 703 2972 sit,
751 2921 819 2962 eo
865 2905 1028 2962 modo
1081 2905 1248 2961 Deum
1282 2922 1377 2976 pro
1429 2905 1770 2976 imperatoris
1813 2905 1988 2963 salute

387 3009 668 3071 precantes
716 3008 1021 3071 torqueant,
1053 2999 1403 3068 discrucient,
1451 3007 1504 3054 et
1543 2998 1790 3055 occidant
1835 3001 1986 3072 (cap.

386 3091 478 3157 28,
502 3091 594 3158 29,
619 3091 734 3160 50).

459 3187 630 3254 Quam
667 3185 880 3252 sincero
921 3194 1098 3242 autem
1129 3186 1330 3252 animo,
1371 3199 1470 3242 nec
1503 3184 1626 3241 ficta
1655 3183 1986 3250 adulatione,

2096 1985 2272 2030 torum
2301 1977 2480 2030 hostes
2509 1976 2700 2043 Cassii,
2726 1976 2896 2046 Nigri,
2927 1977 3127 2042 Albini,
3161 1993 3335 2047 neque
3359 1979 3447 2032 alii
3475 1977 3696 2049 Sigeriis

2093 2077 2148 2122 et
2171 2067 2472 2122 Partheniis
2499 2069 2836 2134 audaciores,
2867 2068 2956 2138 qni
2989 2069 3125 2124 inter
3155 2068 3288 2124 duas
3317 2071 3493 2124 lauros
3518 2068 3698 2126 Caesa-

2095 2177 2210 2215 rem
2239 2161 2596 2226 obsederunt;
2628 2178 2801 2232 neque
2827 2163 2861 2216 ii
2894 2162 3128 2226 tandem,
3163 2163 3251 2232 qui
3280 2162 3468 2217 harum
3496 2165 3696 2218 sceles—

2095 2262 2270 2308 tarum
2309 2255 2537 2324 partium
2569 2254 2701 2308 socii
2730 2264 2838 2309 tum
2877 2255 3116 2324 quotidie
3149 2254 3598 2324 agnoscebantur.
3627 2257 3696 2311 At

2094 2347 2183 2402 isti
2214 2358 2389 2403 tamen
2425 2363 2518 2417 pro
2559 2349 2944 2417 imperatorum
2994 2347 3164 2403 salute
3191 2364 3342 2404 sacra
3398 2348 3689 2414 faciebant,

2093 2455 2192 2513 per
2214 2457 2399 2496 corum
2427 2440 2741 2512 dejerabant
2768 2442 3008 2512 genium,
3038 2457 3100 2496 ac
3129 2442 3390 2497 solemnia
3415 2443 3570 2496 sicuti
3602 2443 3691 2498 alii

2093 2548 2283 2588 omnes
2312 2533 2674 2588 celebrabant.
2703 2533 2902 2589 Eadem
2934 2550 3146 2605 quoque
3171 2534 3546 2604 dependebant
3573 2535 3695 2590 offi-

2093 2625 2174 2680 cia
2217 2625 2494 2696 astrologi,
2541 2627 2837 2698 aruspices,
2869 2642 3119 2697 augures,
3166 2627 3325 2697 magi,
3358 2628 3450 2697 qui
3491 2626 3696 2682 daemo-

2095 2731 2222 2772 num
2252 2715 2456 2772 artibus
2486 2715 2552 2772 de
2579 2717 2850 2772 Cmsarum
2889 2716 3065 2773 futura
3093 2726 3265 2774 morte
3293 2717 3691 2785 consultabant,

2094 2810 2523 2882 exoptabantque
2549 2825 2669 2866 esse
2696 2811 2993 2882 proximam
3027 2811 3163 2882 (cap.
3190 2809 3304 2883 55).

2166 2905 2350 2959 Debita
2382 2920 2511 2975 ergo
2553 2905 2968 2974 imperatoribus
2997 2904 3128 2960 lides
3149 2947 3162 2970 ,
3196 2905 3364 2976 pietas
3397 2915 3452 2962 et
3501 2905 3691 2976 religio

2094 3014 2202 3054 non
2244 3000 2295 3052 in
2330 2998 2410 3052 his
2453 2997 2646 3052 ofﬁciis
2673 2999 2940 3060 consistit,
2977 3014 3096 3070 qua:
3125 2998 3194 3052 ab
3228 3013 3414 3053 eorum
3449 2997 3692 3055 hostibus

2092 3089 2291 3160 saepius
2321 3088 2560 3144 exhiberi
2593 3090 2704 3143 visa
2733 3098 2876 3153 sunt,
2904 3089 2997 3143 sed
3030 3090 3084 3144 in
3112 3089 3177 3143 iis
3205 3089 3466 3155 moribus,
3497 3104 3561 3144 ac
3590 3089 3692 3145 bo-

2093 3198 2178 3237 nze
2205 3181 2400 3238 mentis
2431 3181 2705 3251 operibus,
2731 3197 2850 3252 qua:
2883 3181 3296 3250 imperatoribus
3330 3191 3384 3237 et
3431 3182 3550 3236 aliis
3577 3197 3694 3237 om-

389 3296 511 3353 qute
546 3280 774 3336 ethnicis
800 3295 918 3336 eam
946 3280 1325 3351 objicientihus
1353 3278 1610 3349 prodesse
1642 3287 1870 3347 poterat,
1911 3277 1990 3331 sic
2016 3285 2060 3347 ρ
2097 3275 2251 3330 nibus
2299 3274 2762 3330 indiscriminatim
2783 3317 2797 3342 ,
2828 3276 3193 3346 nullaquenisi
3221 3291 3249 3329 a
3279 3276 3388 3331 Deo
3417 3284 3694 3346 expectata

390 3373 560 3430 ficum
594 3373 1019 3444 omnipotentem
1056 3379 1432 3444 precarentur,
1482 3369 1605 3426 inde
1643 3371 1732 3426 ille
1762 3369 1990 3424 demon-

390 3472 546 3533 strat,
576 3463 716 3535 quod
748 3464 916 3519 sacris
940 3478 1127 3520 eorum
1169 3463 1384 3530 litteris,
1413 3475 1545 3532 quas
1583 3476 1696 3517 non
1743 3459 1986 3515 occulta-

391 3556 539 3625 bant,
568 3557 817 3612 omnibus
844 3557 1174 3628 prmeipitur,
1207 3565 1263 3612 ut
1293 3571 1400 3611 non
1430 3553 1604 3610 solum
1631 3568 1728 3624 pro
1758 3551 1990 3608 inimicis

393 3652 526 3717 Suis,
555 3656 650 3708 sed
693 3668 788 3722 pro
817 3631 960 3722 ipsis
1005 3652 1168 3708 etiam
1209 3650 1528 3707 nominatim
1574 3647 1992 3720 imperatoribus

393 3745 562 3802 Deum
592 3755 766 3802 orent.
807 3745 975 3801 Addit
1008 3747 1168 3800 aliam
1219 3745 1349 3816 ipsis
1395 3744 1562 3800 fuisse
1606 3757 1846 3808 causam,
1878 3742 1992 3797 sive

392 3841 571 3912 potius
621 3840 1033 3908 necessitatem,
1078 3854 1176 3910 pro
1217 3838 1630 3909 imperatoribus
1674 3846 1727 3892 et
1779 3834 1990 3906 imperii

392 3931 618 3989 Romani
651 3943 790 3988 statu
813 3933 1023 4001 orandi,
1052 3944 1108 3988 ut
1138 3931 1321 3988 mundi
1354 3929 1627 3994 nimirum,
1658 3928 1755 3999 qui
1776 3942 1898 3983 cum
1925 3941 1991 3982 eo

396 4029 575 4100 perire
597 4028 846 4098 debebat,
872 4028 993 4084 finis
1023 4027 1410 4085 retardaretur.
1441 4024 1702 4095 Quocirca
1731 4038 1829 4095 per
1857 4021 1993 4078 salu-

395 4128 502 4175 tem
532 4121 914 4192 imperatornm
937 4121 1170 4178 libenter
1190 4121 1464 4192 jurabant,
1489 4118 1712 4176 minime
1740 4132 1869 4172 vero
1897 4130 1994 4186 per

395 4211 606 4267 illorum
633 4213 840 4283 genios,
871 4229 1006 4284 quos
1033 4212 1459 4285 adjurationibus
1484 4210 1672 4283 fugare
1698 4221 1994 4266 consueve-

394 4315 518 4363 rant
549 4307 687 4377 (cap.
710 4307 798 4370 51,
831 4306 949 4378 52).
1339 4311 1346 4317 “

400 4385 409 4397 ’
469 4398 738 4454 Praeterea
769 4408 918 4454 tanto
944 4399 1137 4472 major,
1180 4401 1352 4472 inquit
1397 4411 1586 4456 auctor
1633 4407 1840 4463 noster,
1881 4405 1998 4452 erat

395 4489 816 4546 Christianorum
856 4492 1028 4562 pietas
1074 4504 1130 4548 et
1174 4493 1363 4563 religio
1401 4507 1529 4563 erga
1587 4493 1995 4562 imperatorem,

403 4591 606 4654 quanto
631 4584 832 4640 certius
858 4584 1106 4641 sciebant
1149 4586 1298 4641 illum
1327 4601 1357 4640 a
1386 4587 1498 4641 Deo
1524 4601 1654 4641 vero
1677 4585 1909 4640 electum
1936 4595 1999 4636 ac

2093 3367 2341 3424 mercede
2365 3369 2663 3438 persolvas.
2690 3369 2758 3423 At
2783 3368 2900 3424 haec
2930 3369 3254 3439 praestabant
3275 3369 3572 3431 christiani,
3600 3369 3694 3440 qui

2088 3465 2346 3535 iubentur
2375 3464 2577 3520 nemini
2606 3465 2743 3520 male
2764 3465 2923 3529 velle,
2951 3475 3042 3519 aut
3065 3466 3259 3531 facere,
3285 3464 3351 3518 de
3380 3464 3524 3518 nullo
3551 3465 3691 3520 male

2093 3557 2351 3627 cogitare,
2383 3556 2653 3612 neminem
2697 3557 2891 3622 odisse,
2926 3556 3150 3628 diligere
3182 3557 3446 3622 inimicos,
3480 3555 3542 3612 ac
3570 3572 3692 3611 cum

2095 3647 2382 3716 laeduntur,
2412 3664 2510 3718 par
2539 3650 2651 3718 pari
2685 3664 2792 3704 non
2818 3648 3042 3705 referre.
3074 3648 3226 3716 Quod
3253 3648 3467 3718 quidem
3493 3648 3559 3703 ab
3588 3648 3694 3704 illis

2095 3752 2204 3799 tam
2232 3743 2416 3798 sedulo
2442 3743 2784 3798 observatum
2807 3752 2923 3808 est;
2953 3751 3008 3796 ut
3037 3742 3104 3796 ab
3126 3742 3280 3813 vulgo
3309 3742 3570 3813 lapidibus
3599 3757 3703 3821 ap-l
3799 3809 3802 3812 _

2098 3837 2267 3908 petiti.
2299 3837 2381 3892 vcl
2409 3838 2632 3892 aliorum
2663 3835 2843 3890 furore
2891 3836 3099 3905 ignibus
3130 3835 3324 3900 exusti,
3360 3836 3442 3890 vel
3469 3835 3694 3890 baccha-

2097 3931 2299 3986 nalinm
2351 3927 2504 3985 furiis
2546 3945 2611 3985 ex
2644 3929 2887 3999 sepulcro
2917 3927 3119 3994 effossi,
3154 3937 3230 3983 tot
3267 3938 3548 3998 tantasque
3589 3929 3693 3983 sibi

2097 4032 2186 4078 aut
2207 4024 2320 4078 suis
2352 4022 2603 4076 fratribus
2631 4020 2804 4076 illatas
2835 4020 3055 4090 injurias
3082 4035 3353 4091 nunquam
3395 4020 3575 4075 ulcisci
3601 4035 3697 4075 voc

2097 4115 2315 4171 iuerint.
2342 4115 2596 4170 Poterant
2619 4123 2795 4167 tamen
2818 4111 2884 4168 de
2911 4113 2974 4166 iis
3003 4127 3190 4182 ptenas
3211 4127 3427 4167 sumere
3448 4120 3540 4166 aut
3565 4127 3698 4181 pau-

2099 4209 2236 4266 culis
2257 4197 2466 4263 ‘faeulis
2500 4206 2758 4272 occultas,
2791 4215 2882 4261 aut
2923 4206 3235 4275 majoribus,
3270 4222 3428 4276 quam
3469 4206 3691 4274 ethnici,

2099 4303 2327 4359 militum
2359 4301 2527 4370 cepiis
2555 4309 2788 4371 apertas.
2821 4301 2923 4356 Per
2955 4309 3122 4355 totum
3147 4301 3408 4370 siquidem
3429 4289 3696 4356 mundum

2101 4395 2349 4466 dispersi,
2375 4395 2532 4449 urbes
2558 4436 2571 4459 ,
2615 4391 2923 4462 municipia,
2957 4401 3152 4457 castra,
3188 4393 3533 4464 exceptisque
3563 4395 3695 4450 solis

2101 4487 2324 4542 deorum
2352 4485 2582 4555 templis,
2613 4485 2789 4539 omnia
2819 4483 3191 4554 impleverant.
3221 4485 3475 4552 Quamvis
3515 4494 3697 4541 autem

2105 4580 2345 4633 minores
2370 4577 2552 4648 cepias
2578 4575 2847 4631 instruere
2877 4576 3197 4646 potuissent,
3229 4578 3311 4631 cui
3348 4588 3521 4631 tamen
3554 4576 3698 4646 bello

396 4676 774 4735 constitutum.
807 4675 891 4732 Ab
919 4675 1022 4733 hoc
1067 4677 1227 4749 igitur
1259 4677 1368 4732 Deo
1395 4675 1739 4746 imperatoris
1766 4675 1993 4731 salutem
2021 4688 2074 4749 Ι)
2105 4668 2338 4749 prompti
2381 4677 2436 4724 et
2481 4668 2656 4724 idonei
2688 4683 2792 4723 non
2833 4677 3008 4736 erant,
3041 4668 3131 4738 qni
3175 4668 3405 4723 libenter
3450 4681 3546 4737 pro
3583 4661 3698 4727 sua:

396 4788 463 4829 eo
489 4771 696 4828 facilius
727 4779 975 4842 poterant
1019 4769 1337 4840 impetrare,
1370 4769 1514 4840 quod
1557 4769 1706 4825 hisce
1748 4767 1998 4839 precibus

397 4867 549 4926 illum
583 4866 693 4922 Deo
721 4867 985 4922 minorem
1017 4879 1142 4922 esse
1165 4863 1494 4920 fatebantur.
1517 4862 1678 4918 Nefas
1707 4870 1886 4918 autem
1916 4859 1998 4931 ip-

398 4959 476 5015 sis
514 4967 632 5015 erat
674 4959 1055 5031 imperatorem
1099 4957 1259 5014 deum
1309 4955 1602 5028 appellare,
1651 4965 1708 5010 ut
1754 4964 1880 5025 pote
1908 4953 2000 5024 qui

399 5051 564 5110 hemo
591 5062 692 5120 est,
719 5069 782 5109 ac
808 5053 935 5109 dum
967 5052 1279 5124 triumphat,
1309 5067 1422 5108 sua:
1465 5050 1787 5106 admonetur
1811 5048 2001 5104 Imma-

402 5163 488 5204 nzn
513 5148 852 5204 conditionis.
884 5147 1020 5218 Quin
1061 5162 1190 5203 vero
1224 5147 1496 5218 Augustus
1528 5145 1820 5216 imperator
1849 5142 2000 5198 nole-

401 5237 573 5296 batse
599 5238 873 5295 dominum
903 5239 1108 5296 vocari.
1150 5237 1393 5294 Et'reete
1420 5235 1674 5308 quidem;
1707 5250 1831 5291 nam
1864 5248 2000 5290 unus

401 5346 485 5391 est
520 5335 758 5390 omnium
795 5343 956 5405 atque
995 5337 1155 5391 etiam
1183 5332 1526 5406 imperatoris
1558 5331 1832 5397 dominus,
1859 5329 2002 5384 scili-

399 5436 488 5484 cet
515 5428 660 5483 Deus
688 5427 1049 5499 omnipotens.
1107 5427 1347 5499 Denique
1389 5423 1661 5498 quomodo
1706 5424 2004 5496 imperator

402 5521 578 5578 adhuc
624 5522 777 5576 vivus
821 5531 1033 5592 poterat
1087 5520 1178 5576 Dei
1231 5520 1490 5591 appellari
1542 5518 1796 5586 nomine,
1851 5514 2002 5588 quod

402 5615 605 5673 ethnici
652 5632 757 5671 non
796 5624 921 5672 ante
959 5614 1296 5687 apotheosim
1337 5614 1644 5673 Caesaribus
1685 5612 2000 5672 tribuebant

405 5708 544 5781 (cap.
568 5710 659 5776 33,
690 5709 830 5779 ειη

415 5805 420 5808 ”
473 5803 588 5872 Qua
616 5809 794 5858 autem
827 5799 1078 5858 facilitate
1099 5812 1153 5857 et
1177 5800 1452 5858 evidentia
1478 5795 1842 5858 Tertullianus
1863 5797 2001 5858 hac-

402 5901 560 5955 tenus
589 5897 906 5969 probaverat
931 5893 1254 5955 christianos
1287 5909 1396 5954 non
1427 5909 1550 5955 esse
1569 5909 1694 5956 reos
1719 5894 1862 5954 haste
1887 5907 2003 5955 ma-

2102 4747 2378 4833 religi'onis
2404 4760 2745 4817 confessione
2789 4777 2850 4816 se
2888 4760 3143 4816 trucidari
3187 4759 3560 4830 patiebantur?
3590 4760 3698 4817 Fac

2101 4857 2286 4921 etiam,
2317 4857 2360 4911 si
2385 4855 2538 4922 velis,
2559 4869 2653 4909 eos
2682 4853 2848 4909 fuisse
2876 4854 3129 4909 inermes.
3157 4853 3226 4906 At
3253 4868 3346 4908 sua
3378 4851 3490 4907 sola
3513 4867 3542 4906 a
3570 4867 3700 4923 gen-

2099 4951 2286 5006 tilibus
2311 4948 2628 5014 defectione,
2649 4956 2742 5002 aut
2768 4947 3127 5017 separatione,
3155 4960 3275 5000 sese
3304 4945 3572 5001 vindicare
3617 4945 3699 5001 fa-

2102 5044 2302 5101 cillime
2333 5051 2600 5114 poterant.
2648 5041 2817 5097 Tanta
2847 5041 3044 5112 quippe
3074 5050 3190 5095 erat
3217 5039 3432 5094 illonnn
3463 5040 3700 5095 multitu-

2105 5139 2206 5205 do,
2242 5146 2300 5192 ut
2324 5135 2525 5192 ethnici
2571 5135 2671 5190 sibi
2721 5135 2852 5189 solis
2882 5133 3078 5198 relicti,
3111 5148 3261 5187 suam
3299 5133 3703 5203 obSIUpuissent

2107 5230 2175 5285 ad
2221 5228 2586 5296 solitudinem,
2633 5241 2696 5282 ac
2738 5225 2919 5297 plures
2965 5222 3148 5280 hostes
3181 5223 3509 5291 habuissent,
3542 5241 3704 5296 quam

2107 5325 2274 5381 cives.
2317 5323 2555 5394 Denique
2581 5320 2646 5376 ad
2675 5319 3090 5375 Christianorum
3114 5319 3402 5374 vindictam
3434 5321 3562 5375 satis
3597 5321 3706 5374 uti-

2110 5433 2215 5490 que
2260 5415 2467 5482 fuisset,
2499 5415 2544 5471 si
2573 5412 2846 5468 dmmoncs
2878 5427 2982 5465 non
3013 5411 3349 5482 depulissent
3376 5413 3444 5469 ab
3470 5413 3708 5468 obsessis

2111 5512 2448 5570 ethnicorum
2493 5505 2827 5576 corporibus.
2862 5504 3033 5560 Tanto
3064 5505 3224 5576 igitur
3254 5505 3354 5560 hoc
3383 5521 3489 5560 uno
3518 5507 3710 5575 ρι’ωεί-

2105 5606 2218 5673 dio,
2251 5600 2542 5674 gentilibus
2581 5597 2797 5665 collato,
2829 5596 3184 5652 ostendebant
3226 5613 3286 5653 se
3332 5612 3439 5652 non
3483 5596 3704 5652 humani

2108 5701 2327 5774 quidem
2357 5694 2569 5768 generis
2593 5735 2607 5760 ,
2652 5691 2746 5748 sed
2775 5692 2996 5757 erroris,
3048 5692 3124 5746 uti
3171 5691 3427 5748 hactenus
3454 5689 3707 5762 probavi-

2111 5811 2253 5860 mus,
2285 5804 2404 5848 esse
2433 5787 2679 5844 inimicos
2709 5785 2848 5859 (cap.
2879 5785 2971 5851 56,
3006 5783 3122 5856 57).

2185 5883 2401 5944 Transit
2443 5879 2567 5957 inde
2593 5889 2782 5938 auctor
2812 5888 2996 5936 noster
3036 5877 3101 5935 ad
3133 5877 3356 5936 alteram
3400 5892 3501 5936 nec
3534 5878 3713 5936 minus
