  <div class='ocr_page' id='page_1' title='image "/cluster/home/n/w/nwhite01/storage/ocr_20150623/1/hvd.32044015466733/385.png"; bbox 0 0 4150 6352; ppageno 0'>
   <div class='ocr_carea' id='block_1_1' title="bbox 450 351 563 410">
    <p class='ocr_par' dir='ltr' id='par_1_1' title="bbox 450 351 563 410">
     <span class='ocr_line' id='line_1_1' title="bbox 450 351 563 410; baseline -0.018 0"><span class='ocrx_word' id='word_1_1' title='bbox 450 351 563 410; x_wconf 74' lang='grc' dir='ltr'><strong>τη</strong></span> 
     </span>
    </p>
   </div>
   <div class='ocr_carea' id='block_1_2' title="bbox 1507 344 2636 406">
    <p class='ocr_par' dir='ltr' id='par_1_2' title="bbox 1507 344 2636 406">
     <span class='ocr_line' id='line_1_2' title="bbox 1507 344 2636 406; baseline 0 -4"><span class='ocrx_word' id='word_1_2' title='bbox 1507 345 1574 402; x_wconf 69' lang='grc' dir='ltr'><strong>ιΝ</strong></span> <span class='ocrx_word' id='word_1_3' title='bbox 1615 344 2079 406; x_wconf 80' lang='lat' dir='ltr'><strong>TERTULLIANI</strong></span> <span class='ocrx_word' id='word_1_4' title='bbox 2107 344 2636 406; x_wconf 68' lang='lat' dir='ltr'><strong>APOLOGETICDM</strong></span> 
     </span>
    </p>
   </div>
   <div class='ocr_carea' id='block_1_3' title="bbox 3651 344 3762 402">
    <p class='ocr_par' dir='ltr' id='par_1_3' title="bbox 3651 344 3762 402">
     <span class='ocr_line' id='line_1_3' title="bbox 3651 344 3762 402; baseline 0.018 -2"><span class='ocrx_word' id='word_1_5' title='bbox 3651 344 3762 402; x_wconf 70' lang='lat'><strong>720</strong></span> 
     </span>
    </p>
   </div>
   <div class='ocr_carea' id='block_1_4' title="bbox 460 459 3759 543">
    <p class='ocr_par' dir='ltr' id='par_1_4' title="bbox 460 459 3759 543">
     <span class='ocr_line' id='line_1_4' title="bbox 460 459 3759 543; baseline -0.004 -14"><span class='ocrx_word' id='word_1_6' title='bbox 460 468 832 543; x_wconf 82' lang='lat' dir='ltr'><strong>impudentem</strong></span> <span class='ocrx_word' id='word_1_7' title='bbox 857 464 1203 533; x_wconf 79' lang='lat' dir='ltr'><strong>calumniam,</strong></span> <span class='ocrx_word' id='word_1_8' title='bbox 1231 478 1332 536; x_wconf 91' lang='lat' dir='ltr'><strong>qua</strong></span> <span class='ocrx_word' id='word_1_9' title='bbox 1364 462 1643 520; x_wconf 73' lang='lat' dir='ltr'><strong>christiani</strong></span> <span class='ocrx_word' id='word_1_10' title='bbox 1663 463 1731 521; x_wconf 92' lang='lat' dir='ltr'><strong>de</strong></span> <span class='ocrx_word' id='word_1_11' title='bbox 1751 463 1887 520; x_wconf 88' lang='lat' dir='ltr'><strong>falso</strong></span> <span class='ocrx_word' id='word_1_12' title='bbox 1907 461 2058 520; x_wconf 87' lang='lat' dir='ltr'><strong>illici—</strong></span> <span class='ocrx_word' id='word_1_13' title='bbox 2085 462 2138 523; x_wconf 83' lang='lat' dir='ltr'><strong>A</strong></span> <span class='ocrx_word' id='word_1_14' title='bbox 2161 461 2276 532; x_wconf 92' lang='lat' dir='ltr'><strong>dii,</strong></span> <span class='ocrx_word' id='word_1_15' title='bbox 2318 473 2488 520; x_wconf 89' lang='lat' dir='ltr'><strong>totum</strong></span> <span class='ocrx_word' id='word_1_16' title='bbox 2541 463 2729 519; x_wconf 89' lang='lat' dir='ltr'><strong>orbem</strong></span> <span class='ocrx_word' id='word_1_17' title='bbox 2778 467 3042 518; x_wconf 85' lang='lat' dir='ltr'><strong>terrarum</strong></span> <span class='ocrx_word' id='word_1_18' title='bbox 3088 459 3365 533; x_wconf 91' lang='lat' dir='ltr'><strong>generali,</strong></span> <span class='ocrx_word' id='word_1_19' title='bbox 3394 473 3497 518; x_wconf 89' lang='lat' dir='ltr'><strong>nec</strong></span> <span class='ocrx_word' id='word_1_20' title='bbox 3550 467 3759 517; x_wconf 89' lang='lat' dir='ltr'><strong>tantum</strong></span> 
     </span>
    </p>
   </div>
   <div class='ocr_carea' id='block_1_5' title="bbox 465 555 2062 628">
    <p class='ocr_par' dir='ltr' id='par_1_5' title="bbox 465 555 2062 628">
     <span class='ocr_line' id='line_1_5' title="bbox 465 555 2062 628; baseline -0.005 -10"><span class='ocrx_word' id='word_1_21' title='bbox 465 572 538 619; x_wconf 68' lang='lat' dir='ltr'><strong>tte</strong></span> <span class='ocrx_word' id='word_1_22' title='bbox 579 560 824 617; x_wconf 79' lang='lat' dir='ltr'><strong>factionis</strong></span> <span class='ocrx_word' id='word_1_23' title='bbox 866 558 1092 615; x_wconf 83' lang='lat' dir='ltr'><strong>crimine</strong></span> <span class='ocrx_word' id='word_1_24' title='bbox 1140 555 1567 628; x_wconf 75' lang='lat' dir='ltr'><strong>postulabantur.</strong></span> <span class='ocrx_word' id='word_1_25' title='bbox 1617 555 1750 625; x_wconf 83' lang='lat' dir='ltr'><strong>Quae</strong></span> <span class='ocrx_word' id='word_1_26' title='bbox 1779 555 1954 622; x_wconf 69' lang='lat' dir='ltr'><strong>enim.</strong></span> <span class='ocrx_word' id='word_1_27' title='bbox 1987 555 2062 610; x_wconf 89' lang='lat' dir='ltr'><strong>ait</strong></span> 
     </span>
    </p>
   </div>
   <div class='ocr_carea' id='block_1_6' title="bbox 462 648 2062 722">
    <p class='ocr_par' dir='ltr' id='par_1_6' title="bbox 462 648 2062 722">
     <span class='ocr_line' id='line_1_6' title="bbox 462 648 2062 722; baseline -0.003 -13"><span class='ocrx_word' id='word_1_28' title='bbox 462 654 588 722; x_wconf 90' lang='lat' dir='ltr'><strong>ille,</strong></span> <span class='ocrx_word' id='word_1_29' title='bbox 628 662 712 710; x_wconf 90' lang='lat' dir='ltr'><strong>est</strong></span> <span class='ocrx_word' id='word_1_30' title='bbox 739 650 902 708; x_wconf 89' lang='lat' dir='ltr'><strong>factio</strong></span> <span class='ocrx_word' id='word_1_31' title='bbox 931 650 1138 715; x_wconf 89' lang='lat' dir='ltr'><strong>illicita,</strong></span> <span class='ocrx_word' id='word_1_32' title='bbox 1169 650 1271 706; x_wconf 87' lang='lat' dir='ltr'><strong>nisi</strong></span> <span class='ocrx_word' id='word_1_33' title='bbox 1298 648 1704 722; x_wconf 88' lang='lat' dir='ltr'><strong>hominum,qui</strong></span> <span class='ocrx_word' id='word_1_34' title='bbox 1744 649 2062 721; x_wconf 76' lang='lat' dir='ltr'><strong>dignitatum</strong></span> 
     </span>
    </p>
   </div>
   <div class='ocr_carea' id='block_1_7' title="bbox 457 743 2064 818">
    <p class='ocr_par' dir='ltr' id='par_1_7' title="bbox 457 743 2064 818">
     <span class='ocr_line' id='line_1_7' title="bbox 457 743 2064 818; baseline -0.001 -16"><span class='ocrx_word' id='word_1_35' title='bbox 457 755 551 802; x_wconf 89' lang='lat' dir='ltr'><strong>aut</strong></span> <span class='ocrx_word' id='word_1_36' title='bbox 569 745 754 818; x_wconf 71' lang='lat' dir='ltr'><strong>gloria:</strong></span> <span class='ocrx_word' id='word_1_37' title='bbox 777 745 1068 801; x_wconf 90' lang='lat' dir='ltr'><strong>ambitione</strong></span> <span class='ocrx_word' id='word_1_38' title='bbox 1085 744 1328 800; x_wconf 79' lang='lat' dir='ltr'><strong>civitates</strong></span> <span class='ocrx_word' id='word_1_39' title='bbox 1354 760 1417 801; x_wconf 92' lang='lat' dir='ltr'><strong>ac</strong></span> <span class='ocrx_word' id='word_1_40' title='bbox 1439 759 1602 816; x_wconf 88' lang='lat' dir='ltr'><strong>regna</strong></span> <span class='ocrx_word' id='word_1_41' title='bbox 1625 743 1946 800; x_wconf 86' lang='lat' dir='ltr'><strong>turbabant?</strong></span> <span class='ocrx_word' id='word_1_42' title='bbox 1969 744 2064 800; x_wconf 83' lang='lat' dir='ltr'><strong>At-</strong></span> 
     </span>
    </p>
   </div>
   <div class='ocr_carea' id='block_1_8' title="bbox 459 836 2062 910">
    <p class='ocr_par' dir='ltr' id='par_1_8' title="bbox 459 836 2062 910">
     <span class='ocr_line' id='line_1_8' title="bbox 459 836 2062 910; baseline -0.001 -17"><span class='ocrx_word' id='word_1_43' title='bbox 459 838 555 910; x_wconf 87' lang='lat' dir='ltr'><strong>qui</strong></span> <span class='ocrx_word' id='word_1_44' title='bbox 576 837 878 904; x_wconf 84' lang='lat' dir='ltr'><strong>christiani,</strong></span> <span class='ocrx_word' id='word_1_45' title='bbox 900 839 1045 894; x_wconf 91' lang='lat' dir='ltr'><strong>nulla</strong></span> <span class='ocrx_word' id='word_1_46' title='bbox 1074 837 1364 894; x_wconf 89' lang='lat' dir='ltr'><strong>ambitione</strong></span> <span class='ocrx_word' id='word_1_47' title='bbox 1391 836 1557 904; x_wconf 87' lang='lat' dir='ltr'><strong>ducti,</strong></span> <span class='ocrx_word' id='word_1_48' title='bbox 1582 836 1824 893; x_wconf 91' lang='lat' dir='ltr'><strong>nuntium</strong></span> <span class='ocrx_word' id='word_1_49' title='bbox 1849 852 2062 907; x_wconf 84' lang='lat' dir='ltr'><strong>semper</strong></span> 
     </span>
    </p>
   </div>
   <div class='ocr_carea' id='block_1_9' title="bbox 465 928 2058 1000">
    <p class='ocr_par' dir='ltr' id='par_1_9' title="bbox 465 928 2058 1000">
     <span class='ocr_line' id='line_1_9' title="bbox 465 928 2058 1000; baseline -0.003 -13"><span class='ocrx_word' id='word_1_50' title='bbox 465 931 794 988; x_wconf 80' lang='lat' dir='ltr'><strong>remiserant</strong></span> <span class='ocrx_word' id='word_1_51' title='bbox 818 929 1153 987; x_wconf 87' lang='lat' dir='ltr'><strong>ethnicorum</strong></span> <span class='ocrx_word' id='word_1_52' title='bbox 1201 929 1451 998; x_wconf 69' lang='lat' dir='ltr'><strong>coetibus,</strong></span> <span class='ocrx_word' id='word_1_53' title='bbox 1481 938 1537 985; x_wconf 88' lang='lat' dir='ltr'><strong>et</strong></span> <span class='ocrx_word' id='word_1_54' title='bbox 1587 928 1750 985; x_wconf 80' lang='lat' dir='ltr'><strong>rebus</strong></span> <span class='ocrx_word' id='word_1_55' title='bbox 1799 928 2058 1000; x_wconf 86' lang='lat' dir='ltr'><strong>publicis,</strong></span> 
     </span>
    </p>
   </div>
   <div class='ocr_carea' id='block_1_10' title="bbox 459 1021 2063 1098">
    <p class='ocr_par' dir='ltr' id='par_1_10' title="bbox 459 1021 2063 1098">
     <span class='ocr_line' id='line_1_10' title="bbox 459 1021 2063 1098; baseline -0.002 -17"><span class='ocrx_word' id='word_1_56' title='bbox 459 1025 922 1098; x_wconf 86' lang='lat' dir='ltr'><strong>quemadmodum</strong></span> <span class='ocrx_word' id='word_1_57' title='bbox 973 1025 1137 1091; x_wconf 89' lang='lat' dir='ltr'><strong>circi,</strong></span> <span class='ocrx_word' id='word_1_58' title='bbox 1184 1023 1412 1090; x_wconf 84' lang='lat' dir='ltr'><strong>theatri,</strong></span> <span class='ocrx_word' id='word_1_59' title='bbox 1461 1038 1680 1092; x_wconf 66' lang='lat' dir='ltr'><strong>arente,</strong></span> <span class='ocrx_word' id='word_1_60' title='bbox 1727 1021 2063 1091; x_wconf 87' lang='lat' dir='ltr'><strong>aliorumque</strong></span> 
     </span>
    </p>
   </div>
   <div class='ocr_carea' id='block_1_11' title="bbox 456 1115 2063 1191">
    <p class='ocr_par' dir='ltr' id='par_1_11' title="bbox 456 1115 2063 1191">
     <span class='ocr_line' id='line_1_11' title="bbox 456 1115 2063 1191; baseline -0.002 -17"><span class='ocrx_word' id='word_1_61' title='bbox 456 1119 891 1191; x_wconf 82' lang='lat' dir='ltr'><strong>spectaculorum</strong></span> <span class='ocrx_word' id='word_1_62' title='bbox 919 1118 1298 1191; x_wconf 84' lang='lat' dir='ltr'><strong>voluptatibus.</strong></span> <span class='ocrx_word' id='word_1_63' title='bbox 1324 1120 1394 1172; x_wconf 82' lang='lat' dir='ltr'><strong>At</strong></span> <span class='ocrx_word' id='word_1_64' title='bbox 1413 1126 1562 1174; x_wconf 88' lang='lat' dir='ltr'><strong>certe</strong></span> <span class='ocrx_word' id='word_1_65' title='bbox 1587 1116 1652 1172; x_wconf 86' lang='lat' dir='ltr'><strong>iis</strong></span> <span class='ocrx_word' id='word_1_66' title='bbox 1680 1116 1917 1188; x_wconf 84' lang='lat' dir='ltr'><strong>rejectis,</strong></span> <span class='ocrx_word' id='word_1_67' title='bbox 1941 1115 2063 1171; x_wconf 88' lang='lat' dir='ltr'><strong>nul-</strong></span> 
     </span>
    </p>
   </div>
   <div class='ocr_carea' id='block_1_12' title="bbox 457 1209 2064 1282">
    <p class='ocr_par' dir='ltr' id='par_1_12' title="bbox 457 1209 2064 1282">
     <span class='ocr_line' id='line_1_12' title="bbox 457 1209 2064 1282; baseline -0.001 -16"><span class='ocrx_word' id='word_1_68' title='bbox 457 1210 571 1268; x_wconf 89' lang='lat' dir='ltr'><strong>lum</strong></span> <span class='ocrx_word' id='word_1_69' title='bbox 600 1211 727 1270; x_wconf 88' lang='lat' dir='ltr'><strong>inde</strong></span> <span class='ocrx_word' id='word_1_70' title='bbox 747 1211 977 1269; x_wconf 88' lang='lat' dir='ltr'><strong>ethnicis</strong></span> <span class='ocrx_word' id='word_1_71' title='bbox 993 1212 1270 1279; x_wconf 89' lang='lat' dir='ltr'><strong>damnum,</strong></span> <span class='ocrx_word' id='word_1_72' title='bbox 1287 1209 1540 1282; x_wconf 89' lang='lat' dir='ltr'><strong>nullaque</strong></span> <span class='ocrx_word' id='word_1_73' title='bbox 1562 1209 1776 1281; x_wconf 88' lang='lat' dir='ltr'><strong>injuria,</strong></span> <span class='ocrx_word' id='word_1_74' title='bbox 1793 1209 1948 1266; x_wconf 89' lang='lat' dir='ltr'><strong>sicuti</strong></span> <span class='ocrx_word' id='word_1_75' title='bbox 1972 1224 2064 1265; x_wconf 83' lang='lat' dir='ltr'><strong>ne-</strong></span> 
     </span>
    </p>
   </div>
   <div class='ocr_carea' id='block_1_13' title="bbox 456 1303 2062 1376">
    <p class='ocr_par' dir='ltr' id='par_1_13' title="bbox 456 1303 2062 1376">
     <span class='ocr_line' id='line_1_13' title="bbox 456 1303 2062 1376; baseline -0.001 -16"><span class='ocrx_word' id='word_1_76' title='bbox 456 1319 565 1376; x_wconf 92' lang='lat' dir='ltr'><strong>que</strong></span> <span class='ocrx_word' id='word_1_77' title='bbox 584 1304 631 1362; x_wconf 95' lang='lat' dir='ltr'><strong>si</strong></span> <span class='ocrx_word' id='word_1_78' title='bbox 660 1304 877 1376; x_wconf 89' lang='lat' dir='ltr'><strong>quando</strong></span> <span class='ocrx_word' id='word_1_79' title='bbox 897 1303 1173 1361; x_wconf 89' lang='lat' dir='ltr'><strong>christiani</strong></span> <span class='ocrx_word' id='word_1_80' title='bbox 1199 1304 1331 1359; x_wconf 88' lang='lat' dir='ltr'><strong>alias</strong></span> <span class='ocrx_word' id='word_1_81' title='bbox 1355 1313 1801 1360; x_wconf 87' lang='lat' dir='ltr'><strong>consectarentur</strong></span> <span class='ocrx_word' id='word_1_82' title='bbox 1826 1303 2062 1374; x_wconf 84' lang='lat' dir='ltr'><strong>volupta-</strong></span> 
     </span>
    </p>
   </div>
   <div class='ocr_carea' id='block_1_14' title="bbox 458 1396 1892 1470">
    <p class='ocr_par' dir='ltr' id='par_1_14' title="bbox 458 1396 1892 1470">
     <span class='ocr_line' id='line_1_14' title="bbox 458 1396 1892 1470; baseline -0.003 -14"><span class='ocrx_word' id='word_1_83' title='bbox 458 1408 566 1468; x_wconf 87' lang='lat' dir='ltr'><strong>tes,</strong></span> <span class='ocrx_word' id='word_1_84' title='bbox 596 1413 731 1470; x_wconf 90' lang='lat' dir='ltr'><strong>quas</strong></span> <span class='ocrx_word' id='word_1_85' title='bbox 759 1398 960 1455; x_wconf 88' lang='lat' dir='ltr'><strong>ethnici</strong></span> <span class='ocrx_word' id='word_1_86' title='bbox 985 1398 1221 1455; x_wconf 79' lang='lat' dir='ltr'><strong>vicissim</strong></span> <span class='ocrx_word' id='word_1_87' title='bbox 1250 1397 1574 1468; x_wconf 90' lang='lat' dir='ltr'><strong>respuebant</strong></span> <span class='ocrx_word' id='word_1_88' title='bbox 1609 1397 1747 1469; x_wconf 87' lang='lat' dir='ltr'><strong>(cap.</strong></span> <span class='ocrx_word' id='word_1_89' title='bbox 1778 1396 1892 1467; x_wconf 79' lang='lat'><strong>58).</strong></span> 
     </span>
    </p>
   </div>
   <div class='ocr_carea' id='block_1_15' title="bbox 531 1489 2061 1563">
    <p class='ocr_par' dir='ltr' id='par_1_15' title="bbox 531 1489 2061 1563">
     <span class='ocr_line' id='line_1_15' title="bbox 531 1489 2061 1563; baseline -0.002 -16"><span class='ocrx_word' id='word_1_90' title='bbox 531 1491 894 1548; x_wconf 85' lang='lat' dir='ltr'><strong>Tertullianus</strong></span> <span class='ocrx_word' id='word_1_91' title='bbox 923 1507 1084 1563; x_wconf 88' lang='lat' dir='ltr'><strong>porro</strong></span> <span class='ocrx_word' id='word_1_92' title='bbox 1113 1499 1170 1546; x_wconf 93' lang='lat' dir='ltr'><strong>ut</strong></span> <span class='ocrx_word' id='word_1_93' title='bbox 1208 1490 1418 1548; x_wconf 89' lang='lat' dir='ltr'><strong>cunctis</strong></span> <span class='ocrx_word' id='word_1_94' title='bbox 1441 1489 1652 1561; x_wconf 88' lang='lat' dir='ltr'><strong>planius</strong></span> <span class='ocrx_word' id='word_1_95' title='bbox 1674 1489 1851 1546; x_wconf 90' lang='lat' dir='ltr'><strong>adhuc</strong></span> <span class='ocrx_word' id='word_1_96' title='bbox 1876 1500 2061 1546; x_wconf 90' lang='lat' dir='ltr'><strong>osten-</strong></span> 
     </span>
    </p>
   </div>
   <div class='ocr_carea' id='block_1_16' title="bbox 457 1581 2058 1648">
    <p class='ocr_par' dir='ltr' id='par_1_16' title="bbox 457 1581 2058 1648">
     <span class='ocr_line' id='line_1_16' title="bbox 457 1581 2058 1648; baseline -0.004 -6"><span class='ocrx_word' id='word_1_97' title='bbox 457 1583 614 1642; x_wconf 89' lang='lat' dir='ltr'><strong>deret</strong></span> <span class='ocrx_word' id='word_1_98' title='bbox 642 1584 773 1640; x_wconf 89' lang='lat' dir='ltr'><strong>nihil</strong></span> <span class='ocrx_word' id='word_1_99' title='bbox 801 1599 830 1639; x_wconf 90' lang='lat' dir='ltr'><strong>a</strong></span> <span class='ocrx_word' id='word_1_100' title='bbox 861 1583 1169 1641; x_wconf 91' lang='lat' dir='ltr'><strong>christianis</strong></span> <span class='ocrx_word' id='word_1_101' title='bbox 1200 1583 1515 1638; x_wconf 88' lang='lat' dir='ltr'><strong>turbulento</strong></span> <span class='ocrx_word' id='word_1_102' title='bbox 1545 1582 1746 1638; x_wconf 60' lang='lat' dir='ltr'><strong>illicitae</strong></span> <span class='ocrx_word' id='word_1_103' title='bbox 1791 1581 2058 1648; x_wconf 80' lang='lat' dir='ltr'><strong>factionis,</strong></span> 
     </span>
    </p>
   </div>
   <div class='ocr_carea' id='block_1_17' title="bbox 459 1674 2062 1747">
    <p class='ocr_par' dir='ltr' id='par_1_17' title="bbox 459 1674 2062 1747">
     <span class='ocr_line' id='line_1_17' title="bbox 459 1674 2062 1747; baseline -0.001 -15"><span class='ocrx_word' id='word_1_104' title='bbox 459 1676 557 1733; x_wconf 86' lang='lat' dir='ltr'><strong>sed</strong></span> <span class='ocrx_word' id='word_1_105' title='bbox 594 1676 773 1732; x_wconf 88' lang='lat' dir='ltr'><strong>omnia</strong></span> <span class='ocrx_word' id='word_1_106' title='bbox 799 1675 916 1732; x_wconf 91' lang='lat' dir='ltr'><strong>solo</strong></span> <span class='ocrx_word' id='word_1_107' title='bbox 945 1692 1088 1732; x_wconf 77' lang='lat' dir='ltr'><strong>vera:</strong></span> <span class='ocrx_word' id='word_1_108' title='bbox 1119 1675 1393 1747; x_wconf 88' lang='lat' dir='ltr'><strong>religionis</strong></span> <span class='ocrx_word' id='word_1_109' title='bbox 1423 1684 1476 1731; x_wconf 91' lang='lat' dir='ltr'><strong>et</strong></span> <span class='ocrx_word' id='word_1_110' title='bbox 1519 1675 1732 1746; x_wconf 92' lang='lat' dir='ltr'><strong>pietatis</strong></span> <span class='ocrx_word' id='word_1_111' title='bbox 1758 1676 1940 1731; x_wconf 91' lang='lat' dir='ltr'><strong>animo</strong></span> <span class='ocrx_word' id='word_1_112' title='bbox 1965 1674 2062 1730; x_wconf 87' lang='lat' dir='ltr'><strong>fie-</strong></span> 
     </span>
    </p>
   </div>
   <div class='ocr_carea' id='block_1_18' title="bbox 461 1767 2060 1836">
    <p class='ocr_par' dir='ltr' id='par_1_18' title="bbox 461 1767 2060 1836">
     <span class='ocr_line' id='line_1_18' title="bbox 461 1767 2060 1836; baseline 0 -12"><span class='ocrx_word' id='word_1_113' title='bbox 461 1769 545 1835; x_wconf 89' lang='lat' dir='ltr'><strong>ri;</strong></span> <span class='ocrx_word' id='word_1_114' title='bbox 591 1767 825 1824; x_wconf 84' lang='lat' dir='ltr'><strong>breviter</strong></span> <span class='ocrx_word' id='word_1_115' title='bbox 861 1784 925 1824; x_wconf 93' lang='lat' dir='ltr'><strong>ac</strong></span> <span class='ocrx_word' id='word_1_116' title='bbox 954 1769 1165 1825; x_wconf 88' lang='lat' dir='ltr'><strong>sincere</strong></span> <span class='ocrx_word' id='word_1_117' title='bbox 1195 1785 1254 1824; x_wconf 91' lang='lat' dir='ltr'><strong>ea</strong></span> <span class='ocrx_word' id='word_1_118' title='bbox 1297 1769 1570 1836; x_wconf 87' lang='lat' dir='ltr'><strong>describit,</strong></span> <span class='ocrx_word' id='word_1_119' title='bbox 1617 1785 1738 1834; x_wconf 75' lang='lat' dir='ltr'><strong>qua:</strong></span> <span class='ocrx_word' id='word_1_120' title='bbox 1791 1769 1842 1823; x_wconf 91' lang='lat' dir='ltr'><strong>in</strong></span> <span class='ocrx_word' id='word_1_121' title='bbox 1872 1784 2060 1825; x_wconf 90' lang='lat' dir='ltr'><strong>eorum</strong></span> 
     </span>
    </p>
   </div>
   <div class='ocr_carea' id='block_1_19' title="bbox 2161 547 3761 626">
    <p class='ocr_par' dir='ltr' id='par_1_19' title="bbox 2161 547 3761 626">
     <span class='ocr_line' id='line_1_19' title="bbox 2161 547 3761 626; baseline -0.003 -14"><span class='ocrx_word' id='word_1_122' title='bbox 2161 555 2476 626; x_wconf 90' lang='lat' dir='ltr'><strong>campestri,</strong></span> <span class='ocrx_word' id='word_1_123' title='bbox 2502 564 2560 611; x_wconf 91' lang='lat' dir='ltr'><strong>ut</strong></span> <span class='ocrx_word' id='word_1_124' title='bbox 2586 555 2741 612; x_wconf 87' lang='lat' dir='ltr'><strong>Plato</strong></span> <span class='ocrx_word' id='word_1_125' title='bbox 2767 553 2995 626; x_wconf 90' lang='lat' dir='ltr'><strong>putavit,</strong></span> <span class='ocrx_word' id='word_1_126' title='bbox 3027 553 3254 624; x_wconf 90' lang='lat' dir='ltr'><strong>periisse</strong></span> <span class='ocrx_word' id='word_1_127' title='bbox 3279 552 3503 610; x_wconf 90' lang='lat' dir='ltr'><strong>diluvio.</strong></span> <span class='ocrx_word' id='word_1_128' title='bbox 3537 552 3618 608; x_wconf 80' lang='lat' dir='ltr'><strong>Ad</strong></span> <span class='ocrx_word' id='word_1_129' title='bbox 3643 547 3761 609; x_wconf 60' lang='lat' dir='ltr'><strong>haec</strong></span> 
     </span>
    </p>
   </div>
   <div class='ocr_carea' id='block_1_20' title="bbox 2162 638 3760 720">
    <p class='ocr_par' dir='ltr' id='par_1_20' title="bbox 2162 638 3760 720">
     <span class='ocr_line' id='line_1_20' title="bbox 2162 638 3760 720; baseline -0.003 -16"><span class='ocrx_word' id='word_1_130' title='bbox 2162 663 2291 704; x_wconf 85' lang='lat' dir='ltr'><strong>vero</strong></span> <span class='ocrx_word' id='word_1_131' title='bbox 2321 647 2633 720; x_wconf 88' lang='lat' dir='ltr'><strong>priusquam</strong></span> <span class='ocrx_word' id='word_1_132' title='bbox 2673 638 2847 703; x_wconf 68' lang='lat' dir='ltr'><strong>Judmi</strong></span> <span class='ocrx_word' id='word_1_133' title='bbox 2877 646 2930 702; x_wconf 92' lang='lat' dir='ltr'><strong>in</strong></span> <span class='ocrx_word' id='word_1_134' title='bbox 2961 645 3256 718; x_wconf 67' lang='lat' dir='ltr'><strong>JEgyptum</strong></span> <span class='ocrx_word' id='word_1_135' title='bbox 3286 646 3642 718; x_wconf 85' lang='lat' dir='ltr'><strong>migrassent,</strong></span> <span class='ocrx_word' id='word_1_136' title='bbox 3675 653 3760 700; x_wconf 84' lang='lat' dir='ltr'><strong>at-</strong></span> 
     </span>
    </p>
   </div>
   <div class='ocr_carea' id='block_1_21' title="bbox 2163 738 3763 814">
    <p class='ocr_par' dir='ltr' id='par_1_21' title="bbox 2163 738 3763 814">
     <span class='ocr_line' id='line_1_21' title="bbox 2163 738 3763 814; baseline -0.003 -17"><span class='ocrx_word' id='word_1_137' title='bbox 2163 756 2268 813; x_wconf 90' lang='lat' dir='ltr'><strong>que</strong></span> <span class='ocrx_word' id='word_1_138' title='bbox 2316 741 2454 797; x_wconf 91' lang='lat' dir='ltr'><strong>adeo</strong></span> <span class='ocrx_word' id='word_1_139' title='bbox 2501 741 2662 812; x_wconf 90' lang='lat' dir='ltr'><strong>longe</strong></span> <span class='ocrx_word' id='word_1_140' title='bbox 2702 749 2900 807; x_wconf 88' lang='lat' dir='ltr'><strong>antea,</strong></span> <span class='ocrx_word' id='word_1_141' title='bbox 2942 754 3102 810; x_wconf 89' lang='lat' dir='ltr'><strong>quam</strong></span> <span class='ocrx_word' id='word_1_142' title='bbox 3151 738 3400 794; x_wconf 86' lang='lat' dir='ltr'><strong>Christus</strong></span> <span class='ocrx_word' id='word_1_143' title='bbox 3444 738 3763 814; x_wconf 71' lang='lat' dir='ltr'><strong>religionem</strong></span> 
     </span>
    </p>
   </div>
   <div class='ocr_carea' id='block_1_22' title="bbox 2163 830 3758 904">
    <p class='ocr_par' dir='ltr' id='par_1_22' title="bbox 2163 830 3758 904">
     <span class='ocr_line' id='line_1_22' title="bbox 2163 830 3758 904; baseline -0.003 -15"><span class='ocrx_word' id='word_1_144' title='bbox 2163 847 2314 889; x_wconf 89' lang='lat' dir='ltr'><strong>suam</strong></span> <span class='ocrx_word' id='word_1_145' title='bbox 2338 833 2630 900; x_wconf 87' lang='lat' dir='ltr'><strong>fundasset,</strong></span> <span class='ocrx_word' id='word_1_146' title='bbox 2659 833 2803 889; x_wconf 90' lang='lat' dir='ltr'><strong>ultor</strong></span> <span class='ocrx_word' id='word_1_147' title='bbox 2831 833 2970 904; x_wconf 80' lang='lat' dir='ltr'><strong>ignis</strong></span> <span class='ocrx_word' id='word_1_148' title='bbox 2990 831 3280 888; x_wconf 90' lang='lat' dir='ltr'><strong>Sodomam</strong></span> <span class='ocrx_word' id='word_1_149' title='bbox 3305 841 3359 888; x_wconf 90' lang='lat' dir='ltr'><strong>et</strong></span> <span class='ocrx_word' id='word_1_150' title='bbox 3378 830 3758 899; x_wconf 87' lang='lat' dir='ltr'><strong>Gomorrbam,</strong></span> 
     </span>
    </p>
   </div>
   <div class='ocr_carea' id='block_1_23' title="bbox 2164 924 3760 997">
    <p class='ocr_par' dir='ltr' id='par_1_23' title="bbox 2164 924 3760 997">
     <span class='ocr_line' id='line_1_23' title="bbox 2164 924 3760 997; baseline 0 -17"><span class='ocrx_word' id='word_1_151' title='bbox 2164 924 2434 981; x_wconf 80' lang='lat' dir='ltr'><strong>Vulsinios</strong></span> <span class='ocrx_word' id='word_1_152' title='bbox 2453 934 2508 981; x_wconf 89' lang='lat' dir='ltr'><strong>et</strong></span> <span class='ocrx_word' id='word_1_153' title='bbox 2532 925 2814 996; x_wconf 87' lang='lat' dir='ltr'><strong>Pompeios</strong></span> <span class='ocrx_word' id='word_1_154' title='bbox 2838 933 3268 997; x_wconf 81' lang='lat' dir='ltr'><strong>consumpserat.</strong></span> <span class='ocrx_word' id='word_1_155' title='bbox 3293 924 3507 980; x_wconf 85' lang='lat' dir='ltr'><strong>Nemini</strong></span> <span class='ocrx_word' id='word_1_156' title='bbox 3538 938 3760 996; x_wconf 85' lang='lat' dir='ltr'><strong>quoque</strong></span> 
     </span>
    </p>
   </div>
   <div class='ocr_carea' id='block_1_24' title="bbox 2164 1015 3763 1089">
    <p class='ocr_par' dir='ltr' id='par_1_24' title="bbox 2164 1015 3763 1089">
     <span class='ocr_line' id='line_1_24' title="bbox 2164 1015 3763 1089; baseline 0.001 -18"><span class='ocrx_word' id='word_1_157' title='bbox 2164 1015 2558 1088; x_wconf 85' lang='lat' dir='ltr'><strong>incompertum</strong></span> <span class='ocrx_word' id='word_1_158' title='bbox 2585 1017 2860 1072; x_wconf 79' lang='lat' dir='ltr'><strong>Romanos</strong></span> <span class='ocrx_word' id='word_1_159' title='bbox 2903 1017 3173 1074; x_wconf 90' lang='lat' dir='ltr'><strong>Cannensi</strong></span> <span class='ocrx_word' id='word_1_160' title='bbox 3209 1017 3398 1089; x_wconf 70' lang='lat' dir='ltr'><strong>praelio</strong></span> <span class='ocrx_word' id='word_1_161' title='bbox 3439 1017 3606 1073; x_wconf 87' lang='lat' dir='ltr'><strong>fuisse</strong></span> <span class='ocrx_word' id='word_1_162' title='bbox 3636 1031 3763 1088; x_wconf 87' lang='lat' dir='ltr'><strong>pro-</strong></span> 
     </span>
    </p>
   </div>
   <div class='ocr_carea' id='block_1_25' title="bbox 2167 1107 3762 1181">
    <p class='ocr_par' dir='ltr' id='par_1_25' title="bbox 2167 1107 3762 1181">
     <span class='ocr_line' id='line_1_25' title="bbox 2167 1107 3762 1181; baseline -0.001 -17"><span class='ocrx_word' id='word_1_163' title='bbox 2167 1107 2398 1180; x_wconf 87' lang='lat' dir='ltr'><strong>fligatos,</strong></span> <span class='ocrx_word' id='word_1_164' title='bbox 2429 1119 2484 1166; x_wconf 89' lang='lat' dir='ltr'><strong>et</strong></span> <span class='ocrx_word' id='word_1_165' title='bbox 2508 1119 2723 1180; x_wconf 91' lang='lat' dir='ltr'><strong>captum</strong></span> <span class='ocrx_word' id='word_1_166' title='bbox 2749 1124 2779 1164; x_wconf 90' lang='lat' dir='ltr'><strong>a</strong></span> <span class='ocrx_word' id='word_1_167' title='bbox 2807 1109 3114 1166; x_wconf 86' lang='lat' dir='ltr'><strong>Senonibus</strong></span> <span class='ocrx_word' id='word_1_168' title='bbox 3139 1110 3471 1181; x_wconf 90' lang='lat' dir='ltr'><strong>capitolium,</strong></span> <span class='ocrx_word' id='word_1_169' title='bbox 3502 1124 3624 1164; x_wconf 91' lang='lat' dir='ltr'><strong>cum</strong></span> <span class='ocrx_word' id='word_1_170' title='bbox 3651 1107 3762 1164; x_wconf 81' lang='lat' dir='ltr'><strong>Ro-</strong></span> 
     </span>
    </p>
   </div>
   <div class='ocr_carea' id='block_1_26' title="bbox 2165 1198 3768 1269">
    <p class='ocr_par' dir='ltr' id='par_1_26' title="bbox 2165 1198 3768 1269">
     <span class='ocr_line' id='line_1_26' title="bbox 2165 1198 3768 1269; baseline -0.001 -11"><span class='ocrx_word' id='word_1_171' title='bbox 2165 1200 2310 1258; x_wconf 90' lang='lat' dir='ltr'><strong>mani</strong></span> <span class='ocrx_word' id='word_1_172' title='bbox 2340 1201 2471 1258; x_wconf 90' lang='lat' dir='ltr'><strong>deos</strong></span> <span class='ocrx_word' id='word_1_173' title='bbox 2489 1216 2650 1269; x_wconf 89' lang='lat' dir='ltr'><strong>suos,</strong></span> <span class='ocrx_word' id='word_1_174' title='bbox 2677 1210 2730 1258; x_wconf 90' lang='lat' dir='ltr'><strong>et</strong></span> <span class='ocrx_word' id='word_1_175' title='bbox 2758 1201 2890 1257; x_wconf 91' lang='lat' dir='ltr'><strong>nulli</strong></span> <span class='ocrx_word' id='word_1_176' title='bbox 2916 1202 3190 1258; x_wconf 89' lang='lat' dir='ltr'><strong>christiani</strong></span> <span class='ocrx_word' id='word_1_177' title='bbox 3231 1217 3415 1258; x_wconf 88' lang='lat' dir='ltr'><strong>verum</strong></span> <span class='ocrx_word' id='word_1_178' title='bbox 3445 1201 3611 1258; x_wconf 89' lang='lat' dir='ltr'><strong>Deum</strong></span> <span class='ocrx_word' id='word_1_179' title='bbox 3634 1198 3768 1256; x_wconf 88' lang='lat' dir='ltr'><strong>ado-</strong></span> 
     </span>
    </p>
   </div>
   <div class='ocr_carea' id='block_1_27' title="bbox 2164 1293 3766 1366">
    <p class='ocr_par' dir='ltr' id='par_1_27' title="bbox 2164 1293 3766 1366">
     <span class='ocr_line' id='line_1_27' title="bbox 2164 1293 3766 1366; baseline -0.002 -15"><span class='ocrx_word' id='word_1_180' title='bbox 2164 1304 2367 1351; x_wconf 90' lang='lat' dir='ltr'><strong>rarent.</strong></span> <span class='ocrx_word' id='word_1_181' title='bbox 2403 1293 2627 1349; x_wconf 91' lang='lat' dir='ltr'><strong>Demum</strong></span> <span class='ocrx_word' id='word_1_182' title='bbox 2657 1293 2848 1350; x_wconf 87' lang='lat' dir='ltr'><strong>eadem</strong></span> <span class='ocrx_word' id='word_1_183' title='bbox 2875 1303 3029 1350; x_wconf 88' lang='lat' dir='ltr'><strong>antea</strong></span> <span class='ocrx_word' id='word_1_184' title='bbox 3063 1294 3160 1350; x_wconf 94' lang='lat' dir='ltr'><strong>fuit</strong></span> <span class='ocrx_word' id='word_1_185' title='bbox 3201 1294 3411 1350; x_wconf 82' lang='lat' dir='ltr'><strong>urbium</strong></span> <span class='ocrx_word' id='word_1_186' title='bbox 3437 1302 3598 1366; x_wconf 89' lang='lat' dir='ltr'><strong>atque</strong></span> <span class='ocrx_word' id='word_1_187' title='bbox 3624 1303 3766 1350; x_wconf 81' lang='lat' dir='ltr'><strong>tem-</strong></span> 
     </span>
    </p>
   </div>
   <div class='ocr_carea' id='block_1_28' title="bbox 2166 1383 3764 1458">
    <p class='ocr_par' dir='ltr' id='par_1_28' title="bbox 2166 1383 3764 1458">
     <span class='ocr_line' id='line_1_28' title="bbox 2166 1383 3764 1458; baseline -0.002 -17"><span class='ocrx_word' id='word_1_188' title='bbox 2166 1387 2382 1458; x_wconf 86' lang='lat' dir='ltr'><strong>plerum</strong></span> <span class='ocrx_word' id='word_1_189' title='bbox 2433 1384 2620 1441; x_wconf 87' lang='lat' dir='ltr'><strong>clades</strong></span> <span class='ocrx_word' id='word_1_190' title='bbox 2667 1393 2722 1441; x_wconf 90' lang='lat' dir='ltr'><strong>et</strong></span> <span class='ocrx_word' id='word_1_191' title='bbox 2764 1385 2938 1441; x_wconf 89' lang='lat' dir='ltr'><strong>ruina.</strong></span> <span class='ocrx_word' id='word_1_192' title='bbox 2987 1387 3055 1440; x_wconf 79' lang='lat' dir='ltr'><strong>At</strong></span> <span class='ocrx_word' id='word_1_193' title='bbox 3085 1384 3201 1440; x_wconf 63' lang='lat' dir='ltr'><strong>base</strong></span> <span class='ocrx_word' id='word_1_194' title='bbox 3230 1399 3336 1439; x_wconf 92' lang='lat' dir='ltr'><strong>non</strong></span> <span class='ocrx_word' id='word_1_195' title='bbox 3370 1394 3658 1456; x_wconf 90' lang='lat' dir='ltr'><strong>potuerunt</strong></span> <span class='ocrx_word' id='word_1_196' title='bbox 3678 1383 3764 1450; x_wconf 90' lang='lat' dir='ltr'><strong>iis,</strong></span> 
     </span>
    </p>
   </div>
   <div class='ocr_carea' id='block_1_29' title="bbox 2167 1475 3768 1550">
    <p class='ocr_par' dir='ltr' id='par_1_29' title="bbox 2167 1475 3768 1550">
     <span class='ocr_line' id='line_1_29' title="bbox 2167 1475 3768 1550; baseline -0.002 -17"><span class='ocrx_word' id='word_1_197' title='bbox 2167 1492 2396 1550; x_wconf 78' lang='lat' dir='ltr'><strong>quarunt</strong></span> <span class='ocrx_word' id='word_1_198' title='bbox 2427 1487 2583 1533; x_wconf 91' lang='lat' dir='ltr'><strong>erant</strong></span> <span class='ocrx_word' id='word_1_199' title='bbox 2617 1477 2838 1549; x_wconf 90' lang='lat' dir='ltr'><strong>templa,</strong></span> <span class='ocrx_word' id='word_1_200' title='bbox 2862 1476 3076 1532; x_wconf 89' lang='lat' dir='ltr'><strong>factitiis</strong></span> <span class='ocrx_word' id='word_1_201' title='bbox 3102 1477 3206 1533; x_wconf 91' lang='lat' dir='ltr'><strong>diis</strong></span> <span class='ocrx_word' id='word_1_202' title='bbox 3233 1475 3501 1544; x_wconf 89' lang='lat' dir='ltr'><strong>adscribi,</strong></span> <span class='ocrx_word' id='word_1_203' title='bbox 3541 1476 3636 1533; x_wconf 88' lang='lat' dir='ltr'><strong>sed</strong></span> <span class='ocrx_word' id='word_1_204' title='bbox 3667 1477 3768 1530; x_wconf 82' lang='lat' dir='ltr'><strong>im-</strong></span> 
     </span>
    </p>
   </div>
   <div class='ocr_carea' id='block_1_30' title="bbox 2165 1569 3761 1641">
    <p class='ocr_par' dir='ltr' id='par_1_30' title="bbox 2165 1569 3761 1641">
     <span class='ocr_line' id='line_1_30' title="bbox 2165 1569 3761 1641; baseline 0 -17"><span class='ocrx_word' id='word_1_205' title='bbox 2165 1569 2349 1641; x_wconf 90' lang='lat' dir='ltr'><strong>pietati</strong></span> <span class='ocrx_word' id='word_1_206' title='bbox 2380 1569 2790 1640; x_wconf 91' lang='lat' dir='ltr'><strong>hominum,qui</strong></span> <span class='ocrx_word' id='word_1_207' title='bbox 2818 1583 2913 1625; x_wconf 89' lang='lat' dir='ltr'><strong>eos</strong></span> <span class='ocrx_word' id='word_1_208' title='bbox 2941 1570 3243 1635; x_wconf 89' lang='lat' dir='ltr'><strong>coluerunt,</strong></span> <span class='ocrx_word' id='word_1_209' title='bbox 3274 1585 3339 1624; x_wconf 88' lang='lat' dir='ltr'><strong>ac</strong></span> <span class='ocrx_word' id='word_1_210' title='bbox 3356 1583 3540 1626; x_wconf 90' lang='lat' dir='ltr'><strong>verum</strong></span> <span class='ocrx_word' id='word_1_211' title='bbox 3570 1569 3761 1638; x_wconf 85' lang='lat' dir='ltr'><strong>Deum,</strong></span> 
     </span>
    </p>
   </div>
   <div class='ocr_carea' id='block_1_31' title="bbox 2167 1660 3770 1732">
    <p class='ocr_par' dir='ltr' id='par_1_31' title="bbox 2167 1660 3770 1732">
     <span class='ocr_line' id='line_1_31' title="bbox 2167 1660 3770 1732; baseline -0.001 -15"><span class='ocrx_word' id='word_1_212' title='bbox 2167 1661 2408 1717; x_wconf 91' lang='lat' dir='ltr'><strong>omnium</strong></span> <span class='ocrx_word' id='word_1_213' title='bbox 2433 1662 2699 1718; x_wconf 90' lang='lat' dir='ltr'><strong>bonorum</strong></span> <span class='ocrx_word' id='word_1_214' title='bbox 2732 1660 2958 1729; x_wconf 89' lang='lat' dir='ltr'><strong>fontem,</strong></span> <span class='ocrx_word' id='word_1_215' title='bbox 2982 1671 3077 1717; x_wconf 91' lang='lat' dir='ltr'><strong>aut</strong></span> <span class='ocrx_word' id='word_1_216' title='bbox 3107 1662 3415 1732; x_wconf 87' lang='lat' dir='ltr'><strong>ignorantes</strong></span> <span class='ocrx_word' id='word_1_217' title='bbox 3464 1670 3555 1717; x_wconf 91' lang='lat' dir='ltr'><strong>aut</strong></span> <span class='ocrx_word' id='word_1_218' title='bbox 3580 1675 3770 1732; x_wconf 86' lang='lat' dir='ltr'><strong>asper-</strong></span> 
     </span>
    </p>
   </div>
   <div class='ocr_carea' id='block_1_32' title="bbox 2165 1754 3769 1824">
    <p class='ocr_par' dir='ltr' id='par_1_32' title="bbox 2165 1754 3769 1824">
     <span class='ocr_line' id='line_1_32' title="bbox 2165 1754 3769 1824; baseline -0.001 -15"><span class='ocrx_word' id='word_1_219' title='bbox 2165 1757 2275 1809; x_wconf 88' lang='lat' dir='ltr'><strong>nati</strong></span> <span class='ocrx_word' id='word_1_220' title='bbox 2310 1797 2324 1822; x_wconf 92' lang='lat'><strong>,</strong></span> <span class='ocrx_word' id='word_1_221' title='bbox 2355 1755 2502 1809; x_wconf 87' lang='lat' dir='ltr'><strong>omni</strong></span> <span class='ocrx_word' id='word_1_222' title='bbox 2552 1755 2802 1809; x_wconf 90' lang='lat' dir='ltr'><strong>vitiorum</strong></span> <span class='ocrx_word' id='word_1_223' title='bbox 2857 1754 3226 1822; x_wconf 83' lang='lat' dir='ltr'><strong>scelerumque</strong></span> <span class='ocrx_word' id='word_1_224' title='bbox 3262 1769 3460 1824; x_wconf 84' lang='lat' dir='ltr'><strong>genere</strong></span> <span class='ocrx_word' id='word_1_225' title='bbox 3486 1768 3607 1809; x_wconf 85' lang='lat' dir='ltr'><strong>sese</strong></span> <span class='ocrx_word' id='word_1_226' title='bbox 3633 1768 3769 1808; x_wconf 85' lang='lat' dir='ltr'><strong>con-</strong></span> 
     </span>
    </p>
   </div>
   <div class='ocr_carea' id='block_1_33' title="bbox 457 1846 2064 1934">
    <p class='ocr_par' dir='ltr' id='par_1_33' title="bbox 457 1861 2056 1934">
     <span class='ocr_line' id='line_1_33' title="bbox 457 1861 2056 1934; baseline 0.002 -18"><span class='ocrx_word' id='word_1_227' title='bbox 457 1861 691 1918; x_wconf 72' lang='lat' dir='ltr'><strong>cmtibus</strong></span> <span class='ocrx_word' id='word_1_228' title='bbox 730 1861 1047 1933; x_wconf 81' lang='lat' dir='ltr'><strong>agebantur.</strong></span> <span class='ocrx_word' id='word_1_229' title='bbox 1101 1862 1158 1916; x_wconf 91' lang='lat' dir='ltr'><strong>ln</strong></span> <span class='ocrx_word' id='word_1_230' title='bbox 1215 1862 1341 1927; x_wconf 84' lang='lat' dir='ltr'><strong>illis,</strong></span> <span class='ocrx_word' id='word_1_231' title='bbox 1376 1863 1568 1934; x_wconf 88' lang='lat' dir='ltr'><strong>inquit,</strong></span> <span class='ocrx_word' id='word_1_232' title='bbox 1602 1864 1709 1918; x_wconf 90' lang='lat' dir='ltr'><strong>vim</strong></span> <span class='ocrx_word' id='word_1_233' title='bbox 1739 1863 1848 1918; x_wconf 89' lang='lat' dir='ltr'><strong>Deo</strong></span> <span class='ocrx_word' id='word_1_234' title='bbox 1889 1861 2056 1919; x_wconf 86' lang='lat' dir='ltr'><strong>facie-</strong></span> 
     </span>
    </p>
   </div>
   <div class='ocr_carea' id='block_1_34' title="bbox 2167 1846 3770 1934">
    <p class='ocr_par' dir='ltr' id='par_1_34' title="bbox 2167 1846 3770 1919">
     <span class='ocr_line' id='line_1_34' title="bbox 2167 1846 3770 1919; baseline 0 -17"><span class='ocrx_word' id='word_1_235' title='bbox 2167 1847 2578 1903; x_wconf 89' lang='lat' dir='ltr'><strong>taminaverant.</strong></span> <span class='ocrx_word' id='word_1_236' title='bbox 2605 1847 2718 1903; x_wconf 88' lang='lat' dir='ltr'><strong>lluc</strong></span> <span class='ocrx_word' id='word_1_237' title='bbox 2745 1846 2973 1911; x_wconf 88' lang='lat' dir='ltr'><strong>accedit,</strong></span> <span class='ocrx_word' id='word_1_238' title='bbox 3013 1846 3155 1918; x_wconf 89' lang='lat' dir='ltr'><strong>quod</strong></span> <span class='ocrx_word' id='word_1_239' title='bbox 3183 1846 3251 1901; x_wconf 93' lang='lat' dir='ltr'><strong>ab</strong></span> <span class='ocrx_word' id='word_1_240' title='bbox 3278 1863 3344 1902; x_wconf 93' lang='lat' dir='ltr'><strong>eo</strong></span> <span class='ocrx_word' id='word_1_241' title='bbox 3372 1855 3634 1918; x_wconf 89' lang='lat' dir='ltr'><strong>tempore,</strong></span> <span class='ocrx_word' id='word_1_242' title='bbox 3657 1861 3770 1919; x_wconf 86' lang='lat' dir='ltr'><strong>quo</strong></span> 
     </span>
    </p>
   </div>
   <div class='ocr_carea' id='block_1_35' title="bbox 463 1950 2059 2027">
    <p class='ocr_par' dir='ltr' id='par_1_35' title="bbox 463 1950 2059 2027">
     <span class='ocr_line' id='line_1_35' title="bbox 463 1950 2059 2027; baseline 0.001 -20"><span class='ocrx_word' id='word_1_243' title='bbox 463 1950 616 2019; x_wconf 88' lang='lat' dir='ltr'><strong>bant,</strong></span> <span class='ocrx_word' id='word_1_244' title='bbox 645 1950 778 2008; x_wconf 92' lang='lat' dir='ltr'><strong>fusis</strong></span> <span class='ocrx_word' id='word_1_245' title='bbox 800 1953 1198 2023; x_wconf 88' lang='lat' dir='ltr'><strong>precationibus</strong></span> <span class='ocrx_word' id='word_1_246' title='bbox 1225 1969 1322 2025; x_wconf 89' lang='lat' dir='ltr'><strong>pro</strong></span> <span class='ocrx_word' id='word_1_247' title='bbox 1349 1954 1672 2026; x_wconf 83' lang='lat' dir='ltr'><strong>imperatore</strong></span> <span class='ocrx_word' id='word_1_248' title='bbox 1693 1964 1748 2011; x_wconf 92' lang='lat' dir='ltr'><strong>et</strong></span> <span class='ocrx_word' id='word_1_249' title='bbox 1777 1957 2059 2027; x_wconf 91' lang='lat' dir='ltr'><strong>potestati-</strong></span> 
     </span>
    </p>
   </div>
   <div class='ocr_carea' id='block_1_36' title="bbox 461 2041 2060 2118">
    <p class='ocr_par' dir='ltr' id='par_1_36' title="bbox 461 2041 2060 2118">
     <span class='ocr_line' id='line_1_36' title="bbox 461 2041 2060 2118; baseline 0.002 -19"><span class='ocrx_word' id='word_1_250' title='bbox 461 2041 589 2112; x_wconf 84' lang='lat' dir='ltr'><strong>bus,</strong></span> <span class='ocrx_word' id='word_1_251' title='bbox 612 2058 710 2114; x_wconf 90' lang='lat' dir='ltr'><strong>pro</strong></span> <span class='ocrx_word' id='word_1_252' title='bbox 732 2052 875 2099; x_wconf 89' lang='lat' dir='ltr'><strong>statu</strong></span> <span class='ocrx_word' id='word_1_253' title='bbox 896 2045 1102 2112; x_wconf 65' lang='lat' dir='ltr'><strong>saeculi,</strong></span> <span class='ocrx_word' id='word_1_254' title='bbox 1130 2061 1193 2100; x_wconf 92' lang='lat' dir='ltr'><strong>ac</strong></span> <span class='ocrx_word' id='word_1_255' title='bbox 1223 2062 1400 2102; x_wconf 90' lang='lat' dir='ltr'><strong>rerum</strong></span> <span class='ocrx_word' id='word_1_256' title='bbox 1431 2047 1629 2118; x_wconf 90' lang='lat' dir='ltr'><strong>quiete,</strong></span> <span class='ocrx_word' id='word_1_257' title='bbox 1658 2063 1758 2118; x_wconf 89' lang='lat' dir='ltr'><strong>pro</strong></span> <span class='ocrx_word' id='word_1_258' title='bbox 1788 2064 1935 2102; x_wconf 88' lang='lat' dir='ltr'><strong>mora</strong></span> <span class='ocrx_word' id='word_1_259' title='bbox 1969 2048 2060 2102; x_wconf 89' lang='lat' dir='ltr'><strong>fini</strong></span> 
     </span>
    </p>
   </div>
   <div class='ocr_carea' id='block_1_37' title="bbox 458 2135 2059 2210">
    <p class='ocr_par' dir='ltr' id='par_1_37' title="bbox 458 2135 2059 2210">
     <span class='ocr_line' id='line_1_37' title="bbox 458 2135 2059 2210; baseline 0.002 -19"><span class='ocrx_word' id='word_1_260' title='bbox 458 2135 657 2192; x_wconf 86' lang='lat' dir='ltr'><strong>ultimo</strong></span> <span class='ocrx_word' id='word_1_261' title='bbox 684 2136 870 2191; x_wconf 91' lang='lat' dir='ltr'><strong>mundi</strong></span> <span class='ocrx_word' id='word_1_262' title='bbox 898 2136 1189 2193; x_wconf 81' lang='lat' dir='ltr'><strong>aﬂ&#39;erenda.</strong></span> <span class='ocrx_word' id='word_1_263' title='bbox 1224 2137 1360 2193; x_wconf 87' lang='lat' dir='ltr'><strong>Tum</strong></span> <span class='ocrx_word' id='word_1_264' title='bbox 1389 2137 1584 2194; x_wconf 84' lang='lat' dir='ltr'><strong>dehinc</strong></span> <span class='ocrx_word' id='word_1_265' title='bbox 1620 2139 1935 2210; x_wconf 80' lang='lat' dir='ltr'><strong>legebantur</strong></span> <span class='ocrx_word' id='word_1_266' title='bbox 1975 2139 2059 2195; x_wconf 84' lang='lat' dir='ltr'><strong>di-</strong></span> 
     </span>
    </p>
   </div>
   <div class='ocr_carea' id='block_1_38' title="bbox 456 2226 2058 2300">
    <p class='ocr_par' dir='ltr' id='par_1_38' title="bbox 456 2226 2058 2300">
     <span class='ocr_line' id='line_1_38' title="bbox 456 2226 2058 2300; baseline 0.002 -19"><span class='ocrx_word' id='word_1_267' title='bbox 456 2226 600 2282; x_wconf 66' lang='lat' dir='ltr'><strong>vinae</strong></span> <span class='ocrx_word' id='word_1_268' title='bbox 625 2226 942 2298; x_wconf 69' lang='lat' dir='ltr'><strong>Scriptum,</strong></span> <span class='ocrx_word' id='word_1_269' title='bbox 974 2229 1168 2300; x_wconf 89' lang='lat' dir='ltr'><strong>quibus</strong></span> <span class='ocrx_word' id='word_1_270' title='bbox 1197 2229 1521 2284; x_wconf 87' lang='lat' dir='ltr'><strong>adstantium</strong></span> <span class='ocrx_word' id='word_1_271' title='bbox 1561 2240 1849 2300; x_wconf 86' lang='lat' dir='ltr'><strong>pascerent</strong></span> <span class='ocrx_word' id='word_1_272' title='bbox 1875 2230 2058 2297; x_wconf 85' lang='lat' dir='ltr'><strong>fidem,</strong></span> 
     </span>
    </p>
   </div>
   <div class='ocr_carea' id='block_1_39' title="bbox 459 2320 2062 2393">
    <p class='ocr_par' dir='ltr' id='par_1_39' title="bbox 459 2320 2062 2393">
     <span class='ocr_line' id='line_1_39' title="bbox 459 2320 2062 2393; baseline 0.002 -18"><span class='ocrx_word' id='word_1_273' title='bbox 459 2332 614 2390; x_wconf 77' lang='lat' dir='ltr'><strong>Spem</strong></span> <span class='ocrx_word' id='word_1_274' title='bbox 644 2321 951 2391; x_wconf 86' lang='lat' dir='ltr'><strong>erigerent,</strong></span> <span class='ocrx_word' id='word_1_275' title='bbox 980 2337 1044 2376; x_wconf 92' lang='lat' dir='ltr'><strong>ac</strong></span> <span class='ocrx_word' id='word_1_276' title='bbox 1085 2320 1311 2392; x_wconf 89' lang='lat' dir='ltr'><strong>figerent</strong></span> <span class='ocrx_word' id='word_1_277' title='bbox 1362 2322 1634 2378; x_wconf 81' lang='lat' dir='ltr'><strong>fiduciam.</strong></span> <span class='ocrx_word' id='word_1_278' title='bbox 1686 2323 2062 2393; x_wconf 82' lang='lat' dir='ltr'><strong>Sequebantur</strong></span> 
     </span>
    </p>
   </div>
   <div class='ocr_carea' id='block_1_40' title="bbox 455 2409 2064 2487">
    <p class='ocr_par' dir='ltr' id='par_1_40' title="bbox 455 2409 2064 2487">
     <span class='ocr_line' id='line_1_40' title="bbox 455 2409 2064 2487; baseline 0.002 -20"><span class='ocrx_word' id='word_1_279' title='bbox 455 2419 646 2484; x_wconf 86' lang='lat' dir='ltr'><strong>postea</strong></span> <span class='ocrx_word' id='word_1_280' title='bbox 667 2411 1091 2480; x_wconf 76' lang='lat' dir='ltr'><strong>exhortationes,</strong></span> <span class='ocrx_word' id='word_1_281' title='bbox 1118 2409 1520 2486; x_wconf 82' lang='lat' dir='ltr'><strong>castigationes,</strong></span> <span class='ocrx_word' id='word_1_282' title='bbox 1549 2424 1603 2470; x_wconf 91' lang='lat' dir='ltr'><strong>et</strong></span> <span class='ocrx_word' id='word_1_283' title='bbox 1631 2415 1814 2471; x_wconf 89' lang='lat' dir='ltr'><strong>divina</strong></span> <span class='ocrx_word' id='word_1_284' title='bbox 1842 2415 1911 2471; x_wconf 92' lang='lat' dir='ltr'><strong>ob</strong></span> <span class='ocrx_word' id='word_1_285' title='bbox 1941 2431 2064 2487; x_wconf 87' lang='lat' dir='ltr'><strong>gra-</strong></span> 
     </span>
    </p>
   </div>
   <div class='ocr_carea' id='block_1_41' title="bbox 454 2503 2063 2576">
    <p class='ocr_par' dir='ltr' id='par_1_41' title="bbox 454 2503 2063 2576">
     <span class='ocr_line' id='line_1_41' title="bbox 454 2503 2063 2576; baseline 0.003 -18"><span class='ocrx_word' id='word_1_286' title='bbox 454 2517 524 2560; x_wconf 89' lang='lat' dir='ltr'><strong>ve</strong></span> <span class='ocrx_word' id='word_1_287' title='bbox 550 2503 770 2576; x_wconf 87' lang='lat' dir='ltr'><strong>aliquod</strong></span> <span class='ocrx_word' id='word_1_288' title='bbox 794 2513 1068 2576; x_wconf 90' lang='lat' dir='ltr'><strong>peccatum</strong></span> <span class='ocrx_word' id='word_1_289' title='bbox 1097 2520 1341 2562; x_wconf 90' lang='lat' dir='ltr'><strong>censura.</strong></span> <span class='ocrx_word' id='word_1_290' title='bbox 1376 2505 1747 2563; x_wconf 71' lang='lat' dir='ltr'><strong>Prae-sidebant</strong></span> <span class='ocrx_word' id='word_1_291' title='bbox 1769 2515 1945 2563; x_wconf 89' lang='lat' dir='ltr'><strong>autem</strong></span> <span class='ocrx_word' id='word_1_292' title='bbox 1977 2507 2063 2563; x_wconf 91' lang='lat' dir='ltr'><strong>his</strong></span> 
     </span>
    </p>
   </div>
   <div class='ocr_carea' id='block_1_42' title="bbox 456 2597 2063 2671">
    <p class='ocr_par' dir='ltr' id='par_1_42' title="bbox 456 2597 2063 2671">
     <span class='ocr_line' id='line_1_42' title="bbox 456 2597 2063 2671; baseline 0.002 -17"><span class='ocrx_word' id='word_1_293' title='bbox 456 2597 688 2654; x_wconf 75' lang='lat' dir='ltr'><strong>ctetibus</strong></span> <span class='ocrx_word' id='word_1_294' title='bbox 716 2598 926 2669; x_wconf 90' lang='lat' dir='ltr'><strong>probati</strong></span> <span class='ocrx_word' id='word_1_295' title='bbox 974 2599 1254 2665; x_wconf 88' lang='lat' dir='ltr'><strong>seniores,</strong></span> <span class='ocrx_word' id='word_1_296' title='bbox 1309 2614 1414 2655; x_wconf 92' lang='lat' dir='ltr'><strong>non</strong></span> <span class='ocrx_word' id='word_1_297' title='bbox 1463 2600 1670 2671; x_wconf 91' lang='lat' dir='ltr'><strong>pretio,</strong></span> <span class='ocrx_word' id='word_1_298' title='bbox 1723 2601 1819 2658; x_wconf 89' lang='lat' dir='ltr'><strong>sed</strong></span> <span class='ocrx_word' id='word_1_299' title='bbox 1867 2601 2063 2657; x_wconf 91' lang='lat' dir='ltr'><strong>merito</strong></span> 
     </span>
    </p>
   </div>
   <div class='ocr_carea' id='block_1_43' title="bbox 455 2690 2062 2766">
    <p class='ocr_par' dir='ltr' id='par_1_43' title="bbox 455 2690 2062 2766">
     <span class='ocr_line' id='line_1_43' title="bbox 455 2690 2062 2766; baseline 0.002 -20"><span class='ocrx_word' id='word_1_300' title='bbox 455 2690 603 2748; x_wconf 86' lang='lat' dir='ltr'><strong>hunc</strong></span> <span class='ocrx_word' id='word_1_301' title='bbox 648 2693 910 2749; x_wconf 85' lang='lat' dir='ltr'><strong>honorem</strong></span> <span class='ocrx_word' id='word_1_302' title='bbox 951 2692 1152 2765; x_wconf 87' lang='lat' dir='ltr'><strong>adepti.</strong></span> <span class='ocrx_word' id='word_1_303' title='bbox 1188 2693 1574 2766; x_wconf 89' lang='lat' dir='ltr'><strong>Unusquisque</strong></span> <span class='ocrx_word' id='word_1_304' title='bbox 1608 2709 1739 2751; x_wconf 89' lang='lat' dir='ltr'><strong>vero</strong></span> <span class='ocrx_word' id='word_1_305' title='bbox 1786 2702 2062 2752; x_wconf 89' lang='lat' dir='ltr'><strong>menstrua</strong></span> 
     </span>
    </p>
   </div>
   <div class='ocr_carea' id='block_1_44' title="bbox 457 2782 2062 2857">
    <p class='ocr_par' dir='ltr' id='par_1_44' title="bbox 457 2782 2062 2857">
     <span class='ocr_line' id='line_1_44' title="bbox 457 2782 2062 2857; baseline 0.002 -17"><span class='ocrx_word' id='word_1_306' title='bbox 457 2782 550 2841; x_wconf 92' lang='lat' dir='ltr'><strong>die</strong></span> <span class='ocrx_word' id='word_1_307' title='bbox 573 2784 839 2841; x_wconf 89' lang='lat' dir='ltr'><strong>modicam</strong></span> <span class='ocrx_word' id='word_1_308' title='bbox 862 2785 1054 2856; x_wconf 90' lang='lat' dir='ltr'><strong>stipem</strong></span> <span class='ocrx_word' id='word_1_309' title='bbox 1081 2801 1178 2841; x_wconf 88' lang='lat' dir='ltr'><strong>sua</strong></span> <span class='ocrx_word' id='word_1_310' title='bbox 1209 2796 1423 2856; x_wconf 87' lang='lat' dir='ltr'><strong>sponte,</strong></span> <span class='ocrx_word' id='word_1_311' title='bbox 1443 2795 1497 2841; x_wconf 91' lang='lat' dir='ltr'><strong>et</strong></span> <span class='ocrx_word' id='word_1_312' title='bbox 1525 2801 1622 2857; x_wconf 91' lang='lat' dir='ltr'><strong>pro</strong></span> <span class='ocrx_word' id='word_1_313' title='bbox 1640 2785 1858 2843; x_wconf 92' lang='lat' dir='ltr'><strong>modulo</strong></span> <span class='ocrx_word' id='word_1_314' title='bbox 1876 2787 2062 2844; x_wconf 86' lang='lat' dir='ltr'><strong>confe-</strong></span> 
     </span>
    </p>
   </div>
   <div class='ocr_carea' id='block_1_45' title="bbox 455 2866 2058 2951">
    <p class='ocr_par' dir='ltr' id='par_1_45' title="bbox 455 2866 2058 2951">
     <span class='ocr_line' id='line_1_45' title="bbox 455 2866 2058 2951; baseline 0.001 -17"><span class='ocrx_word' id='word_1_315' title='bbox 455 2878 614 2934; x_wconf 89' lang='lat' dir='ltr'><strong>rebat</strong></span> <span class='ocrx_word' id='word_1_316' title='bbox 650 2877 719 2933; x_wconf 91' lang='lat' dir='ltr'><strong>ad</strong></span> <span class='ocrx_word' id='word_1_317' title='bbox 762 2877 989 2934; x_wconf 90' lang='lat' dir='ltr'><strong>alendos</strong></span> <span class='ocrx_word' id='word_1_318' title='bbox 1031 2878 1302 2950; x_wconf 90' lang='lat' dir='ltr'><strong>quoslibet</strong></span> <span class='ocrx_word' id='word_1_319' title='bbox 1341 2866 1563 2950; x_wconf 81' lang='lat' dir='ltr'><strong>egenos,</strong></span> <span class='ocrx_word' id='word_1_320' title='bbox 1612 2894 1794 2948; x_wconf 89' lang='lat' dir='ltr'><strong>senes,</strong></span> <span class='ocrx_word' id='word_1_321' title='bbox 1841 2895 2058 2951; x_wconf 90' lang='lat' dir='ltr'><strong>pueros,</strong></span> 
     </span>
    </p>
   </div>
   <div class='ocr_carea' id='block_1_46' title="bbox 457 2968 2061 3042">
    <p class='ocr_par' dir='ltr' id='par_1_46' title="bbox 457 2968 2061 3042">
     <span class='ocr_line' id='line_1_46' title="bbox 457 2968 2061 3042; baseline 0.002 -17"><span class='ocrx_word' id='word_1_322' title='bbox 457 2968 700 3037; x_wconf 82' lang='lat' dir='ltr'><strong>exsules,</strong></span> <span class='ocrx_word' id='word_1_323' title='bbox 731 2969 1043 3026; x_wconf 87' lang='lat' dir='ltr'><strong>carceribus</strong></span> <span class='ocrx_word' id='word_1_324' title='bbox 1073 2970 1426 3040; x_wconf 82' lang='lat' dir='ltr'><strong>mancipatus,</strong></span> <span class='ocrx_word' id='word_1_325' title='bbox 1476 2971 1716 3042; x_wconf 88' lang='lat' dir='ltr'><strong>aliosque</strong></span> <span class='ocrx_word' id='word_1_326' title='bbox 1747 2969 1814 3026; x_wconf 89' lang='lat' dir='ltr'><strong>ad</strong></span> <span class='ocrx_word' id='word_1_327' title='bbox 1845 2971 2061 3028; x_wconf 89' lang='lat' dir='ltr'><strong>metalla</strong></span> 
     </span>
    </p>
   </div>
   <div class='ocr_carea' id='block_1_47' title="bbox 459 3059 2062 3133">
    <p class='ocr_par' dir='ltr' id='par_1_47' title="bbox 459 3059 2062 3133">
     <span class='ocr_line' id='line_1_47' title="bbox 459 3059 2062 3133; baseline 0.002 -16"><span class='ocrx_word' id='word_1_328' title='bbox 459 3060 768 3117; x_wconf 89' lang='lat' dir='ltr'><strong>damnatos.</strong></span> <span class='ocrx_word' id='word_1_329' title='bbox 796 3059 1009 3117; x_wconf 89' lang='lat' dir='ltr'><strong>Ethnici</strong></span> <span class='ocrx_word' id='word_1_330' title='bbox 1059 3076 1189 3133; x_wconf 89' lang='lat' dir='ltr'><strong>ergo</strong></span> <span class='ocrx_word' id='word_1_331' title='bbox 1218 3062 1412 3118; x_wconf 83' lang='lat' dir='ltr'><strong>frustra</strong></span> <span class='ocrx_word' id='word_1_332' title='bbox 1439 3062 1774 3118; x_wconf 84' lang='lat' dir='ltr'><strong>conabantur</strong></span> <span class='ocrx_word' id='word_1_333' title='bbox 1811 3061 1953 3121; x_wconf 91' lang='lat' dir='ltr'><strong>hanc</strong></span> <span class='ocrx_word' id='word_1_334' title='bbox 1981 3064 2062 3120; x_wconf 91' lang='lat' dir='ltr'><strong>in-</strong></span> 
     </span>
    </p>
   </div>
   <div class='ocr_carea' id='block_1_48' title="bbox 459 3151 2058 3226">
    <p class='ocr_par' dir='ltr' id='par_1_48' title="bbox 459 3151 2058 3226">
     <span class='ocr_line' id='line_1_48' title="bbox 459 3151 2058 3226; baseline 0.003 -18"><span class='ocrx_word' id='word_1_335' title='bbox 459 3151 670 3208; x_wconf 86' lang='lat' dir='ltr'><strong>famare</strong></span> <span class='ocrx_word' id='word_1_336' title='bbox 693 3161 932 3209; x_wconf 86' lang='lat' dir='ltr'><strong>mutuam</strong></span> <span class='ocrx_word' id='word_1_337' title='bbox 959 3151 1376 3209; x_wconf 90' lang='lat' dir='ltr'><strong>cbristianorum</strong></span> <span class='ocrx_word' id='word_1_338' title='bbox 1401 3153 1742 3224; x_wconf 89' lang='lat' dir='ltr'><strong>cbaritatem,</strong></span> <span class='ocrx_word' id='word_1_339' title='bbox 1769 3169 1874 3226; x_wconf 89' lang='lat' dir='ltr'><strong>qua</strong></span> <span class='ocrx_word' id='word_1_340' title='bbox 1897 3157 2058 3212; x_wconf 89' lang='lat' dir='ltr'><strong>etiam</strong></span> 
     </span>
    </p>
   </div>
   <div class='ocr_carea' id='block_1_49' title="bbox 2166 1937 3768 2008">
    <p class='ocr_par' dir='ltr' id='par_1_49' title="bbox 2166 1937 3768 2008">
     <span class='ocr_line' id='line_1_49' title="bbox 2166 1937 3768 2008; baseline -0.001 -13"><span class='ocrx_word' id='word_1_341' title='bbox 2166 1949 2351 1996; x_wconf 72' lang='lat' dir='ltr'><strong>exorta</strong></span> <span class='ocrx_word' id='word_1_342' title='bbox 2369 1951 2450 1995; x_wconf 91' lang='lat' dir='ltr'><strong>est</strong></span> <span class='ocrx_word' id='word_1_343' title='bbox 2466 1937 2664 1994; x_wconf 88' lang='lat' dir='ltr'><strong>Christi</strong></span> <span class='ocrx_word' id='word_1_344' title='bbox 2689 1939 2892 2008; x_wconf 78' lang='lat' dir='ltr'><strong>religio,</strong></span> <span class='ocrx_word' id='word_1_345' title='bbox 2912 1938 3141 1994; x_wconf 90' lang='lat' dir='ltr'><strong>leviores</strong></span> <span class='ocrx_word' id='word_1_346' title='bbox 3164 1938 3348 2008; x_wconf 86' lang='lat' dir='ltr'><strong>procul</strong></span> <span class='ocrx_word' id='word_1_347' title='bbox 3370 1938 3534 1994; x_wconf 91' lang='lat' dir='ltr'><strong>dubio</strong></span> <span class='ocrx_word' id='word_1_348' title='bbox 3551 1937 3768 1994; x_wconf 87' lang='lat' dir='ltr'><strong>fuerunt</strong></span> 
     </span>
    </p>
   </div>
   <div class='ocr_carea' id='block_1_50' title="bbox 2166 2029 3766 2103">
    <p class='ocr_par' dir='ltr' id='par_1_50' title="bbox 2166 2029 3766 2103">
     <span class='ocr_line' id='line_1_50' title="bbox 2166 2029 3766 2103; baseline -0.001 -17"><span class='ocrx_word' id='word_1_349' title='bbox 2166 2031 2394 2103; x_wconf 60' lang='lat' dir='ltr'><strong>publica:</strong></span> <span class='ocrx_word' id='word_1_350' title='bbox 2421 2029 2725 2102; x_wconf 91' lang='lat' dir='ltr'><strong>hujusmodi</strong></span> <span class='ocrx_word' id='word_1_351' title='bbox 2751 2031 3102 2086; x_wconf 87' lang='lat' dir='ltr'><strong>calamitates.</strong></span> <span class='ocrx_word' id='word_1_352' title='bbox 3133 2029 3281 2084; x_wconf 85' lang='lat' dir='ltr'><strong>Illius</strong></span> <span class='ocrx_word' id='word_1_353' title='bbox 3304 2031 3499 2100; x_wconf 87' lang='lat' dir='ltr'><strong>quippe</strong></span> <span class='ocrx_word' id='word_1_354' title='bbox 3526 2038 3766 2086; x_wconf 84' lang='lat' dir='ltr'><strong>sectato-</strong></span> 
     </span>
    </p>
   </div>
   <div class='ocr_carea' id='block_1_51' title="bbox 2165 2123 3765 2196">
    <p class='ocr_par' dir='ltr' id='par_1_51' title="bbox 2165 2123 3765 2196">
     <span class='ocr_line' id='line_1_51' title="bbox 2165 2123 3765 2196; baseline -0.002 -14"><span class='ocrx_word' id='word_1_355' title='bbox 2165 2141 2282 2182; x_wconf 90' lang='lat' dir='ltr'><strong>rum</strong></span> <span class='ocrx_word' id='word_1_356' title='bbox 2316 2125 2618 2181; x_wconf 82' lang='lat' dir='ltr'><strong>innocentia</strong></span> <span class='ocrx_word' id='word_1_357' title='bbox 2639 2124 2972 2196; x_wconf 88' lang='lat' dir='ltr'><strong>iniquitatem</strong></span> <span class='ocrx_word' id='word_1_358' title='bbox 2994 2124 3176 2180; x_wconf 70' lang='lat' dir='ltr'><strong>smculi</strong></span> <span class='ocrx_word' id='word_1_359' title='bbox 3197 2123 3532 2194; x_wconf 88' lang='lat' dir='ltr'><strong>temperavit.</strong></span> <span class='ocrx_word' id='word_1_360' title='bbox 3551 2123 3619 2178; x_wconf 86' lang='lat' dir='ltr'><strong>Et</strong></span> <span class='ocrx_word' id='word_1_361' title='bbox 3634 2137 3765 2179; x_wconf 89' lang='lat' dir='ltr'><strong>vero</strong></span> 
     </span>
    </p>
   </div>
   <div class='ocr_carea' id='block_1_52' title="bbox 2163 2212 3772 2287">
    <p class='ocr_par' dir='ltr' id='par_1_52' title="bbox 2163 2212 3772 2287">
     <span class='ocr_line' id='line_1_52' title="bbox 2163 2212 3772 2287; baseline -0.002 -14"><span class='ocrx_word' id='word_1_362' title='bbox 2163 2217 2255 2273; x_wconf 91' lang='lat' dir='ltr'><strong>ubi</strong></span> <span class='ocrx_word' id='word_1_363' title='bbox 2271 2218 2576 2273; x_wconf 88' lang='lat' dir='ltr'><strong>calamitate</strong></span> <span class='ocrx_word' id='word_1_364' title='bbox 2592 2216 2766 2287; x_wconf 89' lang='lat' dir='ltr'><strong>aliqua</strong></span> <span class='ocrx_word' id='word_1_365' title='bbox 2789 2214 3020 2270; x_wconf 92' lang='lat' dir='ltr'><strong>mundus</strong></span> <span class='ocrx_word' id='word_1_366' title='bbox 3042 2214 3406 2284; x_wconf 76' lang='lat' dir='ltr'><strong>premebatur,</strong></span> <span class='ocrx_word' id='word_1_367' title='bbox 3428 2222 3539 2269; x_wconf 90' lang='lat' dir='ltr'><strong>tum</strong></span> <span class='ocrx_word' id='word_1_368' title='bbox 3561 2212 3772 2270; x_wconf 90' lang='lat' dir='ltr'><strong>ethnici</strong></span> 
     </span>
    </p>
   </div>
   <div class='ocr_carea' id='block_1_53' title="bbox 2165 2304 3767 2376">
    <p class='ocr_par' dir='ltr' id='par_1_53' title="bbox 2165 2304 3767 2376">
     <span class='ocr_line' id='line_1_53' title="bbox 2165 2304 3767 2376; baseline -0.005 -10"><span class='ocrx_word' id='word_1_369' title='bbox 2165 2309 2332 2366; x_wconf 76' lang='lat' dir='ltr'><strong>falsos</strong></span> <span class='ocrx_word' id='word_1_370' title='bbox 2357 2310 2489 2365; x_wconf 90' lang='lat' dir='ltr'><strong>deos</strong></span> <span class='ocrx_word' id='word_1_371' title='bbox 2513 2323 2642 2364; x_wconf 90' lang='lat' dir='ltr'><strong>suos</strong></span> <span class='ocrx_word' id='word_1_372' title='bbox 2672 2306 2868 2362; x_wconf 90' lang='lat' dir='ltr'><strong>ritibus</strong></span> <span class='ocrx_word' id='word_1_373' title='bbox 2896 2306 3069 2362; x_wconf 83' lang='lat' dir='ltr'><strong>solitis</strong></span> <span class='ocrx_word' id='word_1_374' title='bbox 3099 2320 3380 2376; x_wconf 89' lang='lat' dir='ltr'><strong>perperam</strong></span> <span class='ocrx_word' id='word_1_375' title='bbox 3427 2304 3722 2376; x_wconf 85' lang='lat' dir='ltr'><strong>fatigabant</strong></span> <span class='ocrx_word' id='word_1_376' title='bbox 3751 2321 3767 2358; x_wconf 90' lang='lat'><strong>:</strong></span> 
     </span>
    </p>
   </div>
   <div class='ocr_carea' id='block_1_54' title="bbox 2170 2395 3771 2470">
    <p class='ocr_par' dir='ltr' id='par_1_54' title="bbox 2170 2395 3771 2470">
     <span class='ocr_line' id='line_1_54' title="bbox 2170 2395 3771 2470; baseline -0.003 -12"><span class='ocrx_word' id='word_1_377' title='bbox 2170 2403 2451 2460; x_wconf 90' lang='lat' dir='ltr'><strong>christiani</strong></span> <span class='ocrx_word' id='word_1_378' title='bbox 2483 2416 2610 2457; x_wconf 83' lang='lat' dir='ltr'><strong>vero</strong></span> <span class='ocrx_word' id='word_1_379' title='bbox 2630 2395 2982 2464; x_wconf 81' lang='lat' dir='ltr'><strong>continentia,</strong></span> <span class='ocrx_word' id='word_1_380' title='bbox 3003 2398 3242 2470; x_wconf 91' lang='lat' dir='ltr'><strong>jejuniis,</strong></span> <span class='ocrx_word' id='word_1_381' title='bbox 3257 2398 3484 2468; x_wconf 86' lang='lat' dir='ltr'><strong>aliisque</strong></span> <span class='ocrx_word' id='word_1_382' title='bbox 3505 2397 3771 2468; x_wconf 58' lang='lat' dir='ltr'><strong>paeniten-</strong></span> 
     </span>
    </p>
   </div>
   <div class='ocr_carea' id='block_1_55' title="bbox 2168 2489 3771 2551">
    <p class='ocr_par' dir='ltr' id='par_1_55' title="bbox 2168 2489 3771 2551">
     <span class='ocr_line' id='line_1_55' title="bbox 2168 2489 3771 2551; baseline -0.004 0"><span class='ocrx_word' id='word_1_383' title='bbox 2168 2495 2256 2551; x_wconf 71' lang='lat' dir='ltr'><strong>tizc</strong></span> <span class='ocrx_word' id='word_1_384' title='bbox 2282 2495 2490 2550; x_wconf 88' lang='lat' dir='ltr'><strong>actibus</strong></span> <span class='ocrx_word' id='word_1_385' title='bbox 2515 2492 2813 2549; x_wconf 87' lang='lat' dir='ltr'><strong>exorabant</strong></span> <span class='ocrx_word' id='word_1_386' title='bbox 2841 2491 2953 2547; x_wconf 87' lang='lat' dir='ltr'><strong>veri</strong></span> <span class='ocrx_word' id='word_1_387' title='bbox 2985 2491 3078 2546; x_wconf 87' lang='lat' dir='ltr'><strong>Dei</strong></span> <span class='ocrx_word' id='word_1_388' title='bbox 3105 2489 3553 2546; x_wconf 86' lang='lat' dir='ltr'><strong>misericordiam.</strong></span> <span class='ocrx_word' id='word_1_389' title='bbox 3573 2489 3691 2545; x_wconf 90' lang='lat' dir='ltr'><strong>Non</strong></span> <span class='ocrx_word' id='word_1_390' title='bbox 3714 2490 3771 2546; x_wconf 81' lang='grc' dir='ltr'><strong>Ιιί</strong></span> 
     </span>
    </p>
   </div>
   <div class='ocr_carea' id='block_1_56' title="bbox 2163 2584 3770 2660">
    <p class='ocr_par' dir='ltr' id='par_1_56' title="bbox 2163 2584 3770 2660">
     <span class='ocr_line' id='line_1_56' title="bbox 2163 2584 3770 2660; baseline -0.004 -14"><span class='ocrx_word' id='word_1_391' title='bbox 2163 2589 2342 2660; x_wconf 83' lang='lat' dir='ltr'><strong>itaque</strong></span> <span class='ocrx_word' id='word_1_392' title='bbox 2372 2588 2483 2644; x_wconf 89' lang='lat' dir='ltr'><strong>veri</strong></span> <span class='ocrx_word' id='word_1_393' title='bbox 2516 2587 2609 2643; x_wconf 92' lang='lat' dir='ltr'><strong>Dei</strong></span> <span class='ocrx_word' id='word_1_394' title='bbox 2635 2587 2894 2652; x_wconf 89' lang='lat' dir='ltr'><strong>cultores,</strong></span> <span class='ocrx_word' id='word_1_395' title='bbox 2921 2585 3015 2642; x_wconf 90' lang='lat' dir='ltr'><strong>sed</strong></span> <span class='ocrx_word' id='word_1_396' title='bbox 3059 2584 3282 2651; x_wconf 88' lang='lat' dir='ltr'><strong>ethnici,</strong></span> <span class='ocrx_word' id='word_1_397' title='bbox 3329 2584 3480 2640; x_wconf 92' lang='lat' dir='ltr'><strong>illum</strong></span> <span class='ocrx_word' id='word_1_398' title='bbox 3504 2599 3770 2654; x_wconf 85' lang='lat' dir='ltr'><strong>spernen-</strong></span> 
     </span>
    </p>
   </div>
   <div class='ocr_carea' id='block_1_57' title="bbox 2165 2677 3765 2755">
    <p class='ocr_par' dir='ltr' id='par_1_57' title="bbox 2165 2677 3765 2755">
     <span class='ocr_line' id='line_1_57' title="bbox 2165 2677 3765 2755; baseline -0.004 -14"><span class='ocrx_word' id='word_1_399' title='bbox 2165 2694 2266 2752; x_wconf 88' lang='lat' dir='ltr'><strong>tes,</strong></span> <span class='ocrx_word' id='word_1_400' title='bbox 2286 2683 2616 2755; x_wconf 90' lang='lat' dir='ltr'><strong>publicarum</strong></span> <span class='ocrx_word' id='word_1_401' title='bbox 2645 2682 3010 2737; x_wconf 88' lang='lat' dir='ltr'><strong>calamitatum</strong></span> <span class='ocrx_word' id='word_1_402' title='bbox 3029 2695 3188 2736; x_wconf 91' lang='lat' dir='ltr'><strong>causa</strong></span> <span class='ocrx_word' id='word_1_403' title='bbox 3215 2689 3368 2734; x_wconf 91' lang='lat' dir='ltr'><strong>erant</strong></span> <span class='ocrx_word' id='word_1_404' title='bbox 3389 2677 3765 2751; x_wconf 69' lang='lat' dir='ltr'><strong>(cap.39,40).</strong></span> 
     </span>
    </p>
   </div>
   <div class='ocr_carea' id='block_1_58' title="bbox 2237 2759 3766 2844">
    <p class='ocr_par' dir='ltr' id='par_1_58' title="bbox 2237 2759 3766 2844">
     <span class='ocr_line' id='line_1_58' title="bbox 2237 2759 3766 2844; baseline -0.003 -13"><span class='ocrx_word' id='word_1_405' title='bbox 2237 2759 2404 2832; x_wconf 85' lang='lat' dir='ltr'><strong>Instat</strong></span> <span class='ocrx_word' id='word_1_406' title='bbox 2433 2774 2612 2831; x_wconf 90' lang='lat' dir='ltr'><strong>adhuc</strong></span> <span class='ocrx_word' id='word_1_407' title='bbox 2655 2774 3017 2830; x_wconf 85' lang='lat' dir='ltr'><strong>Tertullianus</strong></span> <span class='ocrx_word' id='word_1_408' title='bbox 3043 2772 3404 2844; x_wconf 86' lang='lat' dir='ltr'><strong>iniquissimos</strong></span> <span class='ocrx_word' id='word_1_409' title='bbox 3430 2786 3550 2827; x_wconf 89' lang='lat' dir='ltr'><strong>esse</strong></span> <span class='ocrx_word' id='word_1_410' title='bbox 3578 2772 3766 2827; x_wconf 88' lang='lat' dir='ltr'><strong>horum</strong></span> 
     </span>
    </p>
   </div>
   <div class='ocr_carea' id='block_1_59' title="bbox 2162 2867 3766 2939">
    <p class='ocr_par' dir='ltr' id='par_1_59' title="bbox 2162 2867 3766 2939">
     <span class='ocr_line' id='line_1_59' title="bbox 2162 2867 3766 2939; baseline -0.002 -14"><span class='ocrx_word' id='word_1_411' title='bbox 2162 2867 2334 2933; x_wconf 87' lang='lat' dir='ltr'><strong>deos,</strong></span> <span class='ocrx_word' id='word_1_412' title='bbox 2367 2869 2412 2924; x_wconf 91' lang='lat' dir='ltr'><strong>si</strong></span> <span class='ocrx_word' id='word_1_413' title='bbox 2461 2877 2680 2939; x_wconf 86' lang='lat' dir='ltr'><strong>propter</strong></span> <span class='ocrx_word' id='word_1_414' title='bbox 2728 2867 3145 2923; x_wconf 87' lang='lat' dir='ltr'><strong>cbristianorum</strong></span> <span class='ocrx_word' id='word_1_415' title='bbox 3178 2867 3391 2929; x_wconf 79' lang='lat' dir='ltr'><strong>scelera</strong></span> <span class='ocrx_word' id='word_1_416' title='bbox 3435 2867 3556 2921; x_wconf 92' lang='lat' dir='ltr'><strong>illos</strong></span> <span class='ocrx_word' id='word_1_417' title='bbox 3609 2867 3766 2922; x_wconf 89' lang='lat' dir='ltr'><strong>tantis</strong></span> 
     </span>
    </p>
   </div>
   <div class='ocr_carea' id='block_1_60' title="bbox 2163 2957 3765 3016">
    <p class='ocr_par' dir='ltr' id='par_1_60' title="bbox 2163 2957 3765 3016">
     <span class='ocr_line' id='line_1_60' title="bbox 2163 2957 3765 3016; baseline -0.001 -1"><span class='ocrx_word' id='word_1_418' title='bbox 2163 2960 2320 3016; x_wconf 84' lang='lat' dir='ltr'><strong>malis</strong></span> <span class='ocrx_word' id='word_1_419' title='bbox 2363 2957 2622 3016; x_wconf 78' lang='lat' dir='ltr'><strong>afﬂictent</strong></span> <span class='ocrx_word' id='word_1_420' title='bbox 2664 2974 2729 3015; x_wconf 93' lang='lat' dir='ltr'><strong>ac</strong></span> <span class='ocrx_word' id='word_1_421' title='bbox 2772 2959 3078 3014; x_wconf 86' lang='lat' dir='ltr'><strong>eonficiaut.</strong></span> <span class='ocrx_word' id='word_1_422' title='bbox 3124 2959 3232 3014; x_wconf 78' lang='lat' dir='ltr'><strong>Nec</strong></span> <span class='ocrx_word' id='word_1_423' title='bbox 3277 2958 3404 3013; x_wconf 92' lang='lat' dir='ltr'><strong>sinit</strong></span> <span class='ocrx_word' id='word_1_424' title='bbox 3456 2958 3559 3013; x_wconf 91' lang='lat' dir='ltr'><strong>hoc</strong></span> <span class='ocrx_word' id='word_1_425' title='bbox 3605 2959 3765 3015; x_wconf 88' lang='lat' dir='ltr'><strong>telum</strong></span> 
     </span>
    </p>
   </div>
   <div class='ocr_carea' id='block_1_61' title="bbox 2163 3049 3766 3121">
    <p class='ocr_par' dir='ltr' id='par_1_61' title="bbox 2163 3049 3766 3121">
     <span class='ocr_line' id='line_1_61' title="bbox 2163 3049 3766 3121; baseline -0.001 -14"><span class='ocrx_word' id='word_1_426' title='bbox 2163 3051 2219 3108; x_wconf 92' lang='lat' dir='ltr'><strong>in</strong></span> <span class='ocrx_word' id='word_1_427' title='bbox 2257 3051 2581 3108; x_wconf 86' lang='lat' dir='ltr'><strong>christianos</strong></span> <span class='ocrx_word' id='word_1_428' title='bbox 2622 3049 2948 3119; x_wconf 87' lang='lat' dir='ltr'><strong>retorqueri,</strong></span> <span class='ocrx_word' id='word_1_429' title='bbox 3003 3063 3139 3121; x_wconf 89' lang='lat' dir='ltr'><strong>quos</strong></span> <span class='ocrx_word' id='word_1_430' title='bbox 3182 3049 3324 3106; x_wconf 89' lang='lat' dir='ltr'><strong>Deus</strong></span> <span class='ocrx_word' id='word_1_431' title='bbox 3366 3049 3552 3106; x_wconf 89' lang='lat' dir='ltr'><strong>iisdem</strong></span> <span class='ocrx_word' id='word_1_432' title='bbox 3608 3060 3766 3120; x_wconf 88' lang='lat' dir='ltr'><strong>atque</strong></span> 
     </span>
    </p>
   </div>
   <div class='ocr_carea' id='block_1_62' title="bbox 2161 3141 3768 3216">
    <p class='ocr_par' dir='ltr' id='par_1_62' title="bbox 2161 3141 3768 3216">
     <span class='ocr_line' id='line_1_62' title="bbox 2161 3141 3768 3216; baseline -0.001 -16"><span class='ocrx_word' id='word_1_433' title='bbox 2161 3145 2390 3216; x_wconf 86' lang='lat' dir='ltr'><strong>gentiles</strong></span> <span class='ocrx_word' id='word_1_434' title='bbox 2447 3142 2844 3199; x_wconf 91' lang='lat' dir='ltr'><strong>calamitatibus</strong></span> <span class='ocrx_word' id='word_1_435' title='bbox 2894 3143 3124 3214; x_wconf 84' lang='lat' dir='ltr'><strong>epprinii</strong></span> <span class='ocrx_word' id='word_1_436' title='bbox 3199 3142 3519 3212; x_wconf 84' lang='lat' dir='ltr'><strong>patiebatur.</strong></span> <span class='ocrx_word' id='word_1_437' title='bbox 3585 3141 3768 3198; x_wconf 80' lang='lat' dir='ltr'><strong>Justos</strong></span> 
     </span>
    </p>
   </div>
   <div class='ocr_carea' id='block_1_63' title="bbox 458 3233 3767 3315">
    <p class='ocr_par' dir='ltr' id='par_1_63' title="bbox 458 3233 3767 3315">
     <span class='ocr_line' id='line_1_63' title="bbox 458 3233 3767 3315; baseline -0.004 -15"><span class='ocrx_word' id='word_1_438' title='bbox 458 3258 583 3301; x_wconf 82' lang='lat' dir='ltr'><strong>sese</strong></span> <span class='ocrx_word' id='word_1_439' title='bbox 631 3243 858 3301; x_wconf 88' lang='lat' dir='ltr'><strong>invicem</strong></span> <span class='ocrx_word' id='word_1_440' title='bbox 885 3258 1015 3300; x_wconf 90' lang='lat' dir='ltr'><strong>vera</strong></span> <span class='ocrx_word' id='word_1_441' title='bbox 1042 3245 1300 3315; x_wconf 89' lang='lat' dir='ltr'><strong>religione</strong></span> <span class='ocrx_word' id='word_1_442' title='bbox 1341 3244 1626 3313; x_wconf 91' lang='lat' dir='ltr'><strong>adunatos,</strong></span> <span class='ocrx_word' id='word_1_443' title='bbox 1660 3246 1854 3303; x_wconf 90' lang='lat' dir='ltr'><strong>fratres</strong></span> <span class='ocrx_word' id='word_1_444' title='bbox 1897 3262 2062 3304; x_wconf 90' lang='lat' dir='ltr'><strong>voea-</strong></span> <span class='ocrx_word' id='word_1_445' title='bbox 2090 3251 2135 3314; x_wconf 62' lang='grc' dir='ltr'><strong>(ς</strong></span> <span class='ocrx_word' id='word_1_446' title='bbox 2167 3239 2365 3310; x_wconf 91' lang='lat' dir='ltr'><strong>quippe</strong></span> <span class='ocrx_word' id='word_1_447' title='bbox 2390 3237 2658 3304; x_wconf 88' lang='lat' dir='ltr'><strong>homines,</strong></span> <span class='ocrx_word' id='word_1_448' title='bbox 2691 3237 2765 3291; x_wconf 94' lang='lat' dir='ltr'><strong>uti</strong></span> <span class='ocrx_word' id='word_1_449' title='bbox 2795 3236 2909 3306; x_wconf 89' lang='lat' dir='ltr'><strong>ipse</strong></span> <span class='ocrx_word' id='word_1_450' title='bbox 2937 3234 3126 3299; x_wconf 81' lang='lat' dir='ltr'><strong>edixit,</strong></span> <span class='ocrx_word' id='word_1_451' title='bbox 3161 3249 3268 3288; x_wconf 89' lang='lat' dir='ltr'><strong>non</strong></span> <span class='ocrx_word' id='word_1_452' title='bbox 3292 3234 3564 3289; x_wconf 85' lang='lat' dir='ltr'><strong>discernet</strong></span> <span class='ocrx_word' id='word_1_453' title='bbox 3586 3233 3656 3288; x_wconf 87' lang='lat' dir='ltr'><strong>ab</strong></span> <span class='ocrx_word' id='word_1_454' title='bbox 3681 3233 3767 3288; x_wconf 84' lang='lat' dir='ltr'><strong>in-</strong></span> 
     </span>
    </p>
   </div>
   <div class='ocr_carea' id='block_1_64' title="bbox 460 3335 2064 3408">
    <p class='ocr_par' dir='ltr' id='par_1_64' title="bbox 460 3335 2064 3408">
     <span class='ocr_line' id='line_1_64' title="bbox 460 3335 2064 3408; baseline 0.001 -15"><span class='ocrx_word' id='word_1_455' title='bbox 460 3336 630 3403; x_wconf 87' lang='lat' dir='ltr'><strong>baut;</strong></span> <span class='ocrx_word' id='word_1_456' title='bbox 673 3350 879 3408; x_wconf 89' lang='lat' dir='ltr'><strong>suaque</strong></span> <span class='ocrx_word' id='word_1_457' title='bbox 908 3335 1029 3392; x_wconf 91' lang='lat' dir='ltr'><strong>aliis</strong></span> <span class='ocrx_word' id='word_1_458' title='bbox 1070 3336 1442 3407; x_wconf 88' lang='lat' dir='ltr'><strong>partiebantur</strong></span> <span class='ocrx_word' id='word_1_459' title='bbox 1487 3337 1649 3404; x_wconf 91' lang='lat' dir='ltr'><strong>bona,</strong></span> <span class='ocrx_word' id='word_1_460' title='bbox 1700 3337 1892 3408; x_wconf 91' lang='lat' dir='ltr'><strong>quibus</strong></span> <span class='ocrx_word' id='word_1_461' title='bbox 1929 3356 2064 3395; x_wconf 89' lang='lat' dir='ltr'><strong>nun-</strong></span> 
     </span>
    </p>
   </div>
   <div class='ocr_carea' id='block_1_65' title="bbox 463 3427 2062 3500">
    <p class='ocr_par' dir='ltr' id='par_1_65' title="bbox 463 3427 2062 3500">
     <span class='ocr_line' id='line_1_65' title="bbox 463 3427 2062 3500; baseline 0.003 -16"><span class='ocrx_word' id='word_1_462' title='bbox 463 3444 626 3500; x_wconf 90' lang='lat' dir='ltr'><strong>quam</strong></span> <span class='ocrx_word' id='word_1_463' title='bbox 674 3443 781 3487; x_wconf 90' lang='lat' dir='ltr'><strong>non</strong></span> <span class='ocrx_word' id='word_1_464' title='bbox 827 3427 1181 3486; x_wconf 87' lang='lat' dir='ltr'><strong>dirimebatur</strong></span> <span class='ocrx_word' id='word_1_465' title='bbox 1234 3439 1451 3485; x_wconf 91' lang='lat' dir='ltr'><strong>mutuus</strong></span> <span class='ocrx_word' id='word_1_466' title='bbox 1497 3428 1837 3486; x_wconf 90' lang='lat' dir='ltr'><strong>ethnicorum</strong></span> <span class='ocrx_word' id='word_1_467' title='bbox 1889 3446 2062 3488; x_wconf 90' lang='lat' dir='ltr'><strong>amor.</strong></span> 
     </span>
    </p>
   </div>
   <div class='ocr_carea' id='block_1_66' title="bbox 465 3521 2066 3597">
    <p class='ocr_par' dir='ltr' id='par_1_66' title="bbox 465 3521 2066 3597">
     <span class='ocr_line' id='line_1_66' title="bbox 465 3521 2066 3597; baseline 0.002 -19"><span class='ocrx_word' id='word_1_468' title='bbox 465 3521 762 3579; x_wconf 85' lang='lat' dir='ltr'><strong>lndiscrela</strong></span> <span class='ocrx_word' id='word_1_469' title='bbox 786 3523 985 3597; x_wconf 88' lang='lat' dir='ltr'><strong>quippe</strong></span> <span class='ocrx_word' id='word_1_470' title='bbox 1024 3522 1102 3578; x_wconf 92' lang='lat' dir='ltr'><strong>illi</strong></span> <span class='ocrx_word' id='word_1_471' title='bbox 1137 3522 1408 3579; x_wconf 89' lang='lat' dir='ltr'><strong>habebant</strong></span> <span class='ocrx_word' id='word_1_472' title='bbox 1446 3523 1626 3579; x_wconf 88' lang='lat' dir='ltr'><strong>omnia</strong></span> <span class='ocrx_word' id='word_1_473' title='bbox 1648 3563 1662 3590; x_wconf 88' lang='lat'><strong>,</strong></span> <span class='ocrx_word' id='word_1_474' title='bbox 1711 3533 1911 3596; x_wconf 66' lang='lat' dir='ltr'><strong>praeter</strong></span> <span class='ocrx_word' id='word_1_475' title='bbox 1935 3541 2066 3582; x_wconf 85' lang='lat' dir='ltr'><strong>uxo-</strong></span> 
     </span>
    </p>
   </div>
   <div class='ocr_carea' id='block_1_67' title="bbox 462 3613 2068 3686">
    <p class='ocr_par' dir='ltr' id='par_1_67' title="bbox 462 3613 2068 3686">
     <span class='ocr_line' id='line_1_67' title="bbox 462 3613 2068 3686; baseline 0.003 -15"><span class='ocrx_word' id='word_1_476' title='bbox 462 3629 574 3684; x_wconf 86' lang='lat' dir='ltr'><strong>res,</strong></span> <span class='ocrx_word' id='word_1_477' title='bbox 607 3630 742 3686; x_wconf 90' lang='lat' dir='ltr'><strong>quas</strong></span> <span class='ocrx_word' id='word_1_478' title='bbox 791 3613 870 3684; x_wconf 89' lang='lat' dir='ltr'><strong>hi,</strong></span> <span class='ocrx_word' id='word_1_479' title='bbox 927 3627 1123 3674; x_wconf 65' lang='lat' dir='ltr'><strong>caetera</strong></span> <span class='ocrx_word' id='word_1_480' title='bbox 1171 3618 1349 3673; x_wconf 77' lang='lat' dir='ltr'><strong>omnia</strong></span> <span class='ocrx_word' id='word_1_481' title='bbox 1405 3617 1734 3686; x_wconf 88' lang='lat' dir='ltr'><strong>retinentes,</strong></span> <span class='ocrx_word' id='word_1_482' title='bbox 1762 3634 1883 3675; x_wconf 93' lang='lat' dir='ltr'><strong>cum</strong></span> <span class='ocrx_word' id='word_1_483' title='bbox 1934 3619 2068 3676; x_wconf 90' lang='lat' dir='ltr'><strong>ami-</strong></span> 
     </span>
    </p>
   </div>
   <div class='ocr_carea' id='block_1_68' title="bbox 463 3701 2067 3780">
    <p class='ocr_par' dir='ltr' id='par_1_68' title="bbox 463 3701 2067 3780">
     <span class='ocr_line' id='line_1_68' title="bbox 463 3701 2067 3780; baseline 0.002 -17"><span class='ocrx_word' id='word_1_484' title='bbox 463 3709 544 3764; x_wconf 91' lang='lat' dir='ltr'><strong>cis</strong></span> <span class='ocrx_word' id='word_1_485' title='bbox 568 3709 679 3766; x_wconf 88' lang='lat' dir='ltr'><strong>suis</strong></span> <span class='ocrx_word' id='word_1_486' title='bbox 698 3751 713 3777; x_wconf 86' lang='lat'><strong>,</strong></span> <span class='ocrx_word' id='word_1_487' title='bbox 742 3708 1192 3780; x_wconf 89' lang='lat' dir='ltr'><strong>quemadmodum</strong></span> <span class='ocrx_word' id='word_1_488' title='bbox 1223 3701 1558 3766; x_wconf 77' lang='lat' dir='ltr'><strong>Socratcs’ct</strong></span> <span class='ocrx_word' id='word_1_489' title='bbox 1584 3709 1736 3778; x_wconf 91' lang='lat' dir='ltr'><strong>Cato,</strong></span> <span class='ocrx_word' id='word_1_490' title='bbox 1769 3711 2067 3767; x_wconf 89' lang='lat' dir='ltr'><strong>communi-</strong></span> 
     </span>
    </p>
   </div>
   <div class='ocr_carea' id='block_1_69' title="bbox 465 3800 683 3859">
    <p class='ocr_par' dir='ltr' id='par_1_69' title="bbox 465 3800 683 3859">
     <span class='ocr_line' id='line_1_69' title="bbox 465 3800 683 3859; baseline 0.005 -1"><span class='ocrx_word' id='word_1_491' title='bbox 465 3800 683 3859; x_wconf 88' lang='lat' dir='ltr'><strong>cabant.</strong></span> 
     </span>
    </p>
   </div>
   <div class='ocr_carea' id='block_1_70' title="bbox 469 3882 2065 3966">
    <p class='ocr_par' dir='ltr' id='par_1_70' title="bbox 469 3882 2065 3966">
     <span class='ocr_line' id='line_1_70' title="bbox 469 3882 2065 3966; baseline 0.002 -18"><span class='ocrx_word' id='word_1_492' title='bbox 469 3882 492 3894; x_wconf 87' lang='grc'><em>’</em></span> <span class='ocrx_word' id='word_1_493' title='bbox 542 3891 725 3964; x_wconf 88' lang='lat' dir='ltr'><strong>Pergit</strong></span> <span class='ocrx_word' id='word_1_494' title='bbox 749 3891 1114 3950; x_wconf 81' lang='lat' dir='ltr'><strong>Tertullianus</strong></span> <span class='ocrx_word' id='word_1_495' title='bbox 1137 3935 1152 3960; x_wconf 96' lang='lat'><strong>,</strong></span> <span class='ocrx_word' id='word_1_496' title='bbox 1187 3907 1250 3948; x_wconf 92' lang='lat' dir='ltr'><strong>ac</strong></span> <span class='ocrx_word' id='word_1_497' title='bbox 1274 3908 1428 3950; x_wconf 63' lang='lat' dir='ltr'><strong>caena</strong></span> <span class='ocrx_word' id='word_1_498' title='bbox 1454 3935 1468 3959; x_wconf 92' lang='lat'><strong>,</strong></span> <span class='ocrx_word' id='word_1_499' title='bbox 1505 3894 1714 3966; x_wconf 83' lang='lat' dir='ltr'><strong>inquit,</strong></span> <span class='ocrx_word' id='word_1_500' title='bbox 1742 3894 2065 3951; x_wconf 82' lang='lat' dir='ltr'><strong>christiano-</strong></span> 
     </span>
    </p>
   </div>
   <div class='ocr_carea' id='block_1_71' title="bbox 464 3985 2068 4057">
    <p class='ocr_par' dir='ltr' id='par_1_71' title="bbox 464 3985 2068 4057">
     <span class='ocr_line' id='line_1_71' title="bbox 464 3985 2068 4057; baseline 0.001 -16"><span class='ocrx_word' id='word_1_501' title='bbox 464 3999 606 4053; x_wconf 86' lang='lat' dir='ltr'><strong>rum,</strong></span> <span class='ocrx_word' id='word_1_502' title='bbox 633 4000 740 4040; x_wconf 90' lang='lat' dir='ltr'><strong>non</strong></span> <span class='ocrx_word' id='word_1_503' title='bbox 770 3986 907 4041; x_wconf 87' lang='lat' dir='ltr'><strong>sicut</strong></span> <span class='ocrx_word' id='word_1_504' title='bbox 930 3985 1362 4057; x_wconf 83' lang='lat' dir='ltr'><strong>Megariensinm,</strong></span> <span class='ocrx_word' id='word_1_505' title='bbox 1393 3986 1477 4042; x_wconf 91' lang='lat' dir='ltr'><strong>vel</strong></span> <span class='ocrx_word' id='word_1_506' title='bbox 1501 3986 1728 4042; x_wconf 88' lang='lat' dir='ltr'><strong>aliorum</strong></span> <span class='ocrx_word' id='word_1_507' title='bbox 1784 3986 1856 4042; x_wconf 90' lang='lat' dir='ltr'><strong>ibi</strong></span> <span class='ocrx_word' id='word_1_508' title='bbox 1887 3986 2068 4042; x_wconf 87' lang='lat' dir='ltr'><strong>abillo</strong></span> 
     </span>
    </p>
   </div>
   <div class='ocr_carea' id='block_1_72' title="bbox 467 4077 2067 4149">
    <p class='ocr_par' dir='ltr' id='par_1_72' title="bbox 467 4077 2067 4149">
     <span class='ocr_line' id='line_1_72' title="bbox 467 4077 2067 4149; baseline 0.001 -17"><span class='ocrx_word' id='word_1_509' title='bbox 467 4086 797 4142; x_wconf 88' lang='lat' dir='ltr'><strong>notatorum,</strong></span> <span class='ocrx_word' id='word_1_510' title='bbox 829 4077 1049 4148; x_wconf 88' lang='lat' dir='ltr'><strong>prodiga</strong></span> <span class='ocrx_word' id='word_1_511' title='bbox 1077 4086 1192 4132; x_wconf 89' lang='lat' dir='ltr'><strong>erat</strong></span> <span class='ocrx_word' id='word_1_512' title='bbox 1220 4086 1276 4132; x_wconf 91' lang='lat' dir='ltr'><strong>et</strong></span> <span class='ocrx_word' id='word_1_513' title='bbox 1301 4085 1615 4148; x_wconf 88' lang='lat' dir='ltr'><strong>sumptuosa</strong></span> <span class='ocrx_word' id='word_1_514' title='bbox 1638 4120 1654 4144; x_wconf 88' lang='lat'><strong>,</strong></span> <span class='ocrx_word' id='word_1_515' title='bbox 1683 4077 1776 4134; x_wconf 89' lang='lat' dir='ltr'><strong>sed</strong></span> <span class='ocrx_word' id='word_1_516' title='bbox 1806 4078 1929 4149; x_wconf 90' lang='lat' dir='ltr'><strong>jure</strong></span> <span class='ocrx_word' id='word_1_517' title='bbox 1951 4093 2067 4134; x_wconf 85' lang='lat' dir='ltr'><strong>me-</strong></span> 
     </span>
    </p>
   </div>
   <div class='ocr_carea' id='block_1_73' title="bbox 465 4167 2067 4240">
    <p class='ocr_par' dir='ltr' id='par_1_73' title="bbox 465 4167 2067 4240">
     <span class='ocr_line' id='line_1_73' title="bbox 465 4167 2067 4240; baseline 0.001 -15"><span class='ocrx_word' id='word_1_518' title='bbox 465 4169 575 4225; x_wconf 85' lang='lat' dir='ltr'><strong>rito</strong></span> <span class='ocrx_word' id='word_1_519' title='bbox 602 4183 633 4224; x_wconf 89' lang='lat' dir='ltr'><strong>a</strong></span> <span class='ocrx_word' id='word_1_520' title='bbox 664 4169 867 4224; x_wconf 78' lang='lat' dir='ltr'><strong>Graecis</strong></span> <span class='ocrx_word' id='word_1_521' title='bbox 904 4171 1069 4239; x_wconf 68' lang='grc' dir='ltr'><strong>ἀγάπη</strong></span> <span class='ocrx_word' id='word_1_522' title='bbox 1109 4177 1163 4223; x_wconf 90' lang='lat' dir='ltr'><strong>et</strong></span> <span class='ocrx_word' id='word_1_523' title='bbox 1209 4184 1236 4222; x_wconf 93' lang='lat' dir='ltr'><strong>a</strong></span> <span class='ocrx_word' id='word_1_524' title='bbox 1283 4167 1488 4224; x_wconf 85' lang='lat' dir='ltr'><strong>Latinis</strong></span> <span class='ocrx_word' id='word_1_525' title='bbox 1539 4169 1759 4226; x_wconf 90' lang='lat' dir='ltr'><strong>dilectio</strong></span> <span class='ocrx_word' id='word_1_526' title='bbox 1790 4174 2067 4240; x_wconf 76' lang='lat' dir='ltr'><strong>nuncupa-</strong></span> 
     </span>
    </p>
   </div>
   <div class='ocr_carea' id='block_1_74' title="bbox 471 4260 2067 4332">
    <p class='ocr_par' dir='ltr' id='par_1_74' title="bbox 471 4260 2067 4332">
     <span class='ocr_line' id='line_1_74' title="bbox 471 4260 2067 4332; baseline -0.001 -15"><span class='ocrx_word' id='word_1_527' title='bbox 471 4270 582 4317; x_wconf 89' lang='lat' dir='ltr'><strong>tur.</strong></span> <span class='ocrx_word' id='word_1_528' title='bbox 615 4261 659 4316; x_wconf 84' lang='lat' dir='ltr'><strong>A</strong></span> <span class='ocrx_word' id='word_1_529' title='bbox 703 4260 952 4330; x_wconf 81' lang='lat' dir='ltr'><strong>precibus</strong></span> <span class='ocrx_word' id='word_1_530' title='bbox 988 4261 1308 4326; x_wconf 90' lang='lat' dir='ltr'><strong>inchoatur,</strong></span> <span class='ocrx_word' id='word_1_531' title='bbox 1345 4277 1408 4317; x_wconf 90' lang='lat' dir='ltr'><strong>ac</strong></span> <span class='ocrx_word' id='word_1_532' title='bbox 1453 4270 1640 4332; x_wconf 67' lang='lat' dir='ltr'><strong>postea</strong></span> <span class='ocrx_word' id='word_1_533' title='bbox 1685 4276 1876 4317; x_wconf 90' lang='lat' dir='ltr'><strong>omnes</strong></span> <span class='ocrx_word' id='word_1_534' title='bbox 1923 4269 2067 4316; x_wconf 90' lang='lat' dir='ltr'><strong>tanta</strong></span> 
     </span>
    </p>
   </div>
   <div class='ocr_carea' id='block_1_75' title="bbox 472 4352 2071 4421">
    <p class='ocr_par' dir='ltr' id='par_1_75' title="bbox 472 4352 2071 4421">
     <span class='ocr_line' id='line_1_75' title="bbox 472 4352 2071 4421; baseline 0.001 -11"><span class='ocrx_word' id='word_1_535' title='bbox 472 4352 846 4410; x_wconf 89' lang='lat' dir='ltr'><strong>moderatione</strong></span> <span class='ocrx_word' id='word_1_536' title='bbox 899 4352 1189 4409; x_wconf 85' lang='lat' dir='ltr'><strong>comedunt</strong></span> <span class='ocrx_word' id='word_1_537' title='bbox 1237 4355 1572 4421; x_wconf 7' lang='lat' dir='ltr'><strong>etgbibunt,</strong></span> <span class='ocrx_word' id='word_1_538' title='bbox 1628 4363 1685 4411; x_wconf 93' lang='lat' dir='ltr'><strong>ut</strong></span> <span class='ocrx_word' id='word_1_539' title='bbox 1727 4355 2071 4411; x_wconf 90' lang='lat' dir='ltr'><strong>meminerint</strong></span> 
     </span>
    </p>
   </div>
   <div class='ocr_carea' id='block_1_76' title="bbox 469 4432 2071 4521">
    <p class='ocr_par' dir='ltr' id='par_1_76' title="bbox 469 4432 2071 4521">
     <span class='ocr_line' id='line_1_76' title="bbox 469 4432 2071 4521; baseline -0.001 -16"><span class='ocrx_word' id='word_1_540' title='bbox 469 4448 643 4506; x_wconf 87' lang='lat' dir='ltr'><strong>Deum</strong></span> <span class='ocrx_word' id='word_1_541' title='bbox 672 4462 769 4519; x_wconf 91' lang='lat' dir='ltr'><strong>per</strong></span> <span class='ocrx_word' id='word_1_542' title='bbox 794 4432 1006 4504; x_wconf 83' lang='lat' dir='ltr'><strong>noctein</strong></span> <span class='ocrx_word' id='word_1_543' title='bbox 1037 4448 1392 4506; x_wconf 88' lang='lat' dir='ltr'><strong>adorandum.</strong></span> <span class='ocrx_word' id='word_1_544' title='bbox 1425 4450 1552 4506; x_wconf 90' lang='lat' dir='ltr'><strong>Post</strong></span> <span class='ocrx_word' id='word_1_545' title='bbox 1578 4465 1771 4521; x_wconf 91' lang='lat' dir='ltr'><strong>aquam</strong></span> <span class='ocrx_word' id='word_1_546' title='bbox 1802 4465 1933 4506; x_wconf 87' lang='lat' dir='ltr'><strong>vero</strong></span> <span class='ocrx_word' id='word_1_547' title='bbox 1959 4465 2071 4505; x_wconf 88' lang='lat' dir='ltr'><strong>ma-</strong></span> 
     </span>
    </p>
   </div>
   <div class='ocr_carea' id='block_1_77' title="bbox 472 4541 2068 4615">
    <p class='ocr_par' dir='ltr' id='par_1_77' title="bbox 472 4541 2068 4615">
     <span class='ocr_line' id='line_1_77' title="bbox 472 4541 2068 4615; baseline -0.001 -17"><span class='ocrx_word' id='word_1_548' title='bbox 472 4542 688 4598; x_wconf 89' lang='lat' dir='ltr'><strong>nualem</strong></span> <span class='ocrx_word' id='word_1_549' title='bbox 715 4551 770 4598; x_wconf 91' lang='lat' dir='ltr'><strong>et</strong></span> <span class='ocrx_word' id='word_1_550' title='bbox 795 4541 1019 4608; x_wconf 90' lang='lat' dir='ltr'><strong>lumina,</strong></span> <span class='ocrx_word' id='word_1_551' title='bbox 1050 4541 1299 4612; x_wconf 87' lang='lat' dir='ltr'><strong>quisque,</strong></span> <span class='ocrx_word' id='word_1_552' title='bbox 1341 4553 1397 4597; x_wconf 92' lang='lat' dir='ltr'><strong>ut</strong></span> <span class='ocrx_word' id='word_1_553' title='bbox 1434 4552 1628 4613; x_wconf 88' lang='lat' dir='ltr'><strong>potest,</strong></span> <span class='ocrx_word' id='word_1_554' title='bbox 1667 4541 1733 4598; x_wconf 90' lang='lat' dir='ltr'><strong>ad</strong></span> <span class='ocrx_word' id='word_1_555' title='bbox 1780 4541 1978 4615; x_wconf 90' lang='lat' dir='ltr'><strong>aliquid</strong></span> <span class='ocrx_word' id='word_1_556' title='bbox 2003 4557 2068 4597; x_wconf 81' lang='lat' dir='ltr'><strong>ex</strong></span> 
     </span>
    </p>
   </div>
   <div class='ocr_carea' id='block_1_78' title="bbox 2165 3325 3769 3401">
    <p class='ocr_par' dir='ltr' id='par_1_78' title="bbox 2165 3325 3769 3401">
     <span class='ocr_line' id='line_1_78' title="bbox 2165 3325 3769 3401; baseline -0.002 -16"><span class='ocrx_word' id='word_1_557' title='bbox 2165 3330 2354 3401; x_wconf 89' lang='lat' dir='ltr'><strong>justis,</strong></span> <span class='ocrx_word' id='word_1_558' title='bbox 2387 3330 2489 3385; x_wconf 91' lang='lat' dir='ltr'><strong>nisi</strong></span> <span class='ocrx_word' id='word_1_559' title='bbox 2519 3331 2569 3384; x_wconf 90' lang='lat' dir='ltr'><strong>in</strong></span> <span class='ocrx_word' id='word_1_560' title='bbox 2598 3328 2786 3384; x_wconf 86' lang='lat' dir='ltr'><strong>ultimo</strong></span> <span class='ocrx_word' id='word_1_561' title='bbox 2829 3338 2948 3398; x_wconf 90' lang='lat' dir='ltr'><strong>post</strong></span> <span class='ocrx_word' id='word_1_562' title='bbox 2974 3327 3158 3382; x_wconf 90' lang='lat' dir='ltr'><strong>mundi</strong></span> <span class='ocrx_word' id='word_1_563' title='bbox 3186 3326 3346 3383; x_wconf 81' lang='lat' dir='ltr'><strong>finem</strong></span> <span class='ocrx_word' id='word_1_564' title='bbox 3371 3326 3595 3396; x_wconf 88' lang='lat' dir='ltr'><strong>judicio.</strong></span> <span class='ocrx_word' id='word_1_565' title='bbox 3629 3325 3769 3395; x_wconf 87' lang='lat' dir='ltr'><strong>Qua-</strong></span> 
     </span>
    </p>
   </div>
   <div class='ocr_carea' id='block_1_79' title="bbox 2165 3417 3766 3496">
    <p class='ocr_par' dir='ltr' id='par_1_79' title="bbox 2165 3417 3766 3496">
     <span class='ocr_line' id='line_1_79' title="bbox 2165 3417 3766 3496; baseline -0.002 -18"><span class='ocrx_word' id='word_1_566' title='bbox 2165 3433 2390 3496; x_wconf 77' lang='lat' dir='ltr'><strong>‘pmpter</strong></span> <span class='ocrx_word' id='word_1_567' title='bbox 2443 3421 2628 3476; x_wconf 84' lang='lat' dir='ltr'><strong>voluit</strong></span> <span class='ocrx_word' id='word_1_568' title='bbox 2663 3420 2843 3475; x_wconf 90' lang='lat' dir='ltr'><strong>omnia</strong></span> <span class='ocrx_word' id='word_1_569' title='bbox 2899 3421 2952 3474; x_wconf 92' lang='lat' dir='ltr'><strong>in</strong></span> <span class='ocrx_word' id='word_1_570' title='bbox 3003 3419 3106 3474; x_wconf 92' lang='lat' dir='ltr'><strong>hoc</strong></span> <span class='ocrx_word' id='word_1_571' title='bbox 3155 3417 3401 3474; x_wconf 75' lang='lat' dir='ltr'><strong>humana:</strong></span> <span class='ocrx_word' id='word_1_572' title='bbox 3446 3419 3568 3474; x_wconf 83' lang='lat' dir='ltr'><strong>vita:</strong></span> <span class='ocrx_word' id='word_1_573' title='bbox 3609 3432 3766 3474; x_wconf 87' lang='lat' dir='ltr'><strong>cursu</strong></span> 
     </span>
    </p>
   </div>
   <div class='ocr_carea' id='block_1_80' title="bbox 2168 3509 3767 3582">
    <p class='ocr_par' dir='ltr' id='par_1_80' title="bbox 2168 3509 3767 3582">
     <span class='ocr_line' id='line_1_80' title="bbox 2168 3509 3767 3582; baseline -0.003 -12"><span class='ocrx_word' id='word_1_574' title='bbox 2168 3514 2418 3572; x_wconf 85' lang='lat' dir='ltr'><strong>erunibus</strong></span> <span class='ocrx_word' id='word_1_575' title='bbox 2441 3527 2561 3570; x_wconf 90' lang='lat' dir='ltr'><strong>esse</strong></span> <span class='ocrx_word' id='word_1_576' title='bbox 2583 3512 2908 3578; x_wconf 91' lang='lat' dir='ltr'><strong>communia,</strong></span> <span class='ocrx_word' id='word_1_577' title='bbox 2937 3520 2991 3568; x_wconf 89' lang='lat' dir='ltr'><strong>et</strong></span> <span class='ocrx_word' id='word_1_578' title='bbox 3035 3511 3260 3567; x_wconf 78' lang='lat' dir='ltr'><strong>adversa</strong></span> <span class='ocrx_word' id='word_1_579' title='bbox 3285 3509 3502 3582; x_wconf 89' lang='lat' dir='ltr'><strong>quidem</strong></span> <span class='ocrx_word' id='word_1_580' title='bbox 3531 3511 3686 3567; x_wconf 90' lang='lat' dir='ltr'><strong>bonis</strong></span> <span class='ocrx_word' id='word_1_581' title='bbox 3715 3511 3767 3566; x_wconf 91' lang='lat' dir='ltr'><strong>in</strong></span> 
     </span>
    </p>
   </div>
   <div class='ocr_carea' id='block_1_81' title="bbox 2169 3601 3771 3675">
    <p class='ocr_par' dir='ltr' id='par_1_81' title="bbox 2169 3601 3771 3675">
     <span class='ocr_line' id='line_1_81' title="bbox 2169 3601 3771 3675; baseline -0.004 -10"><span class='ocrx_word' id='word_1_582' title='bbox 2169 3607 2612 3671; x_wconf 87' lang='lat' dir='ltr'><strong>admonitionem,</strong></span> <span class='ocrx_word' id='word_1_583' title='bbox 2664 3605 2818 3664; x_wconf 82' lang='lat' dir='ltr'><strong>malis</strong></span> <span class='ocrx_word' id='word_1_584' title='bbox 2864 3619 2993 3660; x_wconf 87' lang='lat' dir='ltr'><strong>vero</strong></span> <span class='ocrx_word' id='word_1_585' title='bbox 3044 3604 3096 3658; x_wconf 92' lang='lat' dir='ltr'><strong>in</strong></span> <span class='ocrx_word' id='word_1_586' title='bbox 3142 3603 3569 3675; x_wconf 64' lang='lat' dir='ltr'><strong>castig‘tionem.</strong></span> <span class='ocrx_word' id='word_1_587' title='bbox 3598 3601 3771 3659; x_wconf 84' lang='lat' dir='ltr'><strong>Nullis</strong></span> 
     </span>
    </p>
   </div>
   <div class='ocr_carea' id='block_1_82' title="bbox 2171 3696 3771 3774">
    <p class='ocr_par' dir='ltr' id='par_1_82' title="bbox 2171 3696 3771 3774">
     <span class='ocr_line' id='line_1_82' title="bbox 2171 3696 3771 3774; baseline -0.003 -17"><span class='ocrx_word' id='word_1_588' title='bbox 2171 3711 2437 3774; x_wconf 68' lang='lat' dir='ltr'><strong>praeterea</strong></span> <span class='ocrx_word' id='word_1_589' title='bbox 2461 3700 2702 3756; x_wconf 88' lang='lat' dir='ltr'><strong>adversis</strong></span> <span class='ocrx_word' id='word_1_590' title='bbox 2733 3698 3066 3754; x_wconf 68' lang='lat' dir='ltr'><strong>iwdebantur</strong></span> <span class='ocrx_word' id='word_1_591' title='bbox 3094 3697 3393 3765; x_wconf 86' lang='lat' dir='ltr'><strong>christiani,</strong></span> <span class='ocrx_word' id='word_1_592' title='bbox 3421 3697 3614 3769; x_wconf 88' lang='lat' dir='ltr'><strong>quibus</strong></span> <span class='ocrx_word' id='word_1_593' title='bbox 3640 3696 3771 3752; x_wconf 89' lang='lat' dir='ltr'><strong>nihil</strong></span> 
     </span>
    </p>
   </div>
   <div class='ocr_carea' id='block_1_83' title="bbox 2171 3791 3772 3866">
    <p class='ocr_par' dir='ltr' id='par_1_83' title="bbox 2171 3791 3772 3866">
     <span class='ocr_line' id='line_1_83' title="bbox 2171 3791 3772 3866; baseline -0.003 -15"><span class='ocrx_word' id='word_1_594' title='bbox 2171 3805 2286 3851; x_wconf 91' lang='lat' dir='ltr'><strong>erat</strong></span> <span class='ocrx_word' id='word_1_595' title='bbox 2313 3794 2624 3866; x_wconf 89' lang='lat' dir='ltr'><strong>optabilius,</strong></span> <span class='ocrx_word' id='word_1_596' title='bbox 2649 3808 2808 3864; x_wconf 89' lang='lat' dir='ltr'><strong>quam</strong></span> <span class='ocrx_word' id='word_1_597' title='bbox 2854 3793 2922 3848; x_wconf 90' lang='lat' dir='ltr'><strong>de</strong></span> <span class='ocrx_word' id='word_1_598' title='bbox 2969 3791 3073 3847; x_wconf 89' lang='lat' dir='ltr'><strong>hoc</strong></span> <span class='ocrx_word' id='word_1_599' title='bbox 3095 3791 3295 3848; x_wconf 89' lang='lat' dir='ltr'><strong>mundo</strong></span> <span class='ocrx_word' id='word_1_600' title='bbox 3321 3793 3489 3848; x_wconf 89' lang='lat' dir='ltr'><strong>exire.</strong></span> <span class='ocrx_word' id='word_1_601' title='bbox 3506 3792 3772 3860; x_wconf 82' lang='lat' dir='ltr'><strong>Quacum-</strong></span> 
     </span>
    </p>
   </div>
   <div class='ocr_carea' id='block_1_84' title="bbox 2170 3883 3772 3958">
    <p class='ocr_par' dir='ltr' id='par_1_84' title="bbox 2170 3883 3772 3958">
     <span class='ocr_line' id='line_1_84' title="bbox 2170 3883 3772 3958; baseline -0.002 -16"><span class='ocrx_word' id='word_1_602' title='bbox 2170 3903 2280 3958; x_wconf 90' lang='lat' dir='ltr'><strong>quc</strong></span> <span class='ocrx_word' id='word_1_603' title='bbox 2297 3897 2475 3943; x_wconf 90' lang='lat' dir='ltr'><strong>autem</strong></span> <span class='ocrx_word' id='word_1_604' title='bbox 2492 3887 2780 3942; x_wconf 81' lang='lat' dir='ltr'><strong>vexatione</strong></span> <span class='ocrx_word' id='word_1_605' title='bbox 2797 3891 3232 3954; x_wconf 83' lang='lat' dir='ltr'><strong>concuterentur,</strong></span> <span class='ocrx_word' id='word_1_606' title='bbox 3252 3900 3402 3956; x_wconf 83' lang='lat' dir='ltr'><strong>spem</strong></span> <span class='ocrx_word' id='word_1_607' title='bbox 3419 3883 3772 3955; x_wconf 78' lang='lat' dir='ltr'><strong>fiduciamque</strong></span> 
     </span>
    </p>
   </div>
   <div class='ocr_carea' id='block_1_85' title="bbox 2169 3977 3770 4052">
    <p class='ocr_par' dir='ltr' id='par_1_85' title="bbox 2169 3977 3770 4052">
     <span class='ocr_line' id='line_1_85' title="bbox 2169 3977 3770 4052; baseline -0.002 -15"><span class='ocrx_word' id='word_1_608' title='bbox 2169 3995 2322 4039; x_wconf 87' lang='lat' dir='ltr'><strong>suam</strong></span> <span class='ocrx_word' id='word_1_609' title='bbox 2351 3980 2734 4052; x_wconf 56' lang='lat' dir='ltr'><strong>praedicatione</strong></span> <span class='ocrx_word' id='word_1_610' title='bbox 2764 3977 3064 4036; x_wconf 85' lang='lat' dir='ltr'><strong>divinarum</strong></span> <span class='ocrx_word' id='word_1_611' title='bbox 3113 3979 3514 4051; x_wconf 88' lang='lat' dir='ltr'><strong>Scripturarnm</strong></span> <span class='ocrx_word' id='word_1_612' title='bbox 3557 3994 3770 4048; x_wconf 54' lang='lat' dir='ltr'><strong>recreae</strong></span> 
     </span>
    </p>
   </div>
   <div class='ocr_carea' id='block_1_86' title="bbox 2170 4069 3773 4130">
    <p class='ocr_par' dir='ltr' id='par_1_86' title="bbox 2170 4069 3773 4130">
     <span class='ocr_line' id='line_1_86' title="bbox 2170 4069 3773 4130; baseline -0.002 0"><span class='ocrx_word' id='word_1_613' title='bbox 2170 4073 2318 4130; x_wconf 90' lang='lat' dir='ltr'><strong>bant.</strong></span> <span class='ocrx_word' id='word_1_614' title='bbox 2353 4075 2422 4129; x_wconf 86' lang='lat' dir='ltr'><strong>At</strong></span> <span class='ocrx_word' id='word_1_615' title='bbox 2447 4072 2650 4129; x_wconf 89' lang='lat' dir='ltr'><strong>ethnici</strong></span> <span class='ocrx_word' id='word_1_616' title='bbox 2697 4088 2728 4129; x_wconf 92' lang='lat' dir='ltr'><strong>e</strong></span> <span class='ocrx_word' id='word_1_617' title='bbox 2759 4073 3029 4128; x_wconf 87' lang='lat' dir='ltr'><strong>contrario</strong></span> <span class='ocrx_word' id='word_1_618' title='bbox 3073 4071 3209 4127; x_wconf 91' lang='lat' dir='ltr'><strong>nihil</strong></span> <span class='ocrx_word' id='word_1_619' title='bbox 3241 4072 3293 4126; x_wconf 91' lang='lat' dir='ltr'><strong>in</strong></span> <span class='ocrx_word' id='word_1_620' title='bbox 3323 4071 3566 4128; x_wconf 87' lang='lat' dir='ltr'><strong>adversis</strong></span> <span class='ocrx_word' id='word_1_621' title='bbox 3591 4069 3773 4127; x_wconf 85' lang='lat' dir='ltr'><strong>solatii</strong></span> 
     </span>
    </p>
   </div>
   <div class='ocr_carea' id='block_1_87' title="bbox 2170 4163 3774 4238">
    <p class='ocr_par' dir='ltr' id='par_1_87' title="bbox 2170 4163 3774 4238">
     <span class='ocr_line' id='line_1_87' title="bbox 2170 4163 3774 4238; baseline -0.002 -16"><span class='ocrx_word' id='word_1_622' title='bbox 2170 4165 2326 4238; x_wconf 62' lang='lat' dir='ltr'><strong>afdiis</strong></span> <span class='ocrx_word' id='word_1_623' title='bbox 2351 4165 2484 4232; x_wconf 88' lang='lat' dir='ltr'><strong>suis,</strong></span> <span class='ocrx_word' id='word_1_624' title='bbox 2513 4181 2687 4237; x_wconf 89' lang='lat' dir='ltr'><strong>neque</strong></span> <span class='ocrx_word' id='word_1_625' title='bbox 2718 4166 2771 4221; x_wconf 90' lang='lat' dir='ltr'><strong>in</strong></span> <span class='ocrx_word' id='word_1_626' title='bbox 2794 4165 2916 4231; x_wconf 91' lang='lat' dir='ltr'><strong>hac,</strong></span> <span class='ocrx_word' id='word_1_627' title='bbox 2951 4180 3124 4236; x_wconf 89' lang='lat' dir='ltr'><strong>neque</strong></span> <span class='ocrx_word' id='word_1_628' title='bbox 3156 4165 3206 4219; x_wconf 91' lang='lat' dir='ltr'><strong>in</strong></span> <span class='ocrx_word' id='word_1_629' title='bbox 3243 4165 3416 4219; x_wconf 88' lang='lat' dir='ltr'><strong>futura</strong></span> <span class='ocrx_word' id='word_1_630' title='bbox 3442 4165 3548 4218; x_wconf 85' lang='lat' dir='ltr'><strong>vita</strong></span> <span class='ocrx_word' id='word_1_631' title='bbox 3571 4163 3774 4219; x_wconf 85' lang='lat' dir='ltr'><strong>haben-</strong></span> 
     </span>
    </p>
   </div>
   <div class='ocr_carea' id='block_1_88' title="bbox 2172 4257 3697 4330">
    <p class='ocr_par' dir='ltr' id='par_1_88' title="bbox 2172 4257 3697 4330">
     <span class='ocr_line' id='line_1_88' title="bbox 2172 4257 3697 4330; baseline -0.003 -14"><span class='ocrx_word' id='word_1_632' title='bbox 2172 4268 2274 4326; x_wconf 89' lang='lat' dir='ltr'><strong>tes,</strong></span> <span class='ocrx_word' id='word_1_633' title='bbox 2307 4258 2531 4330; x_wconf 88' lang='lat' dir='ltr'><strong>injustos</strong></span> <span class='ocrx_word' id='word_1_634' title='bbox 2561 4259 2743 4330; x_wconf 90' lang='lat' dir='ltr'><strong>utique</strong></span> <span class='ocrx_word' id='word_1_635' title='bbox 2760 4259 3010 4314; x_wconf 91' lang='lat' dir='ltr'><strong>colebant</strong></span> <span class='ocrx_word' id='word_1_636' title='bbox 3036 4267 3092 4314; x_wconf 88' lang='lat' dir='ltr'><strong>et</strong></span> <span class='ocrx_word' id='word_1_637' title='bbox 3138 4257 3376 4330; x_wconf 84' lang='lat' dir='ltr'><strong>ingratos</strong></span> <span class='ocrx_word' id='word_1_638' title='bbox 3404 4258 3551 4328; x_wconf 85' lang='lat' dir='ltr'><strong>(cap.</strong></span> <span class='ocrx_word' id='word_1_639' title='bbox 3579 4257 3697 4328; x_wconf 72' lang='grc'><strong>41).</strong></span> 
     </span>
    </p>
   </div>
   <div class='ocr_carea' id='block_1_89' title="bbox 2243 4347 3774 4423">
    <p class='ocr_par' dir='ltr' id='par_1_89' title="bbox 2243 4347 3774 4423">
     <span class='ocr_line' id='line_1_89' title="bbox 2243 4347 3774 4423; baseline 0 -18"><span class='ocrx_word' id='word_1_640' title='bbox 2243 4351 2380 4420; x_wconf 88' lang='lat' dir='ltr'><strong>Quid</strong></span> <span class='ocrx_word' id='word_1_641' title='bbox 2413 4361 2672 4423; x_wconf 57' lang='lat' dir='ltr'><strong>praeterea</strong></span> <span class='ocrx_word' id='word_1_642' title='bbox 2698 4352 2864 4422; x_wconf 84' lang='lat' dir='ltr'><strong>magis</strong></span> <span class='ocrx_word' id='word_1_643' title='bbox 2891 4349 3185 4406; x_wconf 87' lang='lat' dir='ltr'><strong>absurdum</strong></span> <span class='ocrx_word' id='word_1_644' title='bbox 3218 4350 3318 4405; x_wconf 89' lang='lat' dir='ltr'><strong>alia</strong></span> <span class='ocrx_word' id='word_1_645' title='bbox 3341 4349 3678 4405; x_wconf 89' lang='lat' dir='ltr'><strong>ethnicorum</strong></span> <span class='ocrx_word' id='word_1_646' title='bbox 3703 4347 3774 4406; x_wconf 88' lang='lat' dir='ltr'><strong>de</strong></span> 
     </span>
    </p>
   </div>
   <div class='ocr_carea' id='block_1_90' title="bbox 2176 4442 3773 4516">
    <p class='ocr_par' dir='ltr' id='par_1_90' title="bbox 2176 4442 3773 4516">
     <span class='ocr_line' id='line_1_90' title="bbox 2176 4442 3773 4516; baseline -0.002 -16"><span class='ocrx_word' id='word_1_647' title='bbox 2176 4443 2489 4500; x_wconf 89' lang='lat' dir='ltr'><strong>christianis</strong></span> <span class='ocrx_word' id='word_1_648' title='bbox 2530 4442 2982 4515; x_wconf 81' lang='lat' dir='ltr'><strong>expostulatione,</strong></span> <span class='ocrx_word' id='word_1_649' title='bbox 3029 4458 3134 4514; x_wconf 88' lang='lat' dir='ltr'><strong>qua</strong></span> <span class='ocrx_word' id='word_1_650' title='bbox 3163 4443 3631 4516; x_wconf 86' lang='lat' dir='ltr'><strong>conquerebantur</strong></span> <span class='ocrx_word' id='word_1_651' title='bbox 3677 4455 3773 4498; x_wconf 91' lang='lat' dir='ltr'><strong>eos</strong></span> 
     </span>
    </p>
   </div>
   <div class='ocr_carea' id='block_1_91' title="bbox 2173 4535 3772 4608">
    <p class='ocr_par' dir='ltr' id='par_1_91' title="bbox 2173 4535 3772 4608">
     <span class='ocr_line' id='line_1_91' title="bbox 2173 4535 3772 4608; baseline -0.003 -13"><span class='ocrx_word' id='word_1_652' title='bbox 2173 4552 2295 4595; x_wconf 83' lang='lat' dir='ltr'><strong>esse</strong></span> <span class='ocrx_word' id='word_1_653' title='bbox 2343 4536 2703 4594; x_wconf 87' lang='lat' dir='ltr'><strong>infructuosos</strong></span> <span class='ocrx_word' id='word_1_654' title='bbox 2745 4553 2810 4592; x_wconf 89' lang='lat' dir='ltr'><strong>ac</strong></span> <span class='ocrx_word' id='word_1_655' title='bbox 2860 4536 3185 4608; x_wconf 76' lang='lat' dir='ltr'><strong>licipublica:</strong></span> <span class='ocrx_word' id='word_1_656' title='bbox 3217 4536 3452 4592; x_wconf 90' lang='lat' dir='ltr'><strong>inutiles.</strong></span> <span class='ocrx_word' id='word_1_657' title='bbox 3485 4535 3601 4591; x_wconf 85' lang='lat' dir='ltr'><strong>Non</strong></span> <span class='ocrx_word' id='word_1_658' title='bbox 3629 4535 3772 4591; x_wconf 85' lang='lat' dir='ltr'><strong>enim</strong></span> 
     </span>
    </p>
   </div>
   <div class='ocr_carea' id='block_1_92' title="bbox 472 4628 3776 4706">
    <p class='ocr_par' dir='ltr' id='par_1_92' title="bbox 472 4628 3776 4706">
     <span class='ocr_line' id='line_1_92' title="bbox 472 4628 3776 4706; baseline -0.001 -18"><span class='ocrx_word' id='word_1_659' title='bbox 472 4633 766 4704; x_wconf 88' lang='lat' dir='ltr'><strong>Scripturis</strong></span> <span class='ocrx_word' id='word_1_660' title='bbox 792 4633 963 4689; x_wconf 89' lang='lat' dir='ltr'><strong>sacris</strong></span> <span class='ocrx_word' id='word_1_661' title='bbox 987 4634 1096 4689; x_wconf 90' lang='lat' dir='ltr'><strong>Deo</strong></span> <span class='ocrx_word' id='word_1_662' title='bbox 1117 4635 1416 4689; x_wconf 91' lang='lat' dir='ltr'><strong>canendum</strong></span> <span class='ocrx_word' id='word_1_663' title='bbox 1442 4644 1782 4705; x_wconf 86' lang='lat' dir='ltr'><strong>provocatur.</strong></span> <span class='ocrx_word' id='word_1_664' title='bbox 1809 4635 1914 4690; x_wconf 82' lang='lat' dir='ltr'><strong>Alii</strong></span> <span class='ocrx_word' id='word_1_665' title='bbox 1942 4650 2072 4692; x_wconf 89' lang='lat' dir='ltr'><strong>vero</strong></span> <span class='ocrx_word' id='word_1_666' title='bbox 2097 4646 2150 4706; x_wconf 85' lang='lat'><strong>1)</strong></span> <span class='ocrx_word' id='word_1_667' title='bbox 2177 4630 2540 4689; x_wconf 85' lang='lat' dir='ltr'><strong>Brachmanes</strong></span> <span class='ocrx_word' id='word_1_668' title='bbox 2592 4643 2747 4688; x_wconf 89' lang='lat' dir='ltr'><strong>erant</strong></span> <span class='ocrx_word' id='word_1_669' title='bbox 2779 4673 2793 4696; x_wconf 88' lang='lat'><strong>,</strong></span> <span class='ocrx_word' id='word_1_670' title='bbox 2845 4642 2937 4687; x_wconf 92' lang='lat' dir='ltr'><strong>aut</strong></span> <span class='ocrx_word' id='word_1_671' title='bbox 3009 4630 3282 4704; x_wconf 78' lang='lat' dir='ltr'><strong>sylvicola:</strong></span> <span class='ocrx_word' id='word_1_672' title='bbox 3311 4671 3326 4698; x_wconf 92' lang='lat'><strong>,</strong></span> <span class='ocrx_word' id='word_1_673' title='bbox 3377 4629 3472 4686; x_wconf 93' lang='lat' dir='ltr'><strong>sed</strong></span> <span class='ocrx_word' id='word_1_674' title='bbox 3522 4628 3776 4702; x_wconf 62' lang='lat' dir='ltr'><strong>quaslibet</strong></span> 
     </span>
    </p>
   </div>
   <div class='ocr_carea' id='block_1_93' title="bbox 473 4725 2075 4796">
    <p class='ocr_par' dir='ltr' id='par_1_93' title="bbox 473 4725 2075 4796">
     <span class='ocr_line' id='line_1_93' title="bbox 473 4725 2075 4796; baseline 0.002 -16"><span class='ocrx_word' id='word_1_675' title='bbox 473 4740 658 4782; x_wconf 84' lang='lat' dir='ltr'><strong>secum</strong></span> <span class='ocrx_word' id='word_1_676' title='bbox 688 4725 1058 4796; x_wconf 89' lang='lat' dir='ltr'><strong>colloquentes</strong></span> <span class='ocrx_word' id='word_1_677' title='bbox 1080 4767 1096 4792; x_wconf 91' lang='lat'><strong>,</strong></span> <span class='ocrx_word' id='word_1_678' title='bbox 1146 4725 1430 4793; x_wconf 75' lang='lat' dir='ltr'><strong>Dominum</strong></span> <span class='ocrx_word' id='word_1_679' title='bbox 1481 4727 1668 4782; x_wconf 88' lang='lat' dir='ltr'><strong>audire</strong></span> <span class='ocrx_word' id='word_1_680' title='bbox 1693 4729 1889 4783; x_wconf 89' lang='lat' dir='ltr'><strong>sciunt.</strong></span> <span class='ocrx_word' id='word_1_681' title='bbox 1921 4727 2075 4783; x_wconf 91' lang='lat' dir='ltr'><strong>Deni-</strong></span> 
     </span>
    </p>
   </div>
   <div class='ocr_carea' id='block_1_94' title="bbox 472 4818 2073 4894">
    <p class='ocr_par' dir='ltr' id='par_1_94' title="bbox 472 4818 2073 4894">
     <span class='ocr_line' id='line_1_94' title="bbox 472 4818 2073 4894; baseline 0.002 -19"><span class='ocrx_word' id='word_1_682' title='bbox 472 4834 581 4892; x_wconf 92' lang='lat' dir='ltr'><strong>que</strong></span> <span class='ocrx_word' id='word_1_683' title='bbox 603 4818 778 4875; x_wconf 89' lang='lat' dir='ltr'><strong>oratio</strong></span> <span class='ocrx_word' id='word_1_684' title='bbox 803 4820 945 4876; x_wconf 90' lang='lat' dir='ltr'><strong>sicut</strong></span> <span class='ocrx_word' id='word_1_685' title='bbox 971 4819 1212 4890; x_wconf 76' lang='lat' dir='ltr'><strong>incoepit,</strong></span> <span class='ocrx_word' id='word_1_686' title='bbox 1243 4818 1313 4874; x_wconf 87' lang='lat' dir='ltr'><strong>ita</strong></span> <span class='ocrx_word' id='word_1_687' title='bbox 1343 4820 1548 4875; x_wconf 88' lang='lat' dir='ltr'><strong>dirimit</strong></span> <span class='ocrx_word' id='word_1_688' title='bbox 1572 4822 2073 4894; x_wconf 87' lang='lat' dir='ltr'><strong>convivium,atque</strong></span> 
     </span>
    </p>
   </div>
   <div class='ocr_carea' id='block_1_95' title="bbox 470 4909 2071 4970">
    <p class='ocr_par' dir='ltr' id='par_1_95' title="bbox 470 4909 2071 4970">
     <span class='ocr_line' id='line_1_95' title="bbox 470 4909 2071 4970; baseline 0.002 -3"><span class='ocrx_word' id='word_1_689' title='bbox 470 4909 599 4968; x_wconf 90' lang='lat' dir='ltr'><strong>inde</strong></span> <span class='ocrx_word' id='word_1_690' title='bbox 623 4926 812 4968; x_wconf 90' lang='lat' dir='ltr'><strong>omnes</strong></span> <span class='ocrx_word' id='word_1_691' title='bbox 855 4926 963 4967; x_wconf 90' lang='lat' dir='ltr'><strong>non</strong></span> <span class='ocrx_word' id='word_1_692' title='bbox 1015 4910 1341 4968; x_wconf 87' lang='lat' dir='ltr'><strong>tumultuoso</strong></span> <span class='ocrx_word' id='word_1_693' title='bbox 1388 4919 1444 4966; x_wconf 91' lang='lat' dir='ltr'><strong>et</strong></span> <span class='ocrx_word' id='word_1_694' title='bbox 1494 4911 1693 4967; x_wconf 87' lang='lat' dir='ltr'><strong>lascivo</strong></span> <span class='ocrx_word' id='word_1_695' title='bbox 1733 4911 2071 4970; x_wconf 91' lang='lat' dir='ltr'><strong>ethnicorum</strong></span> 
     </span>
    </p>
   </div>
   <div class='ocr_carea' id='block_1_96' title="bbox 473 5001 2071 5076">
    <p class='ocr_par' dir='ltr' id='par_1_96' title="bbox 473 5001 2071 5076">
     <span class='ocr_line' id='line_1_96' title="bbox 473 5001 2071 5076; baseline 0.002 -17"><span class='ocrx_word' id='word_1_696' title='bbox 473 5017 646 5069; x_wconf 90' lang='lat' dir='ltr'><strong>more,</strong></span> <span class='ocrx_word' id='word_1_697' title='bbox 679 5001 776 5059; x_wconf 90' lang='lat' dir='ltr'><strong>sed</strong></span> <span class='ocrx_word' id='word_1_698' title='bbox 798 5017 1008 5058; x_wconf 90' lang='lat' dir='ltr'><strong>summa</strong></span> <span class='ocrx_word' id='word_1_699' title='bbox 1034 5017 1157 5057; x_wconf 89' lang='lat' dir='ltr'><strong>cum</strong></span> <span class='ocrx_word' id='word_1_700' title='bbox 1180 5001 1442 5058; x_wconf 89' lang='lat' dir='ltr'><strong>modestia</strong></span> <span class='ocrx_word' id='word_1_701' title='bbox 1471 5001 1772 5058; x_wconf 86' lang='lat' dir='ltr'><strong>discedunt.</strong></span> <span class='ocrx_word' id='word_1_702' title='bbox 1801 5006 1976 5076; x_wconf 83' lang='lat' dir='ltr'><strong>Atque</strong></span> <span class='ocrx_word' id='word_1_703' title='bbox 2003 5021 2071 5062; x_wconf 87' lang='lat' dir='ltr'><strong>ex</strong></span> 
     </span>
    </p>
   </div>
   <div class='ocr_carea' id='block_1_97' title="bbox 471 5093 2071 5167">
    <p class='ocr_par' dir='ltr' id='par_1_97' title="bbox 471 5093 2071 5167">
     <span class='ocr_line' id='line_1_97' title="bbox 471 5093 2071 5167; baseline 0.001 -15"><span class='ocrx_word' id='word_1_704' title='bbox 471 5096 542 5152; x_wconf 87' lang='lat' dir='ltr'><strong>iis</strong></span> <span class='ocrx_word' id='word_1_705' title='bbox 570 5095 644 5151; x_wconf 88' lang='lat' dir='ltr'><strong>ita</strong></span> <span class='ocrx_word' id='word_1_706' title='bbox 689 5095 948 5167; x_wconf 80' lang='lat' dir='ltr'><strong>expositis</strong></span> <span class='ocrx_word' id='word_1_707' title='bbox 1002 5093 1367 5151; x_wconf 89' lang='lat' dir='ltr'><strong>Tertullianus</strong></span> <span class='ocrx_word' id='word_1_708' title='bbox 1415 5095 1690 5151; x_wconf 88' lang='lat' dir='ltr'><strong>concludit</strong></span> <span class='ocrx_word' id='word_1_709' title='bbox 1735 5111 1842 5152; x_wconf 90' lang='lat' dir='ltr'><strong>non</strong></span> <span class='ocrx_word' id='word_1_710' title='bbox 1889 5097 1942 5152; x_wconf 90' lang='lat' dir='ltr'><strong>in</strong></span> <span class='ocrx_word' id='word_1_711' title='bbox 1987 5097 2071 5154; x_wconf 90' lang='lat' dir='ltr'><strong>his</strong></span> 
     </span>
    </p>
   </div>
   <div class='ocr_carea' id='block_1_98' title="bbox 466 5185 2067 5258">
    <p class='ocr_par' dir='ltr' id='par_1_98' title="bbox 466 5185 2067 5258">
     <span class='ocr_line' id='line_1_98' title="bbox 466 5185 2067 5258; baseline 0.003 -17"><span class='ocrx_word' id='word_1_712' title='bbox 466 5205 484 5240; x_wconf 76' lang='grc' dir='ltr'>ι</span> <span class='ocrx_word' id='word_1_713' title='bbox 503 5186 912 5254; x_wconf 83' lang='lat' dir='ltr'><strong>hristianorum,</strong></span> <span class='ocrx_word' id='word_1_714' title='bbox 935 5185 1030 5244; x_wconf 90' lang='lat' dir='ltr'><strong>sed</strong></span> <span class='ocrx_word' id='word_1_715' title='bbox 1053 5187 1182 5258; x_wconf 86' lang='lat' dir='ltr'><strong>ipsis</strong></span> <span class='ocrx_word' id='word_1_716' title='bbox 1206 5187 1487 5258; x_wconf 88' lang='lat' dir='ltr'><strong>gentilium</strong></span> <span class='ocrx_word' id='word_1_717' title='bbox 1507 5187 1734 5244; x_wconf 70' lang='lat' dir='ltr'><strong>canibus</strong></span> <span class='ocrx_word' id='word_1_718' title='bbox 1756 5202 1876 5246; x_wconf 90' lang='lat' dir='ltr'><strong>esse</strong></span> <span class='ocrx_word' id='word_1_719' title='bbox 1906 5189 2067 5246; x_wconf 85' lang='lat' dir='ltr'><strong>illici-</strong></span> 
     </span>
    </p>
   </div>
   <div class='ocr_carea' id='block_1_99' title="bbox 469 5278 1328 5349">
    <p class='ocr_par' dir='ltr' id='par_1_99' title="bbox 469 5278 1328 5349">
     <span class='ocr_line' id='line_1_99' title="bbox 469 5278 1328 5349; baseline -0.001 -15"><span class='ocrx_word' id='word_1_720' title='bbox 469 5288 555 5336; x_wconf 88' lang='lat' dir='ltr'><strong>tas</strong></span> <span class='ocrx_word' id='word_1_721' title='bbox 579 5279 1019 5349; x_wconf 89' lang='lat' dir='ltr'><strong>damnandasquc</strong></span> <span class='ocrx_word' id='word_1_722' title='bbox 1049 5278 1328 5336; x_wconf 79' lang='lat' dir='ltr'><strong>factiones.</strong></span> 
     </span>
    </p>
   </div>
   <div class='ocr_carea' id='block_1_100' title="bbox 539 5370 2065 5444">
    <p class='ocr_par' dir='ltr' id='par_1_100' title="bbox 539 5370 2065 5444">
     <span class='ocr_line' id='line_1_100' title="bbox 539 5370 2065 5444; baseline 0.002 -16"><span class='ocrx_word' id='word_1_723' title='bbox 539 5371 650 5429; x_wconf 88' lang='lat' dir='ltr'><strong>Nec</strong></span> <span class='ocrx_word' id='word_1_724' title='bbox 691 5371 886 5444; x_wconf 88' lang='lat' dir='ltr'><strong>potiori</strong></span> <span class='ocrx_word' id='word_1_725' title='bbox 931 5370 1150 5442; x_wconf 87' lang='lat' dir='ltr'><strong>quidem</strong></span> <span class='ocrx_word' id='word_1_726' title='bbox 1196 5371 1321 5443; x_wconf 90' lang='lat' dir='ltr'><strong>jure</strong></span> <span class='ocrx_word' id='word_1_727' title='bbox 1372 5371 1425 5426; x_wconf 92' lang='lat' dir='ltr'><strong>hi</strong></span> <span class='ocrx_word' id='word_1_728' title='bbox 1473 5372 1820 5429; x_wconf 90' lang='lat' dir='ltr'><strong>clamitabant</strong></span> <span class='ocrx_word' id='word_1_729' title='bbox 1847 5373 2065 5433; x_wconf 88' lang='lat' dir='ltr'><strong>eosdem</strong></span> 
     </span>
    </p>
   </div>
   <div class='ocr_carea' id='block_1_101' title="bbox 416 5463 2066 5537">
    <p class='ocr_par' dir='ltr' id='par_1_101' title="bbox 416 5463 2066 5537">
     <span class='ocr_line' id='line_1_101' title="bbox 416 5463 2066 5537; baseline 0.002 -15"><span class='ocrx_word' id='word_1_730' title='bbox 416 5501 424 5509; x_wconf 85' lang='lat'><strong>-</strong></span> <span class='ocrx_word' id='word_1_731' title='bbox 467 5465 794 5522; x_wconf 88' lang='lat' dir='ltr'><strong>christianos</strong></span> <span class='ocrx_word' id='word_1_732' title='bbox 845 5463 1182 5537; x_wconf 89' lang='lat' dir='ltr'><strong>publicarum</strong></span> <span class='ocrx_word' id='word_1_733' title='bbox 1231 5465 1472 5521; x_wconf 89' lang='lat' dir='ltr'><strong>omnium</strong></span> <span class='ocrx_word' id='word_1_734' title='bbox 1527 5466 1892 5522; x_wconf 88' lang='lat' dir='ltr'><strong>calamitatum</strong></span> <span class='ocrx_word' id='word_1_735' title='bbox 1945 5482 2066 5526; x_wconf 88' lang='lat' dir='ltr'><strong>esse</strong></span> 
     </span>
    </p>
   </div>
   <div class='ocr_carea' id='block_1_102' title="bbox 466 5555 2066 5632">
    <p class='ocr_par' dir='ltr' id='par_1_102' title="bbox 466 5555 2066 5632">
     <span class='ocr_line' id='line_1_102' title="bbox 466 5555 2066 5632; baseline 0.003 -20"><span class='ocrx_word' id='word_1_736' title='bbox 466 5565 736 5612; x_wconf 81' lang='lat' dir='ltr'><strong>auctores.</strong></span> <span class='ocrx_word' id='word_1_737' title='bbox 763 5555 898 5611; x_wconf 88' lang='lat' dir='ltr'><strong>Nam</strong></span> <span class='ocrx_word' id='word_1_738' title='bbox 928 5564 1054 5611; x_wconf 89' lang='lat' dir='ltr'><strong>ante</strong></span> <span class='ocrx_word' id='word_1_739' title='bbox 1092 5555 1330 5611; x_wconf 89' lang='lat' dir='ltr'><strong>auditum</strong></span> <span class='ocrx_word' id='word_1_740' title='bbox 1373 5558 1586 5614; x_wconf 88' lang='lat' dir='ltr'><strong>illorum</strong></span> <span class='ocrx_word' id='word_1_741' title='bbox 1638 5573 1835 5615; x_wconf 89' lang='lat' dir='ltr'><strong>nomen</strong></span> <span class='ocrx_word' id='word_1_742' title='bbox 1885 5560 2066 5632; x_wconf 90' lang='lat' dir='ltr'><strong>plures</strong></span> 
     </span>
    </p>
   </div>
   <div class='ocr_carea' id='block_1_103' title="bbox 464 5647 2066 5720">
    <p class='ocr_par' dir='ltr' id='par_1_103' title="bbox 464 5647 2066 5720">
     <span class='ocr_line' id='line_1_103' title="bbox 464 5647 2066 5720; baseline 0.005 -15"><span class='ocrx_word' id='word_1_743' title='bbox 464 5649 696 5714; x_wconf 66' lang='lat' dir='ltr'><strong>insulse,</strong></span> <span class='ocrx_word' id='word_1_744' title='bbox 743 5647 810 5705; x_wconf 89' lang='lat' dir='ltr'><strong>ab</strong></span> <span class='ocrx_word' id='word_1_745' title='bbox 837 5658 1058 5705; x_wconf 89' lang='lat' dir='ltr'><strong>auctore</strong></span> <span class='ocrx_word' id='word_1_746' title='bbox 1103 5657 1287 5705; x_wconf 88' lang='lat' dir='ltr'><strong>nostro</strong></span> <span class='ocrx_word' id='word_1_747' title='bbox 1315 5650 1715 5720; x_wconf 57' lang='lat' dir='ltr'><strong>denominata,</strong></span> <span class='ocrx_word' id='word_1_748' title='bbox 1759 5662 1852 5709; x_wconf 90' lang='lat' dir='ltr'><strong>aut</strong></span> <span class='ocrx_word' id='word_1_749' title='bbox 1899 5653 2066 5713; x_wconf 84' lang='lat' dir='ltr'><strong>maris</strong></span> 
     </span>
    </p>
   </div>
   <div class='ocr_carea' id='block_1_104' title="bbox 464 5739 2065 5815">
    <p class='ocr_par' dir='ltr' id='par_1_104' title="bbox 464 5739 2065 5815">
     <span class='ocr_line' id='line_1_104' title="bbox 464 5739 2065 5815; baseline 0.006 -20"><span class='ocrx_word' id='word_1_750' title='bbox 464 5739 737 5808; x_wconf 79' lang='lat' dir='ltr'><strong>fluctibus,</strong></span> <span class='ocrx_word' id='word_1_751' title='bbox 770 5749 863 5795; x_wconf 90' lang='lat' dir='ltr'><strong>aut</strong></span> <span class='ocrx_word' id='word_1_752' title='bbox 903 5739 1135 5796; x_wconf 91' lang='lat' dir='ltr'><strong>motibus</strong></span> <span class='ocrx_word' id='word_1_753' title='bbox 1178 5749 1337 5798; x_wconf 72' lang='lat' dir='ltr'><strong>terra:</strong></span> <span class='ocrx_word' id='word_1_754' title='bbox 1369 5743 1637 5815; x_wconf 81' lang='lat' dir='ltr'><strong>absorpta:</strong></span> <span class='ocrx_word' id='word_1_755' title='bbox 1667 5756 1813 5802; x_wconf 88' lang='lat' dir='ltr'><strong>sunt.</strong></span> <span class='ocrx_word' id='word_1_756' title='bbox 1841 5745 2065 5806; x_wconf 79' lang='lat' dir='ltr'><strong>Constat</strong></span> 
     </span>
    </p>
   </div>
   <div class='ocr_carea' id='block_1_105' title="bbox 462 5831 2059 5906">
    <p class='ocr_par' dir='ltr' id='par_1_105' title="bbox 462 5831 2059 5906">
     <span class='ocr_line' id='line_1_105' title="bbox 462 5831 2059 5906; baseline 0.005 -17"><span class='ocrx_word' id='word_1_757' title='bbox 462 5831 625 5890; x_wconf 74' lang='lat' dir='ltr'><strong>etiam</strong></span> <span class='ocrx_word' id='word_1_758' title='bbox 670 5840 860 5900; x_wconf 87' lang='lat' dir='ltr'><strong>antea,</strong></span> <span class='ocrx_word' id='word_1_759' title='bbox 901 5846 964 5887; x_wconf 88' lang='lat' dir='ltr'><strong>ac</strong></span> <span class='ocrx_word' id='word_1_760' title='bbox 994 5833 1304 5906; x_wconf 81' lang='lat' dir='ltr'><strong>priusquam</strong></span> <span class='ocrx_word' id='word_1_761' title='bbox 1337 5833 1429 5892; x_wconf 88' lang='lat' dir='ltr'><strong>ulli</strong></span> <span class='ocrx_word' id='word_1_762' title='bbox 1482 5846 1662 5896; x_wconf 88' lang='lat' dir='ltr'><strong>essent</strong></span> <span class='ocrx_word' id='word_1_763' title='bbox 1696 5838 2059 5899; x_wconf 81' lang='lat' dir='ltr'><strong>Romanorum</strong></span> 
     </span>
    </p>
   </div>
   <div class='ocr_carea' id='block_1_106' title="bbox 2178 4722 3768 4794">
    <p class='ocr_par' dir='ltr' id='par_1_106' title="bbox 2178 4722 3768 4794">
     <span class='ocr_line' id='line_1_106' title="bbox 2178 4722 3768 4794; baseline -0.003 -13"><span class='ocrx_word' id='word_1_764' title='bbox 2178 4740 2302 4781; x_wconf 88' lang='lat' dir='ltr'><strong>cum</strong></span> <span class='ocrx_word' id='word_1_765' title='bbox 2343 4725 2531 4781; x_wconf 88' lang='lat' dir='ltr'><strong>iisdem</strong></span> <span class='ocrx_word' id='word_1_766' title='bbox 2581 4723 2810 4781; x_wconf 89' lang='lat' dir='ltr'><strong>ethnicis</strong></span> <span class='ocrx_word' id='word_1_767' title='bbox 2853 4723 3178 4780; x_wconf 85' lang='lat' dir='ltr'><strong>commercia</strong></span> <span class='ocrx_word' id='word_1_768' title='bbox 3232 4722 3430 4794; x_wconf 90' lang='lat' dir='ltr'><strong>ubique</strong></span> <span class='ocrx_word' id='word_1_769' title='bbox 3483 4722 3768 4789; x_wconf 89' lang='lat' dir='ltr'><strong>habebant,</strong></span> 
     </span>
    </p>
   </div>
   <div class='ocr_carea' id='block_1_107' title="bbox 2174 4815 3763 4889">
    <p class='ocr_par' dir='ltr' id='par_1_107' title="bbox 2174 4815 3763 4889">
     <span class='ocr_line' id='line_1_107' title="bbox 2174 4815 3763 4889; baseline -0.002 -16"><span class='ocrx_word' id='word_1_770' title='bbox 2174 4833 2240 4875; x_wconf 89' lang='lat' dir='ltr'><strong>ac</strong></span> <span class='ocrx_word' id='word_1_771' title='bbox 2269 4818 2400 4873; x_wconf 89' lang='lat' dir='ltr'><strong>solis</strong></span> <span class='ocrx_word' id='word_1_772' title='bbox 2443 4817 2680 4889; x_wconf 76' lang='lat' dir='ltr'><strong>exceptis</strong></span> <span class='ocrx_word' id='word_1_773' title='bbox 2725 4816 3116 4889; x_wconf 89' lang='lat' dir='ltr'><strong>superstitiosis</strong></span> <span class='ocrx_word' id='word_1_774' title='bbox 3149 4815 3360 4871; x_wconf 92' lang='lat' dir='ltr'><strong>illorum</strong></span> <span class='ocrx_word' id='word_1_775' title='bbox 3391 4815 3763 4882; x_wconf 67' lang='lat' dir='ltr'><strong>creremoniis,</strong></span> 
     </span>
    </p>
   </div>
   <div class='ocr_carea' id='block_1_108' title="bbox 2173 4909 3768 4982">
    <p class='ocr_par' dir='ltr' id='par_1_108' title="bbox 2173 4909 3768 4982">
     <span class='ocr_line' id='line_1_108' title="bbox 2173 4909 3768 4982; baseline -0.004 -12"><span class='ocrx_word' id='word_1_776' title='bbox 2173 4914 2253 4970; x_wconf 90' lang='lat' dir='ltr'><strong>sie</strong></span> <span class='ocrx_word' id='word_1_777' title='bbox 2281 4921 2426 4969; x_wconf 90' lang='lat' dir='ltr'><strong>artes</strong></span> <span class='ocrx_word' id='word_1_778' title='bbox 2468 4911 2766 4968; x_wconf 89' lang='lat' dir='ltr'><strong>miscebant</strong></span> <span class='ocrx_word' id='word_1_779' title='bbox 2789 4921 2843 4967; x_wconf 90' lang='lat' dir='ltr'><strong>et</strong></span> <span class='ocrx_word' id='word_1_780' title='bbox 2883 4926 3098 4982; x_wconf 89' lang='lat' dir='ltr'><strong>operas,</strong></span> <span class='ocrx_word' id='word_1_781' title='bbox 3130 4919 3185 4965; x_wconf 94' lang='lat' dir='ltr'><strong>ut</strong></span> <span class='ocrx_word' id='word_1_782' title='bbox 3205 4926 3328 4966; x_wconf 91' lang='lat' dir='ltr'><strong>cum</strong></span> <span class='ocrx_word' id='word_1_783' title='bbox 3351 4909 3415 4965; x_wconf 85' lang='lat' dir='ltr'><strong>iis</strong></span> <span class='ocrx_word' id='word_1_784' title='bbox 3435 4951 3450 4977; x_wconf 92' lang='lat'><strong>,</strong></span> <span class='ocrx_word' id='word_1_785' title='bbox 3474 4919 3528 4966; x_wconf 92' lang='lat' dir='ltr'><strong>et</strong></span> <span class='ocrx_word' id='word_1_786' title='bbox 3564 4909 3632 4966; x_wconf 85' lang='lat' dir='ltr'><strong>de</strong></span> <span class='ocrx_word' id='word_1_787' title='bbox 3662 4909 3768 4965; x_wconf 91' lang='lat' dir='ltr'><strong>illis</strong></span> 
     </span>
    </p>
   </div>
   <div class='ocr_carea' id='block_1_109' title="bbox 2174 5004 3768 5077">
    <p class='ocr_par' dir='ltr' id='par_1_109' title="bbox 2174 5004 3768 5077">
     <span class='ocr_line' id='line_1_109' title="bbox 2174 5004 3768 5077; baseline -0.002 -15"><span class='ocrx_word' id='word_1_788' title='bbox 2174 5008 2438 5063; x_wconf 87' lang='lat' dir='ltr'><strong>viverent.</strong></span> <span class='ocrx_word' id='word_1_789' title='bbox 2466 5007 2535 5061; x_wconf 90' lang='lat' dir='ltr'><strong>At</strong></span> <span class='ocrx_word' id='word_1_790' title='bbox 2557 5007 2880 5077; x_wconf 88' lang='lat' dir='ltr'><strong>templorum</strong></span> <span class='ocrx_word' id='word_1_791' title='bbox 2910 5015 3258 5075; x_wconf 69' lang='lat' dir='ltr'><strong>nostrorum,</strong></span> <span class='ocrx_word' id='word_1_792' title='bbox 3297 5004 3611 5076; x_wconf 89' lang='lat' dir='ltr'><strong>inquiebant</strong></span> <span class='ocrx_word' id='word_1_793' title='bbox 3633 5019 3768 5076; x_wconf 83' lang='lat' dir='ltr'><strong>gen-</strong></span> 
     </span>
    </p>
   </div>
   <div class='ocr_carea' id='block_1_110' title="bbox 2177 5097 3773 5171">
    <p class='ocr_par' dir='ltr' id='par_1_110' title="bbox 2177 5097 3773 5171">
     <span class='ocr_line' id='line_1_110' title="bbox 2177 5097 3773 5171; baseline -0.003 -15"><span class='ocrx_word' id='word_1_794' title='bbox 2177 5101 2317 5168; x_wconf 88' lang='lat' dir='ltr'><strong>tiles,</strong></span> <span class='ocrx_word' id='word_1_795' title='bbox 2351 5099 2627 5171; x_wconf 89' lang='lat' dir='ltr'><strong>vectigalia</strong></span> <span class='ocrx_word' id='word_1_796' title='bbox 2660 5099 2991 5155; x_wconf 89' lang='lat' dir='ltr'><strong>minuttntur.</strong></span> <span class='ocrx_word' id='word_1_797' title='bbox 3015 5098 3122 5155; x_wconf 88' lang='lat' dir='ltr'><strong>Sed</strong></span> <span class='ocrx_word' id='word_1_798' title='bbox 3151 5099 3363 5169; x_wconf 90' lang='lat' dir='ltr'><strong>quibus,</strong></span> <span class='ocrx_word' id='word_1_799' title='bbox 3393 5098 3466 5152; x_wconf 91' lang='lat' dir='ltr'><strong>ait</strong></span> <span class='ocrx_word' id='word_1_800' title='bbox 3490 5097 3773 5153; x_wconf 87' lang='lat' dir='ltr'><strong>Tertullia-</strong></span> 
     </span>
    </p>
   </div>
   <div class='ocr_carea' id='block_1_111' title="bbox 2171 5188 3770 5262">
    <p class='ocr_par' dir='ltr' id='par_1_111' title="bbox 2171 5188 3770 5262">
     <span class='ocr_line' id='line_1_111' title="bbox 2171 5188 3770 5262; baseline -0.004 -14"><span class='ocrx_word' id='word_1_801' title='bbox 2171 5191 2318 5248; x_wconf 88' lang='lat' dir='ltr'><strong>nus?</strong></span> <span class='ocrx_word' id='word_1_802' title='bbox 2349 5190 2615 5262; x_wconf 88' lang='lat' dir='ltr'><strong>Numquid</strong></span> <span class='ocrx_word' id='word_1_803' title='bbox 2647 5191 2953 5246; x_wconf 89' lang='lat' dir='ltr'><strong>homiuibus</strong></span> <span class='ocrx_word' id='word_1_804' title='bbox 2982 5190 3194 5262; x_wconf 88' lang='lat' dir='ltr'><strong>diisque</strong></span> <span class='ocrx_word' id='word_1_805' title='bbox 3233 5189 3427 5246; x_wconf 89' lang='lat' dir='ltr'><strong>vestris</strong></span> <span class='ocrx_word' id='word_1_806' title='bbox 3458 5188 3770 5245; x_wconf 88' lang='lat' dir='ltr'><strong>mendican-</strong></span> 
     </span>
    </p>
   </div>
   <div class='ocr_carea' id='block_1_112' title="bbox 2171 5280 3773 5353">
    <p class='ocr_par' dir='ltr' id='par_1_112' title="bbox 2171 5280 3773 5353">
     <span class='ocr_line' id='line_1_112' title="bbox 2171 5280 3773 5353; baseline -0.004 -12"><span class='ocrx_word' id='word_1_807' title='bbox 2171 5285 2352 5341; x_wconf 88' lang='lat' dir='ltr'><strong>tibus?</strong></span> <span class='ocrx_word' id='word_1_808' title='bbox 2375 5282 2567 5339; x_wconf 88' lang='lat' dir='ltr'><strong>Nonne</strong></span> <span class='ocrx_word' id='word_1_809' title='bbox 2595 5281 2880 5338; x_wconf 89' lang='lat' dir='ltr'><strong>christiani</strong></span> <span class='ocrx_word' id='word_1_810' title='bbox 2908 5297 3064 5353; x_wconf 89' lang='lat' dir='ltr'><strong>opem</strong></span> <span class='ocrx_word' id='word_1_811' title='bbox 3096 5282 3203 5337; x_wconf 90' lang='lat' dir='ltr'><strong>illis</strong></span> <span class='ocrx_word' id='word_1_812' title='bbox 3233 5280 3537 5353; x_wconf 91' lang='lat' dir='ltr'><strong>petentibus</strong></span> <span class='ocrx_word' id='word_1_813' title='bbox 3558 5295 3773 5351; x_wconf 89' lang='lat' dir='ltr'><strong>semper</strong></span> 
     </span>
    </p>
   </div>
   <div class='ocr_carea' id='block_1_113' title="bbox 2170 5373 3768 5448">
    <p class='ocr_par' dir='ltr' id='par_1_113' title="bbox 2170 5373 3768 5448">
     <span class='ocr_line' id='line_1_113' title="bbox 2170 5373 3768 5448; baseline -0.004 -14"><span class='ocrx_word' id='word_1_814' title='bbox 2170 5379 2384 5446; x_wconf 90' lang='lat' dir='ltr'><strong>ferunt,</strong></span> <span class='ocrx_word' id='word_1_815' title='bbox 2414 5391 2710 5448; x_wconf 88' lang='lat' dir='ltr'><strong>eorumque</strong></span> <span class='ocrx_word' id='word_1_816' title='bbox 2733 5374 3101 5432; x_wconf 90' lang='lat' dir='ltr'><strong>misericordia</strong></span> <span class='ocrx_word' id='word_1_817' title='bbox 3132 5375 3286 5446; x_wconf 91' lang='lat' dir='ltr'><strong>plura</strong></span> <span class='ocrx_word' id='word_1_818' title='bbox 3314 5374 3518 5429; x_wconf 82' lang='lat' dir='ltr'><strong>vicatim</strong></span> <span class='ocrx_word' id='word_1_819' title='bbox 3545 5373 3768 5439; x_wconf 88' lang='lat' dir='ltr'><strong>tribuit,</strong></span> 
     </span>
    </p>
   </div>
   <div class='ocr_carea' id='block_1_114' title="bbox 2169 5466 3770 5544">
    <p class='ocr_par' dir='ltr' id='par_1_114' title="bbox 2169 5466 3770 5544">
     <span class='ocr_line' id='line_1_114' title="bbox 2169 5466 3770 5544; baseline -0.003 -18"><span class='ocrx_word' id='word_1_820' title='bbox 2169 5484 2329 5544; x_wconf 89' lang='lat' dir='ltr'><strong>quam</strong></span> <span class='ocrx_word' id='word_1_821' title='bbox 2348 5469 2576 5540; x_wconf 83' lang='lat' dir='ltr'><strong>gentiles</strong></span> <span class='ocrx_word' id='word_1_822' title='bbox 2596 5469 2909 5539; x_wconf 82' lang='lat' dir='ltr'><strong>templatim?</strong></span> <span class='ocrx_word' id='word_1_823' title='bbox 2929 5467 3133 5525; x_wconf 64' lang='lat' dir='ltr'><strong>Caetera</strong></span> <span class='ocrx_word' id='word_1_824' title='bbox 3155 5483 3284 5524; x_wconf 89' lang='lat' dir='ltr'><strong>vero</strong></span> <span class='ocrx_word' id='word_1_825' title='bbox 3305 5467 3584 5538; x_wconf 83' lang='lat' dir='ltr'><strong>vectigalia</strong></span> <span class='ocrx_word' id='word_1_826' title='bbox 3610 5466 3770 5522; x_wconf 90' lang='lat' dir='ltr'><strong>iidem</strong></span> 
     </span>
    </p>
   </div>
   <div class='ocr_carea' id='block_1_115' title="bbox 2167 5556 3770 5633">
    <p class='ocr_par' dir='ltr' id='par_1_115' title="bbox 2167 5556 3770 5633">
     <span class='ocr_line' id='line_1_115' title="bbox 2167 5556 3770 5633; baseline -0.003 -14"><span class='ocrx_word' id='word_1_827' title='bbox 2167 5562 2446 5620; x_wconf 87' lang='lat' dir='ltr'><strong>christiani</strong></span> <span class='ocrx_word' id='word_1_828' title='bbox 2466 5570 2612 5616; x_wconf 88' lang='lat' dir='ltr'><strong>tanta</strong></span> <span class='ocrx_word' id='word_1_829' title='bbox 2638 5560 2744 5618; x_wconf 84' lang='lat' dir='ltr'><strong>ﬁde</strong></span> <span class='ocrx_word' id='word_1_830' title='bbox 2768 5559 3097 5633; x_wconf 81' lang='lat' dir='ltr'><strong>expendunt,</strong></span> <span class='ocrx_word' id='word_1_831' title='bbox 3119 5568 3318 5632; x_wconf 87' lang='lat' dir='ltr'><strong>quanta</strong></span> <span class='ocrx_word' id='word_1_832' title='bbox 3336 5559 3680 5632; x_wconf 88' lang='lat' dir='ltr'><strong>improbitate</strong></span> <span class='ocrx_word' id='word_1_833' title='bbox 3701 5556 3770 5614; x_wconf 89' lang='lat' dir='ltr'><strong>ab</strong></span> 
     </span>
    </p>
   </div>
   <div class='ocr_carea' id='block_1_116' title="bbox 2167 5653 3054 5726">
    <p class='ocr_par' dir='ltr' id='par_1_116' title="bbox 2167 5653 3054 5726">
     <span class='ocr_line' id='line_1_116' title="bbox 2167 5653 3054 5726; baseline -0.008 -11"><span class='ocrx_word' id='word_1_834' title='bbox 2167 5655 2401 5715; x_wconf 87' lang='lat' dir='ltr'><strong>ethnicis</strong></span> <span class='ocrx_word' id='word_1_835' title='bbox 2431 5653 2746 5711; x_wconf 88' lang='lat' dir='ltr'><strong>fraudantur</strong></span> <span class='ocrx_word' id='word_1_836' title='bbox 2769 5654 2909 5726; x_wconf 85' lang='lat' dir='ltr'><strong>(cap.</strong></span> <span class='ocrx_word' id='word_1_837' title='bbox 2939 5653 3054 5725; x_wconf 66' lang='grc'><strong>62).</strong></span> 
     </span>
    </p>
   </div>
   <div class='ocr_carea' id='block_1_117' title="bbox 2238 5742 3768 5820">
    <p class='ocr_par' dir='ltr' id='par_1_117' title="bbox 2238 5742 3768 5820">
     <span class='ocr_line' id='line_1_117' title="bbox 2238 5742 3768 5820; baseline -0.001 -17"><span class='ocrx_word' id='word_1_838' title='bbox 2238 5747 2465 5817; x_wconf 85' lang='lat' dir='ltr'><strong>Quinam</strong></span> <span class='ocrx_word' id='word_1_839' title='bbox 2515 5755 2728 5815; x_wconf 90' lang='lat' dir='ltr'><strong>autem,</strong></span> <span class='ocrx_word' id='word_1_840' title='bbox 2787 5746 2957 5820; x_wconf 90' lang='lat' dir='ltr'><strong>pergit</strong></span> <span class='ocrx_word' id='word_1_841' title='bbox 3004 5752 3192 5803; x_wconf 90' lang='lat' dir='ltr'><strong>auctor</strong></span> <span class='ocrx_word' id='word_1_842' title='bbox 3235 5753 3456 5814; x_wconf 89' lang='lat' dir='ltr'><strong>noster,</strong></span> <span class='ocrx_word' id='word_1_843' title='bbox 3501 5745 3572 5802; x_wconf 92' lang='lat' dir='ltr'><strong>de</strong></span> <span class='ocrx_word' id='word_1_844' title='bbox 3619 5742 3768 5802; x_wconf 84' lang='lat' dir='ltr'><strong>chri-</strong></span> 
     </span>
    </p>
   </div>
   <div class='ocr_carea' id='block_1_118' title="bbox 2165 5838 3765 5914">
    <p class='ocr_par' dir='ltr' id='par_1_118' title="bbox 2165 5838 3765 5914">
     <span class='ocr_line' id='line_1_118' title="bbox 2165 5838 3765 5914; baseline -0.003 -13"><span class='ocrx_word' id='word_1_845' title='bbox 2165 5841 2463 5901; x_wconf 75' lang='lat' dir='ltr'><strong>Silanorum</strong></span> <span class='ocrx_word' id='word_1_846' title='bbox 2526 5841 2886 5914; x_wconf 89' lang='lat' dir='ltr'><strong>querebantur</strong></span> <span class='ocrx_word' id='word_1_847' title='bbox 2942 5839 3280 5899; x_wconf 84' lang='lat' dir='ltr'><strong>inutilitate?</strong></span> <span class='ocrx_word' id='word_1_848' title='bbox 3343 5838 3534 5898; x_wconf 84' lang='lat' dir='ltr'><strong>Nonne</strong></span> <span class='ocrx_word' id='word_1_849' title='bbox 3615 5838 3765 5897; x_wconf 87' lang='lat' dir='ltr'><strong>leno-</strong></span> 
     </span>
    </p>
   </div>
  </div>
