4150 6352
435 309 537 367 Ἰὶί

1578 309 2034 370 DISSERTATIO
2072 307 2136 366 D.
2174 309 2264 367 LE
2303 310 2607 370 NOURRY.

3648 321 3754 378 722

433 441 568 492 nes,
632 425 982 497 perductores
1008 467 1022 493 ,
1091 425 1387 496 aquarioli,
1453 426 1665 494 sicarii,
1727 427 2038 494 venenarii,
2067 423 2125 486 Α
2151 425 2369 497 tlippias
2396 427 2450 482 in
2481 427 2717 496 insidiis,
2749 428 2780 484 ει
2819 443 2880 486 se
2908 430 3062 488 alteri
3105 430 3342 504 paratis,
3383 431 3597 492 occisus
3634 451 3751 494 me-

431 520 611 592 magi,
640 531 693 576 et
723 520 814 576 alii
841 521 1080 591 ejusdem
1111 520 1293 576 farina:
1321 521 1604 578 homines?
1627 524 1694 576 At
1721 522 1800 578 eis
1830 521 2034 577 infruc-

435 623 620 672 tuosos
651 631 770 672 esse
800 616 1002 673 fructus
1028 626 1129 672 est.
1163 618 1428 672 szterum
1461 617 1504 672 si
1532 616 1811 672 christiani
1837 615 2076 700 aliquid”

435 710 747 782 rcipublica:
776 709 1001 779 afferant
1045 710 1348 767 detrimenti
1372 753 1386 775 ,
1418 711 1543 766 illud
1571 710 1834 766 daemonia
1864 727 1929 766 ex
1957 711 2036 782 ip-

429 811 730 858 sorummet
755 803 1092 858 ethnicorum
1121 804 1437 873 corporibus
1463 802 1729 887 ejiciendo
1753 843 1768 869 ,
1795 804 1926 858 satis
1946 818 2037 858 su-

433 914 635 970 perque
683 899 1126 969 compensabant.
1154 897 1347 952 Verum
1393 899 1620 968 gentiles
1671 907 1812 952 tanta
1862 898 2036 968 profe-

431 1000 520 1046 cto
549 990 865 1046 crudelitate
884 1031 899 1056 ,
921 1001 1122 1060 quanto
1159 989 1466 1060 reipublicae
1496 989 1692 1045 damno
1719 989 2036 1046 occidebant

433 1083 755 1140 christianos
775 1126 790 1151 ,
825 1099 1052 1153 quorum
1081 1093 1353 1155 comperta
1385 1084 1633 1139 omnibus
1662 1098 1784 1140 esse
1805 1082 2036 1138 debebat

432 1177 859 1244 inuocentia,vel
889 1193 956 1232 eo
986 1178 1104 1232 solo
1124 1218 1139 1243 ,
1164 1177 1306 1248 quod
1335 1177 1613 1233 sceleratis
1630 1176 1752 1248 (iam
1784 1178 1926 1248 pleni
1949 1191 2036 1232 es-

431 1281 554 1327 sent
585 1286 852 1336 carceres,
880 1271 1060 1326 nullus
1088 1271 1184 1340 ibi,
1209 1271 1308 1326 nisi
1333 1285 1487 1326 suum
1521 1271 1694 1326 solum
1721 1271 1792 1326 ob
1812 1285 2030 1338 nomen,

430 1363 756 1420 christianus
779 1363 1148 1435 reperiebatur
1174 1363 1317 1432 (cap.
1343 1365 1433 1429 45,
1458 1362 1572 1434 44).

505 1455 849 1526 Nequea’nde
881 1464 1089 1518 tantum
1118 1455 1372 1525 probatur
1400 1455 1612 1510 illorum
1643 1455 1766 1509 vita:
1794 1469 2035 1509 morum~

430 1567 534 1621 quc
588 1549 900 1623 integritas,
933 1549 1026 1606 sed
1080 1566 1149 1605 ex
1205 1549 1400 1604 divinis
1435 1550 1599 1604 etiam
1637 1550 1848 1604 illorum
1901 1547 2031 1619 legi-

429 1644 692 1714 busquze
717 1643 1000 1698 sanctitate
1042 1651 1097 1698 et
1137 1643 1456 1698 auctoritate
1502 1657 1595 1698 sua
1648 1641 1898 1698 omnibus
1928 1643 2032 1696 hu-

430 1738 604 1792 manis
643 1735 803 1807 longe
848 1743 1125 1806 praestant.
1170 1735 1301 1790 Nam
1367 1735 1449 1790 hze
1497 1726 1841 1791 homicidium
1870 1777 1884 1800 ,
1929 1735 2032 1791 illae

2141 520 2458 575 morantur?
2483 523 2553 577 At
2568 521 2892 580 christianus
2911 524 2980 581 ab
3005 525 3072 583 iis
3091 527 3341 584 omnibus
3360 528 3742 602 alienissimus,

2140 613 2276 668 nihil
2305 630 2536 685 unquam
2563 615 2649 671 his
2672 611 2849 674 simile
2880 620 3126 677 tentavit.
3156 617 3214 676 Si
3235 621 3354 693 quis
3379 621 3525 678 enim
3553 637 3746 682 exces-

2139 706 2211 762 sit
2251 707 2282 762 ὸ
2321 709 2502 780 regula
2531 709 2829 792 disciplina:
2853 754 2868 780 ,
2918 722 3032 770 tum
3060 715 3221 772 desiit
3247 730 3370 773 esse
3393 700 3740 777 christianus.
3791 707 3806 719 ’

2211 799 2426 857 Ethnici
2451 817 2579 873 ergo
2609 801 2801 859 frustra
2833 806 3182 870 venditabant
3213 808 3564 882 philosophos
3606 827 3735 870 suos

2138 892 2446 949 christianis
2495 895 2717 951 scientia
2773 899 3112 969 aequiparari.
3167 898 3304 957 Nam
3360 901 3415 957 hi
3461 902 3561 974 ipsi
3616 903 3739 975 pbi-

2137 985 2388 1058 losophi,
2417 989 2867 1059 quemadmodum
2916 1003 3090 1064 poeta:
3133 1009 3196 1051 ac
3242 994 3542 1066 sophistas,
3589 998 3744 1069 plura

2137 1079 2354 1150 quidem
2398 1081 2592 1151 placita
2641 1098 2708 1138 ex
2753 1083 2922 1140 sacris
2972 1084 3167 1141 divinae
3206 1095 3407 1144 nostrte
3447 1085 3742 1160 Scriptura:

2138 1172 2372 1228 fontibus
2404 1172 2729 1230 hauserant:
2764 1175 2858 1231 sed
2899 1175 3016 1246 ejus
3050 1177 3450 1248 simplicitatem
3475 1221 3491 1248 ,
3532 1195 3596 1236 ac
3625 1195 3743 1238 ser-

2139 1279 2354 1321 monem
2385 1275 2512 1322 tunc
2553 1267 2838 1323 obscurum
2872 1269 3235 1340 despicientes
3256 1313 3272 1340 ,
3305 1287 3369 1328 ea
3399 1273 3579 1344 pravis
3613 1289 3741 1333 cor-

2136 1369 2399 1430 ruperunt
2449 1361 2563 1416 suis
2611 1362 2982 1432 opinionibus.
3039 1364 3119 1420 Ex
3173 1363 3277 1421 hac
3329 1367 3528 1439 quippe
3586 1382 3741 1425 sacra

2137 1454 2411 1525 Scriptura
2433 1465 2766 1526 agnoverunt
2789 1473 2951 1512 unum
2981 1456 3240 1514 duntaxat
3265 1468 3385 1515 esse
3408 1459 3579 1518 Deum
3603 1480 3615 1517 :
3640 1463 3738 1520 sed

2138 1545 2280 1603 hunc
2305 1546 2564 1603 Platonici
2586 1548 2961 1627 incorporeum
2982 1591 2998 1616 ,
3029 1550 3196 1608 Stoici
3224 1567 3545 1625 corporeum
3565 1596 3582 1622 ,
3615 1555 3743 1627 Epi.

2135 1656 2298 1698 curus
2325 1657 2390 1698 ex
2415 1643 2610 1698 atomis
2630 1687 2644 1711 ,
2674 1659 2740 1700 cx
2772 1646 3009 1701 numeris
3033 1646 3364 1719 Pythagoras
3383 1690 3399 1716 ,
3431 1649 3738 1708 Heraclitus

2136 1750 2202 1792 ex
2231 1736 2353 1808 igne
2386 1745 2562 1792 ortum
2599 1752 2720 1794 esse
2759 1737 3078 1795 docuerunt.
3111 1739 3284 1796 Simili
3319 1757 3533 1814 quoque
3578 1743 3740 1802 modo

433 1833 598 1896 iram;
629 1830 716 1886 lite
739 1829 1060 1886 adulterium
1082 1871 1096 1896 ,
1121 1829 1226 1885 illae
1253 1829 1780 1899 concupiscentiam:
1811 1829 1894 1884 hre
1925 1844 2032 1884 ma—
2058 1819 2106 1880 B
2135 1826 2287 1885 Plato
2339 1829 2576 1886 divinam
2621 1830 2766 1886 illius
2813 1833 3202 1902 providentiam
3251 1837 3523 1906 asseruit,
3575 1853 3736 1910 quam

431 1927 697 2006 leﬁcium,
743 1925 850 1980 illa:
889 1924 1310 1996 malcloquium;
1348 1925 1451 1979 illae
1491 1923 1737 1994 injuriam
1769 1923 2030 1980 vindicari

431 2021 782 2090 pra-cipiunt,
831 2019 912 2073 hac
963 2019 1172 2089 injurim
1219 2019 1388 2074 vicem
1435 2018 1663 2074 reddere
1718 2018 2026 2088 prohibent.

431 2113 546 2168 lluc
566 2112 773 2168 accedit
800 2110 940 2183 quod
979 2113 1156 2167 omnia
1180 2153 1196 2179 ,
1229 2125 1346 2182 qua:
1375 2112 1426 2166 in
1465 2111 1711 2166 humanis
1748 2113 2027 2183 gentilium

432 2204 639 2275 legibus
665 2203 990 2274 probantur,
1021 2204 1137 2258 ha:c
1163 2220 1226 2258 ex
1266 2204 1462 2259 divinis
1482 2204 1894 2258 cbristianorum
1922 2213 2030 2260 sta-

432 2298 559 2353 tutis
587 2296 813 2352 delibata
841 2306 985 2351 sunt.
1029 2295 1300 2351 Prmterea
1344 2297 1601 2360 maiorem
1646 2311 1768 2351 esse
1799 2296 1986 2351 harum
2010 2338 2028 2365 ,

429 2407 587 2462 quam
618 2392 825 2445 illarum
844 2392 1214 2446 auctoritatem
1244 2390 1369 2446 hinc
1393 2391 1550 2461 plane
1574 2391 1875 2454 conﬁcitur,
1905 2393 2029 2462 quia

432 2485 661 2538 humana
695 2486 780 2539 lex
807 2485 1059 2556 perfringi
1092 2484 1245 2539 facile
1275 2493 1480 2555 potest,
1516 2485 1597 2540 vel
1643 2495 1862 2555 propter
1906 2500 2030 2541 reo-

429 2593 548 2632 rum
579 2575 814 2632 latebras
833 2619 848 2641 ,
879 2585 936 2631 ct
965 2577 1216 2646 peccandi
1250 2577 1624 2632 necessitatem
1651 2619 1665 2642 ,
1698 2578 1782 2631 vel
1815 2587 2031 2650 propter

431 2670 679 2740 supplicii
731 2670 1077 2736 brevitatem,
1137 2687 1244 2726 non
1295 2673 1430 2726 ultra
1471 2671 1674 2726 obitum
1729 2671 2026 2743 inﬁigendi.

429 2766 499 2820 At
527 2765 656 2819 nihil
685 2779 903 2835 prorsus
932 2765 1105 2821 latere
1131 2775 1308 2836 potest
1341 2766 1504 2820 Deum
1530 2803 1544 2830 ,
1578 2765 1670 2836 qui
1697 2773 1931 2822 :eternas
1961 2766 2029 2823 de

427 2856 754 2927 quibuslibet
791 2857 1073 2912 criminum
1118 2857 1351 2913 consciis
1401 2872 1588 2927 pinnas
1641 2859 1854 2930 repetit.
1887 2858 2028 2926 Quid

427 2950 620 3002 mirmn
649 2963 800 3020 ergo,
823 2949 867 3003 si
917 2958 1058 3004 tanta
1103 2949 1284 3017 fuerit,
1317 2951 1476 3006 sicuti
1517 2950 1628 3022 jam
1681 2951 2026 3009 demonstra-

426 3051 537 3096 tum
564 3051 671 3106 est,
707 3041 1124 3098 Christianorum
1170 3043 1316 3098 illum
1359 3044 1661 3100 timentium
1695 3046 2022 3115 innocentia,

423 3145 479 3191 et
531 3135 809 3205 gentilium
868 3137 1242 3206 proconsulem
1288 3139 1636 3194 metuentium
1699 3142 2022 3210 perversitas

428 3233 564 3302 (cap.
596 3231 840 3302 45,46)?

494 3327 564 3381 At
611 3321 934 3397 philosophi
975 3328 1185 3396 nostri,
1229 3328 1446 3385 aiebant
1499 3329 1618 3396 isti,
1669 3329 1912 3386 eamdem
1959 3343 2022 3387 ac

420 3418 699 3475 christiani
728 3419 1118 3492 profitebantur
1158 3421 1554 3490 innocentiam,
1591 3421 1852 3492 justitiam
1874 3464 1890 3490 ,
1923 3437 2021 3493 pa-

422 3512 700 3579 tientiam,
742 3514 1124 3582 sobrietatem,
1170 3514 1501 3584 pudicitiam.
1543 3515 1600 3572 Si
1649 3515 1721 3570 ita
1751 3525 1865 3581 est,
1892 3517 2023 3585 [res-

419 3605 618 3676 pondet
645 3604 1010 3661 Tertuﬂianus
1035 3648 1050 3672 ,
1093 3620 1190 3661 cur
1237 3605 1418 3675 plures
1445 3605 1785 3677 philosophi,
1829 3621 2020 3676 supcr-

417 3697 663 3754 stitiones
696 3699 974 3768 gentilium
1021 3697 1327 3768 adspernati
1348 3740 1364 3766 ,
1395 3697 1699 3766 laudantur,
1725 3697 2021 3754 donantur-

416 3807 520 3864 que
568 3793 760 3848 statuis
796 3807 861 3848 ac
900 3792 1140 3858 salariis;
1187 3791 1466 3848 christiani
1509 3807 1638 3847 vero
1678 3792 1879 3848 idcirco
1911 3801 2020 3848 tor-

416 3894 647 3956 quentur
692 3894 747 3940 et
795 3883 1232 3940 interﬁciuntur?
1272 3883 1542 3955 Numquid
1589 3886 1881 3950 Socrates,
1927 3884 2018 3955 qui

413 3977 676 4033 dmmonis
702 4020 717 4045 ,
746 3979 844 4033 sibi
868 3992 1081 4048 semper
1101 3978 1410 4034 adsistentis
1433 4020 1447 4045 ,
1479 3992 1641 4049 opera
1666 3993 1794 4033 usus
1819 3987 1898 4033 est
1920 4020 1935 4044 ,
1963 3986 2020 4034 ct

415 4069 725 4140 Esculapio
767 4070 1089 4126 sacriﬁcavit
1112 4112 1126 4132 ,
1169 4070 1364 4125 melior
1408 4069 1508 4124 fuit
1543 4070 1855 4126 christianis
1879 4110 1894 4137 ,
1926 4069 2017 4140 qui

411 4161 679 4217 daunonia
708 4161 888 4234 fugant
916 4173 970 4218 et
996 4161 1592 4234 expellunt?Numquid
1622 4162 1890 4229 Thaletis,
1922 4161 2017 4233 qui

414 4253 482 4310 dc
514 4255 621 4310 Deo
651 4255 1009 4325 interrogatus
1055 4254 1187 4310 nihil
1230 4254 1545 4326 respondit,
1595 4264 1688 4310 aut
1731 4255 2013 4323 Platonis,

413 4346 505 4416 qui
535 4345 670 4400 dixit
711 4346 876 4400 Deum
925 4362 1048 4402 esse
1075 4346 1293 4402 inventu
1323 4357 1380 4404 ct
1420 4355 1670 4404 enarrata
1697 4346 1973 4404 difﬁcilem
1995 4388 2012 4415 ,

415 4440 623 4508 major,
676 4449 768 4493 aut
817 4443 1006 4494 melior
1068 4452 1152 4494 est
1201 4441 1466 4508 scientia,
1517 4457 1676 4512 quam
1729 4441 2016 4512 cujuslibet

413 4532 692 4588 christiani
719 4531 927 4604 Opiﬁcis
948 4574 963 4600 ,
992 4534 1082 4603 qui
1111 4534 1278 4590 Deum
1301 4535 1505 4590 invenit
1530 4577 1545 4603 ,
1577 4543 1634 4592 et
1659 4535 1778 4606 quis
1801 4535 1893 4591 ille
1920 4536 2012 4602 sit,

2135 1922 2655 2003 negavitEpicurus.
2686 1925 2861 1996 Aliqui
2889 1925 3036 1981 illum
3066 1934 3215 1982 extra
3247 1927 3505 1984 mundum
3525 1971 3542 1997 ,
3570 1929 3660 1985 alii
3681 1931 3735 1986 in

2134 2029 2200 2070 eo
2227 2016 2460 2086 positum
2479 2016 2791 2096 censebant.
2815 2017 3075 2075 Eamdem
3093 2035 3222 2076 sane
3247 2021 3317 2077 ob
3335 2036 3552 2079 causam
3575 2023 3737 2080 varite

2135 2111 2348 2167 fuerunt
2372 2110 2586 2167 illorum
2631 2112 2700 2168 de
2740 2112 2925 2168 mundi
2965 2123 3088 2169 ortu
3119 2123 3172 2170 et
3211 2114 3529 2183 (iuratione,
3561 2132 3626 2173 ac
3666 2116 3738 2175 de

2133 2203 2328 2259 anima:
2359 2203 2607 2260 humanm
2635 2213 2820 2260 natura
2851 2205 3214 2275 opinationes.
3243 2205 3429 2279 Neque
3469 2207 3736 2279 objicien-

2133 2295 2260 2368 dum
2289 2304 2373 2352 est
2401 2311 2430 2351 a
2457 2297 2776 2368 quibusdam
2804 2313 3018 2370 quoque
3042 2298 3350 2357 christianis
3376 2300 3732 2359 adulteratam

2133 2387 2299 2444 fuisse
2339 2398 2612 2446 recentem
2651 2387 2849 2446 Christi
2889 2391 3208 2447 doctrinam.
3257 2390 3390 2448 Nam
3437 2391 3526 2461 hi,
3564 2394 3737 2466 inquit

2134 2481 2531 2549 Tertullianus‘,
2561 2481 2798 2539 haeretici
2820 2494 2974 2550 sunt,
3009 2494 3063 2540 et
3089 2484 3346 2541 adversus
3373 2501 3589 2544 errores
3611 2487 3731 2543 illo-

2133 2589 2252 2630 rum
2290 2576 2693 2646 prmscribimus
2737 2577 3036 2633 certissima
3065 2578 3307 2634 veritatis
3351 2579 3572 2650 regula,
3611 2595 3735 2652 qua:

2132 2666 2201 2722 ab
2219 2667 2458 2736 ejusdem
2485 2667 2685 2724 Christi
2707 2669 2982 2740 discipulis
3006 2671 3072 2726 ad
3095 2686 3194 2727 nos
3219 2671 3529 2728 transmissa
3555 2680 3657 2728 est.

2203 2759 2428 2832 Maligna
2472 2761 2690 2834 insuper
2731 2763 3038 2818 daemonum
3087 2763 3416 2831 calliditate,
3461 2779 3734 2838 pravoque

2132 2853 2343 2909 illorum
2382 2855 2630 2912 instinctu
2668 2857 2898 2927 gentiles
2939 2856 3242 2928 philosOphi
3271 2865 3324 2913 et
3364 2867 3536 2927 poetae
3564 2874 3729 2929 quas-

2130 2945 2254 3000 dam
2280 2947 2649 3018 excogitarunt
2674 2947 2912 3015 fabulas,
2939 2957 3002 3003 ut
3026 2948 3158 3004 falsa
3185 2949 3445 3017 veritatis,
3465 2950 3519 3006 in
3548 2950 3732 3022 Scrip-

2131 3038 2264 3093 turis
2290 3039 2456 3094 sacris
2484 3039 2721 3106 traditm,
2751 3040 3102 3096 similitudine
3122 3042 3304 3097 eteteri
3333 3041 3577 3097 homines
3597 3044 3726 3114 ipsis

2131 3130 2306 3200 potius
2329 3173 2346 3200 ,
2377 3147 2536 3202 quam
2565 3134 2873 3190 christianis
2897 3175 2912 3201 ,
2943 3134 3047 3191 sibi
3090 3134 3296 3192 odiosis
3318 3176 3335 3204 ,
3385 3127 3542 3193 ﬁdem
3583 3151 3726 3208 pra:-

2050 3209 2097 3273 C
2130 3232 2356 3282 starent.
2390 3225 2480 3281 Sic
2511 3226 2655 3282 enim
2682 3227 2886 3284 ﬁnxere
2913 3227 3125 3299 aliquod
3155 3229 3294 3298 apud
3325 3228 3525 3286 inferos
3556 3232 3728 3288 tribu-

2123 3317 2212 3372 nal
2234 3358 2248 3383 ,
2277 3316 2800 3388 Pyriphlegctontem
2832 3318 3051 3375 ﬂuvium
3071 3359 3088 3384 ,
3136 3329 3188 3376 et
3221 3320 3435 3392 Elysios
3463 3337 3724 3394 campos;

2124 3407 2246 3478 quia
2269 3422 2298 3462 a
2326 3408 2530 3464 nostris
2548 3420 2866 3480 acceperant
2891 3411 3135 3466 ultimum
3163 3411 3276 3468 fore
3303 3413 3578 3469 hominum
3607 3430 3725 3473 om-

2123 3501 2272 3556 nium
2297 3500 2557 3571 judicium
2575 3545 2590 3569 ,
2617 3513 2847 3560 aeternas
2880 3505 3247 3575 improborum
3277 3520 3462 3576 poenas
3481 3548 3496 3573 ,
3524 3522 3588 3564 ac
3607 3509 3726 3580 pio-

2123 3607 2242 3647 rum
2283 3593 2666 3664 sempiternam
2706 3595 2759 3650 in
2809 3597 3056 3676 paradiso
3094 3596 3423 3654 felicitatem.
3455 3599 3562 3657 Sed
3602 3601 3724 3672 quis

2123 3689 2333 3745 nesciat
2357 3689 2572 3760 scriptis
2596 3690 2794 3747 nostris
2812 3733 2828 3759 ,
2859 3700 2916 3748 ut
2942 3703 3063 3762 pote
3091 3693 3483 3765 antiquioribus
3502 3735 3518 3760 ,
3539 3695 3720 3766 potius

2121 3797 2284 3855 quam
2333 3782 2451 3839 aliis
2495 3783 2919 3852 recentioribus,
2961 3785 3116 3840 sicuti
3188 3785 3481 3857 archetypo
3539 3787 3718 3858 potius

2121 3891 2279 3950 quam
2308 3876 2526 3948 imagini
2555 3877 2882 3935 credendum
2913 3879 3053 3953 (cap.
3083 3879 3215 3953 47)?

2193 3972 2262 4028 Et
2304 3981 2452 4029 certe
2499 3973 2850 4046 Pythagorica
2903 3974 3200 4031 animarum
3249 3976 3720 4049 transmigratione

2121 4066 2280 4138 longe
2317 4066 2495 4122 verior
2523 4075 2607 4123 est
2647 4069 2849 4138 integra
2886 4082 3172 4138 corporum
3219 4077 3524 4125 nostrorum
3563 4071 3722 4126 resti-

2121 4160 2275 4215 tutio.
2330 4159 2500 4216 Nemo
2561 4161 2760 4232 quippe
2822 4161 3028 4216 inﬁcias
3083 4177 3316 4233 unquam
3371 4162 3468 4218 ibit
3523 4176 3720 4234 corpus

2119 4253 2412 4308 htunanum
2437 4253 2507 4309 ab
2543 4267 2609 4309 eo
2655 4253 2803 4310 reﬁci
2853 4267 3044 4324 posse,
3075 4269 3106 4308 a
3135 4269 3241 4327 quo
3277 4255 3459 4310 anima
3498 4254 3568 4311 de
3611 4269 3721 4311 uno

2117 4343 2172 4399 in
2216 4342 2361 4399 aliud
2408 4358 2604 4415 corpus
2664 4343 2924 4416 migrandi
2972 4353 3291 4414 potestatem
3339 4343 3542 4402 habere
3588 4361 3717 4418 per-

2119 4449 2301 4505 peram
2331 4435 2568 4508 ﬁngitur.
2597 4437 2798 4494 Verum
2826 4435 3104 4492 enimvero
3134 4435 3318 4492 ﬁctitia
3346 4437 3504 4508 plane
3522 4447 3606 4494 est
3626 4437 3716 4493 illa

2116 4531 2416 4586 animarum
2455 4532 2740 4603 migratio;
2781 4530 3215 4604 quandoquidem
3255 4531 3435 4587 nullus
3482 4547 3719 4602 unquam

413 4625 697 4684 confestim
720 4626 994 4695 explicat?
1013 4624 1280 4696 Numquid
1304 4625 1720 4682 Christianorum
1741 4668 1756 4692 ,
1779 4627 1866 4699 qni
1885 4642 2015 4683 con-
2039 4607 2094 4668 D
2121 4639 2182 4679 se
2233 4625 2286 4679 in
2337 4624 2565 4680 bestiam
2609 4623 2960 4682 reformatum
3006 4625 3242 4697 agnovit.
3297 4611 3562 4681 Praeterea
3615 4624 3720 4681 hoc

412 4718 690 4776 tiuentiam
724 4726 973 4783 servant,
1004 4717 1312 4773 autnullam
1342 4726 1536 4788 praeter
1560 4733 1803 4784 uxorem,
1834 4718 2015 4775 fcemi.

413 4827 536 4866 nam
568 4809 989 4880 concupiscunt,
1027 4808 1222 4876 minor,
1266 4819 1360 4864 aut
1407 4809 1559 4881 pejor
1599 4818 1683 4866 est
1719 4810 2012 4882 pudicitia,

412 4920 572 4976 quam
602 4903 842 4960 Platonis
870 4903 1295 4960 adolescentium
1317 4904 1680 4975 corruptoris,
1710 4905 1796 4962 vel
1825 4905 2015 4978 Dioge-

413 4995 498 5051 nis
521 4994 788 5068 Pbrynem
815 4996 1156 5063 meretricem
1188 4995 1397 5068 perdite
1423 4998 1655 5054 amantis
1677 5039 1693 5066 ,
1721 4998 1809 5055 vel
1835 4998 2011 5070 Speu-

413 5087 552 5158 sippi
576 5089 627 5144 in
668 5089 935 5145 adulterio
977 5091 1294 5158 morientis,
1325 5092 1412 5148 vel
1443 5093 1731 5148 Democriti
1757 5109 1915 5162 sese,
1950 5109 2017 5152 ne

412 5181 666 5238 mulieres
700 5184 969 5252 corruptis
1006 5185 1176 5240 oculis
1210 5185 1448 5254 videret,
1485 5187 1840 5243 obctecantis!
1885 5188 2016 5256 Quae

415 5289 545 5330 vero
572 5275 672 5331 fuit
697 5286 788 5332 aut
821 5276 1069 5349 Diogenis
1113 5279 1406 5346 modestia,
1439 5280 1743 5351 superbiam
1776 5281 2018 5338 Platonis

409 5369 515 5423 alia
544 5371 794 5440 superbia
820 5372 1078 5428 calcantis
1097 5413 1113 5439 ,
1139 5383 1234 5428 aut
1261 5373 1579 5445 Pythagorae
1604 5384 1658 5430 et
1679 5375 1914 5432 Zenonis
1943 5383 2019 5448 ty-

409 5461 691 5517 rannidem
724 5462 1131 5519 affectantium?
1156 5463 1288 5533 Qua:
1307 5465 1538 5538 Lycurgi
1560 5468 1804 5538 aequitas,
1831 5468 1921 5539 qui
1944 5468 2016 5524 ob

407 5554 722 5611 emendatas
759 5556 902 5627 leges
947 5570 1072 5611 snas
1116 5567 1344 5614 mortem
1389 5559 1489 5615 sibi
1529 5560 1831 5633 conscivit?
1875 5559 2016 5629 Quid

410 5647 609 5719 plura?
637 5647 828 5704 Nonne
857 5648 1180 5706 Aristoteles
1205 5658 1320 5704 tam
1341 5651 2016 5722 turpiter-uenturam.le

395 5753 528 5797 suo
548 5738 806 5810 expulit;
834 5754 992 5811 quam
1009 5741 1366 5798 Alexandro:
1385 5741 2018 5802 aduiattts-t’cstitNonnc

410 5831 560 5890 Plato
589 5832 790 5890 ventris
815 5832 984 5904 gratia
1009 5832 1337 5906 venditatus,
1368 5834 2002 5914 Aristippusmepamus,

2119 4715 2315 4774 animat
2343 4715 2414 4772 de
2444 4732 2551 4772 uno
2580 4717 2632 4771 in
2660 4717 2804 4774 aliud
2834 4733 3032 4790 corpus
3059 4716 3318 4784 transitu,
3349 4731 3457 4772 una
3483 4715 3720 4780 hominis

2118 4823 2245 4880 pars
2267 4809 2410 4876 viva,
2442 4809 2604 4864 altera
2631 4825 2848 4882 semper
2875 4821 3081 4866 mortua
3109 4819 3372 4866 remanet.
3405 4810 3475 4864 At
3495 4824 3721 4868 necesse

2116 4903 2337 4960 omnino
2373 4913 2458 4959 est
2479 4911 2647 4958 totum
2671 4903 2943 4960 hominem
2971 4903 3036 4958 ad
3064 4903 3340 4973 pristinam
3375 4917 3524 4958 suam
3553 4903 3716 4959 vitam

2117 4995 2328 5061 redire;
2358 5005 2416 5052 ut
2441 4995 2510 5054 de
2532 4997 2687 5054 bonis
2722 5006 2815 5053 aut
2839 4997 2996 5052 malis
3015 5036 3030 5060 ,
3056 5011 3086 5051 a
3109 5011 3168 5052 se
3196 4996 3248 5051 in
3280 4995 3381 5052 hac
3407 4996 3514 5053 vita
3543 4998 3678 5054 actis
3700 5039 3718 5066 ,

2121 5087 2366 5144 ultimum
2412 5104 2442 5143 a
2492 5089 2602 5145 Deo
2643 5089 2902 5160 judicium
2936 5087 3170 5155 referat.
3217 5088 3355 5156 Quid
3381 5103 3545 5158 vero,
3575 5091 3719 5162 quod

2120 5179 2297 5236 anima
2329 5181 2459 5236 nihil
2488 5181 2603 5237 sine
2621 5195 2848 5252 corpore
2878 5179 2988 5251 pati
3018 5189 3229 5251 potest,
3259 5197 3380 5253 quae
3410 5191 3588 5239 tamen
3609 5197 3719 5240 non

2120 5278 2239 5334 sine
2267 5278 2359 5334 illo
2388 5278 2588 5350 aliquid
2631 5276 2865 5333 meruit?
2901 5276 3086 5348 Neque
3113 5276 3316 5332 dixeris
3343 5276 3395 5332 id
3426 5292 3532 5333 non
3558 5291 3721 5347 posse

2120 5387 2354 5443 unquam
2395 5371 2463 5427 ab
2493 5371 2598 5426 ullo
2648 5371 2784 5426 ﬁeri.
2817 5368 2950 5424 Nam
2989 5369 3080 5440 qui
3119 5377 3203 5438 te,
3236 5385 3357 5424 cum
3388 5385 3494 5425 non
3534 5384 3717 5437 esses,

2119 5464 2260 5521 sicut
2289 5473 2344 5521 et
2371 5479 2583 5520 omnem
2617 5462 2872 5519 mundum
2894 5505 2909 5529 ,
2941 5461 3010 5518 de
3037 5463 3208 5519 nihilo
3251 5463 3490 5531 creavit,
3538 5473 3720 5535 potest

2118 5559 2302 5629 utique
2345 5557 2714 5627 temetipsum,
2763 5565 3040 5628 postquam
3077 5573 3212 5617 esse
3235 5556 3500 5628 desieris,
3534 5565 3714 5622 totum

2103 5653 2276 5710 sicuti
2313 5667 2466 5718 eras,
2517 5649 2762 5712 reﬁcere.
2809 5649 3089 5710 Postremo
3125 5649 3235 5708 lux
3260 5689 3276 5717 ,
3319 5649 3590 5716 tenebrat,
3633 5648 3718 5708 si»-

2109 5743 2247 5804 dera
2269 5775 2298 5811 ,-
2331 5743 2534 5802 fructus
2557 5749 2760 5808 terrae,
2801 5741 3034 5806 semina,
3079 5749 3136 5798 et
3169 5749 3368 5798 caetera
3413 5741 3517 5802 alia
3553 5755 3716 5813 quam

2099 5840 2364 5915 plurima
2380 5837 2743 5909 reviviscunt,
2782 5845 2986 5908 quanto
3007 5836 3198 5909 rmagis
3219 5833 3292 5893 ad
3332 5835 3498 5896 vitam
3522 5832 3726 5898 redibit
