4150 6352
477 313 580 349 ea:

487 334 584 370 120

1584 301 1651 358 ΙΝ
1691 293 2154 364 TEBTULLIANI
2192 298 2724 361 APOLOGETICUM

3673 306 3784 370 7N

481 427 674 492 homo,
704 425 792 496 qui
821 423 1034 496 quidem
1062 420 1108 478 si
1135 435 1194 477 se
1220 417 1425 491 Pythia:
1452 416 1669 473 oraculo
1689 414 1932 481 noverit,
1959 428 2076 468 om-
2101 412 2150 472 A
2181 428 2347 483 genes
2371 457 2385 481 ,
2417 415 2663 488 Pyrrhon
2691 459 2706 484 ,
2748 425 2804 474 et
2838 416 3122 476 Callinicus
3147 461 3162 488 ,
3203 420 3291 491 qui
3321 434 3448 476 suos
3485 419 3552 477 ad
3581 421 3785 480 doloris

481 522 627 575 nium
656 517 994 572 morientium
1027 523 1080 570 et
1102 510 1490 583 resurgentium
1521 519 1604 566 est
1633 507 1917 564 dominus?
1950 505 2077 562 Ubi-

480 625 707 682 cumque
755 624 918 678 ergo,
980 615 1073 661 aut
1125 617 1460 677 quocumque
1514 601 1673 657 modo
1726 600 1793 656 ad
1850 599 2074 655 nihilum

488 704 737 759 redactus
767 701 944 763 fuerit,
972 699 1037 753 ad
1063 699 1224 752 vitam
1251 704 1511 768 potestate
1542 695 1682 750 illius
1710 692 2072 760 revocabitur,

479 796 626 867 cujus
649 803 732 848 est
759 792 976 847 nihilum
999 834 1014 859 ,
1043 791 1182 846 sicut
1209 800 1255 844 et
1283 798 1462 844 totum.

546 885 813 958 Numquid
843 886 1020 956 igitur,
1051 893 1236 955 arguet
1257 883 1468 954 aliquis,
1500 878 1833 935 moriendum
1859 893 2074 950 semper

475 988 530 1036 et
557 978 990 1050 resurgendum?
1023 976 1096 1030 Ita
1143 991 1309 1040 sane,
1349 975 1424 1028 ait
1464 971 1852 1038 Tertttllianus,
1886 973 1930 1027 si
1961 971 2074 1026 Deo

472 1073 784 1145 placuisset.
813 1073 880 1124 At
910 1070 1018 1136 ille,
1045 1069 1134 1140 qui
1167 1085 1229 1124 ex
1259 1067 1486 1123 diversis
1506 1082 1568 1122 ac
1594 1065 1881 1120 contrariis
1910 1065 2070 1122 rebus

470 1167 674 1223 creavit
712 1167 923 1231 omnia,
976 1164 1146 1218 voluit
1203 1163 1381 1232 utique
1423 1159 1668 1215 homines
1716 1168 1958 1213 mortuos
2001 1157 2070 1213 ad

471 1260 751 1332 pristinam
781 1258 943 1313 vitam
973 1255 1138 1311 semel
1165 1270 1231 1310 eo
1259 1254 1435 1309 medio
1467 1253 1722 1323 temporis
1749 1261 1948 1324 puncto
1977 1265 2072 1307 ex-

468 1352 657 1418 citari,
701 1351 844 1421 quod
876 1350 927 1402 in
966 1348 1072 1403 fine
1111 1345 1292 1401 mundi
1333 1345 1472 1400 inter
1503 1345 1640 1398 hanc
1668 1352 2070 1413 temporaneam

471 1451 686 1498 aetatem
708 1484 722 1507 ,
752 1456 815 1496 ac
839 1441 1191 1497 aeternitatem
1215 1436 1410 1493 deinde
1438 1435 1669 1491 futuram
1695 1434 1995 1491 intercedit.

545 1533 696 1589 Tunc
726 1544 903 1588 autem
937 1532 1031 1586 Dei
1055 1530 1294 1586 cultores
1321 1542 1718 1600 consequentur
1745 1536 1961 1584 aeternae
1987 1526 2069 1582 fe-

469 1629 684 1684 licnatis
721 1628 1037 1698 praemium,
1087 1624 1535 1696 quemadmodum
1566 1624 1774 1695 profani
1813 1633 1868 1679 et
1902 1624 2069 1694 iniqui

469 1722 798 1792 sempiterno
825 1721 946 1791 igne
982 1721 1386 1776 cruciabuntur.
1429 1718 1596 1790 Hujus
1641 1733 1802 1789 porro
1840 1717 2008 1790 ignis,
2037 1732 2069 1773 a

2182 510 2524 566 tolerantiam
2555 522 2608 568 et
2636 522 2865 569 mortem
2891 514 3161 570 cohortati
3183 523 3325 570 sunt.
3359 514 3600 572 Gentiles
3629 533 3784 573 nam-

2178 618 2283 674 que
2313 605 2542 674 primum
2564 606 2779 677 quidem
2819 607 3070 663 invictam
3101 608 3348 664 admirati
3377 619 3503 665 sunt
3529 611 3781 667 christia-

2178 710 2367 751 norum
2399 700 2776 754 constantiam.
2829 700 2964 756 Tum
3007 701 3204 758 dehinc
3241 713 3573 774 agnoverunt
3616 715 3780 766 tanta

2177 791 2495 845 constantia:
2537 806 2755 848 causam
2797 802 2854 849 et
2894 793 3202 850 christianaa
3257 795 3534 866 religionis
3585 799 3783 856 verita-

2178 891 2306 937 tem.
2330 884 2459 938 Eam
2482 900 2640 956 porro
2662 888 2893 957 agnitam
2924 888 3026 942 ulla
3059 889 3262 959 absque
3284 905 3433 946 mora
3461 892 3777 962 amplexati,

2178 976 2316 1030 miro
2356 977 2558 1032 incensi
2604 987 2730 1034 sunt
2771 978 2964 1036 ardore
3005 982 3282 1054 martyrii,
3313 997 3419 1053 quo
3447 991 3569 1051 jnon
3598 985 3778 1042 solum

2176 1069 2524 1126 remittuntur
2545 1071 2724 1126 omnia
2752 1083 2968 1143 peccata
2995 1093 3011 1140 ;
3038 1074 3130 1130 sed
3159 1083 3266 1129 tota
3291 1077 3449 1131 etiam
3484 1077 3574 1132 Dei
3607 1079 3779 1148 gratia

2178 1161 2476 1217 redimitur.
2511 1162 2721 1220 Gratias
2753 1164 2912 1236 igitur
2931 1166 3156 1237 agebant
3177 1167 3515 1223 ethnicorum
3544 1180 3769 1226 senten-

2177 1255 2294 1322 tiis,
2325 1257 2521 1328 quibus
2545 1258 2806 1325 damnati,
2833 1274 2864 1313 a
2896 1258 3008 1315 Deo
3043 1260 3456 1318 absolvebantur
3484 1263 3620 1336 (cap.
3654 1265 3773 1336 50).

2809 1367 3101 1410 ARTICULUS
3139 1369 3196 1408 ll.

2179 1439 2477 1498 Ostenditur
2505 1442 2880 1499 Tertullianum
2909 1462 3016 1501 esse
3045 1448 3197 1518 hujus
3226 1448 3343 1502 libri
3371 1457 3630 1503 auctorem
3652 1489 3668 1513 ,
3713 1465 3778 1504 ac

2245 1539 2358 1608 quis
2385 1538 2472 1592 ille
2501 1539 2684 1609 fuerit,
2716 1555 2829 1609 qua:
2853 1541 2964 1610 ejus
2995 1542 3162 1611 patria
3187 1583 3200 1607 ,
3228 1543 3315 1612 qui
3347 1553 3579 1611 parentes
3602 1582 3616 1608 ,
3638 1557 3773 1613 quo-

2244 1647 2360 1683 rum
2390 1630 2536 1701 falsis
2562 1631 2891 1702 religionibus
2915 1633 3137 1702 primum
3164 1633 3382 1688 imbutus
3413 1635 3530 1706 fuit.

2245 1724 2464 1780 Constat
2489 1739 2618 1780 sane
2637 1765 2655 1792 ,
2676 1741 2740 1782 ac
2761 1729 3062 1782 communis
3088 1729 3327 1784 omnium
3348 1771 3363 1796 ,
3396 1729 3610 1785 nemine
3638 1729 3771 1785 hac-

467 1821 684 1869 terreno
711 1822 894 1868 nostro
933 1814 1091 1883 plane
1121 1812 1317 1869 diversi
1342 1855 1357 1879 ,
1391 1813 1633 1884 exempla
1677 1812 1832 1867 nobis
1854 1825 2062 1882 ,ευρρθ-
2092 1815 2142 1876 Β
2173 1826 2329 1874 tenus
2365 1818 2667 1890 refragante
2691 1862 2706 1887 ,
2735 1822 3000 1876 sententia
3038 1821 3138 1877 fuit
3182 1822 3568 1879 Tcrtullianum
3616 1824 3774 1894 hujus

465 1908 638 1963 ditant
687 1907 938 1972 fulmina,
989 1917 1043 1961 et
1090 1916 1302 1962 montes
1347 1899 1580 1976 semper
1613 1905 1885 1961 ardentes.
1921 1905 2068 1973 Quae

463 2001 680 2073 quidem
721 2003 821 2058 etsi
863 2001 1163 2073 phiIOSOphi
1194 2003 1549 2073 agnoverint,
1599 2001 1794 2072 aliique
1833 2015 1938 2056 non
1968 2000 2068 2054 im-

468 2097 852 2166 prohaverint;
887 2097 1024 2154 hanc
1068 2107 1245 2152 tamen
1286 2097 1706 2153 Christianorum
1744 2095 2064 2152 sententiam

467 2189 803 2246 deridebant.
834 2189 940 2245 Fac
970 2201 1167 2257 tamen,
1199 2189 1245 2246 si
1280 2192 1386 2246 Deo
1413 2189 1610 2261 placet,
1636 2188 1782 2243 illam
1814 2202 1934 2243 esse
1960 2186 2065 2242 fal-

461 2297 597 2338 sam.
630 2286 699 2338 At
727 2292 876 2339 certe
901 2285 1151 2338 omnibus
1182 2283 1294 2354 ipsa
1336 2295 1552 2339 aeternae
1597 2293 1688 2338 aut
1727 2297 1930 2354 pmnte,
1973 2289 2068 2337 aut

462 2376 727 2433 mercedis
753 2392 879 2446 Spes
923 2376 1068 2432 utilis
1107 2387 1188 2432 est
1236 2385 1292 2431 et
1321 2376 1643 2432 necessaria.
1693 2375 2058 2446 Quaecumque

460 2485 624 2542 porro
651 2471 738 2526 illa
760 2472 849 2536 sit,
880 2487 985 2526 non
1009 2471 1207 2526 idcirco
1230 2481 1403 2527 tamen
1424 2473 1474 2526 in
1498 2473 1819 2529 christianos
1844 2472 2056 2544 gladiis,

465 2563 675 2628 bestiis,
706 2563 976 2628 crucibus,
1001 2573 1056 2618 et
1092 2563 1324 2634 ignibus,
1357 2565 1659 2620 exsultante
1688 2566 1890 2636 populo
1915 2608 1929 2631 ,
1962 2580 2063 2621 sa:-

470 2656 720 2712 viendum
763 2667 898 2712 erat.
933 2657 1144 2714 Ethnici
1177 2659 1338 2731 igitur
1366 2660 1567 2714 insulse
1609 2674 1832 2730 prorsus
1856 2661 2058 2730 gestie-

469 2752 636 2815 bant,
690 2766 753 2806 ac
818 2752 1184 2822 gloriabantur
1221 2752 1289 2808 de
1339 2753 1556 2808 illorum
1603 2753 1915 2823 suppliciis,
1971 2753 2062 2822 qui

461 2845 703 2900 damnari
733 2846 927 2915 potius,
960 2861 1118 2916 quam
1146 2861 1175 2898 a
1207 2846 1317 2900 Deo
1343 2846 1592 2901 excidere
1636 2855 1885 2916 Optantes
1906 2887 1921 2912 ,
1956 2846 2061 2902 im-

459 2936 745 2992 mortalem
774 2937 1004 3006 agebant
1031 2936 1358 3006 triumphum
1381 2936 1516 3009 (cap.
1537 2936 1628 3000 48,
1661 2934 1777 3009 49).

535 3029 639 3087 Sed
671 3045 857 3087 rursus
883 3031 1112 3101 gentiles
1153 3032 1437 3101 acriusque
1477 3029 1906 3087 vociferabantur
1945 3031 2064 3086 nul-

465 3122 572 3177 lam
599 3123 905 3179 christianis
934 3139 1055 3180 esse
1083 3125 1345 3196 querendi
1373 3140 1589 3180 causam
1618 3166 1632 3191 ,
1675 3125 1720 3180 si
1752 3140 1847 3181 sua
1873 3136 2063 3196 sponte

2171 1912 2502 1983 Apologetici
2533 1913 2653 1968 libri
2687 1929 2868 1969 verum
2899 1915 3297 1986 genuinumque
3323 1932 3441 1971 esse
3468 1926 3766 1972 auctorem.

2171 2003 2226 2060 Si
2258 2006 2376 2075 quis
2405 2013 2582 2061 tamen
2603 2014 2749 2060 certa
2783 2005 3005 2076 hujusce
3035 2007 3303 2077 opinionis
3326 2015 3642 2078 argumenta
3666 2008 3769 2064 sibi

2171 2095 2397 2166 proferri
2421 2095 2724 2164 desiderat,
2747 2097 2961 2152 abunde
2982 2099 3029 2152 ei
3049 2099 3358 2154 satisfacere
3385 2098 3527 2154 haud
3549 2099 3770 2155 difﬁcile
3841 2106 3844 2107 ⁷

2169 2197 2272 2243 est.
2304 2186 2438 2241 Nam
2479 2197 2673 2258 printer
2698 2188 3004 2258 complures
3033 2191 3422 2260 manuscriptos
3461 2191 3766 2247 remotioris

2169 2289 2224 2334 et
2256 2279 2523 2352 propioris
2560 2280 2734 2336 aetatis
2771 2280 2986 2336 codices
3007 2323 3021 2347 ,
3050 2283 3101 2336 in
3143 2283 3334 2352 quibus
3362 2282 3447 2338 hic
3487 2285 3603 2353 ipse
3631 2283 3769 2340 liber

2168 2373 2483 2430 Tertulliani
2511 2373 2729 2428 nomine
2763 2373 3093 2440 inscribitur,
3117 2374 3377 2430 Eusebius
3402 2375 3552 2445 cujus
3582 2375 3683 2431 hac
3712 2377 3764 2431 in

2169 2482 2230 2523 re
2273 2466 2406 2522 fides
2447 2467 2574 2520 nulli
2617 2474 2865 2537 sttspecta
2900 2483 3026 2528 esse
3066 2467 3259 2534 debet,
3293 2479 3416 2540 post
3447 2471 3764 2540 transcripta

2166 2558 2411 2629 quaedam
2440 2558 2662 2628 hujusce
2688 2559 2809 2614 libri
2851 2560 3014 2615 verba
3034 2602 3050 2628 ,
3083 2562 3276 2618 ibidem
3305 2561 3499 2632 adjecit
3533 2579 3548 2617 :
3589 2570 3763 2620 Ταῦτα

2167 2659 2524 2723 Τερτυλλιανὸς,
2564 2661 2673 2714 τοὺς
2703 2643 2934 2723 ῥωμαῑων
2967 2659 3129 2722 νὸμους
3159 2662 3421 2727 ἠκριϐωιιὼς
3458 2657 3595 2726 ἀνίρ,
3621 2661 3688 2710 τὰ.
3710 2680 3765 2711 τε

2165 2752 2288 2802 ἄλλα
2318 2751 2512 2814 ἔνδοξος,
2541 2752 2623 2801 καὶ
2650 2760 2742 2806 τον
2777 2757 2990 2818 μάλιστα
3027 2754 3104 2803 ἐπὶ
3144 2740 3316 2818 ῥώμης
3343 2758 3582 2820 λαμπρῶν,
3611 2756 3658 2803 ἰν
3697 2764 3761 2823 τῇ

2166 2849 2391 2911 γραφείσῃ
2433 2849 2518 2907 μὲν
2572 2845 2699 2909 αὐτᾷ
2739 2855 2800 2911 τῇ
2859 2835 3098 2910 Ρωμαίων
3138 2856 3257 2915 φωνῇ
3284 2883 3298 2906 ,
3324 2848 3653 2912 (assiduaeth
3710 2845 3763 2895 δὲ

2166 2936 2247 2987 καὶ
2304 2939 2381 2987 ἐπὶ
2423 2945 2514 2989 τὶν
2551 2939 2726 2990 illidat
2771 2945 2980 3007 γλώσσαν
3018 2943 3134 3007 ὑπὲρ
3185 2944 3480 3006 Χριστιανῶν
3523 2940 3759 3005 ἀπολογίᾳ

2167 3026 2402 3098 (Euseb.
2470 3029 2557 3082 lib.
2632 3028 2698 3083 Il.
2764 3029 2961 3086 Eccles.
3013 3032 3191 3085 histor.
3247 3048 3362 3101 cap.
3414 3030 3468 3084 2.
3535 3047 3587 3100 p.
3641 3029 3760 3100 41)

2166 3121 2296 3191 Quae
2323 3124 2536 3194 quidem
2568 3123 2794 3181 Rufinus
2815 3127 2891 3181 sic
2916 3128 3078 3184 latine
3102 3128 3477 3198 interpretatus
3496 3134 3604 3188 est:
3633 3124 3762 3181 Hazc

459 3216 749 3287 patiantur.
785 3216 959 3274 Athis
996 3226 1183 3272 auctor
1209 3226 1392 3274 noster
1434 3217 1726 3288 respondet
1757 3217 1875 3272 illos
1911 3233 2060 3275 more
2086 3206 2133 3273 C
2168 3214 2517 3272 Tertullianus
2543 3219 2618 3272 vir
2642 3227 2688 3273 et
2717 3219 2883 3290 legum
2909 3230 2955 3274 et
2997 3222 3369 3275 institutionum
3410 3220 3764 3276 Romanarum

467 3309 579 3378 pati
616 3308 875 3374 militum,
909 3309 1000 3380 qui
1045 3308 1168 3365 licet
1213 3309 1336 3365 belli
1390 3310 1748 3381 deprecentur
1791 3313 2061 3383 pericula.

473 3402 601 3457 totis
637 3410 814 3458 tamen
861 3401 1140 3459 decertant
1191 3404 1424 3474 viribus,
1478 3420 1540 3461 ac
1577 3405 1793 3462 demum
1819 3409 2062 3479 gauden-

463 3504 580 3558 tes,
649 3495 916 3565 praedam,
965 3498 1245 3552 victoriam
1303 3508 1358 3554 et
1398 3499 1621 3570 gloriam
1671 3500 2060 3572 adipiscuntur.

455 3585 886 3642 Christianorum
939 3589 1136 3660 quippe
1186 3590 1406 3646 victoria
1455 3590 1680 3662 gloriam
1731 3592 1891 3648 habet
1947 3595 2054 3664 plac

456 3680 614 3736 cendi
642 3681 753 3736 Deo
775 3723 790 3748 ,
819 3690 875 3737 et
902 3684 1026 3738 vitze
1056 3691 1272 3740 :eternre
1301 3687 1555 3756 prtndam.
1602 3687 1656 3742 In
1683 3689 1920 3760 glorioso
1958 3709 2052 3747 au-

454 3781 565 3828 tem
612 3772 714 3828 hoc
753 3776 1049 3832 certamine
1092 3777 1226 3847 ipsa,
1273 3779 1466 3849 quibus
1493 3781 1819 3849 cruciantur,
1857 3783 2055 3839 instru-

461 3877 642 3923 menta
673 3870 777 3925 illis
804 3880 928 3926 sunt
953 3871 1166 3928 habitus
1198 3875 1435 3930 victoria:
1463 3919 1477 3942 ,
1520 3878 1684 3931 vestis
1712 3876 1942 3948 palmata
1963 3920 1978 3945 ,
2008 3887 2061 3934 et

456 3974 648 4016 currus
675 3963 1073 4033 triumphantis.
1103 3965 1212 4021 Nec
1243 3966 1508 4037 desperati
1540 3984 1670 4040 ergo
1689 4013 1704 4035 ,
1735 3986 1833 4028 nec
1864 3971 2058 4041 perditi

457 4049 562 4106 dici
608 4063 854 4122 poterant
893 4055 962 4109 ab
1003 4057 1268 4122 ethnicis,
1313 4060 1405 4129 qui
1447 4059 1632 4127 Mutii,
1672 4061 2058 4132 Empedoclis,

454 4141 678 4198 Didonis
701 4185 717 4210 ,
751 4145 938 4217 Reguli
963 4189 978 4212 ,
1007 4149 1344 4215 Anaxarchi,
1375 4152 1564 4207 Atticae
1592 4155 1890 4209 meretricis
1915 4196 1928 4223 ,
1960 4155 2061 4209 Ze-

456 4235 614 4288 nonis
675 4236 910 4306 Elcatis,
968 4241 1272 4310 Laconum,
1319 4247 1654 4318 aliorumque
1695 4250 1747 4302 in
1779 4247 2059 4302 tormentis

456 4337 511 4382 et
548 4328 917 4387 crudelissima
966 4350 1098 4390 nece
1145 4336 1512 4395 fortitudinem
1558 4349 1616 4397 et
1659 4343 2054 4411 constantiam,

456 4435 562 4476 non
612 4423 860 4478 maximis
907 4437 1107 4482 tantum
1154 4431 1461 4486 extulerunt
1492 4433 1769 4500 laudibus,
1819 4433 1913 4489 sed
1963 4449 2058 4490 eos

454 4514 616 4570 etiam
649 4517 838 4573 statuis
864 4559 879 4583 ,
933 4520 1290 4590 imaginibus,
1335 4525 1500 4581 titulis
1543 4529 1610 4583 ad
1652 4527 1939 4600 quamdam
1988 4544 2052 4585 ex

2167 3310 2532 3380 peritissimus,
2575 3321 2621 3364 et
2663 3311 2796 3364 inter
2822 3321 3022 3367 nostros
3048 3314 3318 3384 scriptores
3346 3313 3620 3366 admodum
3650 3313 3774 3369 clas

2166 3404 2284 3468 rus,
2315 3403 2366 3454 in
2394 3403 2725 3476 Apologetico
2747 3419 2840 3459 suo
2859 3444 2874 3471 ,
2903 3421 3048 3472 quem
3071 3404 3313 3460 adversus
3336 3414 3504 3474 gentes
3535 3421 3627 3474 pro
3646 3419 3766 3458 nos-

2168 3506 2246 3550 tra
2273 3497 2376 3564 ﬁde
2400 3496 2570 3551 scribit
2599 3497 2618 3568 (
2643 3495 2764 3552 Ruf.
2790 3498 2882 3552 lib.
2907 3496 2972 3552 ll.
3002 3512 3121 3568 cap.
3171 3497 3207 3552 2
3234 3499 3274 3570 ).
3310 3496 3420 3552 Nec
3457 3497 3596 3552 male
3632 3512 3764 3568 pro-

2167 3590 2308 3646 fecto
2331 3631 2347 3658 ,
2396 3592 2440 3645 si
2479 3590 2654 3660 aliqua
2693 3605 2796 3645 non
2841 3591 3113 3646 omisisset
3157 3590 3338 3645 latine-
3361 3589 3439 3643 sic
3464 3589 3760 3644 vertenda:

2165 3682 2355 3739 Postea
2409 3701 2630 3756 graecum
2686 3686 2741 3739 in
2799 3701 3078 3741 sermonem
3129 3686 3396 3740 translato.
3439 3685 3762 3740 Persuasum

2165 3777 2346 3848 itaque
2383 3777 2675 3844 Eusebius,
2731 3786 2783 3834 et
2837 3781 2952 3849 ipse
2999 3779 3158 3834 etiam
3202 3779 3422 3834 Rulinus
3461 3779 3764 3836 habuerunt

2154 3867 2310 3923 'hunc
2347 3869 2539 3926 librum
2571 3885 2600 3924 a
2632 3869 2963 3926 Tertulliano
2989 3870 3350 3942 conscriptum
3382 3870 3566 3926 fuisse.
3604 3871 3762 3928 Plura

2164 3961 2339 4018 adhuc
2367 3961 2506 4018 idem
2535 3963 2832 4032 Eusebius,
2861 3972 3157 4019 memorato
3179 3963 3494 4018 Tertulliani
3519 3963 3759 4032 nomine,

2162 4070 2231 4110 ex
2263 4055 2363 4110 hoc
2387 4056 2576 4111 eodem
2608 4055 2745 4112 libro
2778 4058 3114 4126 transcripsit
3153 4056 3365 4128 (Euseb.
3400 4057 3488 4112 lib.
3519 4055 3606 4124 lll,
3639 4073 3757 4127 cap.

2160 4148 2252 4214 25,
2282 4165 2335 4219 p.
2365 4150 2504 4220 91),
2546 4160 2599 4206 et
2639 4150 2832 4206 alicubi
2896 4151 3100 4206 addidit
3147 4171 3159 4207 :
3205 4156 3413 4213 suum
3471 4151 3511 4204 δ’
3562 4157 3676 4221 ἡμῖν
3728 4159 3760 4214 ἡ

2160 4248 2351 4315 ἱστορία
2380 4252 2431 4311 ἕξ
2457 4250 2511 4306 ἧς
2546 4251 2762 4318 ἀνωτέρω
2800 4251 3126 4317 δεδηλώκαμεν
3160 4255 3246 4303 τοῦ
3285 4253 3628 4319 Τερτυλλιανοῢ
3671 4255 3763 4318 ῥω·

2160 4354 2339 4406 parui;
2394 4344 2686 4411 ἀπολογίαις,
2729 4346 2783 4402 ἧς
2846 4350 2876 4402 ἠ
2929 4349 3150 4414 ἑρμηνεία.
3208 4350 3374 4398 τοῦτον
3418 4351 3517 4411 εχει
3563 4345 3756 4413 στρόφον.

2161 4427 2331 4486 Porro
2383 4447 2446 4485 ea:
2491 4430 2793 4487 Tertulliani
2819 4433 3145 4505 Apologetico
3169 4475 3184 4500 ,
3224 4435 3379 4488 latine
3430 4435 3715 4505 conscripto
3741 4476 3757 4502 ,

2160 4524 2306 4588 cuius
2335 4539 2491 4594 supra
2528 4525 2830 4580 mentionem
2862 4527 3072 4597 fecimus
3094 4569 3108 4592 ,
3137 4527 3245 4580 hinc
3265 4543 3295 4580 a
3325 4526 3467 4580 nobis
3489 4528 3760 4596 desumpta

454 4619 630 4664 morte
655 4610 720 4666 ad
750 4613 908 4687 vitam
937 4617 1330 4673 revocationem
1357 4662 1371 4685 ,
1403 4630 1455 4675 et
1480 4623 1665 4693 gloria:
1695 4626 2052 4680 mternitatem
2077 4607 2136 4670 Ῑ)
2162 4626 2234 4670 εει
2255 4618 2483 4671 narratio
2513 4618 2532 4686 (
2556 4615 2687 4673 Ibid.
2716 4633 2835 4689 cap.
2869 4619 2958 4686 35,
2988 4635 3104 4690 pag.
3141 4619 3248 4674 ’105
3275 4618 3329 4690 ).,
3355 4619 3444 4674 Sic
3470 4619 3613 4674 enim
3655 4618 3760 4673 Va-

454 4701 794 4760 decorarunt.
824 4704 998 4760 Tanto
1028 4706 1187 4778 igitur
1229 4710 1382 4766 abest
1417 4725 1474 4767 ut
1499 4713 1824 4771 Christianus
1847 4758 1862 4783 ,
1890 4718 1980 4788 qui
2023 4733 2054 4773 a

453 4794 589 4864 Deo,
623 4812 720 4868 pro
744 4813 852 4869 quo
891 4801 1110 4870 patitur,
1143 4818 1322 4859 veram
1353 4808 1703 4866 :eternitatem
1734 4819 2051 4882 exspectat,

456 4887 677 4944 insanus
703 4891 807 4957 sit,
835 4894 962 4964 quin
1003 4897 1180 4966 potius
1209 4898 1330 4954 inde
1372 4900 1732 4958 innocentiam
1774 4920 1964 4972 suam,
1999 4914 2054 4962 et

455 4981 792 5038 ethnicorum
817 4986 1046 5057 iniquam
1068 4990 1258 5060 probet
1275 4994 1664 5050 crudelitatem.
1684 4996 1872 5054 Nonne
1889 4999 2052 5054 etiam

454 5073 508 5127 hi
558 5075 657 5145 ipsi
703 5078 1048 5136 christianum
1105 5085 1385 5142 mulierem
1448 5088 1514 5144 ad
1565 5090 1810 5147 lenonem
1876 5093 2050 5162 potius

452 5181 611 5239 quam
640 5171 848 5228 leonem
876 5177 1181 5235 damnando
1201 5222 1214 5247 ,
1259 5183 1435 5252 palam
1457 5185 1848 5242 confitebantur
1875 5188 2046 5243 labem

455 5264 727 5333 pudicitiae
774 5271 917 5324 omni
952 5282 1340 5332 tormentorum
1381 5294 1581 5350 genere
1604 5323 1620 5347 ,
1651 5291 1705 5337 et
1733 5291 1902 5338 morte
1935 5284 2046 5354 ipsa

451 5357 771 5413 atrociorem
799 5361 867 5415 ab
896 5361 984 5418 illa
1017 5376 1071 5420 et
1100 5368 1218 5424 aliis
1244 5370 1522 5428 christiani
1559 5377 1836 5446 reputari?
1864 5377 2049 5448 Neque

451 5450 605 5518 inde,
629 5467 696 5508 ne
723 5453 888 5510 hilum
915 5459 1129 5526 quidem
1148 5503 1162 5526 ,
1191 5465 1476 5534 gentilibus
1494 5483 1590 5522 sua
1609 5470 1917 5539 proficiebat
1937 5487 2038 5529 sae.

437 5543 610 5634 ’vltia;
648 5547 1082 5618 quandoquidem
1127 5557 1344 5626 sanguis
1381 5569 1672 5632 martyrum
1714 5578 1897 5620 semen
1927 5577 2044 5625 erat

445 5632 884 5704 carissimorum,
915 5651 1022 5710 quo
1051 5643 1242 5699 mirum
1267 5647 1324 5701 in
1353 5650 1570 5709 modum
1599 5655 1876 5712 crescebat
1894 5667 2045 5713 sem-

2159 4709 2324 4766 lesius
2349 4725 2520 4780 graeca
2549 4709 2866 4767 Tertulliani
2895 4711 3058 4767 verba
3081 4711 3242 4765 latina
3277 4710 3420 4766 fecit.
3451 4711 3570 4766 Alio
3599 4712 3755 4767 deni-

2157 4817 2261 4874 que
2289 4802 2462 4858 adhuc
2484 4803 2536 4857 in
2566 4802 2731 4869 libro,
2761 4804 2939 4858 citatis
2966 4803 3212 4858 similiter
3240 4802 3556 4858 Tertulliani
3582 4806 3753 4860 nostri

2157 4896 2358 4964 verbis,
2379 4896 2493 4951 huic
2519 4897 2779 4967 praemisit
2800 4894 2971 4966 (Idem
2993 4897 3079 4951 lib.
3110 4895 3173 4952 ν.
3204 4911 3320 4966 cap.
3349 4897 3404 4952 5.
3447 4915 3566 4967 pag.
3594 4895 3766 4970 169):

2159 4997 2366 5062 Μάρτυς
2409 4994 2458 5044 δὲ
2495 4994 2674 5046 iron
2713 4991 2884 5061 γένοιτ’
2914 4993 2971 5044 ἂν
3003 4993 3258 5060 ἀξιόχρεως
3282 4994 3307 5042 ὁ
3332 4996 3674 5061 Τιρτυλλιανὸς
3698 5004 3756 5062 τῇ

2155 5089 2376 5154 ῥωμαϊκῇ
2440 5090 2680 5155 συγκλήτῳ
2726 5097 3058 5155 προσφωνήσας
3112 5088 3227 5154 ὑπὲρ
3264 5098 3352 5144 τῆς
3387 5093 3588 5144 πίστεως
3633 5089 3758 5140 ἀπο-

2157 5185 2316 5240 by!”
2368 5181 2422 5238 ἧς
2461 5179 2547 5230 ιι)
2593 5180 2790 5245 πρόσθεν
2851 5180 3290 5245 ζανημονεῦσσιμεν,
3327 5190 3417 5237 τνῖν
3458 5200 3510 5232 τι
3551 5185 3758 5245 labeﬁeri!

2154 5279 2362 5340 βεϐαιῶν
2419 5279 2502 5326 σὺν
2564 5275 2805 5337 ἀποδείξει
2859 5276 3084 5340 μείζονι,
3114 5273 3198 5324 καὶ
3266 5276 3582 5342 inanes-trime.
3648 5271 3758 5327 Sed

2154 5376 2200 5419 et
2259 5364 2643 5430 Tertullianns,
2708 5366 2778 5420 ita
2839 5366 3131 5434 interprete
3200 5363 3448 5430 Valesio,
3520 5364 3750 5434 ejusdem

2153 5459 2227 5514 rei
2254 5457 2467 5513 idoneus
2509 5458 2648 5512 testis
2691 5467 2765 5512 est
2801 5458 2854 5512 in
2897 5458 3258 5529 Apologetico,
3305 5473 3451 5524 quem
3499 5475 3591 5528 pro
3629 5459 3754 5528 fidei

2155 5561 2346 5607 nostra:
2369 5551 2662 5622 defensione
2688 5551 2758 5605 ad
2783 5562 3011 5606 senatum
3049 5551 3189 5605 urbis
3232 5549 3412 5606 Romae
3448 5552 3609 5608 latino
3643 5569 3750 5608 sera

2129 5661 2298 5701 .nwne
2319 5645 2621 5716 conscripsit
2639 5673 2655 5713 φ
2683 5645 2838 5712 cuius
2855 5645 3029 5700 etiam
3070 5659 3232 5713 supra
3255 5644 3602 5699 laxationem.
3617 5647 3746 5716 feci-

427 5735 546 5822 tper
559 5726 786 5822 illorintr
818 5735 1093 5822 numerus.
1111 5735 1222 5791 Sua
1249 5739 1512 5811 siquidem
1534 5755 1707 5802 morte
1728 5749 2034 5822 longe'plu".
2127 5753 2290 5804 mins,
2313 5736 2556 5820 William
2576 5734 3104 5794 ltistoriamsatidiare
3120 5776 3134 5802 ,
3152 5745 3309 5804 atque
3331 5734 3746 5800 epidentiorevar-

419 5815 534 5873 ires
547 5818 1166 5900 eiecertmt'disclpulos
1179 5834 1378 5904 ",‘quam
1401 5835 1621 5912 Cicero,
1651 5815 1877 5915 Seneca,
1913 5815 2043 5909 bitt-

2165 5815 2707 5908 iumentafconﬁmat.
2900 5851 2902 5854 ·
3119 5853 3170 5864 -ο
3217 5849 3223 5856 -
3298 5853 3304 5862 .
3435 5849 3440 5856 .
3715 5843 3722 5852 .
