4150 6352
452 270 566 339 325

1561 263 2016 329 DISSERTATIO
2056 265 2121 322 ι).
2159 265 2252 324 LE
2290 267 2594 330 NOURBY.

3659 286 3767 346 796

524 397 621 455 Ad
638 396 755 454 haec
778 409 911 455 vero
927 437 945 464 ,
969 393 1330 468 Hieronymus
1354 393 1411 451 in
1431 404 1529 450 sua
1546 389 1624 449 ad
1644 390 1891 462 Magnum
1921 385 2143 458 epis-'A
2164 396 2255 444 cet
2271 387 2631 464 Hieronymus
2651 390 2804 451 hisee
2831 393 3048 453 verbis:
3076 395 3523 457 Tertullianus....
3552 403 3764 473 prouin-

444 488 603 564 tola(
636 488 937 560 Hierongm.
964 487 1117 560 epist.
1137 486 1231 554 83,
1271 486 1340 543 ad
1374 484 1517 558 Mag.
1540 499 1673 556 pag.
1703 480 1883 552 656):
1912 478 2053 546 Quid

452 581 776 641 Tertulliani)
796 582 1010 652 ,‘inquit
1034 621 1050 646 ,
1071 580 1318 637 eruditius
1335 619 1352 646 ,
1372 578 1507 648 quid
1524 575 1727 632 acutius
1744 573 1770 627 ?
1807 572 2071 645 Apologew

446 676 583 731 ticus
621 675 735 743 eius
752 715 769 743 ,
794 682 844 729 et
871 682 1051 729 contra
1072 682 1247 744 gentes
1274 670 1469 735 libelli,
1500 676 1738 725 cunctam
1762 663 1938 720 δαναιιὶ
1965 660 2054 717 ob-

440 769 613 824 tinent
649 766 999 839 disciplinam.
1041 765 1202 822 Plura
1232 776 1411 820 autem
1442 763 1494 818 in
1538 776 1652 818 rem
1683 757 1817 815 adeo
1846 765 2050 813 certam

450 861 1143 932 etevideutemcongerere
1164 859 1293 917 nihil
1315 870 1538 915 necesse
1552 863 1654 919 est.
1679 854 1781 910 nisi
1798 852 1932 909 velis
1950 850 2052 923 ipsi

450 955 552 1012 soli
581 954 879 1012 meridiano
906 955 1080 1011 lucem
1111 951 1310 1009 afferri.

518 1050 827 1119 Antequam
868 1062 999 1105 vero
1022 1046 1090 1103 ad
1118 1046 1264 1105 hunc
1289 1045 1486 1101 librum
1519 1056 1671 1099 more
1701 1047 1888 1097 nostro
1921 1050 2052 1095 exa-

432 1141 765 1209 minandum
786 1142 1079 1198 veniamus
1099 1179 1113 1205 ,
1141 1154 1321 1211 operte
1351 1139 1584 1210 pretium
1608 1144 1701 1201 est
1728 1132 2051 1203 investigare
2086 1212 2104 1222 θ

441 1232 573 1304 quis
601 1232 693 1289 hic
730 1233 844 1304 ipse
882 1231 1027 1289 illius
1064 1239 1255 1293 auctor
1283 1230 1463 1287 fuerit.
1498 1229 1681 1291 Primo
1712 1228 1888 1297 itaque
1915 1237 2049 1294 qna-

449 1332 592 1392 tuor,
625 1323 773 1378 nullo
801 1321 976 1378 adhuc
1001 1322 1326 1378 reclamante
1345 1364 1360 1388 ,
1386 1320 1629 1376 feruntur
1659 1318 1775 1372 lucc
1802 1316 1921 1386 ejus
1952 1328 2051 1369 no-

446 1418 629 1477 mina:
660 1417 904 1486 Quintus,
931 1416 1212 1488 Septimius
1231 1454 1248 1484 ,
1266 1413 1491 1471 Florens
1508 1455 1526 1482 ,
1551 1411 1922 1468 Tertullianus.
1946 1409 2050 1464 Nec

372 1490 375 1501 ’
446 1510 647 1567 minem
689 1524 818 1567 vero
845 1522 1065 1565 movere
1102 1507 1268 1564 debet
1311 1505 1427 1567 hinc
1453 1514 1532 1562 tot
1560 1507 1835 1560 nominum
1869 1502 2043 1557 turba.

445 1600 579 1658 Nam
606 1584 799 1672 plures
844 1598 1072 1677 totidem
1112 1598 1365 1670 appellati
1396 1606 1550 1664 sunt,
1596 1605 1657 1653 ut
1676 1595 1754 1663 ab
1781 1594 1899 1650 aliis
1934 1608 2047 1649 sua:

443 1695 621 1767 gentis
635 1736 652 1762 ,
674 1710 739 1751 ac
758 1692 978 1749 familiae
999 1692 1305 1749 hominibus
1323 1690 1778 1757 discernerentur.
1807 1687 2045 1742 Primum

2154 479 2248 535 cie
2287 480 2513 552 Africce,
2558 484 2773 541 ciuitatis
2827 485 3239 560 Carthaginensis
3272 489 3629 565 (llieronym.
3660 493 3762 551 Ca-

2158 572 2252 629 tal.
2294 573 2560 646 Scriptor.
2588 576 2801 636 Eccles.
2823 595 2942 652 cap.
2990 582 3083 649 55,
3130 599 3249 655 pag.
3303 584 3454 656 115).
3484 585 3761 654 Quamob-

2156 679 2271 722 rem
2302 667 2356 722 in
2384 666 2640 726 chronico
2667 670 2970 729 Eusebiano
3011 674 3206 731 dicitur
3245 675 3595 749 Tertullinnus
3635 678 3760 751 Afer

2158 756 2385 828 (Chron.
2418 760 2616 818 Euseb.
2648 762 2717 818 ad
2746 779 2873 821 ann.
2908 765 3106 823 Christ.
3135 767 3268 840 208)
3302 787 3315 823 :
3346 768 3415 824 ab
3439 770 3634 840 Optato
3662 787 3760 828 au-

2156 857 2264 909 tem
2316 851 2659 926 Tertullianus
2702 858 3099 931 carthaginensis
3150 859 3377 934 (Optar.
3438 863 3533 939 lib.
3581 866 3632 921 1.
3690 865 3760 922 de

2154 943 2322 1000 schis.
2353 946 2617 1004 Donatist.
2655 964 2777 1021 pag.
2801 949 2896 1023 8).
2925 950 3030 1009 Sed
3071 954 3197 1024 quid
3222 950 3452 1013 testibus
3498 972 3634 1029 opus
3678 969 3764 1016 est

2154 1035 2415 1108 pluribus,
2444 1054 2569 1097 cum
2615 1040 2846 1112 ipsemet
2903 1044 3264 1102 Tertullianus
3320 1049 3573 1118 patriam,
3605 1064 3758 1107 suam

2153 1127 2273 1198 his,
2322 1146 2443 1203 quae
2491 1132 2545 1188 in
2598 1133 2826 1200 illo,de
2864 1152 2972 1207 quo
3032 1137 3226 1209 agitur,
3271 1140 3622 1211 Apologetico
3678 1142 3759 1198 le-

2152 1224 2327 1295 gimus
2351 1268 2366 1293 ,
2401 1227 2580 1284 verbis
2630 1229 2876 1286 indicet?
2913 1229 3152 1288 Infantes
3204 1249 3354 1305 penes
3388 1235 3617 1308 Africam
3649 1234 3758 1292 Sa-

2153 1326 2302 1372 turno
2364 1320 2760 1376 imntolabantur
2799 1322 2973 1393 palam
3026 1342 3183 1396 usque
3229 1326 3297 1380 ad
3343 1329 3759 1397 proconsulatum

2156 1406 2436 1468 Tiberii....
2469 1423 2589 1467 teste
2613 1414 2795 1469 militia
2820 1417 3005 1487 patrita
3031 1428 3217 1472 nostra:
3242 1435 3357 1490 qua:
3383 1420 3606 1490 idipsum
3644 1438 3757 1475 ntu-

2152 1518 2247 1558 nus
2284 1502 2363 1558 illi
2382 1508 2688 1575 .proconsuli
2718 1511 2897 1579 functa
2950 1520 3022 1565 est
3053 1512 3072 1581 (
3103 1510 3423 1568 Tcrtullian.
3469 1515 3753 1587 Apologet.

2137 1610 2269 1667 ,cap.
2312 1597 2406 1667 9).
2438 1599 2509 1654 At
2540 1600 2761 1671 insuper
2801 1619 2862 1659 se
2889 1602 3428 1676 CarthagineJiatum
3460 1607 3624 1665 fuisse
3649 1620 3755 1667 tes-

2152 1691 2386 1762 tiﬁcatur
2409 1694 2515 1749 alio
2545 1695 2597 1750 in
2625 1695 2761 1752 libro
2777 1738 2793 1765 ,
2820 1713 2979 1768 quem
2999 1694 3518 1771 Carthaginen'éibus
3540 1703 3753 1760 obtulit.

354 1824 363 1833 ι
442 1800 629 1847 autem
655 1796 773 1843 erat
800 1800 1110 1857 praenomen
1132 1825 1146 1852 ,
1185 1799 1293 1855 quo
1323 1783 1402 1849 is,
1427 1782 1515 1839 cui
1556 1780 1949 1853 imponebatur.
1978 1776 2046 1833 ab
2072 1785 2123 1853 Β
2151 1783 2447 1842 Oblivionis
2472 1787 2620 1844 enim
2654 1789 2842 1845 vitium
2873 1790 2946 1845 ibi
2986 1791 3065 1846 eis
3090 1790 3211 1847 ideo
3249 1795 3539 1865 exprobrat
3560 1837 3574 1863 ,
3594 1782 3753 1866 'quod

419 1879 693 1943 omnibus
719 1881 831 1935 suis
855 1877 1115 1934 fratribus
1145 1877 1397 1947 distingui
1426 1887 1627 1946 posset.
1659 1873 1870 1929 Etenim
1902 1886 2042 1941 pra:-

447 1972 664 2031 nomina
686 2011 704 2038 ,
734 1971 893 2036 sicuti
923 1968 1096 2025 Varro
1139 1985 1238 2024 nos
1279 1968 1513 2039 monuit,
1545 1975 1668 2022 sunt
1705 1965 1935 2020 instituta
1974 1964 2043 2018 ad

441 2081 590 2125 usum
608 2064 893 2135 singularia
912 2105 928 2132 ,
958 2062 1144 2134 quibus
1170 2062 1575 2118 discernerentur
1603 2060 1810 2115 nomina
1833 2057 2041 2131 gentili-

439 2160 545 2228 tia,
572 2168 677 2216 uta
704 2174 915 2217 numero
938 2157 1121 2215 Prima
1138 2198 1152 2223 ,
1180 2155 1441 2223 Secunda,
1475 2153 1646 2209 Tertia
1664 2196 1678 2221 ,
1717 2153 1913 2222 Quarta
1933 2194 1950 2220 ,
1985 2154 2060 2240 in.

438 2253 562 2315 uitiis
581 2293 597 2317 ,
623 2262 676 2309 ut
702 2251 924 2320 Quintus
944 2290 960 2317 ,
986 2250 1175 2307 Sextus
1192 2290 1209 2315 ,
1234 2247 1507 2317 Decimus;
1528 2244 1690 2311 εἰς,αὸ
1715 2246 1832 2299 aliis
1859 2244 2036 2312 rebus,

436 2364 553 2409 cum
575 2356 741 2404 essent
769 2345 872 2407 duo
904 2343 1129 2401 Terentii
1156 2351 1246 2400 aut
1280 2341 1490 2413 pluresf,
1528 2338 1853 2395 discernendi
1886 2354 2040 2397 causa

437 2451 496 2499 ut
535 2440 732 2513 aliquid
759 2439 1020 2511 singulare
1054 2437 1325 2502 haberent,
1359 2433 1634 2503 notabant,
1671 2444 1728 2489 ut
1765 2432 1829 2487 ab
1853 2448 1912 2488 eo
1951 2433 2039 2503 qui

380 2544 386 2549 ‘
437 2549 588 2589 mane
607 2544 759 2589 natus
782 2532 1052 2598 diceretur,
1091 2540 1146 2585 ut
1170 2536 1297 2587 esset
1329 2527 1560 2596 Manius,
1583 2526 1670 2598 qui
1690 2526 1803 2581 luce
1820 2524 2035 2595 unus,

437 2626 525 2695 qui
548 2633 665 2696 post
688 2625 854 2694 patris
877 2632 1087 2685 mortem
1106 2665 1122 2690 ,
1154 2621 1471 2679 Posthumus
1509 2619 1530 2693 (
1557 2618 1715 2675 Varr.
1742 2619 1838 2679 lib.
1869 2616 1937 2686 ll,
1965 2619 2037 2675 de

436 2716 570 2789 liug.
601 2716 754 2773 latin.
792 2731 911 2787 pag.
939 2714 1046 2772 126
1064 2718 1108 2789 ).
1140 2702 1150 2711 ’
1882 2732 1885 2735 ’

507 2809 715 2867 Nomen
744 2824 874 2866 vero
892 2817 1010 2871 erat
1030 2809 1376 2880 gentilitium,
1399 2809 1514 2867 sive
1538 2822 1570 2864 a
1590 2814 1751 2880 gente
1772 2806 2035 2878 desinim-

434 2911 548 2960 tum
573 2944 586 2967 ,
613 2917 683 2960 ex
720 2917 823 2973 qua
852 2917 1004 2959 suam
1033 2902 1227 2973 aliquis
1253 2901 1482 2958 ducebat
1506 2901 1793 2972 originem.
1825 2901 2034 2971 Cogno-

431 3010 555 3053 men
585 3010 768 3066 porro,
796 2994 941 3066 quod
965 2994 1148 3066 plures
1172 2994 1240 3049 ab
1263 2993 1549 3065 agnomine
1574 3008 1684 3051 non
1712 2992 2029 3063 distingunt,

429 3088 613 3147 datum
658 3096 776 3154 est,
823 3100 881 3144 ut
909 3101 1030 3144 eum
1068 3087 1124 3144 in
1173 3102 1275 3149 una
1317 3086 1519 3149 familia
1562 3086 1744 3157 plures
1783 3085 2028 3157 ejusdem

2148 1877 2250 1935 etsi
2289 1878 2459 1936 ariete
2502 1879 2631 1936 olim
2677 1880 2730 1937 in
2774 1881 2931 1937 bellis
2962 1884 3041 1938 usi
3083 1884 3345 1941 fuissent:
3379 1883 3505 1941 Cum
3550 1895 3752 1956 tamen,

2146 1969 2354 2042 inquit,
2380 1971 2671 2028 ultitnarent
2696 1981 2927 2044 tempora
2953 1975 3136 2045 patria:
3155 2017 3171 2044 ,
3196 1984 3243 2031 et
3263 1977 3396 2032 aries
3414 1977 3528 2047 jam
3557 1977 3753 2033 Roma-

2145 2079 2240 2117 nus
2269 2063 2323 2119 in
2348 2079 2517 2119 muros
2542 2065 2802 2136 quondam
2839 2082 2957 2122 suos
2988 2067 3232 2139 auderet,
3261 2069 3566 2140 obstupuere
3610 2064 3748 2126 illico

2143 2153 2568 2229 Carthaginenses
2588 2199 2603 2227 ,
2631 2168 2687 2214 ut
2716 2175 2902 2215 novum
2930 2170 3229 2216 extraneum
3273 2162 3532 2232 ingenium
3558 2162 3576 2235 (
3601 2161 3749 2219 Idem

2142 2247 2238 2307 lib.
2272 2248 2337 2303 de
2364 2248 2555 2316 Pallio,
2584 2264 2704 2322 capt.
2733 2251 2759 2306 1
2793 2253 2834 2322 ).
2865 2251 3054 2313 Nonne
3085 2260 3264 2308 autem
3289 2253 3414 2309 inde
3437 2253 3621 2325 colligi
3646 2244 3747 2325 po-

2142 2345 2247 2396 test
2275 2338 2358 2395 his
2384 2340 2563 2401 verbis
2586 2357 2695 2398 non
2720 2342 2898 2401 minus
2923 2343 3069 2400 clare
3099 2360 3251 2400 suam
3272 2384 3289 2410 ,
3310 2361 3470 2417 quam
3518 2346 3736 2404 illorum

2126 2447 2276 2505 quos
2299 2433 2609 2505 alloquitur,
2643 2436 2870 2505 patriam
2891 2435 2961 2492 ab
2987 2437 3075 2493 illo
3105 2437 3415 2510 designari?

2213 2524 2534 2607 Carthagine
2574 2526 2736 2599 igitur
2764 2526 2905 2585 haud
2945 2516 3109 2587 dubie
3150 2538 3309 2586 natus
3336 2540 3452 2600 est,
3482 2542 3663 2603 patre,
3688 2541 3749 2590 ut

2139 2617 2215 2672 ait
2238 2617 2632 2692 Hieronymus,
2676 2621 2972 2676 centurione
2997 2623 3388 2694 proconsulari:
3414 2625 3497 2681 vel
3527 2625 3667 2681 sicut
3689 2626 3747 2684 in

2139 2709 2358 2767 Eusebii
2399 2710 2670 2768 Chronico
2710 2711 3088 2783 legimuszille
3129 2716 3433 2771 centurionis
3462 2733 3744 2787 proconsu-

2124 2803 2262 2885 laris
2282 2803 2421 2874 ﬁlius
2449 2802 2565 2859 fuit.
2591 2804 2661 2859 At
2685 2819 2791 2861 non
2822 2820 3016 2877 magno
3041 2805 3258 2877 quidem
3274 2806 3327 2862 in
3355 2809 3560 2865 honore
3586 2819 3744 2866 erant

2137 2897 2476 2968 proconsulis
2512 2897 2859 2953 centuriones
2892 2908 2947 2952 et
2972 2897 3200 2966 milites;
3233 2908 3293 2954 ut
3318 2910 3442 2971 pote
3467 2903 3558 2972 qui
3599 2903 3742 2960 illius

2135 2991 2497 3062 apparitores,
2523 2989 2650 3044 vilia
2672 2989 2970 3045 ministeria
2996 2989 3149 3048 obire
3173 3003 3565 3051 consueverant
3581 2994 3739 3068 (Hie-

2134 3100 2336 3155 ronym.
2369 3082 2534 3140 Catal.
2578 3083 2759 3153 script.
2805 3082 2951 3139 Eccl.
2981 3101 3098 3157 cap.
3140 3085 3233 3142 55.
3284 3103 3335 3158 p.
3381 3088 3503 3145 115.
3544 3088 3738 3149 Chron.

430 3190 588 3243 erant
612 3181 881 3249 nominis,
928 3180 1296 3252 unusquisque
1339 3196 1407 3235 ex
1448 3193 1554 3250 qua
1594 3187 1752 3243 natus
1794 3176 1986 3245 fuisset
2008 3218 2025 3247 ,
2054 3178 2101 3243 C
2134 3177 2323 3232 Euseb.
2347 3177 2416 3231 ad
2440 3193 2561 3232 αηη.
2594 3176 2783 3232 Christ.
2812 3176 2920 3234 208
2945 3176 2985 3250 ).

380 3260 391 3266 ’
429 3276 857 3348 dignosceretur.
886 3273 959 3330 At
986 3273 1203 3346 quidam
1242 3283 1420 3328 tamen
1444 3271 1738 3343 opinantur
1762 3286 2027 3347 agnomen

406 3370 553 3428 ideo
588 3370 827 3436 dictum,
875 3368 1019 3441 quod
1047 3367 1220 3427 tribus
1239 3367 1353 3438 jam
1389 3366 1703 3425 memoratis
1741 3365 2031 3422 accesserit

427 3465 515 3520 rel
558 3464 629 3521 ob
667 3462 984 3535 praeclarum
1014 3461 1229 3533 aliquod
1256 3460 1488 3530 factum,
1522 3459 1617 3517 vel
1654 3463 1905 3519 virtutem
1932 3459 2029 3515 ali-

411 3569 588 3628 tquam
605 3597 623 3623 ,
649 3555 736 3611 vel
756 3552 975 3625 aliquod
1003 3553 1169 3609 animi
1189 3552 1396 3623 vitium,
1422 3552 1505 3608 vel
1531 3551 1774 3623 corporis
1790 3566 2023 3619 naevum,

425 3650 514 3707 vel
537 3649 696 3705 aliam
724 3649 957 3706 similem
987 3647 1056 3704 ob
1080 3661 1321 3705 causam.
1353 3645 1461 3703 Sed
1486 3644 1554 3703 de
1580 3646 1665 3702 his
1691 3646 1845 3718 plura
1876 3646 2029 3718 Sigo-

424 3742 548 3797 nius
569 3782 586 3808 ,
611 3740 921 3813 Onuphrius
957 3738 1261 3806 Panvinus,
1287 3746 1345 3794 et
1372 3737 1460 3794 alii
1489 3738 1701 3810 (Sigon.
1733 3738 1797 3793 de
1825 3739 2021 3803 nomin.

424 3831 649 3889 Roman.
675 3849 793 3905 cap.
820 3834 876 3888 5.
905 3831 1143 3903 Onuphr.
1171 3833 1235 3887 de
1257 3832 1451 3889 nomin.
1489 3831 1643 3887 Rom.
1667 3830 1695 3904 §
1724 3832 1793 3888 15
1822 3841 1867 3887 et
1896 3831 2020 3903 16.).

495 3927 811 3985 Tertulliani
854 3927 1032 3999 itaque
1075 3940 1388 3998 praenomen
1436 3926 1533 3983 fuit
1583 3927 1836 3997 Quintus,
1881 3926 2023 3985 haud

421 4023 585 4080 dubie
628 4024 756 4094 quia
799 4024 989 4094 quinto
1041 4023 1181 4080 inter
1221 4020 1415 4077 fratres
1457 4036 1586 4083 suos
1632 4020 1825 4085 ordine
1864 4029 2024 4087 natus

421 4127 557 4174 erat.
587 4116 793 4173 Nomen
820 4117 1100 4189 Septimius
1125 4159 1140 4186 ,
1174 4117 1249 4172 uti
1272 4116 1389 4188 ipse
1419 4116 1503 4173 his
1528 4116 1792 4190 signiﬁcat
1820 4117 2018 4184 verbis,

420 4218 615 4287 quibus
654 4213 848 4273 librum
890 4216 956 4271 de
999 4213 1277 4289 uirginibus
1319 4211 1581 4280 velandis,
1623 4211 1703 4267 sic
1721 4209 2017 4284 .absolvit:

424 4313 551 4369 Hac
570 4329 687 4368 cum
713 4313 844 4366 bona
867 4325 993 4383 pace
1017 4309 1301 4383 legentibus
1316 4351 1333 4378 ,
1367 4310 1629 4367 veritatem
1656 4310 2019 4366 consuetudini

420 4403 829 4477 prteponentibus
853 4441 867 4468 ,
898 4419 1001 4473 pax
1021 4413 1069 4456 et
1097 4403 1264 4474 gratia
1284 4420 1317 4454 ιι
1342 4400 1564 4456 Domino
1590 4408 1764 4457 nostra
1788 4400 1917 4457 Jesu
1937 4417 2017 4457 re-

408 4498 611 4553 dundet
630 4512 747 4551 cum
773 4495 1025 4565 Septimio
1048 4495 1365 4551 Tertulliano
1381 4536 1399 4560 ,
1424 4495 1689 4564 cuiusltoc
1710 4496 2015 4568 apusculum

2206 3270 2288 3326 Ab
2342 3269 2444 3326 hoc
2487 3279 2667 3327 autem
2711 3279 2864 3341 patre
2910 3285 3009 3328 suo
3056 3271 3454 3350 Tertullianus,
3513 3286 3569 3333 et
3616 3278 3739 3337 aliis

2134 3378 2278 3419 nunc
2321 3362 2607 3434 incognitis
2636 3364 2954 3435 parentibus
2999 3365 3114 3422 suis
3154 3367 3389 3425 ethnicis
3415 3379 3604 3439 ortus,
3632 3386 3737 3443 _ne-

2133 3454 2324 3511 fandas
2350 3455 2560 3511 illorum
2587 3457 3004 3527 superstitiones
3028 3473 3151 3514 cum
3175 3459 3312 3516 lacte
3337 3463 3510 3531 suxit,
3532 3463 3736 3534 palam-

2132 3564 2241 3622 que
2268 3559 2455 3620 postea
2481 3548 2756 3620 professus
2784 3559 2886 3607 est.
2917 3549 3054 3606 Nam
3085 3551 3174 3607 ubi
3201 3552 3272 3609 de
3300 3554 3444 3610 veris
3484 3555 3737 3615 christia-

2132 3660 2324 3703 norum
2369 3644 2705 3722 dogmatibus
2769 3644 3045 3716 disputat,
3095 3647 3318 3704 eosdem
3365 3647 3612 3721 ethnicos
3656 3650 3736 3708 sic

2131 3739 2359 3797 all'atur:
2390 3736 2516 3793 Haec
2540 3746 2586 3792 et
2625 3754 2718 3793 nos
2756 3737 2960 3793 risimus
2984 3738 3297 3810 aliquando;
3319 3736 3397 3796 'de
3425 3742 3603 3797 vestris
3629 3743 3734 3816 [ui-

2130 3849 2245 3887 mus
2294 3849 2312 3888 :
2359 3832 2510 3902 ﬁunt,
2566 3847 2670 3887 non
2723 3841 3004 3887 nascuntur
3052 3832 3319 3888 christiani
3361 3832 3725 3907 (Tertullian.

2128 3923 2411 3996 Apologet.
2450 3937 2569 3995 cap.
2609 3920 2740 3998 18).
2773 3922 2939 3980 Suam
2977 3939 3141 3995 vero,
3183 3941 3292 3998 qua
3344 3936 3471 3984 tunc
3511 3927 3729 3986 labora-

2127 4015 2260 4086 bat,
2306 4015 2634 4083 eiecitatem,
2675 4031 2740 4072 ac
2784 4016 2896 4073 veri
2940 4017 3036 4073 Dei
3085 4017 3471 4089 ignorantiam,
3508 4019 3593 4076 his
3620 4035 3734 4077 ver-

2127 4110 2212 4168 bis
2261 4110 2370 4166 alio
2413 4110 2467 4165 in
2515 4109 2654 4167 libro
2683 4109 2930 4181 deplorat
2962 4127 2976 4166 :
3004 4108 3363 4167 Paenitentiam
3386 4151 3402 4176 ,
3435 4110 3529 4166 hoc
3568 4128 3733 4184 genus

2108 4204 2390 4269 hominum
2410 4245 2426 4272 ,
2465 4202 2604 4275 quod
2628 4211 2675 4258 et
2713 4203 2814 4274 ipsi
2850 4212 2987 4258 retro
3014 4202 3242 4272 fuimus,
3267 4201 3437 4274 .cazci,
3464 4204 3575 4259 sine
3610 4203 3728 4259 Do-

2125 4298 2250 4354 mini
2294 4295 2518 4365 lumine,
2551 4304 2736 4351 natura
2783 4305 2926 4351 tenus
2972 4303 3188 4366 norant,
3235 4297 3522 4367 passionem
3566 4298 3727 4353 animi

2123 4391 2399 4464 quamdam
2427 4407 2565 4461 esse,
2591 4405 2708 4462 qua:
2731 4390 2897 4446 veniat
2925 4390 2990 4445 de
3015 4389 3219 4463 offensa
3243 4391 3507 4447 sententia:
3533 4391 3724 4463 prioris

2125 4485 2144 4556 (
2169 4483 2290 4539 luit.
2324 4484 2417 4539 lib.
2446 4483 2514 4539 de
2542 4483 2825 4556 paeniteat.
2847 4496 2965 4554 cap.
2996 4482 3071 4556 1).

419 4606 492 4651 est
523 4595 542 4667 (
570 4591 799 4650 Tertull.
847 4591 940 4648 lib.
990 4590 1059 4648 de
1084 4591 1209 4662 Virg
1238 4590 1452 4646 veland.
1481 4604 1602 4661 cap.
1632 4591 1701 4649 17
1725 4588 1767 4665 ).
1806 4590 2014 4649 Nomen
2036 4572 2095 4636 Β
2191 4575 2328 4631 Τυω
2358 4590 2487 4645 ergo
2506 4616 2523 4645 ,
2553 4574 3005 4647 quemadmodum
3031 4574 3228 4632 eruditi
3264 4575 3367 4631 viri
3399 4575 3722 4632 observave-

417 4696 598 4743 autem
627 4683 757 4741 illud
800 4682 1040 4754 Septimii
1080 4682 1286 4749 habuit,
1329 4682 1454 4752 quia
1493 4692 1643 4738 ortus
1670 4692 1754 4740 est
1784 4698 1851 4740 ex
1879 4682 2014 4755 Sep-

418 4780 567 4837 timia
596 4786 771 4851 gente.
818 4775 958 4846 Quis
1000 4790 1132 4832 vero
1173 4775 1356 4845 plures
1394 4784 1551 4831 erant
1590 4773 1750 4845 hujus
1801 4775 2015 4832 familia:

408 4875 517 4931 viri
537 4918 552 4942 ,
580 4872 820 4930 additum
847 4872 896 4928 ei
915 4880 1223 4943 cognomen
1244 4868 1469 4926 Florens
1497 4868 1843 4926 Tertullianus
1864 4911 1883 4940 ,
1910 4871 2013 4928 nisi

416 4969 674 5043 probetur
695 4980 725 5021 a
750 4964 1071 5038 cognomine
1096 4962 1349 5036 distingui
1376 4961 1508 5021 illud
1536 4978 1802 5034 agnomen
1820 5001 1841 5029 .
1867 4963 2012 5034 quod

401 5061 518 5133 'ipsi
544 5061 774 5133 aliquam
797 5059 1150 5131 peculiarem,
1172 5057 1252 5114 uti
1279 5057 1679 5128 annotavimus,
1698 5057 1770 5117 ob
1793 5072 2010 5117 causam

396 5155 484 5211 ‘sit
511 5153 799 5225 adjectum.

400 5274 409 5287 κ
436 5243 448 5247 ’
480 5246 751 5304 Cmternm
781 5245 991 5302 tametsi
1019 5254 1249 5317 quatuor
1276 5240 1381 5315 ipsi
1401 5241 1598 5300 fuerint
1619 5244 1836 5301 nomina
1855 5285 1872 5314 ,
1893 5245 2011 5302 solo

402 5336 1105 5395 nihilominusi'l‘ertulliani
1133 5338 1353 5394 nomine
1391 5335 1463 5392 ab
1490 5336 1734 5401 Eusebio
1753 5379 1769 5406 ,
1801 5337 1877 5397 uti
1899 5337 2007 5409 jam

412 5418 644 5488 vidimus
669 5473 683 5498 ,
713 5439 877 5502 atque
915 5431 985 5487 ab
1008 5430 1338 5503 Hieronymo
1360 5472 1377 5498 ,
1398 5438 1456 5487 et
1478 5429 1603 5487 aliis
1620 5469 1639 5500 ,
1660 5432 2010 5503 quemadmo-

414 5526 542 5582 dum
591 5523 729 5580 infra
771 5539 873 5582 nee
913 5523 1082 5580 semel
1126 5523 1653 5593 animadvertemus,
1691 5527 2009 5598 appellatur.

362 5651 373 5662 ο
412 5619 592 5689 atque
617 5632 683 5675 eo
710 5618 871 5673 etiam
904 5616 1024 5673 solo
1048 5617 1432 5688 Apologeticus
1451 5619 1568 5690 ejus
1595 5619 1805 5698 liber'in
1831 5637 2013 5680 manu-

412 5711 632 5782 scriptis
656 5709 859 5767 nostris
880 5709 1154 5766 codicibus
1173 5710 1464 5783 inscriptus
1491 5721 1593 5770 est.

408 5834 415 5839 -
487 5803 603 5874 Qua
630 5813 811 5862 autem
842 5803 897 5861 in
923 5803 1193 5877 provincia
1219 5812 1277 5861 et
1300 5803 1436 5863 urbe
1461 5818 1619 5868 natus
1642 5810 1715 5868 sit
1736 5848 1753 5880 ,
1784 5823 1887 5871 nos
1911 5809 2013 5873 do-

2120 4676 2282 4741 runt,
2306 4666 2421 4723 veri
2449 4667 2546 4723 Dei
2576 4676 2631 4724 et
2659 4667 2969 4724 christianre
3000 4668 3278 4741 religionis
3304 4667 3507 4723 lumine
3544 4667 3723 4738 priva-
3780 4676 3792 4687 ‘

2120 4770 2205 4819 tus
2226 4804 2240 4831 ,
2271 4762 2507 4834 profanis
2547 4762 2871 4834 spectaculis
2913 4763 3296 4819 delectabatur.
3331 4762 3409 4818 De
3447 4762 3534 4817 his
3569 4765 3716 4819 enim

2106 4854 2206 4911 ille
2231 4854 2425 4911 alicubi
2452 4853 2621 4910 dixit:
2653 4855 2802 4911 Malo
2828 4872 2929 4910 non
2952 4856 3164 4927 implere
3183 4896 3199 4924 ,
3234 4871 3390 4920 quam
3431 4856 3718 4912 meminisse

2118 4948 2278 5022 (Lib.
2331 4950 2399 5006 de
2443 4949 2694 5021 Spectac.
2733 4964 2849 5021 cap.
2882 4950 3014 5021 19).
3048 4950 3187 5018 Quin
3238 4951 3399 5006 etiam
3441 4966 3549 5007 non
3598 4950 3719 5008 sine

2115 5042 2282 5099 animi
2306 5042 2496 5101 dolore
2524 5043 2810 5101 conﬁtetur
2832 5058 2891 5099 se
2920 5044 2972 5099 in
3014 5043 3190 5115 turpia
3219 5044 3401 5101 carnis
3426 5046 3554 5101 vitia
3595 5059 3718 5103 esse

2112 5136 2423 5208 prolapsum
2446 5154 2461 5193 :
2494 5135 2607 5210 Ego
2630 5137 2772 5194 enim
2799 5176 2815 5203 ,
2844 5135 3153 5206 inquiebat,
3175 5138 3280 5193 scio
3306 5155 3386 5193 me
3424 5155 3583 5209 neque
3612 5139 3720 5199 alia

2106 5245 2265 5305 carne
2288 5224 2542 5287 adulteria
2557 5228 2885 5297 commisisse,
2900 5245 3059 5300 neque
3078 5239 3219 5298 tunc,
3238 5229 3544 5303 legendum,
3559 5247 3720 5302 nunc,

2113 5323 2219 5378 alia
2264 5338 2417 5377 carne
2451 5322 2520 5377 ad
2565 5322 2924 5398 continentiam
2953 5323 3074 5376 eniti
3103 5322 3258 5394 (Lib.
3292 5324 3360 5380 de
3401 5325 3717 5383 licsurrect.

2116 5433 2265 5475 earn.
2296 5433 2418 5491 cap.
2446 5417 2559 5491 59).
2582 5416 2695 5474 Nec
2717 5418 2901 5473 minus
2919 5402 3103 5488 aperte
3137 5419 3375 5482 declarat
3398 5435 3457 5476 se
3486 5419 3715 5476 aliorum

2114 5519 2458 5581 peccatorum
2499 5524 2720 5566 suorum
2750 5510 3065 5581 paenituisse
3090 5527 3103 5566 :
3133 5508 3214 5566 Tu
3255 5523 3490 5583 peccator
3524 5513 3622 5567 mei
3647 5513 3723 5568 si-

2108 5603 2252 5685 milis
2273 5645 2289 5672 ,
2316 5604 2421 5658 imo
2445 5619 2523 5659 me
2562 5604 2750 5660 minor.
2773 5603 2889 5680 Ego
2914 5607 3051 5662 enim
3075 5607 3427 5681 priestantiam
3448 5609 3501 5663 in
3521 5608 3722 5665 delictis

2116 5716 2283 5754 meam
2303 5708 2525 5771 agnosco
2544 5698 2685 5774 (Lib.
2713 5700 2784 5759 de
2808 5701 3100 5761 Pmnitent.
3132 5719 3252 5778 cap.
3282 5703 3365 5778 ὁ).
3404 5706 3484 5763 Ac
3526 5719 3737 5769 rursus.

2112 5800 2333 5873 postea:
2358 5791 2608 5854 Peccator
2621 5796 2849 5861 omnium
2867 5808 3107 5856 notarum
3124 5815 3242 5855 cum
3267 5800 3493 5876 sinunec
3521 5799 3616 5857 ulli
3642 5802 3719 5857 rei
