4150 6352
486 286 591 343 ἾΞἹ

1569 283 1642 341 ΙΝ
1678 279 2142 343 TERTULLIANI
2178 285 2709 350 APOLOGETICUM

3680 278 3789 358 res

484 406 582 460 nisi
625 404 930 475 paenitentia:
967 410 1137 471 natus,
1162 417 1265 458 non
1295 403 1448 479 facile
1493 380 1702 473 possunt
1731 419 1884 474 super
1925 418 1986 457 ea
2033 419 2090 457 re
2116 388 2167 465 Ᾱ
2193 402 2471 464 daemones
2509 409 2793 477 potestatis
2825 411 3070 470 oculatus
3099 412 3253 470 testis
3294 412 3428 481 fuit,
3476 421 3571 470 aut
3594 415 3788 475 saltem

487 505 655 551 tacere
674 497 812 565 (Lib.
847 495 914 551 de
941 495 1136 550 Pmnit.
1160 509 1280 566 cap.
1307 495 1416 552 12).
1448 497 1518 549 At
1546 495 1680 550 nulli
1707 496 1895 567 procul
1923 496 2089 551 dubio

483 589 680 643 mirum
703 585 990 652 videbitur,
1023 587 1066 642 si
1093 586 1340 641 ethnicus
1367 584 1530 641 homo
1551 627 1566 652 ,
1594 586 1687 656 qui
1713 586 1844 641 deos
1883 586 2090 642 adulte-

483 695 606 747 ros,
637 688 691 733 ct
709 678 966 733 adulteris
997 678 1208 749 pejores
1245 679 1538 745 adorabat,
1585 693 1772 734 eorum
1804 678 2049 749 exempla
2069 719 2087 744 ,

483 773 622 828 sicut
667 771 918 826 Chaereas
971 771 1113 842 apud
1163 771 1472 828 Terentium
1521 769 1787 842 (Eunuch.
1842 782 1944 827 act.
1997 773 2084 829 ΙΙΙ.

481 881 615 920 scen.
649 865 700 920 5.
730 880 776 920 υ.
806 864 876 920 45
899 871 917 935 )
940 863 1094 935 sequi
1128 865 1380 920 voluerit.
1411 863 1518 920 Sed
1561 873 1777 935 quanta:
1824 865 1941 922 haec
1986 867 2090 922 cri-

482 955 628 1010 mina
657 955 991 1011 Tertulliano
1033 956 1160 1011 olim
1209 955 1428 1012 etlmico
1472 957 1773 1026 voluptati,
1805 967 1952 1012 tanto
1988 958 2089 1030 ipsi

481 1049 830 1105 Christianam
858 1059 1042 1119 postea
1074 1050 1387 1121 religionem
1433 1051 1699 1120 profitenti
1727 1092 1743 1117 ,
1776 1051 1852 1106 uti
1881 1067 1946 1107 ex
1973 1052 2089 1122 ejus

480 1144 632 1198 libris
652 1184 667 1211 ,
697 1152 859 1214 atque
886 1144 989 1199 hoc
1019 1145 1318 1216 prmsertim
1351 1145 1700 1216 Apologetico
1719 1185 1734 1211 ,
1763 1153 1929 1216 patet,
1959 1146 2090 1203 hor-

482 1236 594 1291 rori
628 1235 862 1292 fuerunt.

1092 1389 1380 1429 ARTICULL’S
1418 1389 1493 1428 111.

488 1531 686 1598 Quibus
728 1533 1011 1587 rationibus
1044 1531 1386 1587 Tertullianus
1415 1532 1484 1586 ad
1513 1532 1845 1588 christianum
1875 1535 2087 1605 religio-

650 1643 765 1681 nem
792 1626 1044 1698 adductus
1062 1669 1076 1692 ,
1107 1638 1153 1681 et
1181 1626 1386 1697 quando
1411 1643 1522 1680 eam
1546 1630 1808 1698 professus
1829 1637 1926 1682 est.

2192 498 2261 554 de
2289 499 2378 554 illa
2411 505 2480 557 ita
2508 517 2832 572 persuasus,
2864 514 2924 562 ut
2949 509 3198 564 ethnicos
3221 509 3288 566 ad
3323 511 3621 581 periculurn
3647 510 3792 567 illius

2192 607 2375 650 coram
2404 597 2654 654 omnibus
2683 597 2982 656 faciendum
3014 612 3306 674 provocet,
3347 620 3412 660 ae
3454 604 3557 660 nisi
3585 604 3792 661 daemo-

2194 702 2290 742 nes
2315 688 2383 744 ab
2405 689 2510 744 illis
2539 690 2764 761 adjurati
2790 733 2804 758 ,
2834 708 2894 751 se
2921 694 3052 752 deos
3080 712 3186 751 non
3215 711 3336 754 esse
3364 696 3660 765 fateantur,
3694 699 3791 754 ho-

2194 793 2376 835 rumce
2402 780 2819 840 christianorum
2847 787 2974 842 velit
3001 786 3150 842 fundi
3171 788 3528 859 sanguinem?
3557 789 3630 844 At
3662 791 3791 860 quid

2191 870 2318 938 ista,
2369 873 2581 944 inquit,
2626 892 2778 945 opere
2823 879 3172 951 manifestius,
3201 882 3326 952 quid
3367 881 3464 936 liae
3493 882 3790 953 probatione

2193 963 2437 1032 ﬁdelius?
2475 967 2794 1036 Simplicitas
2847 972 3072 1028 ueritatis
3106 977 3161 1028 in
3217 973 3383 1028 medio
3437 982 3510 1030 est
3556 973 3742 1047 (Idem
3769 1019 3785 1043 ,

2193 1057 2473 1128 Apologet.
2521 1076 2648 1132 cap.
2686 1062 2821 1135 25).
2868 1063 3220 1136 Exploratam
3253 1067 3412 1139 igitur
3455 1067 3644 1124 habuit
3688 1069 3789 1125 hu-

2187 1149 2277 1219 jus
2317 1152 2540 1210 rationis
2569 1164 2623 1209 et
2664 1156 3012 1224 experientia:
3061 1159 3164 1214 vim
3187 1201 3202 1219 .
3235 1160 3319 1215 cui
3359 1151 3396 1215 a
3421 1161 3661 1230 nemine,
3685 1163 3788 1218 nisi

2192 1241 2342 1308 falsis
2369 1246 2690 1316 przejudiciis
2718 1235 2931 1320 penitus
2955 1250 3257 1318 obcazcato,
3292 1254 3471 1310 resisti
3494 1268 3656 1325 posse
3699 1269 3789 1311 sr-

2192 1336 2506 1394 bitrabatur.

2262 1429 2373 1486 Nec
2399 1432 2574 1486 minus
2599 1444 2876 1505 perspecta
2902 1435 3002 1507 ipsi
3025 1436 3123 1492 fuit
3151 1437 3442 1510 Scriptura:
3471 1453 3641 1496 sacrae
3665 1454 3795 1496 auc-

2191 1525 2416 1592 toritas,
2456 1542 2646 1597 quam,
2693 1527 2899 1599 inquit,
2949 1531 3035 1599 qui
3075 1531 3293 1596 adierit,
3324 1533 3544 1586 inveniet
3589 1532 3793 1598 Deum;

2191 1620 2277 1688 qui
2328 1621 2478 1674 etiam
2523 1621 2772 1676 studuerit
2825 1623 3108 1696 intelligere
3129 1666 3144 1692 ,
3197 1637 3408 1696 cogetur
3457 1637 3507 1680 et
3559 1628 3790 1683 credere.

2192 1709 2213 1781 (
2241 1709 2371 1766 Ibid.
2403 1727 2520 1782 cap.
2553 1712 2679 1781 18).
2704 1713 2893 1770 Nonne
2919 1731 3047 1788 ergo
3083 1727 3138 1772 et
3178 1719 3267 1774 ille
3313 1719 3382 1774 ibi
3432 1720 3599 1775 Deum
3638 1721 3792 1778 inve-

556 1804 762 1873 Qnibus
811 1806 1172 1862 Tertullianus
1221 1763 1521 1862 rationibus
1567 1805 1635 1861 ad
1685 1806 1887 1863 Chrisﬁ
1929 1808 2084 1865 fidem
2117 1807 2165 1867 B
2195 1763 2307 1867 illi.
2365 1812 2420 1859 et
2469 1763 2897 1877 ἱθὶεοειεεηονὶι
2937 1763 3214 1878 εέηιίῑίιιηι
3271 1810 3443 1878 deos,
3496 1827 3564 1866 ac
3609 1763 3794 1869 versi“

481 1899 892 1972 ampleXandam
941 1901 1201 1970 impulsus
1248 1903 1346 1969 sit,
1392 1902 1437 1956 si
1481 1901 1602 1972 quis
1647 1901 1913 1971 postulat,
1962 1901 2009 1956 is
2056 1919 2086 1956 a

483 1992 716 2064 Georgio
744 1993 1090 2048 Ambiancnsi
1121 1997 1383 2064 capucino
1413 1993 1594 2049 audiet
1614 2003 1722 2048 tres
1744 1994 1860 2050 illas
1888 1993 2081 2050 fuisse:

481 2086 900 2142 christianorum
923 2087 1307 2154 innocentiam,
1329 2088 1706 2144 excellentiam
1726 2103 1894 2146 sacrae
1913 2087 2087 2159 Scrip-

481 2189 654 2245 tum,
685 2193 748 2234 ac
775 2180 965 2233 miram
1005 2181 1317 2235 earumdem
1345 2180 1762 2238 christianorum
1794 2185 1846 2237 in
1879 2182 2083 2238 dzemo-

481 2286 578 2327 nes
609 2280 926 2341 petestatcm
956 2270 1165 2343 (Georg.
1189 2271 1560 2329 vind.Tertull.
1590 2284 1726 2345 part.
1746 2291 1805 2342 tt,
1828 2282 2008 2346 qutzst.
2029 2275 2080 2328 1.

480 2371 528 2417 et
556 2363 633 2434 2).
667 2364 866 2420 Verum
887 2363 1002 2419 haec
1027 2365 1140 2433 ipsa
1159 2407 1176 2434 ,
1200 2368 1542 2436 quantumvis
1571 2368 1744 2424 valida
1765 2409 1781 2436 ,
1811 2368 2082 2423 rationum

479 2467 753 2513 momenta
798 2459 888 2514 ille
935 2458 1166 2527 eadem,
1222 2475 1325 2530 qua
1367 2460 1738 2528 adstruxerat,
1787 2477 1950 2516 manu
1990 2461 2087 2517 de-

481 2550 664 2605 struit.
691 2548 824 2604 Nam
855 2549 1194 2605 continenter
1218 2549 2079 2624 adjunxitethnicosJudazosque,

481 2642 670 2714 quales
699 2641 882 2713 utique
918 2651 1073 2698 erant
1114 2641 1409 2714 Ulpianus,
1460 2653 1515 2700 et
1558 2645 1881 2712 Suetonius,
1923 2646 2079 2704 Jose-

480 2735 624 2806 phus
646 2744 703 2792 et
732 2735 888 2792 Philo
909 2777 925 2804 ,
956 2733 1200 2806 aliosque
1226 2736 1570 2793 doctissimos
1598 2739 1744 2794 viros
1765 2780 1780 2804 ,
1817 2739 1967 2795 hisce
1996 2755 2084 2796 ra-

480 2829 718 2884 tionibus
768 2844 874 2884 non
940 2829 1115 2884 minus
1171 2839 1415 2896 attento,
1463 2846 1625 2900 quam
1677 2831 2078 2901 Tertullianus,

480 2923 662 2978 animo
687 2923 998 2994 ponderatis
1025 2965 1041 2989 ,
1073 2915 1181 2979 non
1223 2924 1463 2994 potuisse
1500 2924 1568 2980 ad
1607 2925 1918 2982 christiana:
1955 2929 2082 2983 reli-

479 3013 656 3084 gionis
694 3014 1082 3084 professionem
1111 3014 1321 3071 adduci.
1362 3015 1723 3084 Quamobrem
1769 3027 1920 3088 putat
1946 3019 2081 3076 Ter-

479 3111 762 3167 tullianum
791 3117 1067 3166 nutantem
1111 3109 1326 3174 adhuc,
1367 3126 1429 3166 ac
1471 3110 1854 3180 fluctuantem,
1902 3114 2078 3184 aliqua

2192 1910 2312 1952 esse
2357 1897 2702 1952 christianam
2732 1900 3086 1971 religionem?
3117 1903 3304 1959 Tantis
3329 1906 3472 1961 enim
3502 1906 3794 1962 luminibus

2193 1989 2308 2045 hinc
2339 1991 2532 2046 veritas
2557 1991 2813 2061 fulgebat,
2837 2005 2892 2048 ut
2919 1995 2986 2049 ab
3015 1997 3266 2052 omnibus
3292 1999 3592 2056 voluntaria
3619 2001 3792 2056 obsti-

2191 2083 2408 2138 natione
2452 2099 2558 2138 non
2598 2085 2902 2150 obczecatis,
2934 2090 3116 2143 statim
3145 2091 3526 2160 susciperetur.
3559 2092 3665 2149 Sed
3707 2110 3796 2150 au-

2189 2172 2306 2228 dias
2347 2175 2504 2231 velim
2531 2177 2678 2233 illum
2711 2177 2826 2233 lucc
2854 2191 3192 2238 cnarrantem
3218 2199 3233 2237 :
3258 2183 3626 2241 Testimonium
3649 2188 3792 2258 igno-

2187 2269 2367 2322 rantiae
2391 2279 2462 2322 est
2478 2311 2492 2334 ,
2521 2287 2634 2338 quae
2660 2272 2975 2342 iniquitatem
3002 2274 3124 2327 dum
3165 2286 3374 2330 excusat
3393 2318 3409 2343 ,
3448 2279 3790 2343 condemnat;

2188 2375 2301 2413 cum
2324 2377 2497 2415 omnes
2516 2363 2604 2433 qui
2628 2373 2761 2417 retro
2789 2367 3002 2420 oderant
3023 2409 3040 2434 ,
3068 2369 3188 2436 quia
3209 2370 3510 2440 ignorabant
3539 2375 3691 2442 quale
3725 2377 3791 2429 sit

2187 2452 2325 2521 quod
2341 2453 2570 2517 oderant,
2590 2455 2745 2510 simul
2764 2455 3001 2512 desinunt
3027 2461 3290 2530 ignorare,
3318 2472 3515 2518 cessant
3535 2475 3582 2519 et
3599 2466 3785 2521 odisse.

2189 2543 2274 2598 Ea:
2302 2544 2380 2599 Itis
2421 2547 2550 2613 ﬁunt
2583 2548 2885 2614 christiani,
2918 2551 3088 2621 utique
3127 2552 3192 2606 de
3232 2563 3522 2624 comperto,
3572 2566 3622 2611 et
3666 2558 3792 2612 inci-

2188 2638 2333 2706 piunt
2375 2639 2540 2694 odisse
2568 2641 2704 2710 quod
2746 2641 2984 2710 fuerant,
3028 2653 3074 2697 et
3119 2646 3350 2715 proﬁteri
3391 2647 3525 2717 quod
3573 2649 3787 2705 oderant

2187 2730 2206 2800 (
2229 2730 2361 2787 ibid.
2391 2747 2508 2802 cap.
2545 2734 2621 2804 1).
2667 2736 2736 2788 At
2761 2745 2909 2790 certe
2933 2736 2978 2790 si
3020 2746 3098 2790 tot
3119 2739 3386 2808 gentiles,
3419 2740 3618 2798 fatente
3647 2743 3789 2812 ipso—

2185 2835 2296 2879 met
2323 2824 2676 2892 Tcrtulliano,
2709 2827 2790 2881 his
2810 2828 3082 2896 omnibus,
3117 2840 3210 2886 aut
3242 2832 3465 2902 singulis
3492 2833 3789 2888 rationibus

2187 2917 2309 2972 facti
2355 2927 2481 2973 sunt
2521 2919 2839 2986 christiani;
2886 2931 3088 2990 quanto
3119 2917 3306 2994 'magis
3364 2926 3490 2992 ille,
3517 2925 3602 2980 cui
3649 2924 3786 2980 adeo

2183 3021 2457 3082 comperta
2485 3011 2584 3067 fuit
2607 3012 2814 3068 falsitas
2842 3013 3116 3084 religionis
3154 3017 3526 3082 ethnicorum,
3554 3027 3608 3073 et
3644 3018 3791 3073 chri-

2184 3105 2371 3160 stiana:
2391 3105 2608 3161 veritas.
2642 3106 2721 3161 Ad
2754 3106 2902 3161 illam
2930 3108 3091 3178 igitur
3124 3109 3469 3179 rejiciendam
3492 3152 3506 3175 ,
3547 3119 3604 3166 et
3650 3109 3790 3166 hanc

481 3203 740 3275 singulari
793 3203 1080 3273 divinaque
1136 3203 1344 3258 visione
1392 3203 1722 3274 impulsum,
1772 3204 2078 3264 christiana:

2184 3199 2593 3268 amplexandam
2643 3215 2780 3274 opus
2824 3216 2931 3256 non
2970 3201 3154 3258 habuit
3199 3219 3302 3269 ea,
3331 3220 3492 3276 quam
3519 3204 3790 3277 Georgius

479 3298 726 3368 religioni
751 3312 906 3353 suum
933 3296 1145 3352 dedisse
1172 3311 1385 3352 nomen.
1412 3297 1519 3354 Sed
1546 3298 1814 3354 undenam
1835 3341 1851 3368 ,
1871 3315 2078 3371 quaeso,

480 3388 741 3458 Georgius
783 3387 968 3443 didicit
1006 3403 1036 3442 a
1085 3387 1397 3443 memoratis
1425 3388 1493 3443 ab
1529 3404 1596 3444 eo
1635 3405 1758 3445 cum
1793 3391 2080 3461 gentilibus

479 3490 594 3537 tum
636 3481 836 3538 iudicis
895 3481 1012 3536 illas
1057 3481 1365 3537 christiana:-
1411 3482 1686 3556 religionis
1735 3484 2080 3555 probationes

471 3583 627 3630 Itanta
659 3584 859 3646 quanta
889 3589 920 3628 a
961 3573 1296 3630 Tertulliano
1327 3575 1490 3630 animi
1537 3577 1868 3645 attentione,
1915 3580 2082 3650 aequi-

478 3677 590 3724 tate
613 3709 627 3734 ,
655 3667 966 3722 sinceritate
984 3681 1249 3737 expensas
1275 3677 1329 3722 et
1356 3667 1722 3738 ponderatas?
1747 3669 1896 3726 Unde
1915 3671 2080 3726 etiam

475 3760 683 3831 accepit
709 3758 1099 3814 Tertullianum
1127 3759 1214 3814 illa
1242 3759 1500 3830 singulari
1543 3761 1750 3818 visione
1779 3762 1942 3818 fuisse
1982 3764 2080 3819 do-

472 3863 693 3919 natum,
723 3869 825 3924 qua
851 3855 1088 3924 privatus
1107 3895 1121 3920 ,
1153 3855 1272 3908 aliis
1297 3856 1708 3924 quamtumlibet
1733 3857 2079 3915 validissimis

475 3945 806 4011 rationibus,
855 3946 920 3999 ad
961 3945 1308 4000 cbristianam
1354 3947 1669 4017 religionem
1706 3948 1901 4004 adduci
1942 3967 2080 4006 nun-

476 4055 637 4112 quam
667 4039 965 4112 potuisset?
992 4039 1205 4096 Siccine
1231 4055 1360 4111 ergo
1400 4041 1694 4096 christiano
1719 4043 2079 4114 religiosoque

473 4135 682 4191 homini
726 4134 850 4190 licet
875 4149 1023 4190 mera
1053 4149 1224 4205 eaque
1256 4135 1523 4190 levissima
1552 4138 1862 4206 conjectura
1889 4153 2075 4193 eorum

472 4228 583 4281 vim
614 4233 670 4282 et
694 4226 858 4282 robur
891 4226 1166 4283 inﬁrmare
1183 4229 1652 4299 argumentorum},
1680 4228 1875 4299 quibus
1900 4229 2075 4284 chris-

474 4320 637 4378 tiana:
661 4320 936 4391 religionis
961 4321 1160 4377 veritas
1179 4362 1192 4388 ,
1229 4332 1286 4376 ut
1325 4321 1460 4377 inira
1489 4322 1834 4379 ostendemus
1855 4365 1873 4390 ,
1911 4323 2076 4379 invic-

475 4411 686 4468 tissime
730 4411 1171 4467 demonstratur?
1219 4412 1326 4472 Sed
1353 4413 1542 4469 doctus
1585 4413 1675 4470 ille
1710 4414 1794 4468 vir
1835 4415 2074 4470 animum

475 4507 622 4565 haud
665 4505 828 4563 dubie
855 4521 962 4561 non
986 4506 1118 4561 satis
1158 4505 1464 4562 adverterat
1489 4506 1556 4562 ad
1581 4523 1644 4563 ea
1673 4507 1988 4564 Tertulliani
2019 4509 2071 4563 in

2185 3292 2339 3347 tinxit
2360 3335 2376 3360 ,
2404 3292 2582 3348 divina
2607 3293 2836 3350 visione.

2257 3387 2482 3457 Quando
2510 3398 2690 3444 autem
2717 3387 3028 3444 christiana:
3063 3389 3306 3460 religitmi
3337 3405 3530 3447 nomen
3554 3389 3785 3458 dederit,

2183 3495 2290 3536 non
2319 3481 2390 3536 ita
2420 3479 2575 3536 facile
2604 3481 2824 3537 dixeris.
2855 3481 3116 3553 Opinatus
3137 3492 3222 3539 est
3248 3483 3391 3538 enim
3428 3482 3700 3538 Pamelius
3725 3483 3787 3538 li-

2182 3573 2338 3628 brum
2377 3573 2440 3628 de
2468 3572 2642 3627 Pallio
2674 3572 2940 3643 publicam
2987 3574 3040 3628 in
3069 3575 3240 3629 lucem
3288 3573 3357 3628 ab
3399 3574 3494 3628 illo
3521 3574 3780 3630 emissum

2165 3682 2324 3722 anno
2348 3666 2545 3722 Christi
2575 3666 2699 3732 195,
2727 3675 2781 3721 et
2802 3667 2982 3722 statim
3006 3681 3072 3722 ac
3093 3667 3180 3721 ille
3204 3667 3497 3722 christiana
3524 3668 3785 3738 religione

2183 3763 2424 3817 initiatus
2449 3761 2567 3824 fuit.
2594 3761 2698 3817 Sed
2726 3759 2856 3816 falsa
2901 3769 2984 3815 est
3023 3761 3182 3830 hujus
3208 3761 3489 3831 scriptoris
3514 3760 3698 3830 opinio
3731 3761 3781 3813 in

2181 3853 2501 3923 assignanda
2525 3852 2684 3922 hujus
2707 3851 2824 3907 libri
2855 3861 3014 3909 rotate
3034 3894 3050 3920 ,
3088 3868 3246 3923 quem
3275 3853 3430 3921 longe
3453 3863 3636 3922 postea
3657 3892 3672 3917 ,
3703 3854 3781 3906 ni-

2182 3946 2372 4000 mirum
2406 3954 2525 4014 post
2562 3945 2729 4014 ipsius
2758 3961 2786 3998 a
2813 3943 3072 4000 catholica
3118 3943 3354 4000 Ecclesia
3383 3943 3740 4000 defectionem
3761 3984 3776 4012 ,

2179 4049 2236 4095 et
2276 4040 2416 4095 circa
2455 4053 2654 4093 annum
2679 4038 2778 4092 2H
2813 4038 3072 4108 scriptum
3115 4052 3256 4092 nunc
3282 4037 3563 4107 peritiores
3589 4038 3779 4093 existi-

2179 4131 2363 4189 mant.’

2252 4228 2372 4283 Alio
2400 4227 2560 4299 igitur
2595 4226 2755 4282 modo
2803 4223 3232 4296 investigandum
3276 4231 3359 4280 est
3405 4232 3671 4294 suscepta:
3708 4223 3776 4277 ab

2179 4320 2272 4376 illo
2315 4319 2474 4390 hujus
2517 4319 2866 4391 professionis
2908 4317 3136 4373 initium.
3183 4315 3447 4372 Discimus
3489 4325 3672 4372 autem
3709 4331 3771 4370 ex

2177 4414 2506 4487 Hieronymo
2532 4414 2729 4469 editam
2777 4412 2846 4468 ab
2885 4427 2951 4466 eo
2979 4411 3043 4464 de
3085 4410 3310 4482 conjugii
3354 4408 3596 4463 molestiis
3637 4423 3777 4464 com-

2178 4508 2595 4564 mentationem:
2629 4506 2756 4562 Cum
2776 4505 2946 4559 adhuc
2967 4512 3092 4558 esset
3118 4503 3410 4557 adolescens
3435 4500 3773 4572 (llieronym.

471 4601 827 4675 Apologetico
892 4599 960 4656 de
1023 4599 1312 4671 Martyrum
1374 4600 1628 4670 patientia
1682 4601 1892 4657 verba:
1944 4599 2269 4669 Quileib.
2317 4602 2358 4657 l.
2408 4602 2529 4657 adv.
2583 4600 2763 4656 Jovin.
2794 4613 2914 4670 pag.
2949 4597 3050 4653 157
3079 4596 3115 4668 ).
3146 4596 3399 4665 Quamvis
3441 4605 3619 4649 autem
3651 4609 3772 4650 eum

473 4715 575 4754 non
597 4695 1017 4766 contemplatione
1037 4693 1147 4764 ejus
1172 4692 1455 4750 concutitur
1483 4694 1552 4746 ad
1572 4695 1934 4765 requirendum
1948 4695 2071 4766 quid

470 4790 609 4844 intus
633 4787 686 4842 in
724 4804 779 4841 re
805 4786 906 4840 sit?
935 4785 1062 4853 Quis
1089 4801 1220 4847 non,
1253 4784 1340 4838 ubi
1377 4785 1670 4854 requisivit,
1715 4786 1942 4840 accedit?
1973 4784 2072 4840 Ubi

472 4877 704 4947 accessit,
729 4880 860 4934 mori
880 4888 1082 4949 exoptat
1111 4878 1765 4949 (Tertulli:tn..Apologet.
1793 4893 1908 4950 cap.
1939 4877 2072 4952 50)?

470 4971 543 5030 Et
567 4989 755 5029 rursus
785 4971 875 5028 ille
903 4969 1056 5028 alteri
1081 4973 1222 5028 libro
1259 4973 1338 5028 sic
1367 4972 1530 5028 finem
1556 4973 1812 5044 imponit:
1850 4974 2073 5046 Quisque

472 5075 668 5121 tantam
707 5067 1029 5121 tolerantiam
1067 5075 1328 5138 spectans,
1375 5075 1431 5119 ut
1472 5067 1647 5136 aliqua
1685 5068 1925 5139 scrupulo
1953 5085 2071 5139 per-

467 5177 669 5228 cussus,
694 5169 741 5216 et
768 5161 1026 5233 inquirere‘
1043 5157 1340 5216 accenditur
1367 5161 1488 5232 quid
1513 5162 1575 5215 sit
1603 5162 1655 5216 in
1681 5178 1884 5231 caussa,
1912 5172 1960 5217 et
1987 5163 2071 5218 ubi

467 5253 756 5330 cognoverit
796 5245 1083 5322 veritatem,
1135 5266 1182 5309 et
1230 5254 1340 5326 ipse
1389 5255 1560 5310 statim
1611 5254 1839 5326 sequitur
1875 5254 2062 5327 (Libr.

468 5345 536 5426 ad
561 5345 790 5426 Scapti].
835 5355 952 5417 cap.
987 5348 1159 5404 ultim.
1188 5347 1227 5420 ).
1263 5351 1331 5403 At
1354 5349 1398 5405 si
1426 5349 1650 5421 quilibet
1677 5350 1892 5421 gentilis
1916 5393 1931 5418 ,
1963 5366 2066 5408 nec

467 5424 690 5498 omnino
719 5443 960 5514 pertinax
980 5483 1012 5506 ,_
1037 5458 1136 5499 nec
1165 5443 1380 5516 iniquus
1405 5437 1590 5501 rerum
1612 5445 1906 5500 aestimator
1924 5487 1940 5513 ,
1982 5447 2064 5503 sic

461 5533 641 5608 agnita
697 5533 1001 5589 christiana:
1042 5534 1316 5605 religionis
1348 5535 1586 5604 'veritatc
1607 5579 1621 5604 ,
1649 5553 1766 5594 eam
1798 5537 2066 5608 amplexa-

447 5605 707 5693 ‘thsicst,
736 5634 933 5696 quanto
961 5627 1130 5697 magis
1155 5623 1549 5698 'I‘ertullian‘us,
1590 5630 1680 5702 qui
1722 5630 1860 5688 alios
1888 5605 2062 5686 animi

443 5701 753 5794 asit'gacitat’e
773 5725 869 5786 ,‘et
893 5715 1146 5791 mquitate
1165 5718 1323 5791 longe
1339 5701 1633 5791 'superabat
1643 5713 1679 5776 τ’

447 5795 680 5878 tum“
723 5802 893 5881 τάδ’·
927 5803 1209 5882 Wod'ille
1260 5796 1960 5872 maxldie"'cbristlanorum
2000 5816 2052 5872 in

2171 4696 2390 4766 juvenili
2416 4704 2573 4750 :etale
2602 4694 2794 4749 lusisse
2835 4693 2887 4747 in
2919 4691 3019 4746 hac
3063 4689 3282 4746 materia
3310 4689 3546 4753 dixerit;
3577 4688 3774 4744 Eusto-

2175 4790 2354 4846 chium
2397 4799 2574 4844 tamen
2603 4788 2862 4858 virginem
2905 4785 2972 4840 ad
3021 4785 3195 4849 hunc,
3221 4785 3365 4838 sicut
3404 4790 3456 4836 et
3499 4780 3635 4836 alios
3677 4780 3774 4852 Cy-

2175 4883 2346 4954 priani
2369 4924 2384 4950 ,
2427 4881 2669 4944 Damasi,
2701 4889 2860 4950 atque
2887 4873 3156 4933 Ambrosii
3189 4875 3353 4929 libros
3398 4872 3655 4943 legendos
3679 4871 3773 4928 ad-

2177 4977 2451 5032 hortatur:
2510 4975 2578 5031 Et
2618 4989 2790 5040 nunc,
2839 4971 3050 5042 inquit,
3094 4967 3269 5023 eadem
3312 4966 3584 5033 admoneo,
3634 4973 3689 5019 ut
3725 4964 3773 5019 si

2175 5069 2264 5124 tibi
2292 5069 2455 5140 placet
2487 5068 2616 5123 scire
2647 5073 2768 5132 quot
2809 5062 3051 5118 molestiis
3077 5061 3216 5132 uirgo
3259 5059 3448 5124 libera,
3476 5067 3598 5129 quot
3642 5047 3772 5112 ustor

2173 5162 2419 5216 adstricta
2454 5160 2550 5226 sit,
2577 5158 2716 5228 legas
2767 5153 3144 5210 Tertullianum
3181 5152 3250 5205 ad
3297 5151 3514 5204 amicum
3545 5149 3772 5220 philoso-

2173 5258 2330 5330 phum
2356 5256 2374 5328 (
2397 5254 2544 5309 Idem
2590 5251 2758 5321 Epist.
2805 5248 2894 5304 18.
2918 5247 2986 5300 ad
3028 5245 3280 5300 Ettstoclt.
3319 5262 3373 5314 ρ.
3411 5243 3481 5299 57
3507 5244 3548 5313 ).
3584 5241 3688 5298 Sed
3713 5243 3768 5298 in

2171 5347 2388 5405 dubium
2418 5345 2556 5401 haud
2583 5341 2854 5399 immerito
2883 5337 3064 5395 vocari
3095 5345 3270 5408 potest
3290 5344 3466 5391 utrum
3491 5333 3581 5390 hic
3605 5333 3766 5400 liber,

2168 5441 2322 5511 cuius
2341 5440 2451 5511 jam
2476 5453 2506 5492 a
2538 5438 2697 5506 longo
2720 5445 2964 5504 tempore
2980 5431 3258 5502 jacturanr
3281 5428 3538 5493 fecimus,
3569 5441 3598 5480 a
3630 5425 3766 5482 Ter-

2170 5533 2392 5589 tulliano
2431 5530 2682 5593 ethnico,
2725 5534 2820 5582 aut
2871 5523 3165 5580 christiano
3213 5521 3372 5576 fuerit
3409 5521 3761 5590 compositus.

2167 5628 2366 5683 Verum
2424 5625 2545 5691 cui,
2606 5620 2812 5692 inquiet
2861 5615 3100 5688 aliquis,
3152 5611 3444 5670 verisimile
3493 5609 3766 5666 videbitur

2166 5720 2546 5789 Hieronymum
2573 5713 2879 5768 christiana:
2905 5708 3094 5781 virgini
3137 5713 3412 5761 auctorem
3452 5719 3762 5768 suasorem-

2161 5828 2267 5883 quc
2291 5825 2414 5868 esse
2439 5806 2714 5876 voluisse;
2747 5815 2804 5862 ut
2829 5803 2973 5863 hunc
2997 5802 3134 5859 sicut
3163 5795 3414 5871 Cypriani
3459 5795 3676 5852 Datnasi
3704 5805 3762 5852 et
