4150 6352
355 338 464 397 729

1477 333 1937 395 DISSERTATIO
1973 331 2038 390 D.
2077 333 2167 392 LE
2202 333 2511 396 NOURRY.

3555 338 3661 400 750

361 454 630 514 Ambrosii
659 454 827 513 libros
851 453 1222 528 pervolutarct
1242 495 1257 520 ,
1288 453 1332 512 si
1361 451 1487 526 quid
1517 453 1739 509 vidisset
1785 452 1838 508 in
1867 450 1960 506 illo
1986 448 2039 509 A
2066 452 2204 522 quod
2234 455 2505 509 necessitas
2556 455 2840 521 imperabat
2890 453 3130 530 (Tertull.
3182 457 3273 513 lib.
3323 457 3364 515 1.
3393 457 3464 514 ad
3495 456 3660 516 Uxor.

361 558 547 605 contra
576 557 744 604 statas
790 548 1100 605 christiana:
1139 547 1416 619 religionis
1457 546 1647 618 leges?
1675 547 1958 613 Quomodo

361 651 539 698 autem
572 642 934 698 Tertullianus
981 641 1284 712 hujusmodi
1313 641 1508 697 librum
1552 641 1818 695 coniicere
1865 653 1959 709 po-

363 734 485 800 tuit,
515 734 615 787 nisi
642 732 833 788 iisdem
858 733 1067 804 legibus
1096 732 1308 788 abunde
1330 731 1489 787 fuerit
1520 731 1837 788 institutus?
1866 731 1961 784 At-

363 828 452 897 qui
483 826 684 894 nullus,
734 826 825 880 illo
865 826 982 896 ipso
1034 835 1206 891 teste,
1252 825 1600 880 christianum
1645 824 1957 895 religionem

362 917 587 988 ejusque
611 917 758 989 leges
784 918 1024 988 agnovit,
1072 918 1198 988 quin
1230 917 1372 971 illam
1403 915 1690 973 confestim
1733 914 1959 970 voluerit

362 1011 626 1082 proﬁteri.
671 1011 936 1066 Praeterea
987 1011 1348 1081 Hieronymus
1394 1011 1508 1066 haec
1549 1009 1726 1065 adhuc
1755 1008 1824 1065 de
1870 1007 1960 1063 illo

363 1106 638 1162 memoriae
703 1106 1008 1161 mandavit:
1043 1105 1144 1160 Hic
1186 1121 1343 1178 usque
1382 1105 1449 1159 ad
1495 1105 1712 1160 mediam
1761 1113 1960 1158 (etatem

365 1199 625 1270 presbyter
657 1196 964 1266 Ecclesiae“
973 1198 1084 1251 dem
1101 1195 1334 1269 Catalog.
1365 1198 1541 1267 script.
1562 1195 1706 1251 Eccl.
1726 1211 1840 1267 cap.
1866 1196 1958 1262 55,

364 1308 418 1361 p.
467 1292 573 1346 “5
600 1300 640 1361 ),
681 1291 931 1346 videlicet
971 1289 1272 1358 catholica',
1325 1291 1623 1361 permansit,
1664 1301 1718 1345 et
1759 1291 1960 1346 idcirco

364 1393 652 1454 antequam
679 1382 916 1438 Montani
945 1383 1135 1438 haeresi
1167 1382 1396 1438 infectus
1427 1382 1634 1438 fuisset.
1667 1382 1802 1438 Tum
1831 1397 1959 1438 vero

363 1477 458 1533 ille
483 1476 680 1532 ibidem
705 1475 936 1548 adjecit:
962 1473 1153 1530 Fertur
1178 1475 1362 1529 vixisse
1383 1491 1538 1544 usque
1560 1474 1628 1527 ad
1656 1474 1959 1543 decrepitam

361 1577 580 1634 wtutem,
603 1567 671 1622 ad
693 1581 891 1622 annum
911 1565 1117 1622 scilicet
1135 1567 1520 1637 octogesimum
1546 1606 1560 1633 ,
1591 1576 1680 1620 aut
1709 1567 1754 1620 si
1785 1567 1918 1621 velis
1938 1607 1954 1633 ,

361 1659 788 1729 nonagesimum.
822 1657 1170 1714 Orthodoxus
1199 1658 1357 1729 igitur
1388 1657 1673 1729 presbyter
1711 1673 1960 1728 perman-

359 1753 431 1808 sit
453 1752 522 1808 ad
552 1768 750 1808 annum
778 1753 953 1808 aetatis
982 1767 1094 1807 sua:
1124 1752 1342 1808 circiter
1371 1751 1861 1822 quadragesimum.
1891 1753 1958 1806 At

2062 561 2177 614 cap.
2213 545 2290 615 7).
2319 543 2587 613 Quorsum
2629 549 2770 604 enim
2803 549 2917 604 haec
2941 549 3028 622 ad,
3049 549 3190 604 illam
3236 549 3357 605 l‘ecit
3384 551 3542 608 verba
3565 595 3580 620 ,
3614 552 3660 609 si

2062 651 2093 690 a
2137 646 2397 692 consueto
2438 639 2762 696 matrimonii
2806 655 2903 695 usu
2953 642 3066 712 ipse
3110 657 3348 713 uxorque
3402 643 3518 715 ejus
3556 643 3660 700 sibi

2064 745 2280 803 semper
2310 735 2795 804 temperavisscnt?
2832 735 3000 791 Nemo
3048 744 3226 791 tamen
3257 747 3359 804 est,
3393 737 3480 808 qui
3537 737 3660 794 inde

2066 835 2172 877 nOn
2197 822 2460 894 intelligat
2487 834 2688 894 quanto
2711 824 3076 882 Tertullianus
3102 827 3442 883 continentia:
3490 828 3658 884 casti-

2064 914 2296 986 tatisque
2320 915 2498 970 studio
2527 915 2885 973 inﬂammatus
2919 933 3132 996 semper
3160 920 3336 976 fuerit.

2136 1007 2308 1062 Minus
2329 1019 2506 1064 autem
2535 1008 2728 1065 mirum
2750 1011 2999 1066 omnibus
3027 1011 3194 1068 videri
3231 1012 3490 1078 deberet,
3516 1013 3658 1085 quod

2064 1099 2154 1155 ille
2176 1116 2400 1156 uxorem
2426 1117 2574 1156 suam
2603 1103 2668 1156 ad
2691 1103 3076 1159 continentiam
3105 1104 3186 1158 his
3217 1106 3268 1160 in
3299 1105 3445 1162 libris
3462 1107 3659 1164 adhor-

2067 1200 2228 1258 tetur,
2255 1192 2302 1247 si
2330 1208 2454 1250 vera
2477 1194 2548 1249 sit
2575 1194 2642 1250 de
2694 1205 2958 1266 tempore,
2990 1211 3098 1265 quo
3137 1198 3319 1268 scripti
3352 1209 3496 1268 sunt,
3522 1215 3659 1270 quo-

2064 1284 2308 1339 rumdam
2333 1301 2453 1340 cum
2485 1287 2965 1357 helerodoxorum,
2998 1297 3107 1344 tum
3136 1290 3522 1347 catholicorum
3546 1295 3661 1363 0p?-

2063 1377 2173 1432 nio.
2190 1377 2272 1432 Ab
2293 1379 2391 1433 illo
2416 1380 2558 1434 enim
2577 1379 2750 1436 editos
2767 1382 3107 1452 suspicantur
3129 1392 3232 1438 tam
3254 1383 3658 1454 ingravescente

2065 1469 2253 1539 ipsius,
2282 1485 2438 1541 quam
2471 1470 2696 1528 ﬂorente
2717 1487 2780 1528 ac
2811 1471 2984 1528 vivida
3022 1475 3205 1529 uxoris
3257 1484 3432 1532 astate.
3464 1475 3663 1544 Quam-
3720 1497 3723 1504 τ

2063 1568 2248 1621 obrem
2279 1575 2462 1636 ptttnnt
2512 1567 2565 1621 in
2607 1567 2672 1622 iis
2701 1568 2942 1623 conditas
2974 1567 3116 1622 illius
3156 1569 3309 1639 quasi
3359 1570 3660 1626 testamenti

2065 1657 2291 1714 tabulas.
2333 1658 2439 1714 Sed
2484 1674 2590 1714 non
2637 1659 2780 1714 aliud
2831 1659 3098 1730 opinionis
3145 1676 3256 1716 sua:
3287 1671 3659 1732 argumentum

2066 1750 2384 1821 proferunt,
2416 1754 2518 1823 nisi
2553 1752 2668 1807 litec
2689 1753 3006 1809 Tertulliani
3057 1753 3238 1821 verba,
3291 1771 3411 1826 quae
3465 1757 3661 1826 prioris

358 1862 460 1903 nec
490 1855 619 1903 tunc
643 1847 873 1917 primum
899 1847 1118 1917 quidem
1147 1889 1162 1912 ,
1195 1860 1296 1902 nec
1323 1847 1501 1900 statim
1532 1855 1660 1918 post
1708 1846 1958 1901 emissam
1989 1851 2037 1910 B
2068 1845 2185 1899 libri
2215 1843 2366 1899 initio
2400 1845 2470 1899 ita
2502 1845 2754 1916 leguntur
2779 1861 2792 1898 :
2846 1843 2985 1899 Nam
3019 1845 3346 1900 saecularibus
3376 1857 3660 1919 satagentes

357 1939 664 1997 christiana:
713 1939 986 2012 religionis
1012 1939 1512 2011 proiessionem,ad
1556 1941 1699 1994 hunc
1741 1954 1958 1996 sacrum

356 2033 601 2090 ordinem
628 2042 845 2090 evectus
874 2033 1104 2089 videtur.
1133 2031 1277 2104 Ergo
1317 2031 1542 2100 juvenili
1587 2033 1638 2086 iu
1690 2039 1848 2087 aetate
1893 2047 1959 2086 ex

356 2127 576 2184 ethnico
617 2127 942 2182 Christianus
997 2127 1167 2182 iactus
1205 2124 1434 2180 videtur.
1465 2125 1657 2192 Quanti
1687 2133 1864 2180 autem
1905 2124 1959 2179 in
1997 2143 2000 2146 ·

359 2230 465 2278 tota
493 2220 634 2277 hanc
660 2223 1130 2292 argumentatione
1157 2220 1226 2274 sit
1256 2217 1530 2288 ponderis,
1561 2218 1720 2290 periti
1762 2218 1960 2290 quique

354 2315 724 2387 pronuntient.
1642 2306 1650 2322 '

963 2442 1256 2484 ARTICULUS
1296 2442 1368 2482 ιν.

357 2542 435 2598 De
469 2543 772 2598 Tertulliani
797 2542 1034 2613 conjugio
1053 2582 1068 2607 ,
1100 2549 1147 2594 ct
1175 2555 1376 2595 summa
1406 2539 1730 2595 continentia:
1747 2555 1954 2605 amore,

354 2687 359 2692 .
429 2636 493 2691 de
517 2637 626 2707 ejus
670 2636 989 2700 sacerdotio;
1012 2643 1186 2688 utrum
1217 2633 1474 2704 presbyter
1523 2633 1713 2703 factus,
1743 2633 1958 2687 marito-

431 2747 544 2784 rum
583 2747 722 2785 more
752 2747 864 2784 cum
902 2745 1058 2785 uxore
1101 2729 1312 2795 uixerit,
1358 2745 1448 2782 nec
1485 2727 1645 2782 sacris
1696 2728 1958 2784 ordinibus

429 2824 658 2878 initiatos
703 2823 990 2877 distinxerit
1025 2840 1057 2876 a
1104 2821 1292 2876 laicis:
1337 2820 1599 2892 quodnam
1639 2820 1792 2892 fuerit
1819 2820 1958 2875 illius

427 2915 626 2970 vivendi
658 2931 852 2987 genus,
896 2931 1049 2985 quant
1093 2915 1287 2985 asperis
1334 2912 1558 2967 moribus
1589 2929 1608 2966 :
1631 2913 1882 2982 quomodo
1911 2921 1958 2967 et

425 3006 631 3077 quando
656 3008 711 3060 in
732 3005 786 3061 Μ
794 3007 1163 3062 ontanistarum
1181 3007 1414 3061 Itwresim
1443 3007 1746 3077 prolapsus,
1778 3021 1839 3059 ac
1857 3021 1957 3076 quo

295 3086 302 3089 ⁸
355 3164 362 3170 _
424 3101 592 3157 (etatis
613 3116 721 3156 sua:
752 3110 798 3155 et
814 3101 1018 3164 .Cltristi
1044 3118 1180 3156 anno
1212 3101 1495 3173 longiorem
1515 3102 1670 3155 vitam
1695 3100 1908 3170 ﬁnierit.
1943 3157 1946 3160 ἠ

2062 1954 2256 2005 sumus,
2277 1949 2323 1992 et
2342 1940 2540 2009 utrique
2563 1949 2788 1994 nostrum
2806 1940 3091 1995 consultum
3122 1941 3373 1995 volamus.
3396 1941 3455 1996 Si
3476 1942 3661 1996 talibus

2062 2033 2392 2098 ordinamus,
2430 2050 2522 2088 cur
2549 2051 2650 2088 non
2688 2036 2854 2106 magis
2885 2036 2947 2087 de
2975 2035 3158 2090 diuinis
3201 2046 3349 2107 atque
3382 2035 3660 2091 crelestibus

2065 2125 2352 2194 posteritati
2377 2135 2566 2179 nostra:
2585 2127 2873 2196 prospicere
2899 2125 3186 2192 debeamus,
3221 2139 3265 2180 et
3292 2127 3509 2198 legatum
3536 2144 3660 2198 quo-

2061 2219 2334 2273 dammodo
2369 2220 2646 2291 prwlegare
2672 2219 3069 2273 admonitionem
3095 2229 3156 2276 et
3181 2220 3661 2274 demonstrationem

2059 2329 2272 2379 eorum,
2304 2327 2418 2384 qua!
2455 2329 2517 2366 ea:
2562 2313 2707 2367 bonis
2733 2312 3133 2378 immortalibus,
3171 2321 3217 2366 et
3261 2312 3324 2365 de
3367 2312 3661 2366 hwt'editate
3708 2308 3720 2320 ⁸

2059 2407 2299 2460 caelorum
2330 2407 2604 2475 deputatur
2630 2406 2649 2478 (
2677 2404 2816 2459 Ibid.
2849 2422 2962 2473 cap
2995 2397 3086 2475 l)'?
3113 2404 3216 2460 Sed
3245 2405 3366 2476 quia
3395 2405 3445 2458 in
3473 2404 3660 2459 codice

2061 2500 2326 2570 Agobardi
2352 2540 2367 2566 ,
2399 2499 2475 2554 uti
2505 2514 2602 2554 nos
2644 2509 2823 2554 monet
2873 2498 3166 2570 Rigaltius,
3197 2497 3280 2552 bis
3321 2497 3513 2567 legitur
3542 2498 3659 2551 tali-

2060 2593 2172 2657 bus,
2205 2592 2255 2647 id
2285 2603 2590 2648 correctum
2617 2592 2804 2657 voluit,
2837 2609 2897 2646 ac
2926 2592 3208 2662 legentium
3237 2609 3247 2642 :
3275 2590 3461 2644 talibus
3513 2591 3661 2644 tabu-

2060 2684 2139 2738 las
2184 2686 2515 2752 ordinamus;
2548 2694 2602 2740 ct
2651 2685 2771 2739 itide
2798 2684 2998 2755 colligit
3029 2685 3128 2737 hos
3163 2683 3325 2736 libros
3357 2690 3594 2737 testatnei
3621 2683 3656 2738 ti

2062 2780 2231 2834 instar
2259 2795 2288 2834 a
2317 2778 2649 2846 Tertulliano
2673 2820 2688 2846 ,
2718 2787 2874 2833 tet-ate
2899 2777 3009 2847 jant
3055 2777 3340 2846 plut-intum
3385 2785 3655 2846 provectu,

2059 2871 2390 2942 compositos
2424 2869 2641 2942 (Rigalt.
2675 2869 2800 2923 Not.
2826 2871 2877 2924 l.
2907 2869 2959 2922 in
2979 2872 3111 2922 hunc
3131 2869 3296 2938 libr.).

2131 2963 2236 3020 Sed
2259 2965 2468 3018 tametsi
2493 2979 2580 3019 res
2605 2965 2673 3018 ita
2697 2971 2858 3024 esset,
2904 2964 3161 3035 numquid
3186 2971 3500 3019 testamenta
3525 2980 3660 3018 nunc

2060 3071 2220 3127 quam
2243 3096 2257 3121 ,
2293 3055 2391 3110 nisi
2424 3056 2829 3127 ingravescente
2873 3056 2982 3127 jam
3011 3063 3187 3121 aetate,
3212 3056 3302 3111 ab
3353 3056 3659 3112 hominibus

2063 3147 2197 3205 facta
2247 3147 2634 3220 obsignataque
2688 3147 2852 3205 sunt?
2910 3147 3175 3220 Numquid
3221 3164 3380 3203 nemo
3425 3150 3658 3220 prudens

427 3240 664 3297 Uxorem
693 3248 838 3294 certe
867 3237 1231 3293 Τθτῑιιῑιίειηιιε
1258 3215 1443 3291 Habt!“
1467 3277 1482 3302 ν
1527 3249 1754 3307 eamque
1782 3236 1956 3290 chris—
1982 3241 2027 3304 C
2065 3240 2228 3296 homo
2246 3281 2262 3307 ,
2296 3257 2360 3298 ac
2387 3243 2682 3312 praesertim
2710 3241 3066 3310 Christianus,
3100 3243 3199 3297 etsi
3226 3241 3454 3298 ﬂorente
3483 3243 3658 3297 adhuc

354 3333 552 3388 tianatn
581 3373 597 3400 ,
631 3332 708 3386 uti
745 3347 812 3387 cx
840 3331 1070 3398 duobus,
1101 3345 1237 3400 quos
1269 3329 1334 3383 ad
1367 3328 1513 3383 illam
1534 3327 1772 3398 scripsit,
1804 3327 1955 3383 libris

353 3428 756 3485 evidentissime
783 3426 1207 3481 demonstratur.
1255 3425 1326 3478 At
1349 3429 1548 3477 nostra:
1580 3421 1754 3477 tntatis
1778 3420 1952 3491 scrip-

353 3531 501 3578 tores
526 3522 577 3576 itt
609 3519 1032 3575 controversiam
1058 3526 1256 3573 vocant
1292 3526 1470 3570 utrum
1502 3514 1591 3570 ille
1620 3513 1796 3569 adhuc
1824 3528 1955 3584 gen-

351 3614 492 3679 tilis,
523 3622 618 3669 aut
662 3613 989 3669 christianos
1009 3611 1154 3666 illam
1199 3607 1455 3680 gentiletn
1483 3616 1578 3662 aut
1603 3604 1951 3661 christianum

352 3711 585 3767 duxerit.
617 3709 752 3765 Nam
786 3723 902 3763 mos
935 3706 1184 3778 quidem,
1232 3713 1289 3759 ut
1313 3704 1426 3774 ipse
1453 3701 1818 3758 Tertullianus
1841 3709 1951 3755 tes-

354 3817 531 3870 tatur,
562 3803 875 3862 cltristianis
921 3811 1049 3857 tunc
1093 3809 1242 3865 erat;
1276 3808 1334 3854 ut
1377 3799 1576 3854 inirent
1613 3796 1950 3853 ethnicorum

353 3900 643 3955 mulierum
689 3896 998 3960 connubia,
1048 3895 1358 3964 nullumque
1401 3891 1453 3946 in
1484 3891 1629 3947 illius
1655 3890 1952 3945 aliorumve

351 3994 565 4064 scriptis
584 4001 760 4049 exstat
786 3990 1086 4062 vestigium,
1105 4004 1212 4060 quo
1229 3985 1560 4057 deprehendi
1578 3985 1748 4058 possit
1775 3995 1950 4040 utrum

352 4087 464 4153 ille,
493 4085 650 4140 ducta
674 4085 785 4154 jam
819 4099 984 4138 uxore
1007 4125 1020 4146 ,
1052 4081 1118 4136 ad
1141 4080 1342 4136 Christi
1363 4089 1537 4134 castra
1563 4076 1947 4134 convolaverit.

352 4180 550 4236 Verum
584 4181 626 4234 si
649 4195 718 4234 ex
744 4178 808 4232 iis
840 4193 957 4248 qum
979 4177 1137 4247 paulo
1158 4186 1284 4231 ante
1308 4173 1558 4238 diximus,
1579 4170 1761 4227 inferri
1785 4170 1953 4242 possit

351 4273 418 4327 ab
445 4273 536 4327 illo
564 4271 741 4326 adhuc
763 4271 962 4338 juvene
991 4269 1044 4323 in
1085 4269 1230 4339 leges
1259 4266 1458 4322 Christi
1481 4265 1740 4336 jttratum,
1772 4278 1951 4319 nonne

350 4375 405 4421 et
431 4365 558 4420 hinc
588 4379 798 4434 quoque
825 4361 1071 4417 concludi
1103 4369 1279 4430 potest
1321 4360 1536 4416 ductam
1561 4361 1629 4415 ab
1668 4373 1737 4414 eo
1763 4366 1950 4429 postea

350 4454 622 4512 uxorem?
651 4455 750 4509 Ubi
791 4454 932 4508 enim
966 4454 1293 4508 Christianus
1322 4453 1490 4509 lactus
1529 4462 1610 4508 est
1640 4453 1826 4521 majori
1857 4453 1948 4506 ob-

351 4547 630 4604 servanda:
660 4546 968 4601 ehrisdauze
1015 4547 1146 4616 legis
1191 4547 1369 4602 studio
1406 4562 1624 4616 semper
1673 4547 1947 4618 ﬂagravit,

2057 3342 2214 3389 aetate
2257 3333 2326 3389 de
2357 3341 2530 3389 morte
2556 3348 2772 3406 seraper
2823 3335 3062 3401 incerta,
3109 3342 3164 3389 et
3191 3342 3509 3390 testamento
3559 3348 3656 3390 suo

2056 3425 2454 3482 conscrilicndo
2485 3427 2775 3497 cogitavit?
2806 3428 2872 3482 At
2901 3435 3045 3482 certe
3071 3427 3434 3483 Tertullianus
3459 3442 3524 3484 eo
3551 3444 3655 3499 po-

2057 3519 2176 3572 tiori
2201 3519 2323 3589 jure
2351 3518 2418 3574 de
2440 3519 2533 3573 illo
2557 3519 3085 3586 condendoqualibct
3112 3527 3267 3574 aetate
3294 3535 3388 3575 sua
3418 3520 3656 3591 cogitare

2055 3612 2258 3679 debuit,
2285 3612 2425 3684 quod
2450 3621 2574 3667 tunc
2598 3612 2943 3667 scevientibus
2974 3614 3026 3666 in
3052 3613 3378 3668 christianos
3403 3613 3651 3680 ethnicis,

2055 3707 2267 3761 nescire
2299 3721 2405 3760 non
2455 3712 2663 3776 poterat
2689 3705 2848 3760 vitam
2879 3721 3028 3759 suam
3073 3704 3309 3776 quotidie
3338 3706 3655 3776 periclitari.

2054 3795 2245 3852 Nonne
2275 3798 2434 3851 etiam
2489 3798 2611 3864 ille,
2662 3805 2811 3852 tanto
2846 3808 3062 3868 tamque
3094 3798 3385 3869 singulari,
3417 3799 3490 3853 uti
3520 3799 3658 3854 dixi-

2055 3904 2196 3956 mus,
2225 3889 2570 3943 coutinentite
2612 3890 2980 3960 castitatisque
3011 3904 3195 3944 amore
3226 3904 3440 3960 semper
3468 3891 3656 3946 inccn—

2055 3999 2166 4052 sus,
2195 3985 2366 4056 potuit
2391 3982 2630 4054 quolibet
2672 3985 2800 4038 vita:
2827 3999 2938 4037 sua:
2979 3992 3222 4055 tempore
3245 3999 3468 4040 uxorem
3500 4000 3654 4040 suam

2054 4079 2120 4132 ad
2144 4093 2283 4141 eam,
2318 4079 2361 4133 si
2392 4095 2625 4150 unquam
2649 4078 2806 4133 vidua
2837 4078 2992 4142 foret,
3013 4077 3435 4133 conservandam
3459 4077 3657 4133 adhor-

2056 4171 2153 4226 tari
2177 4170 2199 4223 ?
2227 4170 2304 4225 Ad
2331 4170 2445 4225 hmc
2476 4186 2603 4226 vero
2628 4171 2670 4225 si
2712 4173 2795 4226 illa
2815 4214 2828 4237 ,
2871 4187 2994 4225 cum
3040 4171 3401 4227 Tertulliantts
3431 4172 3657 4229 edendis

2055 4261 2140 4318 liis
2169 4259 2318 4318 libris
2349 4278 2569 4334 operam
2601 4263 2781 4330 dabat,
2811 4265 2985 4318 adhuc
3013 4273 3147 4327 erat,
3181 4275 3238 4318 Ill
3258 4265 3425 4330 aiunt,
3458 4265 3653 4334 vivida,

2056 4358 2314 4427 numquid
2344 4375 2414 4413 ex
2444 4359 2564 4413 ﬁcta
2592 4359 2942 4429 quorumdam
2977 4359 3116 4414 illius
3143 4359 3432 4414 verborum
3455 4362 3658 4433 signiti-

2055 4455 2266 4509 catione
2294 4453 2542 4508 concludi
2568 4462 2742 4522 potest
2769 4453 2915 4506 illum
2943 4469 3126 4508 senem
3158 4452 3322 4509 fuisse
3350 4462 3442 4510 aut
3467 4454 3655 4510 decre-

2056 4549 2270 4618 pitum?
2299 4547 2484 4618 Neque
2514 4546 2766 4602 audiendi
2819 4555 2964 4613 sunt,
2995 4550 3082 4618 qui
3136 4547 3397 4616 objiciunt
3423 4549 3570 4618 plura
3601 4549 3652 4604 in

349 4657 511 4715 quam
546 4651 598 4694 ttt
623 4641 737 4710 ipse
763 4639 1093 4695 christianos
1123 4639 1283 4692 aliam
1314 4639 1364 4693 in
1395 4639 1816 4705 matrimonium,
1851 4639 1948 4692 nisi
1976 4635 2030 4695 D
2061 4644 2142 4696 lllS
2174 4641 2322 4696 libris
2375 4656 2696 4705 occurrere,
2745 4641 2939 4712 quibus
2995 4641 3360 4696 'l‘crtullianus
3414 4657 3566 4695 suum
3601 4644 3651 4696 in

352 4734 702 4792 Christianam
750 4733 1036 4802 acciperet.
1084 4730 1150 4784 Et
1177 4745 1305 4785 vero
1338 4731 1389 4785 in
1437 4731 1613 4784 citatis
1642 4731 1710 4783 ad
1741 4747 1950 4784 uxorem

352 4829 506 4884 libris
533 4828 582 4885 ci
615 4827 952 4900 persuadere
983 4836 1231 4889 conatur,
1283 4835 1339 4879 ut
1369 4825 1412 4880 si
1443 4825 1560 4894 ipse
1587 4825 1732 4894 prior
1757 4840 1822 4880 ex
1852 4825 1951 4880 hac

349 4921 457 4977 vita
481 4920 813 4993 migraverit,
841 4919 927 4975 illa
958 4927 1048 4974 aut
1079 4928 1389 4990 permaneat
1411 4919 1465 4973 in
1488 4917 1762 4974 viduitatis
1782 4926 1948 4983 statu,

353 5025 445 5072 aut
493 5015 788 5071 christiano
839 5013 1005 5070 nubat
1048 5014 1167 5069 viro
1189 5054 1205 5081 ,
1235 5016 1279 5068 si
1310 5012 1440 5069 velit
1475 5010 1728 5068 secundis
1754 5011 1951 5081 nuptiis

352 5107 566 5179 illigari.
595 5107 784 5164 Nonne
809 5116 986 5163 autem
1021 5121 1148 5162 vero
1179 5120 1397 5176 prorsus
1445 5104 1622 5160 simile
1649 5110 1734 5159 est
1754 5145 1768 5167 ,
1797 5103 1949 5158 illum

350 5200 594 5272 paruisse
630 5199 872 5272 legibus,
922 5214 1056 5269 quas
1099 5199 1251 5254 uxori
1289 5213 1402 5253 sua:
1447 5196 1814 5269 praescripsit?
1841 5196 1950 5253 Sed

349 5292 515 5348 hasce
542 5292 883 5363 conjecturas
911 5291 1140 5347 aliorum
1168 5289 1371 5361 judicio
1396 5287 1784 5360 permittimus.

421 5386 554 5444 Cum
575 5399 670 5441 sua
700 5399 859 5456 porro
880 5398 1048 5440 uxore
1075 5383 1456 5446 Tertullianus.
1481 5383 1640 5439 solito
1657 5382 1944 5454 conjugutn

347 5495 523 5546 more,
556 5477 695 5534 haud
722 5476 885 5534 dubie
902 5477 1134 5543 vivebat,
1157 5475 1371 5547 quando
1398 5476 1474 5534 illi
1504 5475 1670 5531 libros
1699 5477 1944 5546 proxime

347 5571 596 5628 laudatos
617 5570 834 5628 direxit.
863 5569 992 5625 Eam
1014 5569 1232 5640 quippe,
1263 5568 1309 5623 si
1337 5568 1451 5638 ipse
1481 5569 1627 5638 prior
1657 5569 1940 5638 moriatur,

349 5664 415 5721 sd
440 5663 826 5720 continentiam
873 5661 926 5716 in
972 5659 1232 5716 viduitate
1277 5660 1597 5716 servandam
1624 5661 1704 5717 sic
1748 5663 1945 5718 cohor-

348 5766 515 5812 tatur.
541 5755 607 5810 lt't
629 5754 768 5810 auod
788 5755 840 5809 in
867 5754 1207 5820 matrimonio,
1243 5754 1436 5825 inquit,
1466 5770 1567 5809 non
1592 5755 1862 5822 valuimus,
1887 5758 1940 5812 in

347 5849 870 5904 uiduitatesectemur.
895 5845 1258 5920 Amplectendo
1269 5847 1466 5903 occasio
1491 5855 1584 5919 est,
1601 5863 1717 5918 qua:
1735 5848 1937 5919 adimit,

2055 4734 2404 4789 Montanistas
2428 4733 2536 4802 jam
2569 4749 2892 4804 propensum
2923 4733 3159 4787 animum
3194 4732 3460 4802 patefacit.
3486 4732 3653 4787 Nunt-

2055 4826 2181 4897 quid
2212 4827 2352 4880 enim
2379 4827 2502 4896 quia
2529 4840 2749 4882 uxorem
2783 4842 2933 4880 suam
2965 4827 3030 4878 ad
3052 4826 3434 4880 continentiam
3457 4827 3654 4880 adhor-

2055 4917 2239 4974 tatur?
2263 4921 2333 4973 At
2369 4933 2549 4974 nonne
2590 4919 2705 4990 ipse
2723 4920 2888 4996 etiam
2935 4919 3129 4974 Paulus
3155 4918 3446 4988 Apostolus
3475 4919 3652 4975 chris-

2055 5012 2228 5067 tianos
2247 5011 2314 5066 ad
2343 5011 2589 5067 eamdem
2613 5013 2863 5068 virtutem
2885 5012 3193 5066 cohortatus
3219 5011 3339 5066 est?
3369 5010 3475 5067 Sed
3499 5012 3654 5068 nob’s

2054 5106 2254 5163 sulllcit
2297 5106 2440 5177 quod
2490 5107 2793 5163 Concedant
2833 5105 3220 5161 Tcrtullianum
3273 5120 3394 5161 cum
3437 5105 3535 5163 hos
3583 5107 3654 5163 ad

2055 5214 2278 5255 uxorem
2311 5199 2580 5255 scribebat
2623 5199 2788 5257 libros
2809 5240 2823 5264 ,
2857 5198 3093 5254 nondum
3127 5199 3178 5254 in
3207 5199 3651 5258 Montanistarnm

2053 5292 2258 5362 lapsum
2287 5292 2451 5347 fuisse
2480 5307 2742 5347 errorem.
2785 5292 2863 5347 Ad
2889 5291 3119 5346 mediam
3149 5293 3291 5348 enim
3320 5310 3488 5366 usque
3515 5304 3651 5349 teta-
3715 5325 3720 5329 ~

2056 5396 2162 5443 tem
2185 5429 2199 5452 ,
2233 5387 2306 5443 uti
2352 5387 2710 5459 Hieronymus
2736 5429 2750 5455 ,
2786 5402 2815 5441 a
2869 5387 3022 5442 nobis
3049 5389 3243 5443 citatus
3292 5390 3605 5445 testiﬁcatur
3629 5433 3644 5457 ,

2053 5479 2338 5552 presbyter
2365 5479 2644 5535 catholicae
2692 5479 2947 5535 Ecclesia:
2999 5478 3117 5534 fuit.
3149 5481 3289 5551 Ergo
3317 5481 3474 5554 longe
3523 5491 3649 5540 ante

2049 5581 2378 5628 senectutem
2407 5585 2558 5626 suam
2603 5571 2771 5626 libros
2799 5571 2915 5626 illos
2937 5585 3337 5643 composuerat.

2121 5665 2189 5719 At
2207 5662 2656 5735 quemadmodum
2684 5663 2751 5720 de
2777 5663 3094 5722 Tertulliani
3124 5667 3378 5740 conjugio
3402 5679 3644 5737 constat,

2047 5757 2120 5812 ita
2147 5771 2278 5812 sane
2301 5765 2449 5812 extra
2482 5754 2701 5811 dubium
2728 5772 2849 5814 esse
2887 5758 3098 5814 videtur
3125 5759 3274 5815 illum
3301 5776 3456 5816 sacro
3487 5753 3644 5833 pres.

2043 5849 2318 5921 byteratus
2345 5846 2537 5904 ordine
2583 5847 2748 5907 fuisse
2773 5849 3168 5923 inauguratum.
3203 5852 3414 5910 Etenim
3455 5853 3644 5912 lliero-
