4150 6352
514 261 618 327 751

1582 257 1656 317 IN
1693 206 2158 335 inermum
2192 257 2725 324 APOLOGETJCUM

3711 270 3822 341 κβ

517 391 715 455 nymus
740 416 757 447 ,
801 384 860 434 et
887 373 1012 433 libri
1042 374 1112 433 de
1156 371 1667 432 Pmdestinatorum
1711 372 1905 431 haeresi
1931 382 2119 431 auctor
2144 375 2199 437 Α
2222 375 2362 447 apud
2377 393 2471 431 nos
2492 376 2859 444 revelationum
2885 376 3204 435 charismata
3222 378 3411 437 sortita
3433 421 3449 446 ,
3468 395 3603 452 quas
3630 380 3687 436 in

514 472 667 530 illum
707 464 964 527 Ecclesiae
998 467 1369 541 presbyterum
1399 464 1543 524 haud
1585 464 1895 522 dubitanter
1935 466 2123 538 appel-

514 565 630 623 lant
656 554 986 639 (Hieronym.
1009 561 1175 619 Catal.
1196 560 1375 633 script.
1407 557 1555 615 Eccl.
1584 576 1700 631 cap.
1730 558 1820 614 53.
1839 575 1961 632 pag.
1993 558 2115 614 115.

516 656 830 714 Ρνωάεδιὶη.
883 670 1003 724 cap.
1034 652 1129 709 26.
1182 670 1305 726 pag.
1331 652 1451 723 28).
1504 650 1868 720 Quamobrem
1911 650 2119 707 Alixius

444 774 449 779 ·
514 759 827 808 memorata:
865 746 1101 820 Rigaltii,
1130 747 1202 803 de
1221 745 1373 802 libris
1406 760 1439 802 a
1464 744 1798 801 Tertulliano
1818 744 1927 816 jam
1961 751 2120 800 aetate

514 841 768 900 confecto
795 838 863 896 ad
892 853 1119 896 uxorem
1149 837 1365 909 scriptis
1393 879 1409 904 ,
1455 836 1697 909 opinioni
1744 849 1811 892 eo
1848 822 2119 895 lubentius

512 934 859 1007 subscripsit,
892 933 1033 1005 quod
1061 931 1189 989 inde
1209 930 1401 988 conﬁci
1432 945 1588 1003 posse
1623 930 1839 1003 putabat
1865 929 2115 987 eumdem

514 1029 939 1095 Tertullianum,
990 1034 1275 1099 postquam
1320 1026 1604 1098 presbyter
1654 1024 1825 1081 factus
1862 1034 1965 1091 est,
1995 1040 2117 1081 cum

517 1137 690 1179 uxore
717 1136 813 1179 sua
836 1120 996 1177 solito
1021 1119 1225 1175 vixisse
1254 1132 1405 1173 more
1435 1116 1685 1173 maritali.
1721 1115 1829 1173 Sed
1853 1116 1970 1172 haec
1995 1132 2120 1172 sen-

518 1217 682 1274 tentia
731 1224 787 1272 et
820 1214 1041 1271 ruinoso
1089 1225 1344 1284 prorsus,
1395 1211 1471 1265 uti
1497 1208 2121 1276 annotavimus,lunda-

409 1373 418 1381 ,
515 1315 734 1376 mento,
785 1322 847 1362 ac
900 1305 1053 1361 falsis
1105 1305 1431 1360 Calvinianae
1474 1301 1747 1358 haereseos
1794 1300 2119 1374 praeiudiciis

517 1402 707 1459 innixa
735 1409 839 1457 est.
883 1399 952 1455 Et
980 1407 1129 1456 certe
1180 1413 1286 1469 quo
1326 1396 1515 1467 majori
1569 1395 1914 1451 continentia:
1943 1395 2120 1451 studio

520 1494 886 1551 Tertulliauus
907 1535 923 1561 ,
954 1499 1013 1547 ut
1040 1482 1237 1562 smpius
1260 1489 1498 1544 diximus
1524 1531 1539 1556 ,
1565 1487 1818 1554 ardebat,
1852 1503 1918 1545 eo
1944 1490 2120 1544 minus

517 1584 798 1657 probabile
837 1590 921 1638 est
967 1581 1141 1648 illum,
1174 1590 1459 1654 postquam
1505 1579 1912 1651 presbyteratus
1945 1578 2120 1635 ordini

520 1676 828 1747 adscriptus
855 1674 969 1741 fuit,
995 1690 1103 1730 non
1131 1676 1345 1731 stetisse
1377 1675 1428 1728 in
1455 1674 1684 1729 aliorum
1710 1672 1913 1729 Latinae
1936 1672 2123 1730 Eccle-

2222 469 2376 526 clesia
2404 470 2537 526 inter
2578 471 2837 528 dominica
2878 473 3130 528 solemnia
3154 490 3249 546 per
3271 475 3493 531 ecstasin
3530 476 3587 531 in
3635 476 3819 547 spiritu

2206 556 2503 632 patitur....
2530 560 2659 618 Post
2686 573 2946 620 transacta
2971 565 3219 625 solemnia
3243 608 3261 634 ,
3283 566 3495 622 dimissa
3508 568 3659 641 plebe
3674 610 3692 637 ,
3721 585 3818 643 quo

2222 671 2319 709 usu
2344 656 2471 712 solet
2500 657 2643 713 nobis
2668 659 2963 713 renuntiare
2981 675 3097 731 qua:
3120 659 3301 714 uiderit
3334 659 3604 732 (Tertull.,
3634 662 3725 718 lib.
3758 663 3821 731 de

2221 746 2392 802 Anim.
2417 764 2533 821 cap.
2556 745 2635 829 ὓς.
2656 750 2725 805 At
2747 750 2982 806 certeibi
3015 751 3103 807 ille
3140 766 3263 809 sese
3284 767 3316 809 a
3342 752 3517 824 plebe,
3546 767 3642 809 seu
3672 755 3817 811 omni

2219 839 2479 897 laicorum
2506 856 2667 913 grege
2694 841 2947 898 secernit.

2291 932 2561 988 Privatam
2580 943 2758 989 autem
2776 931 3179 1006 solitariamque
3198 934 3307 1008 egit
3337 934 3520 1002 vitam,
3534 950 3597 992 ac
3622 935 3819 1009 rejects

2219 1024 2493 1080 communi
2523 1025 2759 1080 omnium
2812 1035 2979 1093 veste,
3006 1037 3329 1099 sumptoque
3375 1027 3818 1106 philosophorum

2221 1119 2419 1193 pallio,
2449 1133 2508 1175 se
2537 1134 2604 1175 es
2655 1120 2992 1190 publicorum
3044 1121 3378 1193 negotiorum
3424 1124 3652 1179 tumultu
3693 1124 3819 1179 sub-

2220 1213 2448 1269 duxisse
2471 1212 2811 1269 testiﬁcatur.
2845 1213 2973 1269 limo
3011 1216 3153 1271 enim
3194 1224 3321 1271 sunt
3348 1214 3487 1287 ejus,
3522 1216 3647 1272 ﬁcto
3676 1217 3820 1288 ejus-

2222 1306 2347 1365 dem
2389 1306 2537 1381 pallii
2582 1308 2665 1363 sui
2710 1307 2931 1365 nomine
2972 1309 3175 1365 verba:
3208 1308 3321 1381 Ego
3366 1310 3498 1364 nihil
3520 1310 3662 1381 foro,
3692 1312 3824 1381 nihil

2221 1378 2425 1471 campo,
2446 1378 2583 1453 bihil
2611 1399 2770 1454 curia:
2792 1399 2979 1466 debeo;
3004 1400 3134 1455 nulli
3182 1378 3345 1471 ofﬁcio
3391 1378 3615 1475 advipilo
3634 1444 3651 1467 ,
3678 1378 3823 1459 nulla

2222 1502 2392 1548 rostra
2420 1506 2741 1564 prteoccupo,
2771 1491 2916 1546 nulla
2940 1494 3183 1564 prtetoria
3225 1493 3466 1559 observo;
3489 1495 3695 1549 canales
3718 1511 3823 1567 non

2224 1587 2383 1641 odoro
2407 1602 2428 1653 ;
2448 1584 2702 1640 cancellos
2746 1601 2849 1640 non
2891 1586 3075 1655 adoro,
3102 1588 3345 1643 subsellia
3391 1604 3494 1642 non
3541 1589 3820 1657 cantando,

2218 1678 2345 1747 jura
2388 1693 2490 1732 non
2534 1676 2800 1744 conturbo,
2825 1694 3011 1732 causas
3043 1694 3147 1732 non
3168 1678 3351 1744 elatro,
3375 1694 3475 1735 non
3491 1680 3696 1751 judico,
3721 1696 3825 1739 non

516 1770 612 1824 sia:
634 1767 970 1824 sacerdotum
999 1767 1241 1839 vesﬁgiis
1260 1809 1275 1835 ,
1307 1768 1398 1838 qui
1432 1781 1564 1823 sese
1616 1767 1685 1822 ab
1710 1767 1866 1823 solita
1896 1782 2121 1824 uxorum
2151 1776 2200 1839 B
2229 1772 2412 1838 milito,
2438 1771 2620 1830 secessi
2649 1771 2712 1827 de
2740 1772 2955 1844 populo,
2983 1773 3038 1826 in
3063 1789 3143 1827 me
3165 1774 3374 1829 unicum
3413 1774 3673 1846 negotium
3697 1774 3823 1837 mihi

520 1858 914 1917 consuetudine
943 1859 1311 1915 continebant.
1340 1858 1701 1915 Paucissimos
1746 1858 2012 1929 siquidem
2038 1868 2121 1914 at-

516 1968 621 2024 que
666 1952 734 2008 ad
781 1967 1050 2008 summum
1078 1951 1215 2008 duos
1261 1951 1349 2007 vel
1381 1961 1488 2007 tres
1515 1950 1789 2016 invenias,
1831 1951 1923 2022 qui
1961 1964 2118 2008 secus

516 2046 744 2118 egerint.
776 2045 945 2102 Nemo
972 2052 1149 2101 autem
1179 2044 1286 2101 ulla
1315 2059 1566 2115 umquam
1611 2043 1823 2099 ratione
1869 2043 2120 2100 ostendet

517 2137 905 2194 'l‘ertullianum
938 2135 1131 2193 horum
1173 2137 1385 2208 potius,
1433 2152 1593 2208 quam
1643 2135 1859 2192 illorum
1903 2136 2006 2192 sibi
2048 2135 2119 2192 ad

516 2230 835 2286 innitendum
866 2230 1213 2301 proposuisse
1242 2225 1511 2300 exempla.

588 2322 792 2380 Verum
820 2322 962 2378 alius
989 2323 1174 2378 nescio
1201 2322 1322 2393 quis
1351 2320 1606 2389 forsitan,
1654 2334 1932 2377 sacrorum
1974 2318 2120 2377 ordi-

515 2436 645 2476 num
675 2427 1029 2491 oppugnator,
1052 2434 1081 2473 a
1100 2418 1255 2475 nobis
1275 2418 1582 2489 postulabit,
1604 2432 1702 2473 cur
1721 2418 2118 2484 Tertullianus,

516 2516 561 2570 si
610 2511 891 2585 presbyter
928 2511 1045 2580 fuit,
1094 2526 1217 2568 sese
1263 2512 1549 2582 aliquando
1576 2511 1630 2567 in
1683 2511 1943 2567 laicorum
1974 2519 2120 2567 retu-

516 2606 639 2661 lerit
685 2621 990 2662 numerum.
1044 2605 1176 2661 Nam
1229 2604 1283 2659 iu
1329 2605 1467 2660 libro
1521 2605 1589 2661 de
1630 2603 1928 2661 Oratione:
1959 2602 2113 2674 Nos,

518 2698 726 2769 inquit,
758 2697 835 2752 vel
862 2697 1085 2751 maxime
1128 2696 1324 2752 nullius
1350 2696 1449 2751 loci
1496 2698 1724 2752 homines
1754 2695 2000 2767 (Tertull.
2025 2697 2116 2754 lib.

518 2791 581 2845 de
614 2789 759 2845 Orat.
789 2807 904 2861 cap.
929 2788 1043 2861 14).
1080 2789 1184 2845 Sed
1217 2792 1463 2861 quamvis
1489 2789 1599 2858 hic,
1628 2791 1786 2846 sicuti
1808 2790 2116 2862 opinantur,

518 2895 663 2941 esset
704 2884 896 2939 borum
936 2885 1221 2940 verborum
1252 2899 1477 2952 sensus;
1510 2883 1645 2939 nihil
1702 2894 1880 2940 tamen
1929 2900 1994 2941 ex
2038 2885 2119 2941 eis

522 2988 711 3034 contra
742 2976 1059 3033 Tertulliani
1096 2976 1455 3033 sacerdoﬁum
1494 2975 1740 3032 concludi
1773 2984 1968 3047 potest.
1991 2976 2120 3033 Cer-

517 3079 633 3125 tum
656 3070 932 3125 enimvero
979 3084 1087 3125 nou
1130 3078 1214 3125 est
1254 3080 1430 3125 utrum
1451 3111 1467 3136 ,
1492 3069 1706 3139 quando
1735 3066 1850 3124 haec
1879 3068 2117 3140 scripsit,

519 3171 633 3219 tum
661 3162 835 3219 adhuc
866 3164 918 3218 in
940 3178 1101 3234 grege
1127 3178 1234 3218 non
1263 3162 1425 3218 fuerit
1462 3162 1743 3218 laicorum.

598 3259 668 3312 At
695 3257 907 3327 quidam
938 3256 1091 3312 nobis
1123 3254 1267 3310 haud
1296 3254 1457 3311 dubie
1483 3253 1741 3326 objicient
1781 3253 1849 3310 ab
1874 3248 1967 3310 illo
1994 3254 2121 3311 sub-

518 3350 682 3407 latum
713 3349 877 3405 fuisse
911 3363 1072 3405 omne
1100 3348 1270 3403 laicos
1293 3348 1432 3403 inter
1460 3355 1515 3403 et
1540 3347 1766 3403 clericos
1805 3346 2118 3414 discrimen,

521 3443 608 3500 ubi
637 3443 704 3500 de
731 3443 971 3513 utrisque
997 3442 1140 3496 bunc
1175 3440 1413 3513 loquitur
1446 3438 1501 3494 in
1532 3437 1750 3493 modum
1777 3455 1789 3492 :
1821 3436 1969 3493 Unde
1990 3435 2122 3510 Epi-

516 3536 658 3608 scopi
682 3545 730 3591 et
757 3534 933 3590 Clerus
955 3532 980 3587 ?
1008 3532 1196 3588 Nonne
1221 3532 1284 3587 de
1306 3532 1537 3587 omnibus
1554 3531 1672 3589 ?....
1692 3532 1799 3589 Sed
1824 3548 1937 3596 cum
1958 3533 2119 3587 extol-

523 3628 678 3684 limur
699 3629 943 3684 adversus
987 3628 1204 3694 clerum,
1233 3636 1353 3682 tunc
1380 3643 1538 3683 unum
1568 3642 1743 3682 omnes
1768 3643 1965 3696 sumus,
1998 3636 2119 3682 tunc

520 3738 694 3779 omnes
722 3722 1010 3777 sacerdotes
1034 3736 1127 3775 nos
1152 3719 1261 3774 Deo
1287 3728 1332 3774 et
1363 3719 1511 3774 Patri
1532 3719 1687 3791 fecit,
1718 3736 1834 3775 cum
1857 3736 1950 3793 per
1974 3719 2119 3775 adte-

521 3816 813 3888 quationem
843 3814 1131 3885 disciplina:
1176 3813 1508 3869 sacerdotalis
1552 3829 1889 3887 provocamur
1912 3856 1928 3882 ,
1961 3814 2119 3886 depoo

518 3909 689 3964 nimus
730 3906 957 3977 infulas,
994 3914 1040 3960 et
1086 3907 1308 3979 impares
1356 3922 1552 3963 sumus.
1585 3907 1658 3963 Ita
1685 3907 1900 3979 quidem
1930 3908 2020 3965 ille
2063 3904 2139 3965 in’

521 4003 666 4060 libro
689 4003 751 4059 de
791 4003 1123 4076 Monogamia
1150 4002 1339 4077 (Idem,
1372 4003 1461 4059 lib.
1491 4004 1555 4059 de
1592 4003 1805 4081 Monog.
1848 4021 1968 4078 cap.
2000 4005 2117 4080 l2).

521 4099 693 4158 Simili
721 4115 933 4173 quoque
958 4101 1123 4160 modo
1170 4104 1226 4159 in
1255 4106 1363 4163 alio
1390 4106 1459 4164 de
1499 4106 1877 4167 Exhortatione
1901 4112 2120 4168 castita-

524 4194 589 4247 tis
608 4191 1016 4263 :Di/Terentiam,
1045 4197 1237 4270 inquit,
1264 4199 1395 4256 inter
1420 4201 1654 4257 ordinem
1680 4212 1730 4257 et
1758 4203 1954 4274 plebem
1977 4221 2126 4261 cons-

524 4290 660 4371 tit'uit
688 4288 931 4345 Ecclesiae
958 4294 1280 4361 auctoritas;
1309 4305 1354 4350 et
1384 4296 1548 4352 honor
1576 4313 1666 4368 per
1692 4299 1888 4356 ordinis
1917 4315 2122 4356 conses-

523 4398 637 4438 sum
660 4382 1007 4452 sanctiﬁcatus
1030 4401 1049 4448 ,°
1075 4386 1201 4442 adeo
1223 4388 1308 4443 ubi
1334 4389 1679 4448 Ecclesiastici
1699 4391 1895 4449 ordinis
1919 4410 2025 4450 non
2049 4405 2123 4451 est

524 4491 814 4543 consessus,
846 4486 891 4533 et
920 4477 1096 4547 oﬂers,
1118 4491 1164 4536 et
1214 4484 1405 4555 tinguis
1429 4524 1445 4551 ,
1475 4494 1522 4540 et
1560 4487 1799 4543 sacerdos
1837 4504 1889 4544 es
1919 4486 2007 4543 tibi
2035 4504 2123 4544 so-

524 4567 607 4625 lus
633 4567 824 4643 (Idem,
855 4570 940 4627 lib.
976 4572 1039 4627 de
1064 4572 1281 4633 Exhort.
1317 4576 1494 4633 Castit.
1524 4596 1641 4653 cap.
1676 4579 1751 4653 7).

599 4662 802 4720 Verum
848 4666 1049 4723 nemini
1101 4664 1490 4742 incompertum
1535 4682 1619 4731 est
1660 4676 1807 4733 illum
1847 4677 1975 4734 dum
2006 4678 2122 4737 haec

524 4758 811 4827 scriberet,
834 4759 947 4832 jam
973 4763 1154 4819 animo
1180 4834 1185 4839 η
1207 4764 1484 4824 imbibisse
1504 4768 1942 4831 Montanistarum
1969 4791 2126 4834 erro-

525 4868 651 4922 res,
705 4870 838 4926 quos
880 4856 1077 4915 ibidem
1125 4872 1344 4919 secutus
1389 4864 1631 4937 adjecit:
1682 4868 1790 4925 Sed
1836 4871 1922 4927 ubi
1964 4878 2117 4942 tres,

528 4942 767 5002 Ecclesia
791 4959 885 5017 est,
913 4950 1027 5006 licet
1048 4951 1171 5017 laici
1200 4953 1408 5029 (Ibid.).
1439 4950 1800 5028 Quamobrem
1826 4965 2121 5022 errantium

528 5053 681 5095 more
710 5040 795 5096 vel
822 5041 923 5097 sibi
950 5058 1056 5100 non
1078 5047 1339 5116 constitit,
1368 5050 1455 5106 vel
1478 5066 1675 5109 nomen
1695 5055 1991 5114 sacerdotis
2012 5074 2123 5116 non

528 5136 751 5207 proprio
776 5145 833 5193 et
853 5138 1129 5207 strictiori,
1157 5141 1251 5198 sed
1282 5143 1579 5217 improprio
1607 5134 1664 5203 et
1704 5147 1877 5206 latiori
1920 5153 2127 5225 accepit

536 5227 873 5300 signiﬁcatu,
905 5234 1356 5303 quemadmodum
1410 5254 1521 5296 non
1565 5243 1733 5298 semel
1784 5245 2016 5302 sumitur
2057 5247 2128 5306 ab

528 5318 738 5378 Joanne
787 5322 871 5379 bis
894 5364 911 5391 ,
942 5325 1010 5380 ad
1045 5342 1165 5397 qua:
1191 5329 1434 5387 alludere
1472 5333 1684 5391 videtur
1728 5337 1950 5394 verbis:
1984 5338 2128 5397 Fecit

532 5430 626 5471 nos
645 5431 859 5487 regnum
884 5424 930 5471 et
956 5420 1243 5477 sacerdotes
1273 5422 1383 5480 Deo
1411 5433 1458 5480 et
1488 5424 1637 5483 Patri
1668 5442 1762 5484 suo
1784 5430 2122 5505 (Apocalyps.

530 5525 649 5581 cap.
690 5509 735 5579 Ι,
787 5508 866 5581 6).
915 5512 1090 5583 Atque
1138 5515 1331 5574 iterum
1385 5528 1573 5591 postea
1607 5539 1623 5577 :
1654 5522 1844 5579 Fecisti
1880 5541 1973 5582 nos
2021 5526 2127 5584 Deo

530 5609 705 5657 nostro
756 5618 970 5677 regnum
1008 5613 1058 5661 et
1095 5608 1385 5667 sacerdotes
1414 5611 1577 5685 (Ibid.
1604 5632 1719 5687 cap.
1753 5614 1819 5672 V.
1854 5616 1965 5689 10).
2006 5618 2128 5690 Ipse

531 5695 810 5752 enimvero
862 5697 1004 5756 idem
1054 5698 1445 5785 Tertullianus,
1479 5710 1692 5767 tametsi
1722 5718 1847 5768 tunc
1888 5711 2126 5770 Montani

418 5858 429 5863 -
529 5795 796 5859 sectator,
824 5789 930 5850 alio
955 5791 1007 5849 in
1051 5792 1191 5852 libro
1236 5795 1315 5854 sic
1342 5796 1610 5871 loquitur:
1645 5801 1741 5862 Est
1780 5804 1933 5863 hodie
1975 5821 2125 5865 soror

2145 4618 2200 4680 D

2222 1874 2317 1931 est,
2340 1865 2439 1920 nisi
2459 1863 2601 1920 aliud
2628 1879 2728 1918 non
2753 1879 2900 1932 curo,
2940 1880 3095 1936 quam
3119 1880 3183 1919 ne
3203 1880 3377 1921 curem
3404 1863 3601 1938 (Idem,
3644 1864 3735 1939 lib.
3760 1866 3823 1923 de

2222 1953 2366 2010 Pall.
2397 1971 2515 2026 cap,
2540 1955 2619 2027 5).

2293 2044 2530 2102 Moribus
2552 2059 2681 2102 vero
2702 2052 2811 2101 tam
2841 2046 3005 2102 castis
3031 2045 3337 2118 sanctisque
3369 2044 3502 2115 fuit,
3532 2062 3697 2119 quam
3724 2046 3823 2104 du-

2220 2141 2298 2199 ris
2326 2140 2567 2213 profecto
2595 2150 2651 2197 et
2687 2140 2917 2212 asperis.
2952 2140 3255 2197 Severioris
3285 2155 3501 2211 quoque
3525 2140 3823 2213 disciplina;

2224 2249 2331 2289 non
2378 2234 2552 2288 solum
2599 2240 2832 2288 sectator
2870 2240 3018 2301 erat,
3049 2232 3145 2288 sed
3185 2232 3481 2289 acerrimus
3522 2218 3689 2290 etiam
3711 2275 3727 2303 ,
3760 2249 3823 2293 ac

2220 2328 2360 2384 ultra
2385 2336 2555 2383 statos
2580 2327 2870 2398 ,arquitatis
2916 2328 3112 2383 limites
3162 2327 3415 2385 defensor
3454 2339 3508 2385 et
3545 2341 3821 2401 patronus.

2219 2420 2332 2477 Nec
2360 2434 2547 2491 parum
2592 2419 2806 2490 quidem
2834 2419 3122 2475 verisimile
3143 2420 3352 2477 videtur
3399 2422 3548 2477 illum
3578 2421 3712 2478 falsa
3738 2438 3824 2480 se—

2219 2512 2494 2580 veritatis,
2523 2526 2682 2583 quam
2718 2513 3055 2568 montanisue
3085 2527 3197 2584 pra
3221 2528 3281 2569 se
3319 2512 3595 2583 ferebant,
3648 2517 3826 2586 specie

2220 2606 2503 2678 deceptum
2535 2608 2590 2661 in
2616 2620 2803 2661 eorum
2849 2607 3097 2662 haeresim
3145 2621 3269 2662 sese
3311 2606 3527 2663 dedisse
3575 2610 3824 2681 praecipi-

2221 2709 2353 2756 tem.
2379 2699 2485 2756 Sed
2517 2701 2622 2755 huc
2649 2700 2884 2771 ingenita
2913 2700 3077 2755 animi
3112 2698 3306 2757 duritia
3333 2700 3681 2758 inclinantem
3710 2712 3821 2758 tra-

2222 2800 2417 2851 xerunt
2445 2792 2590 2847 falsa:
2613 2793 2964 2864 quarumdam
2987 2792 3291 2860 mulierum,
3320 2793 3460 2848 illius
3480 2793 3701 2850 heresis
3731 2809 3827 2851 ve-

2223 2899 2365 2941 neno
2394 2884 2742 2949 imbutarum,
2787 2885 3041 2950 visiones,
3084 2893 3244 2956 atque
3302 2884 3681 2957 praedictiones.
3722 2885 3824 2942 De-

2222 2979 2386 3049 nique
2415 2978 2608 3033 inuidia
2653 2987 2700 3032 et
2738 2978 3058 3032 contumeliis
3100 2978 3423 3033 clericorum
3446 2976 3690 3033 Romanae
3720 2977 3827 3033 Ec-

2220 3074 2408 3140 clesia,
2439 3072 2513 3127 ait
2536 3070 2914 3144 Hieronymus,
2944 3072 3013 3126 ad
3052 3070 3291 3126 Montani
3318 3071 3504 3144 dogma
3547 3072 3788 3140 delapsus
3807 3113 3824 3138 ,

2145 3166 2191 3230 C
2224 3166 2276 3220 in
2301 3165 2472 3241 multis
2522 3180 2665 3220 nova:
2699 3164 2984 3237 prophetiae
3036 3164 3295 3231 meminit,
3353 3164 3641 3235 specialiter
3660 3173 3829 3221 autem

2223 3258 2466 3314 adversus
2498 3255 2779 3317 Ecclesium
2807 3256 2827 3329 (
2852 3254 3153 3329 IIieronym.
3177 3255 3412 3329 Catalog.
3467 3256 3647 3326 script.
3680 3254 3825 3313 Eccl.

2223 3366 2269 3404 c.
2299 3350 2390 3407 55.
2422 3366 2476 3420 p.
2511 3348 2659 3422 115).

2293 3441 2527 3499 Primam
2552 3443 2730 3513 itaque
2758 3442 2881 3497 vitae
2906 3456 3036 3509 sum,
3064 3457 3184 3514 qua:
3210 3441 3418 3515 longior
3443 3443 3632 3514 procul
3663 3441 3827 3499 dubio

2221 3534 2344 3604 fuit,
2379 3545 2583 3608 partem
2608 3535 2659 3590 iu
2682 3535 2922 3592 Ecclesia
2943 3534 3230 3602 catholica,
3259 3535 3483 3592 alteram
3516 3535 3828 3593 miserando

2223 3643 2374 3697 sane,
2404 3642 2504 3684 nec
2530 3628 2662 3683 satis
2688 3643 2923 3699 unquam
2948 3625 3280 3698 deplorando
3314 3642 3468 3700 ,casu
3516 3628 3659 3684 inter
3683 3627 3832 3685 Mon-

2224 3722 2445 3779 tanistas
2489 3722 2773 3779 haereticos
2814 3722 3088 3793 transegit.
3119 3720 3255 3777 Nam
3300 3721 3440 3778 sicut
3478 3723 3654 3795 pergit
3689 3721 3829 3795 idem

2223 3818 2580 3888 Hieronymus
2635 3834 2647 3870 :
2711 3815 2884 3886 Usque
2944 3816 3015 3871 ad
3070 3816 3288 3871 mediam
3345 3824 3547 3872 (etatem
3600 3815 3829 3889 presby-

2224 3920 2299 3966 ter
2325 3908 2572 3965 Ecclesiaz
2626 3908 2902 3980 permansit
2947 3906 3163 3983 (lbid.).
3196 3906 3358 3964 Addit
3395 3918 3575 3964 autem
3633 3906 3830 3965 ibidem

2222 4002 2617 4061 eruditissimus
2644 4003 2874 4075 scriptor
2916 4002 3067 4058 illum
3096 4001 3345 4059 ﬂoruisse
3368 4001 3707 4075 potissimum
3734 4000 3832 4063 sub

2221 4095 2423 4153 Severo
2450 4095 2688 4166 principe
2706 4104 2760 4151 et
2788 4094 3058 4152 Antonino
3078 4094 3366 4161 Coracalla,
3397 4103 3579 4167 atque,
3613 4094 3687 4150 uti
3714 4093 3828 4150 fer.

2225 4199 2332 4260 tur,
2363 4190 2673 4263 pervenisse
2696 4188 2761 4245 ad
2783 4188 3110 4261 decrepitam
3138 4205 3306 4261 usque
3331 4198 3566 4245 aetatem.
3600 4188 3656 4245 Si
3698 4204 3825 4247 vero

2224 4285 2580 4361 peritioribus,
2615 4284 2787 4341 nostri
2835 4284 3093 4354 temporis
3120 4283 3482 4355 Scriptoribus
3529 4282 3690 4340 ﬁdem
3734 4283 3832 4347 ba-

2224 4384 2469 4451 beamus,
2494 4388 2651 4437 natus
2685 4381 2856 4436 fuerat
2880 4380 3020 4436 circa
3048 4393 3248 4435 annum
3273 4376 3473 4434 Christi
3511 4376 3635 4446 160,
3664 4385 3830 4433 ctan-

2226 4495 2296 4537 no
2319 4478 2532 4536 circiter
2550 4476 2656 4533 245
2678 4485 2921 4531 mortuus
2941 4483 3044 4532 est.
3072 4472 3284 4531 Inlicias
3307 4486 3469 4544 porro
3505 4472 3685 4528 nullus
3712 4472 3839 4547 ibit,

2227 4572 2526 4644 longiorem
2554 4568 2725 4627 media
2748 4576 2902 4640 parte
2928 4566 3090 4623 fuisse
3110 4565 3232 4628 vita:
3256 4565 3400 4622 illius
3416 4580 3653 4630 cursum,
3676 4566 3832 4637 cujus

2226 4678 2551 4740 postremam
2577 4674 2783 4737 partem
2809 4664 2859 4718 in
2884 4659 3285 4734 propugnandis
3312 4659 3561 4717 absurdis
3610 4659 3830 4716 lucreti-

2226 4775 2409 4817 corum
2456 4757 2730 4815 erroribus
2772 4752 3181 4820 consumendo,
3224 4760 3279 4819 et
3327 4750 3430 4807 sibi
3487 4751 3587 4821 ipsi
3614 4758 3669 4806 ct
3710 4750 3832 4807 aliis

2225 4852 2630 4926 quampluribus
2660 4850 2861 4907 nocuit.
2892 4846 3251 4917 Quamobrem
3278 4855 3424 4903 recte
3445 4845 3557 4924 jam
3583 4844 3831 4903 laudatus

2226 4962 2256 5002 a
2285 4947 2441 5004 nobis
2469 4946 2826 5017 Hieronymus
2849 4960 2864 4998 :
2885 4940 2954 4997 In
2982 4940 3316 5009 Tertulliano,
3341 4939 3533 5013 inquit,
3558 4939 3832 4997 laudamus

2227 5040 2508 5113 ingenium,
2538 5037 2838 5093 danmamus
2885 5035 3115 5091 litamina
3146 5032 3338 5107 (Idem,
3370 5032 3458 5088 lib.
3489 5031 3579 5088 lll.
3605 5033 3827 5104 Apolog.

2228 5133 2346 5188 adv.
2365 5130 2546 5202 Ruﬁn.
2574 5146 2691 5203 pag.
2717 5126 2870 5201 465).
2899 5129 2969 5184 At
2988 5125 3056 5184 de
3086 5126 3231 5183 illius
3254 5124 3472 5201 ingenio
3511 5126 3669 5198 paulo
3699 5122 3831 5182 ube-

2228 5226 2339 5284 rius
2363 5224 2627 5298 agendum
2657 5233 2761 5282 est.

2831 5348 3130 5394 Αιιτιουιυε
3168 5349 3223 5392 ν.

3818 5394 3845 5411 κ

2229 5478 2310 5537 De
2343 5478 2646 5536 Tertulliani
2669 5477 2892 5551 ingenio,
2919 5486 2967 5534 et
2991 5475 3265 5549 multiplici
3289 5475 3616 5532 eruditione:
3662 5478 3834 5531 utrum

2300 5572 2692 5642 iurisconsultus
2734 5572 2927 5645 fuerit,
2979 5579 3027 5627 et
3072 5570 3207 5641 idem
3240 5586 3303 5624 ac
3350 5566 3698 5642 Tertyllianu's
3725 5584 3746 5624 :
3771 5567 3838 5625 de

2303 5670 2413 5742 ejus
2432 5666 2565 5741 stylo
2584 5682 2644 5721 ac
2663 5663 2913 5721 scribendi
2934 5665 3105 5732 modo,
3136 5673 3183 5718 et
3209 5663 3426 5719 nominis
3452 5660 3754 5719 celebritate.

2302 5807 2508 5866 Severo
2528 5816 2740 5862 morum
2764 5800 3083 5875 vivendique
3110 5814 3310 5877 genere
3331 5799 3695 5861 Tertullinus
3721 5810 3835 5857 se»
