4150 6352
354 309 474 373 ass

1454 264 1910 367 nisssn'rs'rto
1938 298 2010 361 υ.
2048 302 2140 377 ιε
2175 304 2486 370 uounnv.

3547 320 3661 399 Bb

351 430 619 505 quebatur
642 428 861 489 innatos
896 427 1131 501 impetus
1153 427 1373 502 ingenii,
1408 424 1702 485 acutissimi
1733 426 1949 499 quidem
1975 420 2031 484 Α
2055 421 2352 496 ignoratur,
2402 438 2459 484 et
2503 428 2733 501 ipsamet
2759 432 2997 491 auctoris
3027 434 3233 507 scripta
3282 437 3657 501 manifest-issi.

348 534 405 584 et
449 524 723 594 acerrimi,
762 522 861 582 sed
911 538 1016 580 non
1057 523 1237 581 minus
1277 523 1452 597 asperi
1495 538 1560 581 ac
1594 522 1944 580 vehementis.

347 618 689 691 Quapropter
716 616 1045 690 Hieronymo
1073 626 1296 674 vocatur
1324 635 1339 674 :
1386 616 1521 673 acris
1564 625 1612 673 et
1646 615 1949 672 vehementis

346 712 540 785 ingenii
565 712 642 767 vir
674 709 1014 784 (Hieronym.
1042 710 1283 784 Catalog.
1309 711 1494 783 script.
1519 710 1669 768 Eccl.
1704 726 1823 783 cap.
1853 711 1943 780 55,

346 820 475 880 pag.
506 806 653 878 115).
688 808 761 883 lit
787 806 1035 877 quamvis
1063 805 1116 862 id
1145 805 1431 874 tacuisset,
1466 803 1670 862 durum.
1688 813 1743 861 et
1770 804 1944 879 impa-

346 901 485 957 tiens
500 899 645 957 illius
656 898 928 971 ingenium
944 900 1141 971 passim
1156 898 1416 970 ubiquein
1430 898 1548 970 ejus
1561 896 1944 955 lucubrationi-

344 992 449 1050 bus
485 993 699 1049 emicat.
745 992 883 1060 Quid
926 1008 1056 1064 ergo
1083 993 1299 1058 mirum.
1331 993 1376 1049 si
1399 992 1489 1049 ille
1517 992 1654 1048 intra
1677 991 1945 1064 legitimos

343 1084 642 1157 patientiae,
667 1084 1115 1153 mansuetudinis,
1138 1100 1202 1141 ac
1227 1084 1611 1142 moderationis
1637 1085 1835 1142 limites
1853 1100 1943 1141 se-

342 1191 406 1235 se
432 1177 712 1235 continere
739 1178 934 1249 saepius
956 1192 1062 1233 non
1091 1178 1365 1249 potuerit?
1399 1178 1470 1234 Et
1496 1178 1611 1249 ipse
1655 1185 1803 1234 certe
1834 1186 1942 1235 tam

342 1269 579 1336 sincero,
620 1285 779 1342 quam
821 1271 1104 1343 ptenitenti
1133 1271 1315 1327 animo
1344 1271 1518 1343 palam
1548 1270 1832 1329 confessus
1858 1278 1944 1329 est

339 1379 402 1423 se
444 1364 719 1437 patientiae
757 1366 955 1422 virtute
1006 1380 1113 1422 non
1145 1366 1367 1422 omnino
1409 1364 1574 1422 fuisse
1639 1366 1938 1437 prazditum.

339 1458 436 1514 His
460 1444 609 1514 enim
633 1473 790 1514 suum
831 1457 901 1515 de
944 1458 1133 1514 eadem
1191 1458 1445 1529 patientia
1489 1458 1685 1515 librum
1733 1458 1943 1516 orditur

343 1550 527 1607 verbis
552 1566 565 1605 :
596 1549 853 1620 Conﬁteor
877 1553 946 1605 ad
972 1548 1252 1606 Dominum
1281 1549 1450 1606 Deum
1469 1551 1598 1606 satis
1623 1561 1808 1608 temere
1836 1568 1939 1624 me,

337 1643 507 1699 sinon
532 1645 686 1699 etiam
708 1644 1028 1716 impudenter
1047 1644 1113 1700 de
1144 1644 1389 1716 patientia
1413 1661 1712 1714 componere
1736 1661 1937 1713 ausum,

336 1737 421 1791 cui
444 1736 753 1807 pra'standm
771 1737 983 1792 idoneus
1003 1738 1210 1792 omnino
1241 1753 1343 1792 non
1371 1754 1505 1805 sum,
1532 1747 1589 1792 ut
1628 1738 1781 1794 homo
1816 1736 1939 1794 nul-

2051 530 2200 573 mum
2228 519 2476 577 omnibus
2498 520 2720 581 faciunt.

2122 612 2191 666 At
2229 617 2639 683 praetermittere
2694 628 2871 677 tamen
2918 634 3026 677 non
3073 636 3360 694 possumus
3390 626 3660 701 singulare

2049 702 2317 772 quoddam
2345 707 2663 765 eruditionis
2685 724 2873 783 genus,
2905 712 3048 784 quod
3073 714 3155 770 his
3183 715 3448 775 Eusebius
3476 720 3659 779 verbis

2050 795 2104 853 in
2170 796 2502 856 Tertulliano
2549 801 2827 859 laudavit:
2859 812 3222 877 Τερτουλλιανός
3268 818 3376 872 τοὺς
3426 803 3662 882 [summa

2047 893 2212 961 νόμους
2234 884 2522 964 simulac,
2550 899 2669 966 disp
2686 903 2753 953 τά.
2771 920 2827 953 τι
2853 905 2978 954 ἄλλα
3014 902 3193 966 ενδοξος
3222 905 3304 957 καὶ
3330 920 3419 961 τῶν
3441 912 3660 973 μάλιστα

2047 990 2127 1042 im‘
2164 994 2337 1058 Ρώμης
2368 997 2596 1063 λαμπρῶν
2636 990 2883 1062 (Euseb.
2939 992 3035 1048 lib.
3084 993 3147 1050 ll.
3200 996 3401 1054 Hister.
3447 999 3655 1057 Eccles.

2047 1092 2169 1151 cap.
2191 1080 2250 1146 2,
2278 1095 2400 1152 pag.
2431 1081 2606 1152 4i),id
2629 1091 2734 1152 est,
2765 1082 2983 1140 Valesio
3013 1086 3306 1158 interprete
3336 1107 3352 1145 :
3388 1089 3431 1144 Τ
3431 1092 3660 1151 ertullia-

2052 1187 2151 1226 nus
2206 1171 2376 1244 legum
2421 1172 2774 1230 Romanarum
2816 1177 3173 1248 peritissimus,
3219 1190 3266 1236 et
3303 1181 3435 1238 inter
3476 1184 3660 1242 latinos

2047 1266 2319 1336 scriptores
2358 1266 2734 1326 celeberrimus.
2766 1270 2973 1327 Valesio
3002 1272 3161 1345 longe
3181 1285 3336 1330 antea
3370 1278 3659 1347 prmiverat

2046 1357 2274 1419 Ruﬁnus
2299 1361 2546 1419 eumdem
2576 1379 2714 1435 pene
2750 1364 2803 1420 in
2830 1365 3049 1422 modum
3081 1387 3097 1423 :
3137 1367 3484 1426 Tertullianus
3510 1374 3585 1427 vir
3611 1382 3660 1429 et

2045 1454 2233 1528 legum,
2258 1456 2449 1527 inquit,
2474 1468 2520 1511 et
2538 1458 2913 1514 institutionum
2927 1459 3280 1518 Romanarum
3300 1466 3656 1536 peritissimus,

2050 1556 2097 1602 et
2119 1548 2251 1602 inter
2273 1558 2474 1604 nostros
2494 1548 2769 1623 scriptores
2790 1552 3067 1608 admodum
3094 1554 3444 1629 clarus(Ru[.,
3463 1559 3552 1614 lib.
3569 1558 3653 1627 ll,

2044 1638 2165 1695 hist.
2197 1638 2422 1711 Eccles.,
2452 1658 2567 1715 cap.
2598 1643 2674 1715 2).
2702 1648 2745 1700 A
2768 1660 2898 1701 vero
2923 1654 3103 1702 autem
3144 1648 3299 1720 longe
3325 1651 3542 1719 absunt,
3565 1655 3656 1725 qui

2044 1731 2171 1789 inde
2200 1733 2450 1790 concludi
2491 1751 2652 1806 posse
2680 1745 2965 1793 autumant
2990 1738 3381 1798 Tertullianum
3412 1752 3655 1802 nostrum

336 1828 438 1884 lius
462 1827 601 1897 boni,
650 1830 855 1901 quando
892 1838 1123 1898 oporteat
1167 1829 1667 1897 demonstrationem,
1710 1840 1756 1887 et
1797 1848 1937 1887 com-
1970 1828 2018 1890 B
2043 1824 2383 1902 professione
2405 1842 2501 1883 sua
2521 1827 3170 1902 fuissejuriscmisultum,
3196 1849 3426 1908 euntque
3454 1839 3657 1910 ipsum.

335 1922 710 1978 mendationem
747 1923 970 1994 alicujus
998 1923 1075 1977 rei
1100 1924 1327 1990 adortos,
1355 1923 1495 1994 ipsos
1527 1923 1672 1995 prius
1695 1924 1749 1978 in
1775 1922 1942 1978 admi-

336 2013 637 2069 nistratione
659 2013 773 2085 ejus
801 2013 875 2069 rei
893 2013 1224 2084 deprehendi,
1251 2023 1301 2069 et
1338 2015 1672 2070 constantiam
1712 2030 1940 2073 commo-

334 2108 491 2164 nendi
528 2110 753 2181 propriae
788 2109 1185 2173 conversationis
1240 2110 1544 2163 auctoritate
1594 2110 1832 2182 dirigere,
1878 2126 1942 2165 ne

334 2200 471 2256 dicta
519 2202 672 2273 factis
722 2201 1071 2273 deficientibus
1114 2201 1415 2258 erubescant
1466 2200 1709 2276 (Tertul.
1742 2202 1838 2257 lib.
1866 2201 1938 2259 de

339 2290 574 2351 Patient.
597 2309 720 2364 cap.
744 2296 822 2366 1).

331 2410 341 2439 ι
409 2384 610 2441 Verum
635 2387 682 2442 si
713 2387 951 2444 acriores
976 2387 1138 2443 animi
1182 2387 1412 2458 impetus
1438 2389 1635 2445 virtute
1671 2387 1939 2459 patientia:

332 2479 587 2551 mitigare
608 2495 719 2538 non
740 2495 956 2552 semper
975 2481 1162 2549 valuit,
1197 2482 1416 2553 ingenio
1442 2491 1590 2539 cette
1609 2482 1851 2556 pollebat
1870 2481 1936 2539 ad

333 2572 634 2643 quamlibet
660 2574 956 2644 gssientiam
992 2572 1151 2632 facile
1176 2575 1608 2647 Consequendam
1632 2576 1936 2646 aptissimo.

338 2665 610 2734 Quantum
655 2682 786 2745 vero
810 2668 955 2723 omni
975 2666 1295 2725 eruditionis
1334 2683 1534 2740 genere
1563 2668 1934 2738 abundaverit,

332 2771 400 2814 ex
432 2758 515 2813 his
549 2757 757 2829 conjice
785 2758 1045 2816 Vincentii
1072 2758 1371 2819 Lirinensis
1398 2761 1579 2817 verbis
1609 2760 1793 2816 :Sicut
1819 2760 1939 2817 (Iri.

330 2865 483 2923 genas
521 2851 663 2922 apud
687 2850 912 2920 Gnaeos,
932 2853 1004 2907 ita
1021 2854 1105 2907 hic
1129 2854 1268 2924 apud
1288 2840 1498 2909 Latinos
1523 2863 1808 2910 nostrorum
1830 2871 1939 2910 om-

331 2945 476 3001 nium
505 2946 658 3017 facile
694 2946 932 3018 princeps
960 2949 1278 3021 judicandus
1337 2959 1431 3004 est.
1483 2949 1620 3018 Quid
1667 2952 1800 3006 enim
1842 2951 1937 3007 hoc

331 3040 440 3096 viro
493 3040 734 3098 doctius?
781 3043 920 3112 Quid
964 3045 1017 3099 in
1071 3044 1256 3101 diuinis
1310 3054 1460 3118 atque
1509 3046 1745 3102 humanis
1788 3047 1936 3103 rebus

331 3134 693 3190 exercitatius?
718 3134 920 3208 Nempe
957 3153 1155 3191 omnem
1195 3137 1593 3210 philosophiam,
1632 3148 1679 3194 et
1726 3148 1936 3199 cunctas

2045 1928 2157 1975 met
2180 1932 2301 1975 esse
2327 1918 2738 1993 Tertyllianum,
2761 1923 2851 1994 qui
2871 1926 3057 1979 revera
3084 1925 3229 1997 leges
3246 1927 3458 1997 publice
3474 1928 3657 1987 docuit

2045 2019 2101 2066 et
2127 2010 2522 2082 interpretatus
2551 2023 2661 2071 est.
2708 2013 2840 2069 Nam
2870 2025 3095 2088 uterque
3134 2020 3367 2090 propriis
3409 2022 3521 2078 suis
3558 2040 3656 2083 no-

2044 2102 2282 2160 minibus
2332 2106 2465 2161 satis
2516 2106 2881 2178 distinguitur.
2913 2110 3116 2167 Deinde
3146 2127 3281 2168 vero
3309 2116 3429 2185 quis
3449 2118 3655 2174 nesciat

2045 2210 2206 2277 posse
2233 2196 2484 2269 aliquem.
2511 2198 2723 2271 juribus
2754 2201 3067 2273 legibusque
3110 2204 3472 2263 Romanorum
3517 2209 3650 2265 all'a-

2043 2290 2139 2347 tim
2187 2290 2388 2358 imbui;
2443 2293 2654 2350 tametsi
2683 2294 2909 2351 illorum
2955 2297 3235 2355 scientiam
3281 2315 3554 2371 nunquam
3597 2303 3651 2360 in

2045 2383 2247 2440 scholis
2272 2385 2499 2454 publicis
2520 2386 2796 2458 professus
2814 2387 2975 2445 fuerit
2992 2388 3144 2446 YNon
3178 2392 3250 2446 ibi
3273 2391 3453 2464 itaque
3480 2393 3652 2452 Eusc-

2042 2478 2165 2537 bius
2190 2478 2507 2535 Tertulliani
2562 2479 2950 2552 professionem
2981 2483 3188 2551 laudat,
3217 2485 3312 2542 sed
3351 2489 3647 2558 perfectam

2054 2571 2232 2645 legum
2276 2572 2639 2630 Romanarum
2665 2575 2964 2633 doctrinam
2989 2587 3151 2649 atque
3179 2580 3444 2651 peritiam.

2118 2663 2224 2720 Par
2280 2674 2439 2719 tanta:
2499 2665 2640 2721 illius
2709 2667 2999 2724 eruditioni
3068 2685 3176 2725 non
3221 2678 3340 2728 'erat
3394 2674 3648 2730 elocutio.

2042 2754 2252 2829 Equos
2279 2767 2458 2814 autem
2486 2769 2542 2814 et
2569 2758 2793 2816 idoneos
2822 2775 2883 2817 ea
2914 2760 2982 2817 de
3018 2776 3081 2818 re
3104 2763 3314 2832 iudices
3353 2766 3398 2820 si
3439 2766 3652 2824 deside-

2047 2863 2160 2916 ras,
2193 2851 2248 2904 in
2278 2850 2369 2905 tibi
2392 2859 2593 2923 praesto
2628 2863 2710 2907 est
2744 2852 3031 2919 Lactantii,
3056 2849 3372 2925 qui'Cicero
3397 2858 3648 2915 christia-

2041 2957 2143 2998 nus
2168 2942 2341 3012 audit,
2370 2943 2632 3016 judicium
2670 2963 2684 2999 :
2717 2945 2999 3017 Septimius
3028 2945 3373 3004 Tertullianus
3394 2953 3490 3024 fuit
3512 2953 3651 3008 omni

2037 3038 2530 3108 genereJiuerarum
2572 3039 2783 3110 peritus,
2809 3039 2896 3094 sed
2922 3040 2975 3094 in
3006 3039 3287 3111 eloquendo
3315 3060 3495 3115 parum
3516 3047 3647 3116 faci-

2040 3131 2123 3197 lis,
2150 3140 2197 3186 et
2212 3131 2385 3186 minus
2408 3144 2662 3202 comptus,
2685 3143 2732 3187 et
2754 3133 2969 3187 multum
2994 3133 3234 3189 obscurus
3251 3135 3519 3203 (Lactant.
3551 3138 3646 3195 lib.

333 3225 757 3298 philosophorum
800 3236 960 3283 sectas
984 3268 1001 3295 ,
1056 3238 1286 3284 auctores
1347 3237 1721 3300 assa-laresque
1762 3232 1924 3285 δεειᾶ-
1956 3224 2003 3288 C
2038 3221 2102 3278 γ.
2128 3221 2262 3279 Inst.
2280 3224 2445 3279 divin.
2465 3239 2584 3294 cap.
2603 3226 2658 3289 1,
2681 3240 2800 3297 pag.
2817 3224 3168 3299 459).;Neque
3191 3227 3392 3284 dixeris
3422 3230 3493 3285 illi
3516 3231 3648 3288 Lac-

327 3333 464 3385 rum,
495 3335 766 3390 omnesque
792 3335 967 3375 eorum
1005 3320 1325 3391 disciplinas,
1356 3336 1555 3376 omnem
1599 3320 1928 3377 historiarum

328 3426 392 3466 ac
417 3411 701 3466 studiorum
748 3413 1038 3468 varietatem
1079 3414 1211 3468 mira
1246 3412 1468 3483 quadam
1494 3414 1674 3470 utentis
1719 3415 1927 3486 capaci-

330 3511 435 3558 tate
480 3504 775 3574 complexus
817 3514 910 3561 est.
942 3503 1159 3578 Ingenio
1184 3520 1300 3561 vero
1338 3518 1507 3562 nonne
1542 3515 1646 3561 tam
1689 3509 1832 3579 gravi
1867 3524 1928 3563 ac

329 3597 611 3652 uehementi
646 3598 919 3663 excelluit;
960 3608 1015 3653 ut
1064 3598 1193 3653 nihil
1234 3583 1331 3654 sibi
1372 3615 1499 3670 pene
1535 3600 1606 3654 ad
1625 3615 1927 3672 expugnan-

330 3690 455 3748 dum
481 3696 800 3765 proposuerit
829 3739 844 3764 ,
869 3695 1005 3766 quod
1032 3712 1134 3751 non
1156 3706 1247 3752 aut
1272 3697 1506 3753 acumine
1538 3697 1813 3769 irruperit,
1837 3706 1928 3757 aut

330 3787 555 3858 pondere
578 3788 805 3844 eliserit?
827 3788 963 3843 Jam‘
992 3805 1146 3861 porro
1191 3790 1436 3846 orationis
1480 3806 1590 3846 sua:
1613 3790 1790 3847 laudes
1813 3792 1928 3863 quis

328 3883 534 3953 exsequi
572 3882 736 3938 valeat
755 3883 783 3938 ἵ
810 3883 941 3952 Quae
964 3893 1108 3939 tanta
1132 3883 1300 3939 nescio
1329 3900 1429 3956 qua
1459 3885 1714 3940 rationum
1752 3901 1925 3941 neces-

326 3974 480 4031 sitate
501 3985 733 4033 conserta
771 3986 866 4043 est,
918 3986 973 4032 ut
1007 3977 1076 4031 ad
1120 3992 1419 4032 consensum
1438 3977 1538 4046 sui,
1564 3993 1691 4049 quos
1714 3977 1928 4034 suadere

328 4059 431 4122 non
458 4073 694 4138 potuerit,
738 4067 990 4140 impellat.
1020 4066 1178 4142 Cujus
1202 4077 1321 4140 quot
1350 4085 1477 4142 pene
1498 4068 1668 4136 verba,
1711 4078 1785 4124 tot
1820 4085 1930 4125 sen-

329 4162 501 4217 tentia:
518 4171 655 4230 sunt,
685 4172 805 4234 quot
825 4180 1020 4234 sensus,
1066 4173 1139 4220 tot
1158 4163 1399 4220 victoriae.
1441 4162 1625 4221 Sciunt
1654 4163 1749 4218 hoc
1776 4164 1925 4220 Mar-

326 4256 518 4323 ciones,
560 4256 780 4328 Apelles,
814 4256 1048 4326 Praxew,
1085 4257 1447 4331 Hermogenes,
1475 4257 1668 4325 Judwi,
1703 4257 1928 4315 Gentiles

329 4351 576 4419 Gnostici,
610 4350 896 4422 cwlerique,
942 4367 1156 4420 quorum
1180 4351 1269 4407 ille
1293 4351 1634 4421 blasphemias
1668 4354 1844 4409 multis
1865 4369 1927 4409 ac

325 4447 527 4517 magnis
566 4445 880 4499 voluminum
917 4461 1126 4500 suorum
1178 4445 1413 4513 molibus,
1458 4446 1589 4501 velut
1623 4447 1925 4517 quibusdam

328 4537 628 4611 fulminibus
669 4538 839 4592 evertit
880 4541 901 4607 η(
922 4538 1166 4594 Vincent.
1212 4538 1379 4594 Lirin.
1411 4538 1800 4599 Commonitor.
1833 4541 1854 4597 Ι
1877 4543 1919 4613 ).

2041 3315 2266 3385 tantium
2296 3317 2440 3386 loqui
2467 3317 2535 3372 de
2564 3317 2885 3373 Tertulliani
2909 3320 3083 3389 potius
3102 3321 3469 3393 Apologetico,
3499 3323 3648 3379 aliis-

2031 3425 2136 3483 que
2175 3410 2328 3491 libris
2354 3410 2616 3468 adversus
2664 3413 2909 3469 ethnicos
2957 3414 3191 3485 scriptis,
3232 3431 3390 3487 quam
3435 3418 3645 3491 caeteris

2030 3503 2148 3575 ejus
2191 3488 2466 3575 operibus.
2487 3504 2698 3562 Etenim
2723 3507 2911 3564 eadem
2937 3518 3020 3565 est
3040 3508 3350 3583 Hieronymi
3380 3511 3449 3568 de
3472 3488 3646 3568 omui-
3689 3502 3704 3515 ’

2032 3595 2131 3651 bus
2181 3594 2324 3651 illius
2353 3598 2902 3655 commentationibus
2946 3602 3237 3667 sententia,
3292 3617 3450 3673 quam
3496 3602 3645 3661 hisce

2029 3689 2374 3762 paucioribus
2413 3691 2593 3748 verbis
2641 3693 3039 3765 pronuntiavit:
3076 3691 3424 3750 Tertullianus
3473 3696 3645 3752 creber

2030 3798 2103 3844 est
2137 3790 2189 3843 in
2210 3789 2493 3856 sententiis,
2517 3788 2608 3843 sed
2647 3789 2863 3861 diﬁicilis
2906 3790 2960 3843 in
2998 3790 3279 3860 eloquendo
3304 3788 3638 3863 (liieronym.

2030 3880 2201 3953 Epist.
2261 3881 2357 3938 49.
2406 3882 2476 3937 ad
2508 3880 2869 3956 Paulin.'pag.
2925 3882 3076 3955 567).
3124 3883 3293 3939 Nemo
3324 3896 3504 3941 autem
3536 3894 3639 3955 est,

2029 3976 2118 4046 qui
2146 3983 2326 4030 notata
2356 3975 2425 4031 ab
2445 3982 2675 4047 utroque
2702 3976 2961 4032 orationis
2989 3974 3247 4044 difﬁcilis,
3279 3976 3564 4047 inornatze,
3585 3988 3639 4036 et

2030 4067 2361 4125 obscurioris
2390 4067 2519 4123 vitia
2551 4082 2656 4123 non
2687 4062 2864 4123 sialim
2891 4066 3280 4137 deprehendat.

2102 4163 2205 4219 Alii
2257 4177 2385 4218 vero
2431 4160 2835 4234 reprehendunt
2881 4162 3256 4234 inmquabilem
3282 4177 3490 4231 eorum,
3522 4165 3642 4236 qui-

2029 4256 2130 4315 bus
2156 4257 2245 4314 ille
2288 4258 2471 4325 utitur,
2520 4266 2957 4329 argumentorum
3003 4260 3340 4316 varietatem.
3374 4259 3641 4316 Gravissi-

2033 4351 2138 4406 mis
2167 4349 2432 4421 siquidem
2463 4360 2518 4407 et
2546 4350 2933 4417 invictissimis,
2985 4352 3262 4423 inquiunt,
3295 4362 3640 4424 argumenta-

2037 4442 2274 4499 tionibus
2329 4443 2513 4514 plurcs
2560 4443 2695 4498 alias
2723 4484 2740 4511 ,
2789 4442 3073 4515 rapidioris
3144 4445 3345 4517 ingenii
3392 4446 3640 4502 acumine

2029 4533 2377 4605 excogitatas,
2424 4533 2748 4605 quandoque
2806 4536 3159 4601 intermiscet.
3215 4552 3335 4608 quae
3382 4538 3637 4597 levissimi

325 4628 437 4687 Sed
504 4626 665 4684 tantis
710 4627 956 4684 laudibus
1006 4628 1148 4684 illam
1193 4629 1334 4686 haud
1381 4629 1544 4687 dubie
1584 4632 1924 4703 omnigenum
1950 4623 2006 4693 D
2031 4635 2122 4680 θυι
2152 4625 2350 4681 nullius
2376 4625 2532 4695 plane
2558 4636 2685 4681 sum
2709 4629 2990 4684 momenti.

329 4722 649 4780 Tertulliani
670 4720 1026 4779 eruditionem
1048 4720 1306 4791 cumulat,
1329 4737 1433 4795 qua
1467 4723 1522 4778 in
1552 4724 1739 4796 primis
1759 4725 1927 4782 libros

326 4830 456 4873 suos
492 4814 547 4871 in
596 4813 902 4872 christiana:
947 4808 1244 4886 religionis,
1275 4826 1330 4872 et
1358 4816 1778 4873 orthodoxorum
1823 4817 1924 4874 ἀοι·

327 4918 563 4982 gmatum
608 4907 983 4979 defensionem
1027 4907 1260 4979 scriptos
1307 4907 1509 4980 passim
1547 4909 1743 4981 ubique
1789 4925 1925 4969 con-

326 5002 539 5076 spersit.
570 5001 930 5071 Quamobrem
973 5008 1169 5073 praeter
1213 5000 1509 5058 Eusebium
1552 5011 1607 5059 et
1645 5002 1941 5075 Ruﬁnum,

321 5096 433 5169 jam
462 5112 495 5154 a
524 5099 678 5156 nobis
725 5100 938 5169 citatos,
981 5099 1235 5191 aliosque
1276 5098 1603 5170 complures,
1635 5100 1705 5156 ab
1733 5099 1925 5157 Hiero-
1960 5116 1967 5122 '

326 5208 491 5267 nymo
531 5194 830 5265 appellatur
870 5197 946 5250 uir
991 5194 1740 5268 eruditissimusﬂﬂieronym.
1798 5195 1923 5252 adv.

292 5342 295 5347 .
324 5286 485 5359 Vigil.
517 5303 640 5360 pag.
665 5289 774 5347 285
801 5293 855 5346 et
878 5291 1037 5361 epist.
1068 5289 1159 5348 85.
1198 5290 1266 5346 ad
1295 5290 1429 5362 Mag.
1461 5305 1584 5362 pag.
1630 5291 1781 5364 656),
1817 5306 1925 5363 quo

325 5380 541 5450 quidem
564 5381 697 5437 nihil
722 5390 806 5438 est
830 5382 1108 5448 eruditius,
1141 5390 1193 5438 et
1224 5382 1452 5439 acutius.
1483 5381 1541 5438 In
1583 5384 1699 5454 ipso
1720 5393 1920 5453 autem,

321 5470 392 5528 de
439 5486 548 5543 quo
595 5487 739 5530 nunc
797 5472 1150 5544 disputamus,
1210 5460 1376 5546 ipsius
1430 5475 1923 5552 Apologetico,_et

316 5564 445 5621 aliis
490 5564 748 5622 adversus
792 5574 981 5637 gentes
1013 5565 1207 5623 libellis
1233 5565 1287 5622 id
1313 5567 1546 5626 emicare
1571 5568 1715 5626 haud
1760 5569 1919 5628 dubi-

322 5664 501 5712 tanter
547 5656 798 5713 afﬁrmat.
839 5656 1031 5729 Operae
1069 5657 1231 5729 igitur
1273 5673 1497 5730 prorsus
1527 5660 1734 5717 inutilis
1781 5660 1921 5720 foret

2105 4720 2175 4774 At
2206 4717 2448 4788 plerique
2478 4732 2669 4775 omnes
2698 4718 2933 4776 fatentur
2961 4720 3090 4777 illud
3120 4721 3374 4779 vitiosum
3404 4723 3522 4781 sive
3549 4724 3636 4781 di-

2030 4810 2208 4878 cendi,
2231 4810 2345 4868 sive
2372 4813 2781 4884 argumentandi
2803 4828 3002 4886 genus,
3037 4815 3205 4871 sicubi
3236 4826 3503 4886 occurrat,
3537 4818 3636 4874 mi-

2028 4906 2171 4962 canti
2195 4919 2413 4978 prorsus
2433 4906 2819 4963 sententiarum
2839 4907 3129 4979 gravitate,
3157 4921 3475 4981 summaque
3503 4910 3634 4967 alio-
3704 4948 3713 4957 ο

2030 5014 2150 5055 rum
2182 5007 2619 5069 argumentorum
2643 4999 2777 5071 viae
2804 4998 3061 5070 pondere,
3076 5000 3230 5072 quasi
3250 5001 3384 5058 mira
3406 5002 3635 5073 quadam

2027 5089 2488 5162 compensatione,
2512 5090 2668 5148 leniri
2699 5100 2756 5148 et
2787 5091 3057 5147 resarciri.
3078 5089 3147 5147 Et
3179 5106 3310 5151 vero
3330 5093 3376 5149 si
3399 5093 3632 5153 Vincen-

2026 5186 2162 5243 tium
2193 5187 2688 5255 Lirinensem,non
2704 5186 2927 5242 omnino
2943 5186 3181 5258 ineptum
3195 5186 3451 5259 judicem,
3465 5190 3576 5262 jam
3600 5206 3632 5249 a

2026 5279 2183 5336 nobis
2204 5280 2445 5348 citatum,
2465 5294 2653 5337 rursus
2666 5278 2854 5335 audire
2869 5279 3003 5335 velis
3026 5297 3038 5334 :
3060 5279 3446 5354 Tanta,inquit,
3466 5285 3631 5342 nescio

2025 5390 2126 5445 qua
2162 5375 2419 5430 rationum
2450 5374 2763 5439 necessitate,
2792 5373 2957 5428 oratio
2987 5374 3117 5446 ejus,
3182 5388 3414 5433 conserta
3439 5388 3547 5447 est,
3575 5388 3632 5436 ut

2024 5466 2095 5522 ad
2120 5466 2532 5539 consensumisui
2557 5481 2685 5536 quos
2720 5465 2938 5521 suadere
2962 5482 3065 5522 non
3103 5470 3342 5539 potuerit,
3377 5471 3629 5543 impellat.

2024 5561 2184 5634 Cujus
2203 5571 2323 5633 quat
2344 5575 2471 5632 pene
2488 5560 2657 5628 verba,
2682 5568 2754 5614 tot
2779 5560 3041 5641 sententia:
3075 5573 3216 5630 sunt,
3247 5572 3369 5635 quot
3414 5581 3625 5636 sensus,

2021 5666 2095 5712 tot
2123 5656 2363 5731 victoriis.
2390 5654 2523 5711 Eam
2553 5669 2683 5711 sane
2709 5654 2780 5711 ob
2821 5667 3040 5711 causam
3069 5656 3180 5724 ille,
3211 5657 3370 5715 sicuti
3413 5659 3630 5718 aiebant

314 5745 446 5814 hoc,
483 5746 851 5805 tsicutaiacile'
878 5756 1014 5816 teet,
1052 5748 1358 5821 illustrium
1382 5750 1697 5823 .,cuj_ttslibet
1744 5753 1916 5813 aetatis
2015 5750 2273 5827 Chronici
2297 5747 2587 5806 Eusebiani
2607 5756 2795 5806 auctor
2821 5765 2836 5803 :
2867 5747 3108 5806 Omnium
3133 5749 3483 5808 Ecclesiarum
3511 5750 3625 5809 s’er-

313 5839 1912 5928 uirmmwinmiisrmobuimwdammim
2012 5838 2706 5923 mmmam
2969 5843 3039 5919 ad
3064 5843 3612 5923 ausaausa”).
