4092 6352
506 329 619 391 735

1546 334 1616 392 tu
1650 332 2121 396 TERTULLIANI
2156 306 2698 395 APOLOGETtCUtt

3706 324 3810 404 758

511 448 877 508 Ecclesiarum
904 456 1083 505 autem
1113 448 1245 507 dicit
1269 464 1377 508 non
1398 448 1598 511 'solum
1638 454 1965 524 Occidentis,
2014 454 2109 514 sed
2136 451 2190 514 Α
2216 453 2346 511 illud
2371 455 2831 530 intrusum,atqtte
2852 469 2923 513 ex
2948 454 3089 514 libro
3112 456 3180 514 ad
3197 456 3485 531 Scapulam
3507 458 3615 518 huc
3636 468 3822 520 trans;

511 545 675 599 etiam
704 540 1201 610 Orientis.'Quidam
1231 544 1371 600 enim
1399 543 1542 601 illius
1568 545 1712 610 libri,
1741 547 1812 603 ob
1835 563 2111 619 magnum,

510 648 622 707 quo
670 632 1093 702 aestimabantur,
1125 636 1380 706 pretium,
1420 639 1471 692 in
1492 653 1722 710 grtccam
1765 640 2023 712 linguam,
2057 647 2117 696 ut

504 726 676 798 paulo
698 733 859 781 antea
886 727 1286 795 annotavimus,
1325 729 1617 802 convcrsi,!
1631 732 1699 786 ab
1722 732 1911 803 grtrcis
1939 732 2114 788 homi-

510 818 669 874 nibus
695 832 801 874 non
827 818 1008 876 minus
1033 820 1209 887 avide,
1244 838 1404 894 quam
1435 838 1465 879 a
1496 824 1675 881 latinis
1704 825 2039 897 legebantur.

519 902 545 910 ”
582 910 741 967 Tanti
766 925 931 984 porro
969 912 1273 986 Cyprianus
1300 931 1395 972 eos
1433 915 1580 985 fecit,
1633 926 1691 973 ut
1737 910 1939 974 idcirco
1977 916 2114 976 'I'er-

512 1002 792 1059 tullianum
815 1004 1130 1076 magistrum
1159 1007 1509 1078 appellaverit
1535 1022 1709 1076 suum,
1742 1025 1839 1067 nec
1868 1010 2012 1067 diem
2035 1013 2117 1068 ul-

513 1095 628 1151 lum
658 1094 777 1152 sine
802 1096 1029 1168 alicujus
1073 1113 1141 1154 cx
1179 1098 1324 1155 illius
1368 1100 1518 1156 libris
1566 1101 1797 1158 lectione
1838 1104 2118 1175 prteterire

500 1188 762 1251 .voluerit.
804 1188 978 1261 Hujus
1006 1192 1194 1248 'autem
1226 1204 1334 1248 tam
1385 1194 1617 1252 assidua:
1669 1196 1917 1254 lectionis
1965 1199 2118 1256 testis

509 1282 659 1337 omni
687 1281 796 1338 ﬁde
822 1282 995 1355 major
1014 1285 1170 1343 nobis
1202 1296 1286 1343 est
1314 1286 1697 1362 Hieronymus,
1725 1291 1817 1362 qui
1844 1306 1874 1346 a
1906 1307 2035 1363 quo,
2064 1301 2119 1350 et

510 1387 672 1444 quam
698 1384 847 1430 certo
872 1373 926 1430 id
953 1378 1238 1449 acceperit,
1268 1379 1345 1434 sic
1365 1389 1582 1437 enarrat
1607 1399 1620 1437 :
1662 1381 1781 1438 Vidi
1823 1400 1915 1456 ego
1937 1396 2116 1455 quemi

513 1466 636 1520 dam
662 1464 886 1522 Paulum
915 1467 1238 1539 Concordia,
1269 1474 1407 1544 quod
1435 1476 1681 1544 oppidum
1706 1475 1880 1532 Italic
1903 1488 1996 1547 est,
2038 1495 2119 1536 se-

515 1573 653 1626 nem,
681 1561 839 1628 quise
864 1560 998 1616 beati
1022 1560 1268 1634 Cypriani
1284 1566 1398 1636 jam
1446 1569 1654 1636 grandis
1673 1569 1836 1624 relatis
1863 1572 2118 1629 notarium

513 1665 630 1703 cum
653 1650 763 1721 ipse
783 1650 1058 1707 admodum
1087 1665 1214 1710 esset
1233 1657 1549 1724 adolescens,
1606 1658 1782 1716 Roma:
1807 1663 1991 1719 vidisse
2031 1665 2117 1720 di-

514 1751 685 1808 ceret,
733 1748 1020 1816 referreque
1070 1748 1168 1802 sibi
1222 1750 1451 1817 solitum,
1501 1768 1761 1824 nunquam
1800 1754 2117 1827 Cyprianum

2217 549 2383 605 latum
2422 564 2543 607 esse
2570 551 2878 621 pronuntiat
2904 550 2923 622 (
2953 549 3099 607 Idem
3126 550 3215 607 lib.
3243 553 3314 607 ad
3334 553 3551 624 Scapul.
3580 571 3698 628 cap.
3726 554 3810 626 2).

2218 640 2310 699 Sic
2376 642 2556 715 itaque
2617 642 2946 700 difﬁcultatis
3015 643 3216 701 nodum
3271 645 3434 703 unius
3485 646 3637 704 verbi
3698 663 3823 705 am-

2217 738 2494 809 putatione
2545 739 2717 795 secari
2765 739 2953 795 voluit.
2987 738 3183 796 Verum
3232 755 3358 811 qua,
3394 741 3590 802 amabo
3636 749 3714 811 te,
3741 758 3820 799 ra-

2219 831 2402 888 tione?
2426 828 2587 887 Nulla‘
2607 831 2840 903 penitus,
2883 846 2946 888 ac
2973 841 3159 888 contra
3206 826 3448 889 omnium
3477 835 3820 906 manuscrip-

2218 934 2395 982 torum
2422 924 2666 982 codicum
2696 925 3089 983 auctoritatem.
3118 926 3322 983 Everso
3354 927 3535 1000 itaque
3564 918 3719 986 vana:
3759 930 3823 985 il-

2219 1017 2323 1075 lius
2360 1017 2630 1089 opinionis
2672 1016 3019 1075 fundamento
3049 1060 3064 1086 ,
3095 1027 3151 1075 et
3179 1020 3291 1090 ipsa
3325 1020 3538 1091 penitus
3557 1028 3681 1077 ruat
3721 1036 3823 1078 nc-

2218 1124 2373 1167 cesse
2397 1118 2499 1166 est.
2553 1108 2693 1179 Quin
2723 1110 2884 1166 etiam
2914 1109 3062 1166 illius
3092 1108 3296 1168 falsitas
3323 1127 3391 1167 ex
3419 1125 3545 1168 mox
3576 1111 3824 1170 dicendis

2218 1202 2397 1259 adhuc
2419 1203 2617 1259 clarius
2645 1203 2864 1275 patebit.

2292 1295 2533 1368 Scaliger
2558 1306 2760 1363 autem,
2788 1304 2844 1352 et
2888 1295 3099 1353 Alixius
3142 1294 3346 1367 opinati
3399 1303 3526 1353 sunt
3565 1297 3711 1353 hunc
3753 1297 3823 1353 li-

2220 1389 2377 1446 brum
2406 1388 2459 1444 in
2486 1389 2660 1445 lucem
2695 1395 2899 1444 tantum
2930 1387 3195 1459 prodiisse
3225 1396 3347 1459 post
3371 1388 3613 1460 ejusdem
3638 1388 3824 1445 Severi

2220 1480 2561 1553 imperatoris
2610 1491 2863 1549 mortem,
2912 1495 3033 1552 quae
3059 1495 3202 1536 anno
3219 1478 3418 1536 Christi
3464 1480 3597 1537 2H.
3633 1495 3826 1537 mense

2219 1574 2517 1631 Februario
2544 1572 2758 1630 accidit.
2799 1573 2868 1629 At
2889 1572 3110 1641 nullamj
3137 1572 3468 1644 opinationis
3510 1587 3624 1628 suat
3661 1572 3822 1627 aliam

2174 1694 2185 1711 ο
2219 1666 2449 1723 reddunt
2475 1666 2764 1732 rationem,
2798 1664 2901 1721 nisi
2944 1666 3067 1737 quia
3102 1664 3436 1720 arbitrantur
3461 1662 3581 1721 hare
3604 1663 3824 1720 Tertulo

2219 1758 2345 1814 liani
2370 1757 2573 1815 verba:
2609 1756 2803 1828 Papias
2832 1757 2968 1829 leges
3013 1758 3123 1812 heri
3140 1757 3584 1812 constantissimus
3626 1756 3826 1828 princi-

510 1835 698 1908 absque
721 1837 1023 1895 Tertulliani
1065 1843 1280 1898 lectione
1321 1861 1478 1901 unum
1527 1847 1659 1901 diem
1706 1850 2030 1920 prteteriisse,
2055 1867 2116 1908 ac
2144 1853 2192 1915 B
2220 1868 2341 1924 pum
2394 1851 2612 1908 Severus
2649 1850 2863 1906 exclusit
2916 1851 2935 1921 (
2968 1849 3112 1905 [dem
3160 1850 3468 1922 Apologet.,
3521 1864 3644 1921 cap.
3687 1850 3725 1906 4
3753 1848 3773 1921 )
3806 1891 3824 1918 ,

509 1929 607 1983 sibi
633 1933 808 1987 crebro
832 1933 999 1989 dicere
1036 1951 1055 1989 :
1100 1934 1184 1989 Da
1216 1936 1544 2010 Magistrum,
1577 1938 1949 1997 Tertullianum
1977 1945 2116 2001 vide-

510 2021 628 2078 licet
677 2024 975 2095 signiﬁcans
1028 2028 1639 2104 (llierouym.'Catalog.
1680 2037 1867 2108 script.
1900 2037 2110 2095 Eccles.

509 2128 632 2185 cap.
660 2114 751 2182 55,
788 2131 906 2188 pag.
936 2119 1101 2191 115).
1127 2121 1264 2189 Quin
1304 2124 1462 2178 etiam
1494 2125 1650 2195 plane
1693 2139 1966 2184 asseverat
2012 2130 2115 2189 hoc

508 2220 575 2261 ex
627 2207 872 2278 ipsismct
924 2210 1181 2281 Cypriani
1229 2213 1378 2270 libris
1430 2225 1681 2272 testatum
1713 2219 1996 2275 satisﬁeri.
2031 2221 2113 2279 Ad

510 2299 913 2358 Pammachium
960 2305 1239 2362 enimvero
1283 2316 1342 2363 et
1388 2309 1658 2367 Oceanum
1706 2311 1823 2369 haec
1868 2314 1920 2369 in
1952 2315 2111 2371 verba

506 2394 728 2466 scripsit
755 2413 769 2452 :
797 2395 987 2454 Beatus
1011 2396 1301 2471 Cyprianus
1319 2401 1638 2459 Tertulliano
1664 2407 1909 2478 magistro
1931 2411 2110 2473 utitur,

515 2500 569 2542 ut
592 2482 707 2560 ejus
735 2493 926 2561 scripta
960 2494 1175 2562 probant
1199 2512 1218 2549 :
1244 2512 1454 2567 euntque
1479 2499 1667 2552 eruditi
1691 2509 1739 2553 et
1769 2500 1994 2556 ardentis
2017 2502 2115 2557 viri

515 2581 795 2637 delectetur
840 2584 1065 2655 ingenio,
1092 2586 1404 2641 Montanum
1446 2605 1559 2642 cum
1590 2607 1649 2645 eo
1676 2590 2114 2659 Maximillamque

509 2694 610 2732 non
650 2680 875 2750 sequitur
901 2681 1069 2752 (Idem
1099 2682 1257 2752 epist.
1289 2682 1383 2738 ὁὶ.
1418 2699 1540 2756 pag.
1573 2684 1721 2755 542).
1755 2686 1865 2743 Nec
1889 2687 2113 2747 dubium

420 2832 429 2841 ,
508 2785 638 2827 sane
663 2781 745 2830 est
782 2774 909 2842 quin
931 2775 1019 2829 alii
1061 2777 1467 2846 quamplurimi,
1501 2780 1955 2849 quemadmodum
2003 2784 2112 2858 Cy-

510 2863 749 2932 prianus,
795 2864 1109 2922 Tertulliani
1162 2869 1326 2924 libros
1372 2872 1844 2939 pcrwlutaveriut.
1901 2877 1979 2932 De
2020 2876 2112 2935 illo

507 2954 771 3027 siquidem
805 2959 921 3015 bare
949 2976 1130 3016 rursus
1152 2962 1219 3016 ab
1256 2961 1580 3035 llierouymo
1621 2966 1811 3022 litteris
1859 2970 2110 3026 mandata

509 3049 737 3120 legimus
764 3067 780 3106 :
810 3050 980 3107 Multa
1012 3055 1216 3123 scripsit
1243 3057 1515 3122 volumina,
1560 3075 1675 3129 qua:
1705 3061 1824 3132 quia
1850 3072 1971 3116 nota
1994 3073 2112 3119 sunt

506 3144 760 3213 pluribus,
803 3150 1230 3217 prretmnittimus
1270 3150 1605 3225 (Hieronym.
1663 3153 1842 3226 ibid).
1876 3157 1941 3211 At
1971 3172 2108 3227 quo-

2216 1960 2323 2001 non
2378 1946 2535 2001 aliter
2564 1986 2580 2013 ,
2622 1958 2781 2015 quam
2848 1942 2916 1997 de
2970 1941 3074 1998 hoc
3131 1942 3460 2011 imperatore
3513 1941 3624 2013 jam
3673 1955 3825 1996 mor-

2219 2046 2309 2093 tuo
2365 2050 2528 2108 posse
2579 2035 2823 2107 intelligi.
2856 2024 3124 2106 Numquid
3166 2049 3297 2106 ergo
3324 2034 3668 2102 adverbium,
3691 2034 3820 2102 lteri,

2216 2131 2364 2187 illum
2415 2131 2594 2201 potius
2640 2138 2932 2197 mortuum,
2953 2142 3112 2198 quam
3149 2127 3326 2184 adhuc
3350 2128 3625 2183 viventem
3661 2127 3829 2198 signi-
3894 2199 3913 2203 _

2217 2222 2375 2279 ﬁcat?
2404 2222 2606 2279 Deinde
2663 2236 2792 2278 vero
2837 2221 2908 2277 ibi
2955 2219 3187 2277 Severus
3226 2219 3466 2292 glorioso
3493 2218 3822 2275 constantis-

2215 2316 2337 2372 simi
2370 2315 2626 2387 principis
2669 2314 2825 2369 titulo
2862 2320 3174 2369 exornatur.
3215 2313 3285 2367 At
3311 2309 3585 2383 quomodo
3613 2308 3823 2367 Tertul-

2216 2407 2390 2463 liauus
2414 2406 2516 2463 hoc
2539 2407 2714 2478 elogio
2743 2406 2890 2461 illum
2914 2404 3174 2461 decorare
3191 2403 3383 2475 potuit,
3402 2402 3507 2458 nisi
3533 2410 3821 2473 antequam

2216 2500 2443 2572 publicis
2467 2499 2661 2557 edictis
2690 2499 2863 2555 diram
2895 2499 2949 2553 in
2976 2497 3300 2552 christianos
3324 2495 3619 2551 excitasset
3638 2508 3822 2567 perse.

2215 2592 2525 2648 cntionem?
2574 2591 2733 2663 Atqui
2782 2606 2901 2647 eam
2951 2590 3185 2646 movisse
3242 2587 3561 2660 perhibetur
3588 2596 3823 2644 exeunte

2214 2699 2357 2741 anno
2380 2683 2583 2741 Christi
2612 2683 2849 2740 secundo
2876 2697 3037 2755 supra
3063 2681 3514 2738 ducentesimum.
3536 2679 3822 2737 Tertullia-

2216 2779 2503 2851 nusjigitur
2530 2777 2673 2833 hunc
2699 2778 2891 2833 librttm
2919 2785 3045 2833 ante
3071 2776 3215 2832 hunc
3243 2788 3467 2843 annum,
3488 2787 3554 2829 ac
3592 2772 3824 2844 proinde

2214 2877 2340 2925 ante
2391 2868 2550 2940 hujus
2590 2868 2931 2939 imperatoris
2964 2867 3171 2922 obitum
3217 2864 3511 2921 confecisse
3539 2862 3824 2933 {dicendus

2214 2969 2316 3016 est.
2350 2959 2459 3017 Nec
2489 2961 2667 3016 minus
2691 2960 2908 3031 quidem
2938 2968 3088 3016 certo
3110 2958 3240 3013 illud
3282 2956 3490 3029 probari
3515 2964 3700 3027 posset
3729 2956 3821 3012 his

2214 3054 2356 3109 illius
2385 3053 2563 3110 verbis
2592 3071 2605 3107 :
2636 3053 2793 3125 Leges
2843 3052 3085 3107 adversus
3131 3049 3448 3108 Christianos
3502 3046 3677 3102 nullus
3713 3045 3818 3102 Se-
3868 3074 3871 3075 ν

2215 3164 2360 3204 verus
2389 3147 2643 3213 impressit
2681 3162 2799 3217 qute
2850 3145 2903 3201 in
2931 3142 3253 3216 quibusdam
3297 3141 3456 3212 hujus
3486 3139 3827 3211 Apologetici

506 3238 671 3294 modo
701 3239 806 3295 illis
855 3240 992 3297 adeo
1022 3252 1148 3298 nota
1170 3258 1292 3299 esse
1322 3253 1590 3315 poterant,
1623 3246 1723 3302 nisi
1748 3263 1808 3303 ea
1837 3262 1980 3320 sape
2009 3264 2112 3307 saa-

2224 3241 2609 3312 manuscriptis
2635 3248 2690 3294 ct
2718 3238 2875 3292 editis
2901 3235 3179 3292 codicibus
3205 3234 3453 3305 leguntur
3482 3229 3674 3303 (Ibid,
3700 3245 3824 3301 cap.

506 3332 628 3403 plus
678 3334 970 3405 legissent?

1113 3429 1344 3489 CAPUT
1403 3432 1467 3488 11.
1840 3506 1863 3528 Ι

508 3540 586 3596 De
632 3542 750 3597 libri
775 3542 1093 3615 Apologetici
1117 3553 1284 3613 wtate,
1314 3546 1493 3616 quibus
1519 3546 1738 3603 directus
1766 3560 2113 3621 nuncupatus-

578 3653 676 3708 que
719 3640 805 3705 sit,
838 3648 1009 3693 utrum
1047 3640 1270 3695 auctoris
1306 3641 1511 3695 nomine
1546 3641 1765 3713 primum
1815 3645 2109 3716 inscriptus,

579 3730 693 3802 quis
707 3730 846 3786 illius
868 3732 1060 3798 titulus,
1082 3734 1275 3803 quodve
1297 3746 1673 3807 argumentum,
1693 3753 1726 3791 a
1745 3737 1923 3808 quibus
1949 3739 1999 3793 in
2020 3756 2108 3794 ca-

582 3823 691 3895 pita
714 3822 932 3890 divisus,
965 3833 1010 3878 et
1056 3825 1271 3895 praeﬁxa
1311 3827 1535 3895 capitum
1555 3829 1855 3893 summaria,
1886 3845 1985 3899 quo
2013 3847 2111 3901 ap-

582 3913 767 3981 plausu
793 3923 1078 3985 susceptus,
1100 3932 1131 3969 a
1150 3932 1249 3986 quo
1265 3916 1317 3970 in
1334 3932 1552 3988 graecam
1573 3918 1800 3991 linguam
1843 3936 2115 3977 conversus

520 4000 525 4004 ’
581 4022 642 4060 ac
666 4023 768 4079 quo
796 4006 927 4079 stle
949 4009 1285 4081 conscriptus.
1652 3990 1659 3991 ⁷
1920 3990 1945 4025 ί

1033 4141 1330 4185 Αιιτιεῠιυς
1353 4144 1564 4185 PRlﬂUS.

515 4237 629 4305 Quo
671 4246 894 4310 tempore
925 4239 1269 4299 Tertullianus
1313 4244 1698 4317 Apologelicum
1756 4247 2011 4317 publicam
2060 4251 2114 4307 in

1092 4338 1253 4395 lucem
1289 4342 1530 4397 emiserit.

586 4451 750 4508 Extra
777 4466 937 4509 omne
961 4452 1181 4509 dubium
1213 4465 1298 4511 est
1324 4455 1747 4524 Tertullianum,
1778 4458 1854 4513 uti
1888 4458 2000 4530 jam
2022 4474 2113 4515 os.

514 4545 808 4611 tendimus,
838 4559 961 4601 esse
990 4544 1147 4616 hujus
1195 4548 1527 4620 Apologetici
1558 4548 1678 4605 libri
1724 4566 1910 4607 verum
1957 4567 2021 4607 ac
2047 4567 2115 4623 ge

2214 3336 2293 3407 5).
2322 3333 2458 3401 Quia
2487 3344 2663 3387 tamen
2692 3331 2742 3384 iu
2773 3329 2894 3385 aliis
2923 3326 3248 3385 editionibus
3288 3334 3345 3380 et
3380 3330 3595 3395 septem
3622 3320 3828 3378 nostris

2214 3427 2492 3484 codicibus
2536 3423 2914 3494 manuscriptis
2963 3420 3223 3491 scriptum
3277 3425 3395 3485 est,
3448 3414 3627 3470 nullus
3666 3412 3828 3471 Verus

2213 3520 2506 3592 impressit;
2551 3518 2688 3583 haec,
2730 3515 2799 3570 de
2837 3514 3028 3591 quibus
3066 3511 3243 3568 adhuc
3269 3516 3480 3581 postea,
3522 3521 3633 3563 non
3683 3505 3829 3563 ultra

2214 3628 2373 3685 quam
2398 3619 2662 3684 oporteat,
2694 3608 2932 3680 urgenda
2960 3605 3230 3662 duximus.

2284 3707 2452 3763 Instat
2477 3720 2607 3762 vero
2630 3705 2869 3759 Alixius:
2895 3701 2962 3758 ad
2983 3715 3140 3757 suum
3169 3696 3532 3756 Tertullianus
3585 3697 3652 3751 de
3680 3694 3831 3751 Prae

2215 3798 2574 3872 scriptionibus
2601 3797 2953 3853 lurreticorum
2979 3794 3174 3850 librum
3201 3790 3444 3847 alludere
3466 3788 3706 3855 videtur,
3733 3787 3827 3844 ubi

2217 3894 2272 3950 in
2328 3892 2681 3964 Apologetico
2731 3896 2919 3944 contra
2976 3886 3099 3942 illos
3135 3884 3215 3941 sic
3236 3883 3518 3955 disputat:
3574 3880 3833 3952 Expedite

2216 3984 2591 4057 prescribimus
2628 3979 2872 4035 adulteris
2917 3978 3104 4033 nostris
3148 3975 3295 4030 illam
3336 3990 3443 4029 esse
3468 3975 3708 4046 regulam
3748 3972 3832 4029 ne.

2215 4077 2404 4145 ritatis,
2450 4091 2562 4143 qua:
2611 4074 2776 4128 veniat
2813 4089 2846 4126 a
2893 4070 3115 4137 Christo,
3149 4068 3453 4123 transmissa
3499 4083 3594 4138 per
3620 4066 3831 4121 comites

2215 4173 2409 4239 ipsius,
2442 4170 2621 4240 quibus
2668 4167 2944 4239 aliquando
2987 4164 3286 4237 posteriores
3341 4162 3528 4217 diversi
3576 4161 3665 4216 isti
3688 4176 3830 4215 cont.

2216 4274 2519 4318 mentatores
2569 4259 2918 4333 probabuntur
2963 4255 3172 4331 (lbid.,
3204 4269 3325 4325 cap.
3372 4252 3442 4308 47
3469 4251 3509 4324 ).
3545 4252 3617 4307 At
3672 4266 3830 4329 nurn-

2216 4355 2343 4429 quid
2383 4355 2485 4412 boc
2517 4361 2890 4425 argumentum
2929 4349 3189 4407 adversus
3231 4354 3563 4414 novatores,
3604 4353 3663 4401 et
3698 4343 3831 4401 doc-

2219 4451 2371 4508 trinae
2401 4449 2711 4507 christiana:
2745 4454 3093 4516 corruptores
3137 4442 3206 4497 ab
3253 4441 3363 4496 alio
3406 4438 3656 4495 adhiberi
3716 4453 3829 4494 non

2218 4551 2414 4616 potest,
2444 4542 2546 4598 nisi
2572 4540 2641 4596 ab
2661 4554 2748 4606 eo,
2776 4539 2868 4612 qui
2892 4538 3088 4594 librum
3112 4536 3176 4590 de
3205 4531 3695 4606 Prmaiptionibus
3716 4532 3826 4587 bte-

511 4641 734 4697 nuinum
762 4649 1061 4696 auctorem.
1092 4642 1280 4713 Atquo
1307 4653 1549 4715 tempore
1572 4660 1693 4701 eum
1719 4649 2108 4719 composuerit,
2136 4646 2197 4707 1),
2216 4640 2486 4694 reticorunt
2510 4634 2778 4693 ediderit?
2806 4631 3010 4689 Deinde
3037 4645 3168 4687 vero
3188 4630 3234 4686 si
3262 4628 3335 4685 ibi
3359 4626 3428 4684 ad
3450 4626 3596 4683 hunc
3622 4626 3828 4719 librum

513 4748 620 4788 non
652 4748 757 4788 una
797 4742 880 4789 est
904 4733 1146 4789 omnium
1175 4736 1482 4791 consensio.
1511 4735 1773 4810 Georgius
1801 4740 1943 4796 enim
1980 4741 2115 4797 Am-

511 4825 786 4882 bianeusis
846 4834 996 4897 putat
1042 4826 1189 4880 illum
1232 4842 1262 4880 a
1294 4826 1623 4883 Tertulliano
1666 4830 1869 4886 editum
1926 4834 2114 4903 primis

514 4919 702 4975 Severi
733 4919 1078 4999 Imperatoris
1107 4919 1286 4985 anuis,
1315 4919 1417 4975 hoc
1440 4927 1545 4985 est,
1567 4923 1726 4991 paulo
1755 4932 1878 4993 post
1913 4939 2112 4982 annum

512 5007 714 5067 Christi
746 5012 851 5068 195
878 5010 1086 5084 (Georg.
1115 5010 1544 5079 Vind..Tertull.,
1569 5023 1704 5084 part.
1734 5014 1820 5081 III,
1854 5017 1881 5089 ᾗ
1912 5019 1965 5073 1.
1990 5035 2109 5091 pag.

510 5104 630 5177 20),
656 5120 764 5177 quo
792 5106 884 5162 ille
912 5106 1139 5161 Romani
1185 5106 1393 5178 imperii
1442 5106 1680 5164 habenas
1714 5109 1980 5166 moderari
2007 5127 2118 5169 eteo

511 5198 611 5269 pit.
641 5197 803 5255 Suam
825 5205 1005 5255 autem
1028 5199 1332 5270 opinionem
1363 5198 1490 5257 inde
1520 5199 1841 5258 confirmare
1866 5211 2111 5272 conatur,

514 5290 658 5363 quod
679 5290 949 5347 existimet
982 5290 1392 5359 Tertulliaunm,
1420 5292 1513 5348 ubi
1534 5292 1601 5348 de
1619 5286 1904 5364 superstite
1940 5297 2115 5365 parri-

512 5383 778 5446 cidarum,
813 5382 905 5455 qui
951 5398 1134 5441 necem
1165 5385 1577 5455 imperatoribus
1603 5383 1911 5452 intulerant,
1958 5400 2113 5443 race-

420 5505 428 5512 -
516 5476 755 5530 matioue
780 5474 1036 5545 loquitur,
1068 5476 1138 5531 ibi
1159 5476 1227 5531 de
1259 5477 1555 5533 Pertinacis
1577 5476 2012 5533 interfectoribus
2040 5479 2116 5536 le-

516 5568 660 5624 cisse
713 5581 1021 5623 sermonem
1053 5568 1073 5638 (
1102 5567 1408 5624 Tertullian.
1464 5570 1778 5643 Apologetic.
1830 5585 1946 5642 cap.
1975 5571 2046 5626 '55
2074 5570 2118 5645 ).

518 5659 655 5726 Quia
692 5672 823 5713 vero
876 5657 1076 5721 Albini,
1126 5661 1215 5729 qui
1276 5661 1532 5717 adversus
1583 5663 1842 5719 Severum
1893 5662 2123 5732 impera-

517 5759 694 5803 torem
739 5749 1086 5819 conSpirarit,
1112 5764 1304 5805 nomen
1332 5753 1488 5823 .quod
1533 5757 1784 5833 iuntcxtu
1809 5754 2121 5811 Tertulliani

524 5838 991 5912 ίωάεηι-ιεεθωικει
1004 5839 1167 5897 {lanci
1186 5826 2122 5918 sententimMrmwmn

2217 4730 2512 4788 collineare
2542 4727 2725 4793 voluit,
2757 4741 2854 4782 cur
2878 4724 3027 4781 illum
3061 4722 3382 4779 clarioribus
3406 4718 3589 4776 verbis
3605 4733 3715 4775 non
3741 4718 3830 4775 in-

2218 4825 2381 4892 dicat,
2431 4831 2594 4895 atque
2623 4822 2689 4876 iis
2728 4820 2917 4887 utitur,
2946 4832 3068 4889 qua:
3094 4816 3165 4873 de
3190 4816 3302 4882 illo,
3347 4814 3427 4869 uti
3475 4813 3566 4868 alii
3613 4819 3827 4884 putant,

2219 4927 2328 4973 tam
2358 4913 2711 4982 conﬁciendo,
2763 4926 2922 4983 quam
2944 4909 3054 4982 jam
3079 4908 3377 4979 composito
3400 4914 3631 4977 possunt
3665 4905 3831 4959 inti-1a

2220 5009 2348 5081 ligi?
2378 5009 2621 5078 Denique
2641 5019 2746 5061 non
2772 5010 2983 5060 constat
3010 5003 3150 5057 inter
3169 4999 3409 5057 eruditos
3435 5012 3544 5068 quo
3564 5005 3829 5066 tempore

2222 5104 2586 5161 Tertullianus
2610 5102 2753 5156 hunc
2768 5098 2840 5154 de
2871 5093 3350 5167 Prascriptionibus
3402 5091 3599 5147 librum
3640 5089 3827 5160 publi-

2216 5212 2335 5254 cam
2361 5195 2602 5252 emiserit
2624 5194 2674 5248 in
2703 5192 2901 5247 lucent.
2934 5188 3224 5245 Peritiores
3250 5193 3431 5241 autem
3470 5183 3644 5240 critici
3686 5198 3829 5239 cen-

2219 5298 2342 5344 sent
2365 5288 2434 5343 ab
2457 5301 2522 5342 eo
2549 5284 2900 5354 divulgatum,
2933 5292 3058 5337 cum
3096 5277 3334 5335 nondum
3358 5277 3439 5333 ab
3466 5275 3713 5333 Ecclesia
3734 5288 3831 5331 cas

2217 5379 2416 5436 tholica
2437 5378 2744 5435 defecisset.

2262 5490 2273 5501 θ’
2293 5471 2570 5528 Neminem
2605 5478 2797 5543 porrOf,
2828 5469 2905 5524 uti
2929 5465 3232 5539 opinamur,
3258 5463 3386 5520 illud
3416 5462 3833 5533 movebit‘quod

2226 5565 2432 5621 Alisius
2480 5564 2656 5619 adhuc
2706 5562 2942 5633 objectat
2996 5561 3327 5634 designatum
3389 5575 3420 5615 a
3487 5559 3833 5633 Tertulliano

2225 5661 2329 5718 sibi
2391 5659 2561 5716 videri
2608 5657 2879 5714 insolitam
2929 5655 3210 5727 eclipsim,
3260 5668 3381 5726 qua:
3423 5667 3569 5709 anno
3622 5652 3836 5711 Christi

2225 5754 2353 5809 210.
2377 5751 2596 5824 contigit
2622 5748 2823 5825 (.Ibid.,
2849 5765 2968 5820 cap.
2987 5745 3667 5819 20)..Quod-enimucitat
3696 5744 3839 5823 ΕΜ

2224 5834 3841 5918 Ἁρθιθεθηεβραμημωωμιιωωεμωίυωωιυιωσὼ
