4092 6352
287 321 392 382 731

1437 312 1886 376 DISSERTA'I‘IO
1920 315 1986 376 D.
2026 313 2116 374 LE
2152 313 2459 376 NOURRY.

3493 321 3602 381 758

288 439 366 496 ris
396 444 451 494 et
473 433 701 494 insolitae
723 434 952 509 alicujus
975 433 1191 507 eclipsis
1223 432 1515 506 indicium,
1544 435 1796 507 nullaque
1817 435 1892 492 si-
1921 437 1974 497 Α
2002 450 2110 491 non
2139 436 2346 491 minimi
2376 434 2616 507 profecto
2649 448 2770 492 esse
2795 435 3067 508 ponderis,
3097 436 3148 494 εἰ·
3186 435 3385 495 ethnici
3417 440 3602 509 proxi-

289 530 586 604 gnificatio.

364 626 470 681 Alii
521 625 702 696 itaque
729 625 1042 682 existimant
1098 624 1239 681 hunc
1281 625 1474 681 librum
1501 640 1531 679 a
1562 623 1899 680 Tertulliano

306 719 683 775 elucubratum
713 717 902 788 fuisse,
945 734 1065 775 cum
1095 720 1328 776 Severus
1355 719 1473 775 orbi
1503 718 1746 774 Romano
1793 718 1898 773 im-

291 811 536 884 perabat.
568 811 684 868 Non
709 813 853 867 enim
886 812 1059 879 illum,
1092 811 1192 868 nisi
1220 811 1398 867 adhuc
1423 819 1758 884 regnantem,
1800 825 1900 867 nec

290 903 344 960 in
365 902 693 982 christianos
712 903 886 959 adhuc
904 903 1078 974 palam
1107 903 1442 970 smvientem,
1457 902 1897 970 constantissimi,

289 997 366 1053 uti
385 998 542 1068 paulo
570 1007 695 1052 ante
721 993 1338 1068 diximus,lmperatoris
1355 996 1530 1067 elogio
1552 1003 1894 1052 exornasset.

296 1089 502 1147 Deinde
525 1105 654 1145 vero
674 1089 764 1144 ubi
780 1090 848 1144 de
874 1089 1257 1161 perduellibus,
1281 1090 1423 1145 laesa:
1440 1088 1737 1159 maiestatis
1755 1086 1861 1143 reis
1881 1128 1898 1156 ,

291 1199 357 1240 ac
389 1182 621 1254 publicis
660 1182 906 1239 hostibus
923 1195 1106 1254 postea
1140 1183 1358 1240 disserit
1395 1201 1406 1238 :
1444 1182 1592 1240 Unde
1614 1225 1630 1250 ,
1679 1182 1851 1254 inquit
1881 1219 1898 1248 ,

291 1275 499 1344 Cassii,
546 1285 595 1331 et
645 1273 840 1347 Nigri,
884 1284 930 1331 et
997 1275 1208 1344 Albini,
1279 1274 1415 1330 Ibid.
1477 1289 1596 1346 cap.
1647 1274 1737 1330 2'35.
1810 1274 1900 1344 qui

292 1369 543 1425 videlicet
563 1368 633 1424 de
664 1383 874 1423 summa
906 1369 1114 1439 imperii
1165 1376 1432 1439 potestate
1481 1383 1603 1422 cum
1652 1366 1903 1437 legitimis

290 1460 712 1538 Imperatorihus
735 1461 1165 1518 decertaverant.
1189 1481 1198 1531 μ
1205 1465 1274 1517 At
1301 1471 1421 1532 post
1435 1461 1671 1517 occisum
1700 1475 1888 1516 mense

291 1554 429 1612 Maio
453 1554 579 1612 anni
612 1555 718 1614 195
757 1557 1089 1612 Pertinacem
1120 1555 1530 1627 Imperatorem,
1559 1553 1622 1610 C.
1652 1555 1818 1610 Pesce
1835 1570 1902 1609 no

293 1652 414 1710 nius
439 1650 600 1722 Niger
663 1667 952 1722 purpuram
994 1660 1050 1705 et
1078 1651 1359 1722 imperium
1412 1650 1466 1704 in
1501 1650 1778 1704 Pannonia
1809 1663 1901 1704 as-

295 1746 549 1816 sumpsit,
580 1746 808 1816 ejusque
836 1745 888 1799 in
917 1754 1094 1814 partes
1134 1744 1344 1800 transiit
1376 1742 1594 1799 Cassius
1628 1741 1902 1797 Clemens.

2000 542 2142 583 mam
2165 528 2550 598 lmperatorum
2590 538 2818 584 mortem
2850 538 3117 598 optantes,
3148 545 3333 602 magos
3358 529 3600 602 aliosque

1999 622 2274 680 divinandi
2307 633 2422 678 arte
2453 624 2651 694 peritos
2692 623 2758 678 de
2813 623 2981 679 solius
3029 623 3212 681 Severi
3255 625 3601 694 Imperatoris

1999 713 2175 770 salute
2202 715 2366 771 semel
2400 724 2600 770 tantum
2622 715 3034 772 consuluissent.
3059 719 3124 771 At
3146 726 3292 774 certe
3317 716 3602 774 Tertullia-

2001 821 2102 863 nus
2130 807 2331 862 hancce
2359 808 2808 864 consultationem
2843 809 3038 879 set-pius
3072 809 3397 880 propositam
3427 818 3480 865 et
3509 824 3600 866 re-

2003 904 2224 976 petitam
2250 902 2414 959 fuisse
2451 904 2591 959 haud
2642 905 2869 960 obscure
2912 904 3194 975 significat.
3242 905 3508 961 Prmterea
3547 905 3592 960 si

2001 995 2118 1052 haec
2137 996 2276 1051 illius
2300 995 2368 1051 de
2389 993 2576 1051 iisdem
2607 995 2879 1052 seditiosis
2899 995 3216 1052 factionibus
3245 995 3408 1052 verba
3443 1017 3456 1052 :
3487 995 3593 1052 Sed

2003 1097 2050 1142 et
2104 1104 2258 1142 nunc.
2289 1127 2303 1141 .
2335 1127 2348 1142 .
2387 1087 2652 1158 .qnotidie
2703 1087 2988 1142 revelantur
3019 1129 3033 1152 ,
3087 1088 3358 1143 attentiori
3415 1088 3596 1143 animo

2004 1179 2396 1251 expendamus,
2423 1194 2601 1236 nonne
2626 1178 2748 1234 inde
2770 1179 2948 1248 colligi
2976 1189 3120 1234 recte
3153 1188 3345 1248 potest,
3377 1179 3444 1236 de
3499 1178 3602 1234 illis

2003 1288 2306 1328 sermonem
2361 1274 2430 1328 ab
2481 1273 2572 1329 illo
2616 1273 2750 1340 fieri,
2789 1283 3060 1343 tanquam
3108 1273 3344 1328 nondum
3390 1273 3604 1345 penitus

2004 1365 2304 1433 exstinctis,
2328 1364 2424 1421 sed
2447 1364 2513 1420 ad
2544 1379 2811 1420 sumntum
2844 1366 3052 1435 sepitis,
3074 1373 3338 1437 caputque
3376 1365 3605 1434 amplius

2003 1457 2252 1514 attollere
2280 1473 2384 1513 non
2416 1457 2771 1513 audentibus?
2815 1456 3061 1512 Nondum
3091 1472 3219 1527 ergo
3246 1458 3477 1513 Severus
3502 1455 3602 1510 ha-

2004 1551 2186 1608 buisse
2217 1551 2498 1607 videbatur
2535 1561 2749 1620 apertas
2790 1565 2912 1607 cum
2954 1537 3234 1606 Plautiano
3278 1550 3599 1607 simultates.

2009 1646 2173 1716 Atqui
2203 1645 2512 1700 Plautianus
2568 1644 2729 1699 filiam
2771 1659 2922 1699 suam
2968 1642 3268 1698 Plautillam
3315 1641 3604 1698 Caraeallte

2007 1737 2247 1808 ejusdem
2281 1738 2468 1794 Severi
2497 1737 2607 1793 filio
2654 1738 2706 1793 in
2739 1736 3137 1793 matrimonium
3183 1752 3326 1792 armo
3365 1735 3475 1792 204
3493 1736 3605 1792 col-

297 1835 460 1909 Niger
485 1853 613 1894 vero
641 1837 813 1892 victus
839 1853 870 1892 a
897 1837 1121 1902 Severo,
1147 1852 1210 1892 ac
1229 1835 1522 1906 profligatis
1539 1834 1696 1891 tertio
1714 1833 1900 1904 petelio
1929 1835 1977 1895 B
2006 1831 2218 1888 locavit.
2237 1833 2394 1888 Anno
2410 1843 2588 1888 autem
2603 1832 2946 1902 subscqucnti
2980 1831 3086 1898 ille,
3115 1839 3248 1887 teste
3272 1829 3598 1898 llerodiano,

297 1930 445 1987 illius
466 1931 656 2001 c0piis,
688 1929 806 2000 fuga
828 1928 989 1985 saluti
1013 1945 1124 1984 suae
1142 1928 1424 1984 consulere
1441 1926 1639 1982 frustra
1671 1935 1898 1983 conatus

299 2031 406 2077 est.
424 2021 508 2078 Ab
536 2022 600 2077 iis
616 2023 780 2089 enim,
804 2023 892 2092 qui
923 2023 1209 2092 fugientem
1227 2020 1663 2091 insequebantur,
1688 2019 1898 2074 occisus

292 2113 396 2171 fuit
419 2114 522 2170 sub
545 2113 708 2170 linem
737 2116 865 2169 anni
901 2113 1035 2183 194,
1066 2115 1148 2169 vel
1209 2113 1313 2169 195
1344 2113 1571 2168 initium.
1621 2112 1748 2167 Post
1782 2109 1898 2166 lucc

299 2206 537 2265 Severus
565 2209 782 2274 Albino,
807 2223 964 2279 quem
1021 2207 1164 2263 falsis
1195 2206 1488 2270 blanditiis,
1544 2221 1612 2261 ne
1663 2204 1897 2260 hostium

305 2314 526 2356 suorum
553 2315 813 2357 numerus
857 2309 1178 2370 augeretur,
1211 2298 1517 2369 deceperat,
1566 2297 1768 2355 bellum
1815 2299 1898 2353 in-

295 2395 438 2451 tulit.
480 2394 784 2452 Cotnmisso
835 2395 1051 2450 tandem
1109 2407 1274 2464 prope
1320 2393 1639 2465 Lugdunum
1687 2393 1898 2463 prazlio,

301 2486 532 2544 Albinus
555 2487 711 2543 initio
762 2487 889 2542 anni
939 2487 1038 2543 197
1092 2485 1295 2544 fractus
1338 2501 1401 2542 ac
1440 2485 1613 2555 fusus,
1668 2495 1896 2543 mortem

293 2576 398 2632 sibi
421 2577 750 2634 conscivisse
777 2578 1108 2648 perhibetur.

369 2668 555 2741 Neque
581 2680 757 2726 taruen
787 2681 913 2728 tunc
952 2673 1172 2727 omnino
1219 2671 1427 2726 Iiuittlm
1457 2680 1538 2726 est
1578 2669 1733 2726 civile
1787 2668 1901 2726 bel-

295 2761 839 2832 lum.Superfuerunt
869 2763 1070 2819 etenim
1132 2763 1290 2831 hujus
1337 2761 1588 2818 factionis
1639 2761 1896 2829 fautores,

187 2899 196 2906 ,
296 2854 366 2912 de
385 2855 579 2926 quibus
630 2857 826 2913 ibidem
879 2858 1252 2914 Tertullianus
1284 2865 1468 2914 noster
1499 2875 1512 2910 :
1547 2856 1654 2913 Sed
1712 2866 1758 2911 et
1813 2855 1901 2927 qui

307 2965 444 3004 nunc
467 2950 814 3020 scelestarum,
839 2952 934 3018 ait,
966 2953 1188 3022 partium
1214 2952 1340 3007 socii
1386 2967 1447 3005 ac
1477 2951 1740 3022 plausores
1765 2967 1896 3022 quo-

299 3041 427 3096 tidie
447 3043 731 3098 revelantur
758 3085 773 3109 ,
830 3053 938 3114 post
1013 3044 1314 3098 vindemiam
1373 3043 1646 3097 racematio
1723 3058 1902 3112 super-

295 3146 416 3206 stes,
461 3137 597 3194 Ibid.
630 3154 747 3209 cap.
808 3139 898 3195 58.
927 3143 1016 3199 At,
1044 3139 1161 3196 haec
1195 3138 1394 3194 clarius
1423 3137 1492 3192 ab
1539 3136 1684 3193 Ᾰὲιίο
1732 3135 1898 3207 Spar-

2003 1925 2340 1980 manifestam
2370 1924 2683 1990 Caracallae,
2714 1924 2898 1995 generi
2943 1925 3048 1988 sui,
3081 1924 3170 1994 qui
3222 1933 3332 1979 tum
3379 1938 3601 1978 uxorem

1999 2033 2150 2074 suam
2171 2019 2379 2088 oderat,
2407 2019 2684 2076 audaciam
2738 2018 3083 2089 furoremque
3124 2019 3345 2083 veritus,
3399 2018 3452 2073 in
3481 2018 3600 2089 ejus

2001 2113 2283 2183 imperium
2355 2113 2563 2170 insidiis
2616 2112 2868 2170 invadere
2933 2114 3150 2168 molitus
3201 2126 3282 2170 est
3321 2113 3602 2185 (Herodia-

2001 2204 2088 2260 lib.
2111 2202 2182 2260 III
2208 2206 2260 2260 in
2291 2203 2411 2259 Vita
2425 2205 2600 2261 Sever.
2626 2223 2746 2278 pag.
2774 2205 2880 2261 244
2899 2214 2943 2260 ει
2970 2205 3253 2277 seqq.)Sed
3282 2207 3362 2261 his
3389 2208 3603 2263 retectis

2001 2297 2274 2354 Caracalla
2327 2299 2479 2354 illum
2503 2340 2518 2366 ,
2567 2309 2832 2370 praisente
2860 2299 3062 2355 Severo
3093 2310 3244 2370 patre
3287 2316 3386 2356 suo
3407 2343 3421 2366 ,
3443 2301 3604 2371 jussit

2005 2391 2200 2448 occidi.
2232 2393 2372 2448 Ante
2401 2391 2542 2448 hunc
2573 2393 2731 2464 igitur
2756 2409 2955 2448 annum
2982 2392 3301 2448 Tortulliani
3332 2395 3602 2464 Apologu-

2005 2485 2160 2552 tieus,
2191 2484 2285 2540 sed
2309 2502 2414 2539 non
2443 2485 2611 2541 multo
2639 2486 2786 2556 prius
2811 2486 3046 2556 scriptus
3069 2485 3294 2541 videtur.
3327 2487 3594 2552 Quorsum

2001 2577 2144 2634 enim
2169 2577 2430 2634 Plautiani
2449 2580 2649 2651 potius,
2679 2565 2840 2650 quam
2869 2580 3072 2645 Albini,
3121 2590 3176 2636 et
3219 2580 3448 2636 aliorum
3481 2597 3604 2652 pcr-

2002 2670 2259 2728 duellium
2285 2673 2865 2745 nominipepercisset?
2891 2673 3233 2730 Postannum
3267 2676 3445 2746 itaque
3478 2676 3601 2743 197,

2004 2781 2114 2838 quo
2136 2767 2366 2823 Albinus
2391 2768 2653 2824 violentas
2671 2769 2772 2824 sibi
2805 2783 2995 2824 manus
3035 2768 3234 2835 attulit,
3266 2778 3320 2825 et
3343 2779 3603 2846 ante-an-

2003 2875 2130 2912 num
2151 2857 2256 2914 904
2286 2859 2517 2927 aut205,
2543 2875 2650 2932 quo
2681 2860 2992 2917 Plautianus
3019 2869 3246 2917 necatus
3297 2839 3602 2929 est,"hunc

2004 2949 2046 3006 Τ
2050 2951 2368 3007 ertullianus
2399 2951 2590 3008 librum
2625 2952 2877 3008 c0ufecit.

2075 3043 2360 3100 Probabile
2379 3051 2556 3101 tamen
2577 3044 2898 3116 quibusdam
2912 3043 3119 3101 videtur
3132 3060 3254 3102 eum
3267 3059 3297 3100 a
3315 3044 3602 3102 Tertullia-

2003 3151 2074 3192 no
2101 3136 2400 3208 profectum
2423 3152 2563 3192 anno
2582 3137 2898 3208 posteriore,
2921 3153 3026 3208 quo
3041 3138 3294 3195 Antonini
3317 3137 3603 3195 Caracallae

296 3229 444 3285 tiano
471 3230 616 3287 hunc
661 3233 712 3286 in
770 3232 986 3288 modum
1033 3231 1370 3304 explicantur
1403 3248 1416 3286 :
1446 3229 1602 3285 Multi
1627 3247 1751 3286 sane
1783 3239 1895 3298 post
1921 3229 1966 3293 C
1999 3230 2310 3287 decennalia
2351 3229 2638 3286 Caesariani
2661 3232 2869 3302 imperii
2892 3233 3161 3289 celebrata
3216 3242 3384 3301 sunt,
3433 3242 3598 3304 atque

219 3385 224 3388 _
294 3321 556 3390 Albinum,
605 3324 759 3393 ﬁdem
803 3325 849 3380 ei
890 3335 1167 3390 servantes,
1201 3324 1332 3379 bello
1369 3340 1402 3377 a
1457 3322 1644 3377 Seuero
1673 3327 1899 3392 superati

295 3417 411 3470 sunt
455 3413 745 3486 (Spartian.
778 3416 830 3471 in
866 3414 981 3470 Vita
1010 3416 1182 3472 Seuer.
1217 3432 1336 3487 pag.
1363 3415 1490 3470 525.
1518 3414 1615 3469 col.
1642 3414 1720 3484 1).
1749 3413 1900 3470 Ultus

295 3512 377 3566 est
406 3510 559 3580 igitur
601 3502 824 3580 graviter
845 3509 1156 3564 Albinanam
1184 3508 1514 3578 defectionem
1545 3549 1561 3574 ,
1621 3507 1899 3579 interfectis

296 3605 554 3679 plurimis,
577 3619 758 3675 genere
787 3618 987 3674 quoque
1025 3602 1137 3673 ejus
1176 3601 1447 3667 exstincto,
1493 3601 1654 3655 iratus
1697 3600 1896 3680 papula

297 3711 346 3756 et
366 3698 704 3762 senatoribus,
761 3695 982 3751 Romam
1025 3695 1179 3752 venit.
1237 3693 1373 3750 Tum
1404 3692 1603 3750 deinde
1633 3701 1755 3763 post
1779 3707 1895 3749 me-

297 3801 504 3852 morata
535 3793 680 3848 varia
723 3790 910 3847 Severi
939 3790 1130 3846 itinera
1175 3787 1305 3844 illud
1336 3787 1532 3858 adjecit
1559 3804 1573 3841 :
1605 3785 1752 3842 Inter
1791 3786 1898 3852 haec

299 3887 682 3945 Pescennianas
697 3882 1241 3957 reliquias,Plautiano
1254 3891 1474 3948 auctore,
1484 3881 1894 3954 persequebatur,

293 3983 368 4038 ita
388 3993 442 4036 ut
486 3980 759 4036 nonnullos
784 3980 936 4033 etiam
971 3994 1035 4033 ex
1061 3977 1238 4032 amicis
1274 3978 1398 4043 suis,
1451 3978 1598 4048 quasi
1651 3978 1767 4031 vitta
1791 3993 1898 4033 sua:

295 4071 620 4134 insidiatores
635 4082 893 4142 appeteret
928 4070 1091 4145 (Ibid.
1113 4071 1228 4126 ead.
1254 4088 1374 4143 pag.
1396 4072 1497 4127 col.
1521 4070 1600 4141 ἓ).
1624 4072 1800 4142 Atque
1823 4086 1889 4126 ex

297 4167 382 4224 his
407 4167 792 4239 posterioribus
837 4165 1012 4221 verbis
1060 4164 1220 4236 aliqui
1283 4165 1478 4220 confici
1520 4178 1680 4236 posse
1707 4163 1894 4218 existi—

291 4275 443 4320 mant
464 4261 774 4318 Tertulliani
803 4260 1202 4330 Apologeticum
1233 4259 1284 4313 in
1307 4260 1481 4315 lncetn
1509 4257 1770 4329 prodiisse
1789 4273 1894 4313 non

293 4353 469 4410 solum
498 4352 946 4423 postexstinctas,
967 4351 1033 4406 de
1063 4353 1253 4420 quibus
1271 4351 1358 4407 ille
1384 4351 1618 4416 disserit,
1649 4350 1896 4420 perduel-

295 4446 426 4501 lium
457 4445 728 4515 reliquias,
773 4445 866 4499 sed
910 4453 1031 4514 post
1072 4444 1335 4500 Plautiani
1364 4445 1525 4500 etiam
1547 4441 1774 4511 caedem,
1804 4444 1895 4515 qui

290 4537 517 4610 jubente
543 4535 838 4605 Caraealla,
859 4550 1001 4591 anno
1027 4533 1226 4592 Christi
1252 4535 1359 4592 204
1387 4547 1478 4592 aut
1500 4536 1610 4593 205
1638 4537 1888 4594 interfec-

295 4641 384 4688 ltIS
411 4641 512 4688 est.

369 4727 427 4782 In
455 4725 611 4798 hujus
639 4735 816 4781 autem
861 4721 1131 4794 opinionis
1183 4722 1644 4781 confirmationem
1687 4724 1882 4780 adduci

296 4837 512 4893 quoque
553 4828 803 4892 poterant
836 4819 1214 4890 subsequentia
1252 4817 1493 4888 ejusdem
1517 4819 1787 4890 Spartiaui
1825 4819 1894 4878 de

295 4913 401 4969 hoc
452 4914 575 4984 ipso
615 4911 944 4985 Itnperatore
992 4910 1152 4968 verba
1191 4928 1206 4967 :
1249 4909 1444 4967 Multos
1493 4913 1649 4968 etiam
1679 4953 1693 4978 ,
1747 4913 1894 4984 quasi

298 5007 585 5073 Cltaldwos,
613 5015 702 5061 aut
733 5017 867 5062 vates
897 5006 960 5061 de
978 5022 1070 5061 sua
1096 5003 1260 5060 salute
1287 5005 1680 5074 consuluissent,
1710 5006 1896 5062 intere-

297 5103 409 5169 mit,
455 5103 709 5174 prtecipue
759 5110 1017 5174 suspectos
1055 5117 1458 5174 unumquemque
1501 5086 1742 5157 idoneum
1789 5103 1891 5157 im-

296 5195 459 5267 perio,
479 5211 592 5250 cum
613 5196 720 5267 ipse
738 5195 976 5266 paruulos
1004 5195 1174 5249 adhuc
1203 5195 1340 5265 ﬁlios
1362 5194 1586 5262 haberet,
1614 5195 1766 5266 idque
1795 5195 1898 5250 dici

295 5289 446 5344 abiis
468 5289 546 5343 vel
579 5290 830 5356 crederet,
876 5287 953 5342 vel
981 5287 1221 5356 audiret,
1265 5287 1353 5358 qui
1391 5287 1486 5344 sibi
1515 5291 1900 5359 augurabantur

294 5380 561 5451 imperium
575 5379 735 5452 (Ibid.
747 5381 787 5449 );
812 5395 934 5435 nam
947 5368 1311 5436 Tertullianus
1327 5379 1516 5436 eodem
1533 5384 1732 5436 citatoa
1748 5381 1902 5437 nobis

295 5473 471 5542 capite
517 5471 650 5528 dixit
687 5493 701 5530 :
735 5471 931 5527 Eadem
983 5472 1144 5542 ofﬁcia
1170 5513 1186 5540 ,
1230 5471 1284 5528 in
1345 5472 1644 5544 principum
1689 5474 1894 5530 scilicet

295 5564 751 5632 solemnitatibus,
782 5563 1094 5635 dependunt,
1127 5573 1173 5620 et
1193 5564 1280 5635 qui
1315 5565 1598 5637 astrologos
1622 5607 1636 5630 ,
1667 5574 1714 5619 et
1739 5583 1891 5622 arus-

295 5658 468 5728 pices,
497 5668 544 5712 et
587 5675 826 5731 augures,
865 5666 914 5712 et
940 5672 1116 5729 magos
1136 5657 1199 5713 de
1235 5655 1450 5715 Casaris
1488 5661 1654 5732 capite
1683 5661 1891 5717 consul-

297 5762 424 5812 tant.
459 5750 784 5824 (Tertullian.
814 5750 1080 5822 Apologet.
1109 5767 1228 5823 cap.
1266 5752 1337 5809 55
1370 5752 1411 5824 ).

300 5912 315 5920 ‘
368 5845 561 5919 Νομιτί
585 5845 801 5920 quidem
843 5860 950 5906 non
974 5852 1152 5920 potest
1195 5845 1334 5906 hanc
1375 5849 1891 5922 argumentationem

2001 3324 2139 3396 ignis
2161 3325 2563 3395 persecutionis,
2593 3326 2644 3399 in
2659 3325 2980 3382 christianos
2996 3326 3296 3390 concitatae,
3325 3324 3602 3381 ardentius

2001 3417 2280 3488 flagrabat.
2310 3416 2444 3472 Nam
2465 3417 2534 3473 de
2556 3417 2620 3474 iis
2641 3416 3002 3474 Tertullianus
3023 3420 3076 3474 in
3114 3418 3218 3474 hoc
3250 3418 3600 3490 Apologetico

2000 3509 2197 3581 saepius
2226 3509 2514 3580 diSputavit
2539 3510 2558 3581 (
2585 3527 2700 3584 cap.
2741 3510 2778 3564 2
2802 3511 2840 3583 ).
2893 3511 3096 3569 Deinde
3120 3527 3250 3568 vero
3273 3512 3450 3582 plures
3479 3511 3602 3582 qui-

2001 3601 2124 3660 dem
2145 3602 2212 3658 ab
2257 3602 2377 3660 aliis
2416 3603 2834 3674 lmperatoribus
2861 3605 2914 3660 in
2946 3604 3266 3662 christianos
3295 3606 3440 3677 leges
3466 3605 3601 3662 latas

1999 3704 2286 3762 memorat,
2315 3695 2410 3752 sed
2438 3696 2636 3752 nullam
2661 3711 2690 3750 a
2736 3696 2966 3754 Severo.
2990 3697 3180 3774 Nonne
3207 3713 3335 3769 ergo
3388 3697 3602 3754 Tertul-

2000 3785 2177 3843 lianus
2193 3798 2317 3844 ante
2340 3790 2669 3861 promulgata
2687 3789 2847 3861 hujus
2882 3789 2935 3846 in
2962 3805 3055 3848 eos
3085 3791 3259 3848 edicta
3287 3793 3430 3848 hunc
3456 3793 3601 3863 Apo-

1999 3877 2286 3952 logeticum
2313 3880 2506 3936 librum
2534 3881 2824 3954 divulgavit
2851 3882 2873 3937 ?

2072 3975 2410 4045 Atquamvis
2437 3974 2529 4030 ille
2565 3977 2666 4032 hoc
2712 3976 2763 4032 in
2815 3976 2950 4034 libro
2992 3979 3252 4035 adversus
3301 3979 3548 4035 ethnicos
3575 4021 3591 4047 ,

2001 4064 2092 4137 qui
2118 4065 2426 4138 Principum
2472 4067 2731 4123 solemnia
2763 4061 2868 4124 non
2927 4070 3105 4126 minus
3161 4071 3380 4139 nefario,
3434 4087 3593 4143 quam

2001 4159 2378 4231 superstitioso
2410 4160 2514 4216 ritu
2543 4161 2791 4231 agebant,
2844 4164 3104 4219 acerrime
3138 4164 3420 4220 invehatur
3444 4207 3459 4233 ,
3489 4181 3596 4221 non

2001 4250 2067 4308 de
2095 4250 2390 4308 Caracalla:
2423 4261 2600 4308 tamen
2632 4255 2832 4324 potius,
2857 4271 3016 4326 quant
3057 4256 3241 4313 Severi
3269 4258 3601 4331 aliorumque

2000 4345 2311 4418 Principum
2343 4347 2776 4404 solemnitatibus
2803 4348 3041 4406 disserit.
3065 4351 3144 4407 Ad
3174 4351 3599 4410 Christianorum

1999 4450 2178 4495 autem
2207 4442 2634 4512 persecutiones,
2660 4451 2714 4498 et
2748 4442 2895 4512 leges
2921 4444 2975 4499 in
3019 4459 3114 4501 eos
3140 4446 3367 4517 scriptas
3395 4488 3412 4514 ,
3455 4447 3600 4519 quod

1999 4544 2227 4606 spectat,
2262 4535 2416 4590 facile
2437 4535 2783 4591 concedimus
2831 4535 3090 4593 Severum
3131 4539 3337 4610 imperii
3373 4539 3454 4594 sui
3485 4539 3607 4594 ini»

1920 4631 1973 4691 D
2001 4629 2074 4683 tio
2094 4628 2160 4683 iis
2178 4643 2367 4683 revera
2385 4627 2596 4684 favisse.
2626 4627 2746 4699 Ipse
2767 4629 3028 4702 siquidem
3045 4619 3407 4687 Tertullianus
3442 4632 3598 4688 testis

1999 4729 2084 4776 est
2117 4719 2340 4790 hujusce
2370 4719 2589 4789 favoris,
2623 4721 2778 4792 cujus
2823 4721 2963 4778 hanc
3000 4723 3235 4781 reddidit
3285 4725 3548 4781 rationem
3577 4768 3592 4794 ,

1994 4813 2118 4887 Ipse
2150 4815 2322 4882 etiam,
2348 4815 2537 4886 inquit,
2572 4814 2813 4881 Seuerus,
2837 4827 2981 4886 pater
3007 4816 3272 4884 Antonini,
3293 4816 3601 4873 christiano-

1993 4924 2109 4963 rum
2154 4923 2345 4962 memor
2405 4907 2771 4982 [uitlTertuL
2833 4911 2919 4965 lib.
2963 4911 3031 4965 ad
3078 4909 3294 4981 Scapul.
3339 4928 3457 4982 cap.
3511 4912 3597 4985 4).

1997 4998 2137 5056 Nam
2157 5008 2203 5055 et
2225 4999 2505 5056 Proculum
2523 5002 2874 5070 christianum,
2897 5005 2984 5074 qui
3029 5001 3315 5074 Torpacion
3340 5006 3600 5076 cognomi-

1997 5095 2235 5160 nabatur,
2282 5093 2536 5151 Euhodia:
2576 5105 2978 5168 procuratorem,
3021 5096 3107 5168 qui
3143 5113 3258 5151 eum
3302 5115 3391 5169 per
3431 5100 3600 5155 oleum

2001 5188 2282 5263 aliquando
2313 5199 2598 5256 curaverat,
2631 5191 2910 5259 requisivit,
2936 5199 2980 5244 et
3008 5191 3060 5245 in
3083 5191 3276 5260 palatio
3313 5209 3405 5248 suo
3426 5193 3600 5248 habuit

2003 5284 2244 5355 usquead
2265 5295 2472 5339 mortem
2522 5285 2654 5354 ejus,
2695 5301 2841 5355 quem
2872 5293 2918 5338 et
2957 5283 3242 5340 Antoninus
3283 5286 3468 5356 Optime
3507 5303 3596 5342 no.

2006 5387 2168 5445 verat,
2203 5377 2332 5433 lacte
2358 5378 2636 5445 christiano
2661 5377 2930 5432 educatus.
2959 5376 3216 5434 Fatemur
3235 5396 3448 5450 quoque
3483 5382 3601 5436 nul-

2001 5470 2184 5528 lamin
2224 5471 2574 5543 Apologetico
2625 5470 2742 5524 fieri
2782 5469 2914 5541 legis
2949 5469 3017 5526 ab
3056 5470 3247 5529 eodem
3303 5472 3503 5529 Severo
3543 5472 3598 5529 iu

1997 5566 2321 5624 christianos
2350 5566 2566 5621 saneita‘.
2586 5564 2939 5621 mentionem.

2069 5661 2266 5716 Verum
2292 5657 2536 5715 noninde
2549 5657 2953 5728 certoconcludi
2980 5673 3136 5729 posse
3157 5667 3407 5731 putamus
3431 5659 3582 5716 illum

1995 5755 2195 5814 editum
2223 5751 2385 5810 fuisse
2429 5761 2711 5824 postquam
2759 5749 3034 5808 Caraealla
3064 5791 3078 5817 ,
3107 5768 3253 5808 anno
3276 5752 3377 5808 2H
3430 5752 3580 5808 solus

1997 5849 2266 5924 imperare
2293 5845 2566 5920 coepisset,
2590 5855 2752 5920 atque
2771 5845 2969 5905 ethnici
2999 5860 3066 5904 eo
3089 5847 3202 5919 jam
3232 5854 3514 5919 regnante,
3542 5845 3600 5904 in
