4092 6352
522 333 632 402 739

1607 335 1676 397 IN
1711 331 2180 397 TERTULLIANI
2215 327 2748 399 APOLOGETICUM

3731 337 3843 405 ⁸110

511 460 858 517 christianos
878 467 1065 516 omnes
1097 453 1468 516 Crudelissime
1496 454 1745 513 furebant
1781 468 1846 512 ac
1891 453 2121 512 baceha-
2149 453 2203 516 Α
2227 452 2390 509 divini
2424 455 2644 511 luminis
2690 463 2745 512 et
2772 453 2958 527 gratia:
3001 453 3278 512 auxilium.
3309 454 3578 514 Praeterea
3604 457 3832 515 Tertul-
3907 477 3918 484 ·

525 552 740 609 bantur.
772 551 975 608 Tantus
995 553 1198 624 quippe
1222 560 1337 606 erat
1363 549 1699 606 ethnicorum
1731 549 1785 604 in
1813 563 1908 604 eos
1936 545 2086 604 furor
2108 587 2125 611 ,

524 655 583 702 ut
610 648 654 702 is
674 646 842 712 solus,
897 662 960 704 ac
987 655 1407 702 vanusveterum
1449 645 1623 716 legum
1649 651 1959 715 praetextas,
1996 641 2128 713 ipsis

525 739 592 794 ad
633 741 901 810 quoslibet
930 757 1201 813 nunquam
1247 757 1353 797 non
1397 738 1786 796 exeruciandos
1829 738 2122 794 suffecerit.

523 831 704 903 Neque
731 833 782 889 id
804 849 832 889 a
860 834 1016 890 nobis
1047 845 1249 890 temere
1289 833 1526 904 fingitur.
1572 831 1803 888 Eosdem
1850 831 2127 886 enimvero

523 927 748 996 gentiles
794 927 1159 984 Tertullianus
1205 937 1389 983 noster
1436 925 1521 981 his
1562 925 1848 997 compellat
1898 923 2122 980 verbis:

526 1020 734 1088 Quoties
756 1013 809 1076 in
841 1020 1145 1076 christianos
1167 1023 1435 1085 destruitis,
1461 1020 1649 1092 partim
1680 1020 1863 1074 animis
1878 1018 2123 1091 propriis,

521 1116 707 1184 partim
729 1115 920 1186 legibus
944 1116 1340 1186 obtemperantes
1363 1113 1384 1166 .'
1415 1113 1621 1179 Quoties
1649 1114 1825 1180 etiam,
1854 1111 2128 1183 praeteritis

521 1208 678 1275 vobis,
709 1224 804 1264 suo
827 1211 946 1279 jure
971 1226 1064 1263 nos
1094 1210 1354 1263 inimicum
1391 1209 1570 1279 vulgus
1610 1207 1804 1261 invadit
1867 1205 2128 1278 lapidibus

522 1311 570 1353 et
610 1300 911 1355 incendiis!
942 1299 1079 1371 Ipsis
1117 1299 1519 1354 Bacchanalium
1571 1300 1722 1368 furiis
1774 1314 1866 1354 nec
1913 1298 2126 1352 mortuis

522 1404 740 1464 parcunt
760 1394 1071 1457 cbristianis,
1096 1396 1220 1465 quin
1252 1396 1367 1449 illos
1414 1395 1478 1448 de
1524 1395 1697 1463 requie
1735 1393 2029 1463 sepultum,
2063 1392 2128 1447 de

522 1489 669 1558 asylo
696 1490 918 1558 quodam
944 1492 1119 1544 mortis
1139 1491 1253 1559 jam
1307 1489 1437 1544 alios
1461 1531 1476 1555 ,
1521 1490 1634 1558 jam
1665 1504 1755 1543 nec
1777 1498 1905 1543 totos
1927 1530 1940 1552 ,
1983 1489 2122 1542 avel—

523 1580 654 1647 lant,
685 1580 952 1648 dissecent,
977 1581 1261 1636 distrahant
1321 1580 1660 1654 (Tcrtullian.
1689 1581 1968 1650 Apologet.
2001 1594 2121 1650 cap.

522 1671 608 1729 36.
647 1687 766 1744 pag.
797 1673 945 1743 459).
965 1673 1126 1727 l’aulo
1148 1681 1324 1728 autem
1351 1673 1496 1742 prius
1519 1674 1606 1728 ille
1630 1672 1836 1728 dixerat
1859 1691 1870 1726 :
1894 1671 2005 1726 Nec
2031 1673 2127 1726 ulli

523 1766 687 1836 magis
721 1766 1110 1836 depopulatares
1134 1767 1547 1833 Christianorum,
1569 1783 1720 1836 quam
1741 1766 1921 1836 vulgus
1951 1765 2120 1835 (Idem

2230 544 2403 602 lianus
2432 556 2538 602 tam
2571 548 2855 604 excellenti
2881 563 2946 604 ac
2979 550 3272 621 perspicaci
3325 550 3542 621 ingenio
3572 551 3836 622 praeditus

2229 649 2362 706 crat,
2415 649 2472 696 ut
2514 641 2923 713 quadragesimo
2964 641 3140 698 aetatis
3191 657 3305 700 sua:
3347 659 3490 699 anno
3551 643 3831 715 hac’ipsa,

2229 731 2444 804 aliaque
2497 733 2688 804 majori
2726 733 3028 792 eruditione
3058 735 3243 802 imbui,
3276 744 3333 792 et
3369 751 3434 793 ea
3473 733 3646 794 totum
3691 736 3836 795 hunc

2233 824 2432 882 librum
2461 827 2740 899 complere
2765 827 2908 885 haud
2937 827 3232 886 difficiliter
3254 830 3506 902 potuerit.

2836 981 3135 1023 Αιιτιοῠιυε
3163 982 3221 1023 ll.

2231 1079 2889 1150 Quibusnam‘Antistitibus
2916 1092 2964 1138 et
2992 1082 3295 1153 prasidibus
3321 1082 3455 1137 hunc
3479 1080 3832 1140 Tertullianus

2523 1176 2916 1248 Apoloyeticum
2942 1175 3128 1230 librum
3145 1175 3530 1247 nuncupaverit.

2300 1286 2513 1354 Quanto
2543 1288 2781 1358 apertius
2817 1289 3124 1362 clariusque
3143 1288 3508 1346 Tertullianus
3539 1288 3658 1360 ipso
3677 1289 3831 1360 Apo-

2228 1377 2443 1449 logctici
2491 1379 2644 1436 initio
2671 1379 2906 1451 prodidit
2946 1381 3097 1436 illum
3136 1395 3168 1436 a
3207 1395 3267 1436 se
3296 1381 3562 1437 directum
3606 1380 3832 1436 Romani

2228 1471 2428 1542 imperii
2456 1471 2776 1527 Antistitibus
2798 1473 2854 1527 in
2875 1484 3052 1544 aperto
3077 1482 3124 1527 et
3140 1474 3297 1542 edito,
3320 1473 3373 1528 in
3390 1474 3506 1544 ipso
3519 1477 3628 1544 fere
3647 1474 3832 1529 uertice

2197 1566 2446 1621 .ciuitatis
2511 1564 2913 1637 pmsidentibus.
2942 1565 3274 1638 (Tertullian.
3321 1565 3590 1638 Apoloyet.
3623 1582 3741 1636 cap.
3767 1568 3822 1622 1.

2228 1674 2347 1729 pag.
2378 1658 2530 1729 257).
2561 1667 2709 1713 tanto
2743 1658 2931 1729 tnajori
2971 1659 3272 1715 animorum
3300 1661 3649 1716 contentione
3691 1660 3834 1717 inter

2236 1752 2477 1807 eruditos
2497 1752 2800 1823 disputatur
2821 1754 3064 1824 quinam,
3110 1753 3333 1824 cujusve
3376 1755 3608 1829 civitatis
3634 1753 3834 1819 fuerint

520 1873 640 1928 cap.
659 1857 746 1912 55.
766 1873 884 1928 pag.
905 1858 1057 1930 451).
1077 1873 1275 1914 czecum
1296 1874 1488 1928 nempe
1505 1868 1557 1913 et
1575 1875 1849 1924 vesanum,
1865 1857 2008 1928 quod
2023 1872 2115 1912 sua

2233 1843 2307 1898 illi
2375 1845 2653 1914 praesides.
2709 1847 2861 1916 Apud
2915 1846 3176 1917 plurimos
3214 1845 3428 1917 quidem
3485 1846 3671 1917 opinio
3716 1846 3832 1917 jam

525 1949 875 2018 proculdubio
894 1951 1060 2017 rabie,
1075 1965 1138 2007 ac
1155 1953 1388 2022 ingenito
1406 1952 1556 2023 quasi
1573 1952 1770 2019 furore,
1788 1953 1933 2007 nullo
1946 1962 2124 2006 autem

521 2042 696 2115 legum
713 2046 1027 2116 prmscriplo
1039 2045 1105 2100 ad
1121 2046 1399 2101 vexandos
1415 2046 1790 2116 uecandosque
1802 2046 2126 2100 christianos

525 2139 819 2194 ferebatur.
847 2139 960 2195 lluc
984 2133 1213 2208 accedit,
1245 2141 1385 2210 quod
1417 2141 1618 2196 ethnici
1663 2140 1714 2196 itt
1753 2154 1848 2196 eos
1876 2139 2127 2196 refunde-

520 2229 649 2286 bant
680 2231 1013 2302 publicarum
1040 2232 1279 2287 omnium
1305 2232 1667 2288 calamitatum
1716 2247 1985 2289 caussam.
2023 2231 2124 2288 Ubi

521 2325 682 2396 igitur
704 2325 881 2396 aliqua
905 2325 1211 2392 accidisset,
1266 2335 1375 2380 tum
1431 2324 1738 2393 confestim,
1789 2333 1925 2380 teste
1951 2323 2125 2378 adhuc

520 2416 876 2484 Tertulliani),
924 2417 1337 2474 conclamabant
1372 2435 1384 2472 :
1418 2415 1736 2472 Christianas
1815 2417 1885 2470 ad
1927 2418 2123 2470 leonem

523 2509 709 2582 (Ibid.,
739 2528 854 2580 cap.
883 2510 998 2579 40).

592 2603 754 2658 Adire
789 2614 967 2660 tamen
1019 2603 1173 2660 nobis
1222 2604 1468 2660 videmur
1508 2603 1762 2676 aliquem,
1806 2605 1895 2676 qui
1947 2604 2124 2661 adhuc

521 2695 746 2750 instabit
772 2696 887 2751 haec
936 2696 1146 2768 aliaque
1177 2697 1323 2768 plura
1383 2698 1436 2752 in
1476 2695 1577 2752 hoc
1607 2697 1958 2768 Apologetico
2017 2713 2124 2752 non

519 2789 756 2860 potuisse
787 2791 852 2843 ab
879 2790 1112 2844 Auctore
1143 2799 1328 2844 nostro
1371 2789 1641 2854 describi,
1672 2787 1924 2860 quamdiu
1954 2789 2123 2844 Seve-

520 2897 612 2936 rus
638 2881 935 2952 ltnperator
962 2881 1093 2938 favit
1135 2881 1468 2948 cbristianis,
1501 2897 1602 2937 nec
1647 2882 1808 2936 ullam
1863 2881 2124 2938 adversus

523 2974 804 3046 coslegem
861 2975 1104 3030 dederat.
1148 2974 1346 3031 Verum
1395 2975 1440 3030 si
1497 2974 1694 3029 nullius
1748 2973 1881 3044 legis
1926 2975 1993 3028 ab
2058 2989 2125 3029 eo

522 3068 644 3122 lata:
674 3069 875 3123 Auctor
901 3079 1084 3124 noster
1114 3068 1383 3132 meminit,
1417 3068 1467 3123 id
1495 3067 1584 3122 alii
1617 3066 1684 3122 de
1707 3066 1966 3122 industria
2013 3065 2124 3122 fac-

521 3167 633 3213 tum
665 3175 786 3215 esse
813 3160 1121 3230 Opinantur,
1152 3176 1221 3216 ne
1264 3161 1433 3230 magis
1467 3159 1703 3214 irritaret
1730 3159 1957 3216 viventis
1998 3169 2124 3215 tunc

2228 1937 2430 1992 dudum
2463 1936 2762 1993 invaluerat
2789 1936 2872 1992 his
2893 1938 3073 1994 verbis
3116 1939 3417 1994 Romanum
3471 1950 3719 1995 senatum
3755 1937 3834 1994 si-

2229 2031 2510 2102 gniﬁcari;
2583 2032 2710 2086 aliis
2750 2041 2926 2087 tamen
2976 2041 3162 2102 postea
3207 2033 3379 2088 visum
3437 2041 3521 2089 est
3557 2031 3830 2103 designari

2231 2123 2489 2194 prmeides
2531 2124 2909 2196 Carthaginis;
2953 2126 3077 2181 aliis
3128 2126 3346 2183 demum
3399 2137 3662 2199 quotquot
3719 2136 3833 2184 toto

2230 2217 2474 2274 Romano
2495 2217 2546 2272 in
2580 2218 2806 2288 imperio
2829 2219 3068 2288 presides
3087 2228 3263 2276 erant.

2301 2310 2496 2366 Prinne
2533 2320 2712 2365 autem
2753 2311 3024 2380 opinionis
3039 2310 3274 2368 fautores
3299 2311 3544 2366 nituntur
3563 2310 3650 2366 his
3675 2311 3830 2382 ipsis,

2228 2417 2348 2472 qua:
2373 2402 2677 2469 citaviutus,
2710 2402 3026 2458 Tertulliani
3059 2403 3258 2459 verbis.
3291 2402 3412 2458 Non
3465 2404 3630 2458 aliam
3656 2405 3830 2460 enim-

2230 2509 2360 2551 vero
2387 2496 2574 2551 urbem
2598 2495 2703 2550 nisi
2723 2495 2950 2552 Romam
2969 2496 3190 2552 indicari
3211 2495 3563 2551 arbitrantur.
3587 2495 3658 2550 Et
3681 2504 3832 2552 certe

2229 2591 2347 2661 quis
2368 2591 2527 2657 alius,
2557 2591 2839 2661 inquiunt,
2873 2606 2993 2646 esse
3024 2600 3201 2661 potest
3226 2590 3318 2646 ille
3362 2589 3584 2661 apertus
3620 2597 3673 2646 et
3713 2588 3829 2645 edi-

2229 2694 2315 2739 tus
2352 2685 2583 2740 civitatis
2627 2694 2813 2740 vertex
2841 2725 2857 2751 ,
2902 2684 3004 2738 nisi
3044 2683 3410 2740 Romanorum
3462 2681 3822 2755 Capitolium,

2227 2777 2370 2848 quod
2386 2776 2749 2832 'l‘ertulliauus
2765 2776 3060 2847 periphrasi
3084 2777 3283 2847 potius,
3311 2790 3471 2847 quam
3487 2790 3587 2831 suo
3609 2775 3828 2830 nomine

2227 2869 2606 2941 appellandum
2628 2870 2836 2926 censuit
2871 2868 2909 2950 2.
2931 2868 3119 2928 Nonne
3163 2871 3328 2925 etiam
3378 2868 3434 2924 in
3493 2867 3652 2938 hujus
3691 2881 3822 2924 sen-

2228 2963 2412 3019 tentia:
2441 2963 2906 3020 confirmationem
2930 2963 3060 3018 illud
3084 2962 3312 3034 proferri
3337 2964 3548 3034 poterit.
3579 2960 3722 3032 quod
3744 2961 3818 3018 de

2227 3058 2357 3113 solis
2400 3058 2623 3129 eclipsi,
2657 3075 2775 3128 qua:
2845 3057 3061 3114 Christo
3113 3059 3378 3115 moriente
3426 3057 3667 3128 contigit,
3689 3056 3826 3113 scri-

2227 3158 2375 3219 ptum
2405 3150 2473 3204 ab
2513 3150 2605 3205 illo
2659 3151 2883 3220 legimus
2938 3168 2953 3209 :
3010 3149 3149 3205 Eum
3191 3152 3369 3205 mundi
3413 3149 3829 3206 casumrelattms

519 3250 869 3322 Imperatoris
888 3251 1260 3324 animumhsed
1285 3251 1491 3308 facilius
1511 3250 1579 3306 ad
1600 3251 1867 3308 saniorem
1887 3261 2120 3308 mentem

2226 3245 2280 3298 in
2308 3248 2506 3302 arcanis
2535 3248 2705 3302 vestris
2734 3247 2924 3302 habetis
2953 3247 3116 3319 (Ibid.
3147 3266 3262 3320 cap.
3292 3247 3682 3318 21).Qu:enam
3711 3257 3830 3304 ete-

519 3344 669 3400 illutn
695 3359 958 3400 revocare
987 3354 1186 3416 posset.
1877 3405 1889 3411 _

596 3433 674 3490 lia
706 3451 867 3507 porro
893 3447 1016 3492 sunt
1062 3436 1330 3492 rationum
1362 3445 1633 3492 momenta
1663 3435 1856 3508 quibus
1895 3435 2123 3494 diversae

520 3528 588 3584 de
615 3527 772 3599 hujus
801 3529 922 3582 libri
953 3536 1113 3583 mtate
1138 3529 1419 3599 opiniones
1465 3530 1784 3584 innituntur.
1815 3529 1884 3584 At
1935 3529 2001 3584 iis
2029 3543 2121 3585 se-

520 3624 648 3678 dulo
673 3624 944 3694 expensis,
979 3625 1022 3677 si
1051 3623 1166 3678 lucc
1197 3624 1461 3692 posterior
1485 3622 1604 3678 aliis
1635 3622 1993 3693 praeponenda
2027 3622 2122 3678 tibi

519 3718 796 3784 videatur,
841 3717 1112 3774 fatendum
1145 3715 1391 3772 esthunc
1420 3716 1614 3772 librum
1657 3715 1928 3786 vulgatum
1957 3715 2122 3772 fuisse

517 3819 640 3882 post
663 3813 945 3865 excitatam
969 3811 1035 3865 ab
1065 3810 1254 3874 eodem
1282 3810 1484 3864 Severo
1506 3809 1770 3865 adversus
1793 3807 2120 3864 christianos

531 3905 986 3975 persecutionem,
1043 3919 1147 3956 non
1176 3901 1392 3972 quidem
1429 3915 1571 3956 anno
1615 3901 1716 3956 197
1759 3909 1851 3956 aut
1889 3901 2012 3966 198,
2066 3910 2122 3956 ut

524 3995 741 4064 quidam
778 3995 971 4050 frustra
1004 3996 1310 4065 opinantur,
1339 3993 1434 4050 sed
1479 4009 1619 4050 anno
1639 3993 1774 4060 202,
1823 4009 1929 4064 quo
1977 3993 2120 4051 idem

523 4087 756 4144 Severus
781 4089 922 4157 leges
953 4091 1004 4142 in
1030 4102 1124 4143 eos
1146 4102 1331 4143 revera
1360 4087 1617 4153 condidit,
1665 4095 1720 4142 et
1743 4086 2034 4155 decimum,
2065 4095 2122 4144 ut

519 4181 595 4233 ait
619 4179 878 4235 Eusebius
908 4223 922 4246 ,
945 4181 1151 4252 imperii
1180 4180 1262 4235 sui
1289 4195 1487 4234 annum
1515 4181 1706 4252 agebat
1744 4180 1763 4252 (
1795 4179 1996 4236 Euseb.
2029 4180 2119 4236 lib.

520 4271 608 4326 Vl.
641 4272 836 4327 Eccles.
872 4273 990 4330 hist.
1013 4289 1128 4342 cap.
1151 4271 1206 4326 2.
1239 4289 1359 4344 pag.
1394 4271 1517 4328 101.
1547 4280 1592 4328 et
1621 4273 1807 4343 seqqc).

591 4367 661 4420 At
699 4366 742 4420 si
791 4366 908 4436 quis
965 4366 1168 4436 judicet
1225 4382 1331 4421 non
1387 4367 1519 4421 satis
1567 4366 1748 4442 valida
1785 4381 1908 4424 esse
1961 4366 2120 4439 hujus

519 4460 791 4532 opinionis
831 4460 1164 4515 firmamenta
1191 4502 1206 4528 ,
1237 4460 1284 4515 is
1331 4470 1478 4516 certe
1524 4475 1634 4516 non
1687 4459 1998 4518 diffitebitur
2051 4476 2120 4518 ex

421 4574 425 4578 ·
528 4556 635 4622 his,
674 4571 792 4626 qua:
840 4553 1001 4626 paulo
1046 4564 1170 4609 ante
1215 4554 1644 4623 annotabamus,
1692 4564 1838 4612 recte
1880 4556 2119 4628 profecto

2229 3337 2339 3393 nim
2363 3339 2453 3393 illa
2477 3349 2624 3407 sunt,
2653 3339 2755 3394 nisi
2784 3339 3149 3396 Romanorum
3195 3355 3412 3406 arcana,
3443 3340 3558 3394 sive
3581 3339 3821 3406 archiva,

2228 3439 2284 3488 et
2314 3432 2775 3504 chartophylacia,
2800 3434 2854 3489 in
2878 3433 3073 3504 quibus
3119 3441 3240 3490 acta
3292 3431 3504 3503 publica
3561 3431 3827 3488 reconde-

2227 3527 2449 3583 bantur?
2479 3527 2613 3583 Nam
2642 3528 2716 3582 ibi
2743 3527 2837 3584 ille
2861 3536 3048 3583 narrat
3073 3527 3300 3583 Pilatum
3339 3526 3560 3582 Tiberio
3586 3525 3825 3596 Impera-

2230 3621 2329 3675 tori
2361 3621 2694 3676 nuutiavisse
2744 3634 2850 3676 non
2899 3621 3077 3676 solum
3123 3619 3261 3676 hanc
3308 3619 3575 3692 eclipsim,
3618 3618 3713 3674 sed
3760 3631 3825 3674 ea

2229 3713 2390 3768 etiam
2430 3713 2855 3769 extraordinaria
2883 3714 3084 3779 omnia,
3119 3729 3238 3785 qua:
3267 3723 3391 3768 ante
3411 3722 3466 3769 et
3491 3724 3612 3784 post
3625 3711 3826 3769 Christi

2227 3812 2458 3860 mortem
2479 3803 2810 3861 acciderant.
2830 3805 2962 3872 Quis
2985 3816 3166 3862 autem
3215 3803 3372 3861 facile
3413 3819 3520 3860 non
3567 3803 3828 3861 concedet

2227 3898 2500 3955 Tiberium
2523 3900 2752 3970 jussisse
2787 3898 2908 3956 haec
2947 3901 3002 3955 in
3053 3899 3241 3956 iisdem
3301 3901 3491 3970 reponi
3513 3907 3570 3956 et
3619 3899 3827 3956 servari

2227 3994 2474 4059 arcanis,
2523 3995 2593 4050 ad
2636 4009 2758 4068 qua:
2807 3994 3094 4052 scrutanda
3125 3995 3493 4054 Tertullianus
3542 3994 3824 4052 Romanos

2227 4098 2477 4158 provocat
2495 4088 2518 4141 ’ἒ

2287 4179 2382 4235 'Ad
2409 4181 2549 4250 quod
2580 4182 2668 4238 ille
2708 4181 3012 4250 obscurius,
3041 4184 3142 4241 hoc
3171 4183 3438 4242 Eusebius
3486 4186 3685 4243 clarius
3708 4185 3816 4256 his,

2224 4287 2343 4344 qum
2359 4273 2503 4329 nulla
2531 4274 2853 4333 obscuritate
2869 4277 3236 4348 involvuntur,
3259 4280 3442 4335 retulit
3466 4281 3677 4336 verbis:
3694 4281 3827 4338 Ter-

2226 4367 2474 4423 tullianus
2499 4369 2812 4440 ApOIOgiam
2842 4388 2995 4430 suam
3020 4387 3084 4448 τῇ
3109 4381 3581 4450 ῥωμιῐκῇσνγιλῆσῳ
3598 4398 3819 4451 προσφω-

2225 4475 2369 4524 visa:
2385 4478 2401 4518 :
2417 4462 2499 4518 Ad
2523 4474 2750 4520 senatum
2767 4483 3037 4524 romanum
3052 4472 3368 4544 conscripsit.
3399 4472 3617 4544 (Euseb.
3637 4475 3726 4530 lib.
3755 4471 3824 4530 γ.

2230 4556 2366 4614 Hist.
2396 4558 2592 4617 Eccles.
2621 4579 2735 4635 cap.
2768 4565 2822 4621 5.
2849 4583 2968 4638 pag.
2987 4565 3137 4639 169).
3163 4568 3270 4626 Nec
3292 4571 3574 4626 minimum
3603 4570 3824 4642 quidem

522 4650 700 4720 colligi
724 4663 884 4719 posse
915 4647 1056 4703 hunc
1083 4647 1394 4702 Tertulliani
1420 4647 1613 4705 librum
1645 4649 1697 4704 in
1730 4651 1900 4706 lucem
1930 4649 1998 4706 ab
2024 4651 2116 4708 illo
2144 4673 2199 4736 D
2224 4655 2434 4711 roboris
2456 4656 2581 4712 huic
2631 4661 2912 4716 sententia:
2959 4676 3026 4716 eo
3075 4661 3258 4718 afferri
3307 4675 3609 4734 autumant,
3673 4667 3827 4739 quod

519 4746 776 4801 emissum
804 4741 971 4797 fuisse
1017 4742 1194 4812 aliquo
1222 4750 1344 4813 post
1373 4742 1556 4797 Albini
1599 4758 1792 4799 necem
1846 4753 2112 4814 tempore,

515 4839 570 4895 id
618 4848 744 4906 est,
790 4845 911 4908 post
960 4836 1102 4903 197,
1162 4834 1615 4906 quemadmodum
1664 4837 2112 4908 observavimus,

513 4935 713 4992 Christi
756 4950 975 4990 annum.
1017 4934 1285 5002 Quoniam
1341 4949 1471 4990 vero
1509 4933 1874 4993 Tertullianus
1913 4936 2112 4993 ibidem

518 5028 790 5099 significat
833 5043 1122 5099 repressos
1175 5025 1344 5083 fuisse
1393 5027 1626 5098 majores
1669 5026 1918 5084 factionis
1969 5029 2112 5086 illius

514 5123 769 5193 impetus,
803 5138 865 5177 ac
899 5122 1156 5193 quasdam
1181 5130 1384 5177 tantum
1417 5119 1747 5191 superfuisse
1774 5121 1987 5178 illarum
2015 5139 2106 5179 re-

513 5215 732 5286 liquias,
759 5215 881 5270 inde
909 5230 1038 5271 sane
1055 5213 1484 5272 concludendum
1514 5223 1616 5282 est,
1640 5213 1801 5283 hujus
1838 5215 1956 5271 libri
1976 5224 2108 5271 asta-

516 5316 622 5362 tem
656 5321 798 5362 anno
829 5305 929 5362 l99
966 5317 1055 5362 aut
1085 5307 1262 5378 potius
1301 5306 1410 5362 200
1449 5305 1868 5378 consignandam
1918 5307 2108 5365 videri.

587 5397 1033 5470 Urgebit’tandem
1057 5401 1247 5470 aliquis
1267 5408 1392 5455 tunc
1410 5399 1816 5468 Tertullianum,
1837 5410 1897 5456 ut
1916 5403 2112 5471 smpius

512 5490 716 5547 dictum
743 5501 857 5559 est,
890 5507 994 5547 non
1033 5492 1272 5562 attigisse
1346 5491 1812 5563 quadragesimum
1857 5491 2109 5564 quintum

513 5585 689 5639 astatis
713 5599 826 5639 suae
849 5599 1066 5639 annum.
1094 5583 1254 5654 Atqui
1281 5599 1494 5639 summa
1550 5583 1806 5652 eruditio,
1854 5600 1974 5656 quae
2004 5585 2111 5642 mi-

511 5691 633 5732 rum
656 5677 710 5732 in
749 5676 966 5732 modum
993 5683 1047 5731 et
1077 5675 1271 5746 passim
1303 5677 1498 5748 ubique
1527 5678 1578 5736 in
1609 5677 1712 5736 hoc
1742 5677 1882 5734 illius
1903 5677 2110 5750 Apolo-

512 5768 688 5840 getico
716 5769 959 5841 refulget,
994 5767 1382 5840 provectiorem
1422 5779 1633 5826 aetatem
1677 5768 1988 5827 desiderare
2019 5770 2100 5826 vi-

2224 4746 2584 4807 Tertullianus
2607 4750 2794 4808 Romae
2808 4753 2902 4811 diu
2927 4765 3291 4831 commoratus
3318 4759 3406 4814 sit.
3441 4757 3648 4817 Rursus
3673 4777 3830 4818 nam-

2223 4854 2328 4912 que
2355 4841 2422 4900 de
2467 4843 2557 4900 illo
2605 4843 2870 4903 Eusebius
2908 4848 3023 4904 haec
3081 4852 3318 4920 posteris
3359 4854 3560 4924 scripto
3615 4854 3814 4911 tradita

2220 4935 2436 5006 reliquit
2456 4941 2567 4992 ειιὶ
2595 4955 2688 4996 τῶν
2715 4947 2926 5009 pilius.
2962 4946 3044 4999 lari
3068 4933 3241 5014 ῥώμης
3269 4954 3515 5019 λαμπρῶν.
3545 4945 3616 5002 El
3643 4948 3830 5003 Romae

2216 5029 2564 5087 celeberrimus
2588 5031 2684 5104 fuit
2713 5031 2904 5106 (Idem,
2932 5036 3054 5091 ibid.
3082 5037 3170 5096 lib.
3203 5039 3265 5095 ll.
3291 5056 3407 5111 cap.
3438 5041 3494 5095 2.
3536 5059 3659 5114 pag.
3701 5042 3822 5116 11).

2222 5119 2338 5178 Huc
2380 5139 2594 5194 quoque
2630 5127 2836 5183 accedit
2879 5128 3233 5204 Hieronymus
3265 5131 3594 5206 (Hieronym.
3637 5134 3811 5190 Catal.

2217 5213 2454 5284 scriptor.
2493 5215 2687 5272 Eccles.
2722 5234 2837 5290 cap.
2872 5220 2960 5276 53.
2995 5239 3114 5292 pag.
3142 5223 3269 5298 H5)
3304 5267 3317 5291 ,
3365 5228 3452 5297 qui
3496 5227 3816 5285 testiﬁcatur

2221 5307 2373 5362 illum
2413 5308 2730 5365 clericorum
2758 5311 3120 5372 Romanorum
3151 5327 3399 5374 vexatum
3423 5320 3589 5378 fuisse
3610 5321 3810 5378 invidia

2219 5409 2278 5458 et
2305 5401 2664 5457 contumeliis.
2693 5403 3007 5477 Ubiautem,
3027 5410 3128 5466 nisi
3155 5427 3278 5467 cum
3307 5412 3493 5470 Romae
3536 5415 3765 5487 degebat
3784 5417 3812 5472 ἲ

2287 5491 2394 5548 Sed
2421 5492 2575 5558 nihil,
2601 5493 2846 5566 inquiunt
2869 5499 2980 5567 alii,
2999 5500 3176 5557 obstat
3198 5505 3484 5574 quominus
3509 5506 3809 5566 Tertullia-

2216 5599 2337 5651 nus,
2360 5586 2521 5642 etiam
2541 5587 2666 5644 dum
2695 5589 3017 5665 Carthagine
3045 5595 3325 5665 habitaret,
3359 5598 3462 5654 illis
3483 5600 3703 5659 invidia:
3745 5611 3809 5660 et

2211 5679 2594 5738 calumniarum
2621 5685 2820 5744 aculeis
2846 5699 3187 5759 pungeretur.
3216 5691 3348 5748 Tam
3371 5695 3516 5751 enim
3539 5696 3795 5769 frequens

2209 5780 2326 5828 erat
2348 5771 2486 5828 inter
2504 5774 2772 5834 Romanos
2817 5789 2872 5836 et
2903 5780 3352 5852 Carthaginenses
3383 5793 3800 5861 commercium,

513 5859 692 5921 detur.
748 5859 864 5925 luto
899 5877 1029 5922 vero
1095 5875 1406 5934 supernum,
1460 5863 1538 5918 uti
1588 5862 1677 5920 alii
1727 5862 2101 5936 respondent,
2205 5871 2267 5923 ut
2293 5878 2451 5938 quam
2473 5863 2831 5930 Tertulliauus
2857 5883 3124 5936 meruerat
3150 5887 3375 5940 summa:
3393 5878 3717 5943 eruditionis
3736 5859 3798 5943 et
