4092 6352
265 293 374 364 τη

1414 299 1864 364 DISSERTATIO
1904 299 1968 358 D.
2011 298 2100 361 LE
2134 299 2444 363 NOURRY.

3461 297 3574 358 742

268 421 527 478 doctrina:
548 419 762 486 famam,
791 417 1067 476 abinvidis
1091 417 1346 476 Romanae
1374 419 1633 476 Ecclesia:
1662 418 1872 475 clericis
1899 416 1952 477 A
2045 419 2184 488 Quid
2210 435 2358 487 vero,
2391 417 2544 491 quod
2564 427 2844 491 postquam
2868 415 3104 476 ostendit
3130 416 3393 474 humanas
3420 417 3571 476 victi-

267 517 505 587 potuerit
527 516 770 571 lacerari.
800 515 913 572 Nec
934 516 1038 571 alio
1061 524 1229 581 certe,
1259 530 1419 586 quam
1459 514 1526 570 ad
1555 514 1695 570 hanc
1723 513 1868 570 illius

269 609 464 664 fumant
505 609 792 676 Eusebius,
822 609 999 665 verbis
1020 609 1264 681 proxime
1294 608 1471 664 citatis
1494 649 1508 673 ,
1567 607 1872 677 respexisse

272 703 404 774 ipsis
433 703 664 758 videtur.
694 703 875 774 Neque
906 703 1065 759 etiam
1113 703 1196 758 his
1247 702 1336 758 ille
1361 701 1587 758 denotat
1638 701 1872 773 aliquam

273 797 590 853 Tertulliani
619 799 672 852 in
692 798 823 854 urbe
843 797 1013 853 Roma
1028 796 1434 864 habitationem,
1463 795 1556 852 sed
1587 796 1873 852 maximam

273 889 413 960 apud
455 890 728 944 Romanos
757 890 988 944 nominis
1018 899 1072 944 et
1098 890 1251 943 fama:
1277 888 1428 959 ejus,
1454 888 1526 945 ob
1551 888 1872 960 singularem

271 983 573 1038 doctrinam
604 983 908 1053 scriptaque
933 981 1440 1050 suajcelebritatem.

343 1075 550 1146 Urgere
602 1085 779 1130 tamen
809 1075 898 1129 alii
928 1081 1199 1144 poterant,
1222 1075 1489 1128 neminem
1519 1086 1740 1143 prorsus
1769 1071 1873 1126 dil-

275 1169 416 1224 ﬁteri
440 1183 598 1240 posse
624 1168 772 1222 illum
799 1168 1025 1223 Romam
1070 1168 1259 1223 saltem
1291 1167 1458 1222 semel
1487 1169 1718 1222 venisse.
1748 1167 1877 1233 Quis

274 1262 419 1317 enim
451 1263 552 1316 hoc
579 1275 774 1332 negare
801 1261 1048 1324 auderet,
1082 1259 1224 1328 quod
1252 1260 1479 1329 ipsemet
1518 1258 1879 1314 Tertullianus

274 1353 628 1410 disertissime
655 1354 929 1408 asseruit?
959 1350 1290 1406 Gemmarum
1317 1350 1631 1405 nobilitatem
1659 1349 1878 1404 vidimus

275 1449 458 1505 Romae
483 1450 546 1504 de
576 1448 784 1521 fastidio
807 1447 899 1502 illo
931 1446 1242 1501 Parthorum
1270 1458 1317 1500 et
1347 1445 1636 1512 Medorum,
1670 1453 1878 1499 ecetera-

276 1561 487 1615 rumque
508 1543 771 1615 gentilium
797 1559 1028 1608 suorum,
1077 1557 1252 1596 coram
1289 1540 1536 1594 matronis
1585 1541 1880 1593 erubescen-

279 1647 400 1704 tem,
437 1639 535 1692 nisi
553 1654 652 1705 quo
678 1637 744 1690 ad
775 1637 1164 1691 ostentationem
1193 1635 1300 1705 fere
1355 1633 1603 1688 habentur
1637 1632 1876 1704 (Tertull.

277 1729 366 1786 lib.
417 1730 457 1786 Ι,
521 1729 585 1784 de
639 1729 794 1784 Cultu
839 1729 978 1798 (tein.
1028 1744 1142 1798 cap.
1172 1727 1274 1797 6).
1307 1728 1376 1781 At
1427 1736 1573 1781 certe
1599 1726 1739 1780 sicut
1789 1739 1877 1780 se-

1977 529 2092 570 mas
2120 513 2259 584 apud
2285 513 2459 568 varias
2484 522 2690 584 gentes,
2720 521 2775 569 et
2796 512 3064 568 Romanos
3081 511 3228 583 ipsos
3250 511 3356 580 diis
3377 511 3572 568 immo-

1978 607 2096 673 lari,
2124 616 2178 662 et
2199 607 2249 661 in
2275 603 2518 662 Catilina:
2556 606 2925 676 coniuratione
2941 605 3232 661 humanum
3254 605 3568 675 sanguinem

1976 698 2316 771 degustatum
2344 741 2358 765 ,
2417 708 2526 754 tum
2571 699 2685 755 haec
2730 699 3040 769 subiunxit:
3071 697 3245 770 Longe
3297 711 3556 753 excurro:

1979 793 2128 849 hodie
2152 793 2284 860 istic,
2317 791 2368 847 id
2397 801 2498 860 est,
2530 790 2584 846 in
2610 790 2724 862 ipsa
2783 792 2916 848 urbe
2961 791 3050 848 ubi
3094 790 3210 848 hzec
3259 774 3573 860 scribebat,

1978 883 2210 940 Bellona:
2237 896 2467 940 sacratos
2491 887 2710 956 sanguis
2750 885 2811 938 de
2834 885 3022 956 femore
3073 884 3324 956 proscisso
3362 886 3415 939 in
3456 885 3573 956 pal-

1979 980 2173 1033 mulam
2231 988 2466 1048 exceptus
2493 1020 2509 1046 ,
2560 979 2668 1034 esui
2718 979 2868 1032 datus
2925 979 3095 1050 signat
3135 978 3296 1051 (Ibid.
3346 996 3460 1048 cap.
3513 977 3570 1033 9.

1980 1089 2098 1144 pag.
2126 1070 2253 1144 52l)
2274 1071 2406 1140 Quis
2432 1087 2591 1143 ergo,
2621 1072 2882 1144 inquient,
2910 1086 3014 1126 non
3043 1071 3188 1128 videt
3206 1073 3274 1127 ab
3295 1072 3386 1127 illo
3424 1085 3578 1128 suam

1981 1165 2252 1220 civitatem
2276 1180 2305 1218 a
2329 1165 2570 1220 Romana
2598 1175 2783 1236 aperte
2809 1164 3058 1235 distingui
3083 1164 3106 1216 ?

2057 1262 2296 1334 Denique
2321 1264 2549 1318 ethnicis
2603 1263 2825 1334 opponit
2858 1263 3179 1318 christianos
3202 1307 3215 1331 ,
3259 1264 3425 1319 Deum
3471 1280 3578 1320 non

1983 1357 2332 1428 proconsulem
2387 1356 2611 1410 timentes
2642 1355 2821 1426 (Ibid.
2847 1373 2961 1426 cap.
3006 1356 3078 1412 45
3104 1361 3144 1426 ).
3181 1357 3389 1413 Ethnici
3425 1358 3583 1429 igitur

1986 1449 2144 1514 hunc,
2191 1449 2412 1505 minime
2467 1465 2595 1504 vero
2641 1449 2787 1504 illiilli
2840 1450 3114 1504 timebant.
3167 1449 3458 1506 Proconsnl
3489 1467 3584 1506 au-

1986 1553 2091 1597 tem
2142 1557 2246 1597 n0n
2303 1543 2508 1608 Romre,
2555 1543 2648 1598 sed
2692 1544 2786 1611 (in
2837 1542 3124 1610 provinciis
3175 1545 3312 1600 hanc
3365 1545 3586 1616 gerebat

1986 1633 2210 1703 primam
2237 1633 2582 1705 magistratus
2621 1635 2956 1704 dignitatem.
2987 1634 3186 1690 Verum
3211 1637 3313 1690 alia
3340 1638 3584 1707 superio-

1986 1729 2062 1784 ris
2092 1731 2372 1784 sententia:
2400 1731 2759 1798 ﬁrmamenta,
2796 1729 2988 1801 quibus
3018 1729 3289 1786 Romanos
3322 1732 3584 1802 praesules

277 1825 416 1890 mel,
466 1824 535 1878 ita
589 1823 784 1892 saepius
839 1822 1064 1876 Romam
1119 1821 1201 1876 ire
1239 1821 1412 1890 potuit
1441 1862 1454 1885 .
1512 1820 1690 1890 ibique
1729 1832 1879 1874 com-
1909 1815 1960 1879 Β
1987 1822 2336 1892 eompcllatos
2369 1838 2492 1879 esse
2520 1823 2877 1892 ostendimus,
2919 1823 2999 1878 his
3042 1823 3307 1880 rationum
3339 1840 3586 1881 momen-

276 1916 508 1970 morari.
556 1913 768 1985 Optime
818 1914 1035 1985 quidem
1107 1921 1372 1984 reponent
1430 1913 1516 1966 alii
1546 1911 1689 1968 :Sed
1744 1927 1880 1982 quo-

279 2007 442 2063 modo
473 2007 686 2077 probari
719 2016 971 2077 poterunt
995 2005 1098 2060 alia
1115 2004 1429 2060 Tertulliani
1453 2002 1506 2058 in
1531 2002 1668 2059 hanc
1690 2005 1880 2059 urbem

278 2102 494 2168 itinera,
519 2111 610 2155 aut
630 2116 750 2154 eum
784 2099 858 2153 ibi
889 2114 1075 2154 revera
1119 2099 1386 2154 mansisse
1429 2096 1644 2169 quando
1675 2096 1879 2167 Apolo-

279 2195 513 2264 getiCmn
541 2191 862 2248 conﬁciebat
886 2193 909 2246 ?

353 2285 716 2352 Quamobrem
741 2286 919 2355 plures
959 2284 1287 2339 arbitrantur
1325 2283 1475 2338 illum
1500 2296 1721 2353 prorsus
1745 2281 1882 2336 Car-

283 2381 504 2451 thagine
533 2378 758 2444 editum,
809 2377 1154 2449 oblatumque
1185 2377 1410 2446 hujusce
1441 2375 1673 2430 civitatis
1700 2375 1885 2446 ιη·ωεὶ-

283 2472 462 2528 dibus.
500 2471 714 2526 Etenim
746 2470 814 2524 ab
861 2469 1028 2536 illius,
1071 2469 1148 2524 uti
1196 2469 1309 2539 jam
1360 2469 1591 2524 vidimus
1617 2511 1632 2537 ,
1660 2468 1886 2525 exordio

282 2565 410 2621 illos
427 2573 601 2630 vocat,
633 2566 689 2619 in
715 2573 892 2635 aperto
923 2573 972 2618 et
997 2563 1130 2618 edito
1158 2563 1338 2618 uertice
1366 2564 1582 2617 ciuitatis
1609 2561 1887 2632 praesiden-

285 2668 358 2714 tes
404 2657 615 2727 (Idem,
671 2659 936 2729 Apologet.
982 2665 1097 2726 cap.
1150 2656 1240 2712 16.
1289 2673 1408 2729 pag.
1452 2656 1607 2727 259).
1651 2656 1884 2712 Rursum

288 2765 420 2807 vero
449 2751 576 2806 alibi
611 2768 623 2804 :
650 2749 718 2804 In
765 2751 884 2817 ista,
919 2751 1113 2821 inquit,
1141 2749 1342 2804 civitate
1368 2750 1420 2804 in
1448 2765 1553 2820 qua
1579 2764 1733 2804 suum
1765 2749 1884 2804 elu-

285 2843 548 2900 cubrabat
601 2843 1035 2914 Apologeticum.
1069 2842 1231 2912 Atqui
1269 2842 1440 2896 Roma
1492 2857 1600 2896 non
1655 2840 1882 2907 civitas,

286 2938 382 2995 sed
409 2937 561 3006 urbs,
614 2947 774 3009 atque
820 2952 887 2993 eo
917 2937 1034 2993 solo
1077 2936 1232 2992 Urbis
1269 2935 1485 2991 nomine
1536 2950 1632 3005 per
1661 2943 1887 2989 antono-

289 3034 514 3086 masiam
549 3032 806 3102 appellari
838 3031 1066 3086 solebat.
1111 3029 1300 3086 Nonne
1328 3032 1470 3085 enim
1513 3030 1628 3085 btec
1659 3029 1888 3099 ipsumet

287 3133 412 3180 sunt
456 3125 584 3189 eius
614 3125 774 3179 verba
801 3141 814 3178 :
843 3122 1103 3178 Liberum.
1129 3161 1142 3176 .
1167 3165 1180 3178 .
1213 3161 1227 3177 .
1247 3122 1480 3176 consules
1512 3131 1718 3176 senatus
1758 3136 1884 3174 auc-

1985 1919 2056 1972 tis
2085 1931 2181 1971 nec
2210 1915 2581 1984 destruuntur,
2614 1933 2711 1972 nec
2734 1917 3092 1972 inﬁrmantur.

2058 2010 2234 2066 Tertia
2261 2011 2459 2083 itaque.
2489 2020 2542 2068 et
2568 2011 2707 2066 inter
2737 2023 3040 2082 utramque,
3067 2011 3322 2067 hactenus
3355 2027 3384 2066 a
3431 2012 3585 2068 nobis

1985 2106 2305 2176 expositam,
2333 2105 2505 2160 media
2548 2105 2760 2162 illorum
2792 2107 2973 2176 opinio
2996 2088 3098 2173 est,
3131 2107 3220 2177 qui
3260 2107 3586 2162 arbitrantur

1986 2196 2129 2252 hunc
2154 2197 2562 2269 Apologeticum
2620 2199 2810 2254 librum
2852 2215 2882 2254 a
2938 2199 3269 2255 Tertulliano
3323 2201 3583 2257 directum

1986 2290 2153 2347 fuisse
2184 2307 2289 2346 non
2319 2293 2472 2346 unius
2498 2301 2702 2347 tantum
2735 2294 2987 2358 civitatis,
3021 2303 3112 2349 aut
3135 2295 3422 2364 provincia:
3446 2340 3460 2364 ,
3491 2295 3587 2351 sed

1988 2385 2172 2449 totius,
2197 2400 2355 2455 quam
2386 2385 2543 2456 longe
2585 2386 2796 2456 lateque
2823 2387 3058 2458 patebat,
3115 2391 3321 2444 romani
3375 2390 3584 2460 imperii

1988 2476 2330 2549 praesidibus.
2363 2480 2430 2532 At
2447 2494 2508 2534 ea
2527 2479 2570 2533 si
2596 2479 2809 2548 probari
2835 2481 3022 2549 possit,
3045 2480 3268 2535 aliarum
3289 2491 3585 2539 assertores

1987 2579 2240 2642 poterunt
2287 2585 2468 2626 secum
2519 2569 2676 2626 facile
2733 2572 3090 2627 reconciliari.
3146 2571 3336 2628 Utrum
3403 2583 3584 2630 autem

1989 2679 2113 2719 vera
2143 2665 2232 2729 sit,
2256 2663 2382 2734 quia
2412 2663 2462 2718 id
2497 2663 2571 2719 ab
2598 2664 2714 2734 ejus
2739 2665 2977 2734 patronis
3007 2680 3113 2719 non
3165 2667 3294 2720 satis
3334 2675 3587 2724 accurate

1988 2758 2412 2814 demonstratum
2440 2768 2541 2823 est,
2567 2774 2596 2812 a
2637 2758 2789 2813 nobis
2843 2757 3150 2828 diligentius
3182 2744 3585 2828 inquirendum.

1990 2850 2172 2906 Primo
2202 2851 2380 2922 itaque
2407 2859 2618 2906 constat
2647 2851 2788 2905 hunc
2821 2851 3016 2906 librum
3050 2851 3207 2906 nullis
3230 2853 3582 2918 nominatim,

1989 2942 2082 2997 sed
2111 2943 2405 3013 generatim
2425 2942 2741 3013 praesidibus
2763 2943 2985 2998 missum
3013 2959 3134 3000 esse
3170 2944 3494 3000 etoblatum.
3525 2945 3584 3002 Si

1990 3038 2079 3108 qui
2110 3038 2253 3093 enim
2285 3039 2500 3092 nomine
2534 3052 2654 3104 suo,
2691 3052 2793 3092 nec
2822 3038 2910 3092 alii
2949 3048 3142 3108 prmter
3172 3039 3294 3094 illos
3347 3039 3583 3110 appella-

1990 3140 2192 3196 rentur,
2224 3131 2365 3185 nulla
2401 3146 2521 3186 esse
2552 3141 2732 3200 posset
2770 3131 2833 3187 lis
2873 3139 2963 3186 aut
3007 3135 3405 3188 controversia.
3452 3132 3587 3189 Nam

289 3219 514 3284 toritate,
565 3234 668 3272 non
696 3219 846 3272 modo
872 3216 1027 3284 Urbe,
1077 3215 1169 3272 sed
1222 3217 1460 3271 universa
1505 3213 1665 3270 Italia
1718 3215 1882 3270 elimi-

1993 3223 2056 3278 iis
2080 3225 2225 3278 hunc
2249 3224 2298 3277 in
2322 3223 2538 3278 modum
2586 3224 2893 3291 nominatis,
2926 3224 3169 3280 absoluta
3219 3240 3349 3281 sane
3377 3241 3439 3282 ac
3461 3241 3586 3296 pcr-

288 3319 535 3365 naoerunt
560 3308 718 3379 (Ibid.
751 3326 865 3380 cap.
889 3308 944 3364 6.
975 3327 1096 3382 pag.
1129 3308 1279 3377 505).

364 3406 567 3462 Deinde
585 3422 644 3462 se
671 3416 796 3462 tunc
825 3407 971 3462 illinc
1017 3406 1254 3462 abfuisse
1309 3405 1449 3460 baud
1498 3406 1726 3461 obscure
1752 3403 1887 3460 Ter-

294 3497 548 3553 tullianus
580 3499 693 3570 ipse
744 3499 1027 3568 signiﬁcat.
1077 3497 1211 3553 Nam
1270 3496 1389 3568 po'st
1438 3497 1597 3552 citata
1649 3497 1890 3566 proxime

294 3591 442 3647 illius
490 3593 650 3648 verba
706 3592 882 3647 dixit:
921 3591 1050 3646 Ecce
1098 3593 1152 3645 in
1204 3591 1298 3644 illa
1341 3590 1718 3661 religiosissima
1771 3588 1892 3643 urbe

289 3683 592 3741 Eneadum
619 3687 838 3758 piorum,
871 3685 921 3740 id
943 3694 1045 3752 est,
1075 3685 1270 3751 Roma,
1310 3692 1382 3738 est
1431 3682 1635 3756 Jupiter
1687 3682 1889 3753 quidem

291 3776 457 3848 (Ibid.
479 3794 592 3847 cap.
612 3778 668 3834 9.
683 3796 803 3850 pag.
818 3776 1134 3848 517).Vides
1152 3774 1288 3831 hanc
1314 3775 1381 3830 ab
1405 3790 1470 3832 eo
1488 3775 1663 3830 vocari
1680 3774 1889 3840 urbem,

300 3881 355 3927 et
376 3871 462 3927 his
483 3870 682 3938 verbis;
701 3873 754 3925 in
778 3872 890 3938 illa,
921 3869 1210 3941 signiﬁcari
1241 3884 1301 3924 se
1320 3868 1388 3924 ab
1407 3884 1468 3924 ea
1515 3867 1682 3922 luisse
1711 3880 1890 3921 remo-

297 3976 436 4022 tum.
467 3969 550 4023 Ad
579 3968 694 4022 hinc
719 3981 872 4034 vero,
905 3966 993 4020 ubi
1022 3965 1221 4035 patrios
1264 3971 1318 4018 et
1346 3962 1607 4033 indigetes
1635 3974 1891 4030 quorum-

289 4057 418 4113 dam
447 4058 720 4114 nationum
753 4058 885 4113 deos
919 4065 1164 4112 recenset
1198 4072 1213 4110 :
1244 4053 1530 4121 Romanas,
1582 4061 1638 4112 ut
1685 4052 1890 4120 opinor,

289 4154 485 4226 inquit,
516 4155 801 4225 provincias
829 4152 987 4220 edidi,
1018 4167 1111 4206 nec
1142 4161 1308 4205 tamen
1349 4149 1612 4204 Romanos
1659 4146 1782 4200 deos
1808 4160 1893 4198 ea-

288 4259 438 4316 rum,
466 4250 614 4319 ‘quia
680 4245 862 4302 Romte
912 4263 1015 4301 non
1058 4247 1223 4318 magis
1278 4244 1553 4311 coluntur,
1603 4257 1756 4313 quant
1807 4241 1896 4311 qui

293 4356 396 4414 per
447 4341 616 4411 ipsam
666 4338 1121 4410 quoque‘Italiam
1175 4337 1480 4409 municipali
1519 4333 1894 4391 consecratione

289 4443 562 4489 censentur
617 4433 637 4501 (
667 4431 806 4486 Ibid.
849 4448 966 4502 cap.
996 4432 1126 4501 24).
1161 4433 1228 4486 At
1275 4445 1405 4485 sane
1449 4430 1493 4485 si
1515 4429 1658 4484 hunc
1697 4429 1893 4484 librum

291 4525 544 4582 Romano
573 4524 779 4579 senatui
818 4532 1199 4593 nuncupasset,
1232 4539 1338 4579 non
1367 4523 1450 4578 his
1479 4522 1676 4588 verbis,
1710 4521 1897 4576 Roma-

1993 3317 2130 3374 fecta
2157 3331 2345 3372 caussa
2377 3326 2512 3372 erat.

2066 3409 2272 3465 Deinde
2292 3425 2423 3464 vero
2448 3408 2682 3464 fatentur
2711 3424 2902 3466 onmes
2941 3408 2992 3464 in
3021 3409 3124 3465 hoc
3143 3410 3280 3465 libro
3309 3409 3587 3466 Romanos

1995 3503 2389 3575 p‘rzesides,nec
2410 3504 2576 3559 semel
2605 3503 3412 3575 quidcm,eompellari.Ecquid
3444 3504 3590 3560 enim

1995 3597 2048 3653 id
2081 3609 2381 3669 negaretur,
2407 3591 2676 3669 qnodjam
2708 3601 2988 3671 probatum
3020 3609 3123 3666 est,
3167 3609 3329 3670 atque
3360 3599 3443 3654 his
3471 3616 3591 3654 rur-

1994 3705 2112 3744 sum
2128 3689 2314 3750 .verbis
2338 3690 2723 3746 conﬁrmatur:
2763 3689 2831 3746 Ut
2868 3691 2934 3745 ad
2965 3707 3046 3745 eos
3073 3691 3418 3744 dominatores
3473 3709 3589 3761 gen~

1996 3783 2122 3837 tium
2166 3783 2466 3854 adspiciam.
2515 3781 2684 3838 IIomo
2729 3784 2824 3854 fuit
2867 3781 3040 3837 Numa
3074 3783 3362 3856 Pompilius
3402 3783 3585 3855 (Ibid.

1993 3890 2110 3945 cap.
2158 3873 2220 3928 21
2253 3874 2272 3946 )
2328 3873 2510 3946 Neque
2564 3883 2742 3930 tamen
2773 3873 2884 3929 .hos
2939 3883 3143 3929 tantum
3170 3875 3423 3944 praesides
3448 3917 3462 3942 ,
3487 3876 3586 3933 sed

1995 3966 2269 4035 Quirites,
2319 3976 2372 4022 et
2425 3968 2598 4037 ipsam
2630 3981 2840 4038 quoque
2897 3967 3106 4038 plebem
3160 3967 3460 4023 Romanam
3514 3970 3592 4026 sic

1996 4060 2287 4131 alloquitur
2337 4061 2355 4131 (
2388 4059 2524 4114 Ibid.
2578 4077 2694 4133 cap.
2745 4060 2856 4132 '55)
2885 4079 2900 4117 :
2936 4059 3090 4134 Ipsos
3141 4059 3392 4128 Quirites,
3425 4063 3593 4133 ipsam

1996 4157 2323 4210 vernaculam
2402 4165 2586 4226 septem
2653 4156 2892 4223 collium,
2943 4156 3046 4212 hoc
3101 4166 3218 4224 est,
3284 4156 3431 4212 urbis
3482 4157 3594 4212 Ro.

1997 4266 2120 4316 nite,
2150 4250 2387 4315 Plebem,
2415 4251 2656 4305 convenio
2677 4293 2690 4316 ,
2721 4267 2787 4305 an
2835 4251 2988 4305 alicui
3043 4250 3234 4306 Cwsari
3268 4268 3362 4307 suo
3408 4261 3588 4322 parcat

1998 4343 2174 4413 lingua
2213 4341 2493 4396 Romana?
2543 4341 2920 4398 Verumtamen
2984 4342 3129 4398 aliud
3180 4350 3296 4410 est,
3352 4343 3587 4414 inquies,

1997 4437 2204 4507 aliquos
2251 4438 2304 4490 in
2363 4436 2500 4491 libro
2554 4452 2650 4491 suo
2680 4437 2900 4510 alloqui,
2953 4436 3095 4492 aliud
3139 4453 3270 4493 vero
3321 4437 3386 4492 iis
3437 4452 3595 4492 suum

1998 4529 2209 4585 mittere
2239 4539 2293 4584 et
2320 4530 2861 4600 nuncuparelibrum.
2882 4531 3045 4585 Recte
3075 4529 3313 4599 quidem.
3345 4528 3450 4584 Sed
3477 4543 3592 4593 cur,

291 4638 417 4690 nas,
437 4621 718 4685 Romanos,
738 4618 918 4673 Roma:
936 4660 949 4683 ,
971 4618 1066 4674 sed
1087 4617 1262 4688 petius
1282 4618 1399 4673 istis
1418 4636 1430 4670 :
1449 4627 1659 4684 vestras,
1681 4626 1888 4683 vestros,
1917 4615 1972 4675 D
1999 4622 2190 4676 amabo
2221 4630 2271 4675 te
2289 4662 2302 4687 ,
2353 4636 2540 4676 omnes
2586 4622 2856 4677 Romanos
2900 4621 3157 4690 przrsides
3179 4663 3192 4686 ,
3227 4620 3491 4688 Quirites,
3542 4626 3598 4673 et

295 4716 578 4782 etavobis,
609 4715 788 4785 utique
813 4722 1075 4768 uteretur.
1095 4709 1358 4766 Eumdem
1393 4721 1567 4764 tamen
1599 4710 1652 4764 in
1679 4708 1896 4764 modmn

295 4810 422 4866 alibi
451 4809 626 4866 adhuc
653 4809 862 4865 locutus
895 4815 977 4864 est
1009 4805 1060 4878 (ι
1071 4805 1176 4861 bid.
1211 4821 1329 4876 cap.
1356 4803 1449 4874 2i,
1473 4820 1594 4877 pag.
1613 4801 1747 4871 592,
1777 4819 1893 4874 cap.

295 4905 389 4961 '55.
419 4921 538 4977 pag.
562 4903 714 4975 451).

377 4997 580 5053 instant
609 5005 872 5068 prseterea
897 4995 1096 5051 nullam
1144 4994 1195 5051 in
1219 4993 1322 5050 hoc
1347 4993 1483 5050 libro
1536 4993 1651 5048 ﬁeri
1680 4999 1898 5048 senatus

305 5088 537 5144 Romani
564 5089 912 5156 mentionem,
941 5089 1036 5143 sed
1057 5086 1213 5143 sicuti
1242 5087 1395 5142 initio
1424 5084 1672 5140 antistites
1696 5093 1742 5139 et
1765 5097 1899 5154 prte-

307 5183 554 5250 sidentes,
586 5183 656 5238 ita
683 5184 807 5239 etin
837 5182 944 5239 ﬁne
975 5183 1216 5254 praesides
1237 5180 1569 5252 compellari.
1611 5178 1728 5234 Iam
1768 5189 1900 5232 vero

299 5276 498 5332 audisti
529 5278 708 5348 priora
745 5278 863 5349 ejus
914 5278 1075 5334 verba
1105 5321 1119 5344 ,
1172 5293 1314 5333 nunc
1366 5275 1662 5348 posteriora
1709 5258 1898 5329 audias

301 5373 462 5429 velim
499 5372 648 5428 :Sed
665 5373 759 5426 hoc
801 5371 956 5444 agite,
977 5372 1095 5426 boni
1135 5371 1378 5442 prcesides
1403 5412 1419 5435 ,
1460 5371 1691 5425 meliores
1740 5368 1898 5424 multo

303 5467 443 5539 apud
465 5467 732 5538 populum,
758 5466 801 5522 si
829 5465 932 5520 illis
959 5465 1269 5519 christianos
1298 5465 1696 5520 immolaveritis.
1733 5462 1896 5536 (Ibid.

301 5577 419 5632 cap.
451 5559 540 5616 50.
565 5577 684 5631 pug.
710 5557 858 5629 530-)
891 5561 957 5614 At
992 5573 1056 5613 eo
1079 5557 1294 5613 nomine
1320 5571 1429 5612 non
1453 5556 1898 5628 appellatRoma-

307 5667 404 5709 nos
424 5662 723 5718 senatores,
781 5659 873 5707 aut
931 5651 1300 5722 magistratus,
1350 5650 1448 5706 sed
1488 5651 1623 5707 alios
1672 5651 1726 5708 in
1767 5651 1900 5707 urbe

303 5759 365 5802 ac
382 5743 680 5820 provincia,
705 5744 889 5827 inqua
918 5743 1188 5811 manebat,
1220 5740 1398 5801 Africa
1417 5742 1670 5803 videlicet
1693 5753 1750 5801 et
1771 5744 1899 5801 Car-

303 5835 518 5913 thagine
536 5837 858 5912 praesidentes
886 5844 936 5895 et
955 5836 1221 5897 antistites.

2005 4715 2244 4784 plebeios
2266 4715 2573 4770 nominibus
2598 4717 2708 4771 suis
2730 4717 3019 4787 appellavit
3038 4759 3050 4781 ,
3085 4716 3184 4771 nisi
3204 4717 3326 4786 quia
3356 4730 3510 4771 suum
3528 4714 3597 4771 ad

2003 4824 2098 4866 eos
2128 4808 2322 4865 librum
2345 4811 2664 4866 mittendum
2695 4826 2816 4867 esse
2842 4822 2991 4866 certo
3025 4811 3288 4865 noverat?

2075 4907 2144 4961 At
2169 4905 2297 4960 satis
2322 4905 2604 4977 perspicue
2622 4906 3104 4970 ostendimus,non
3159 4905 3431 4961 Romanos
3476 4912 3598 4961 tan.

2004 5006 2113 5052 tum
2130 5041 2144 5062 ,
2171 4996 2264 5053 sed
2287 4998 2419 5054 alios
2440 4999 2615 5054 etiam
2634 4998 2890 5071 prtesides
2910 5000 2962 5053 in
2984 4997 3088 5052 boc
3109 4997 3422 5054 Tertulliani
3455 4998 3594 5055 libro

2003 5091 2332 5162 compellari.
2368 5091 2619 5164 Exposita
2656 5107 2884 5162 namque
2936 5095 2987 5146 in
3019 5093 3268 5148 secunda:
3329 5094 3598 5164 Opinionis

2002 5183 2368 5239 defensionem
2401 5195 2712 5257 argumenta
2753 5199 2861 5239 non
2894 5183 3072 5239 minus
3124 5195 3307 5254 aperte
3361 5189 3590 5257 probant

2002 5277 2209 5333 huncce
2239 5277 2432 5332 librtnn
2464 5277 2583 5332 aliis
2629 5276 2882 5345 scriptum
2909 5274 3075 5332 fuisse
3096 5318 3110 5342 ,
3143 5292 3300 5349 quam
3351 5278 3600 5334 Romano

2003 5372 2212 5428 senatui
2244 5415 2258 5439 ,
2287 5383 2379 5426 aut
2405 5370 2722 5442 przesidihus
2752 5369 3034 5424 Romanis.

2077 5464 2191 5520 Huc
2215 5463 2452 5530 accedit,
2481 5462 2624 5533 quod
2651 5470 2838 5516 auctor
2859 5469 3046 5518 noster
3068 5463 3118 5518 in
3153 5463 3252 5518 hoc
3279 5465 3588 5536 Apologcti-

2004 5571 2103 5623 co,
2157 5555 2605 5628 quemadmodum
2656 5555 2709 5610 in
2740 5554 2950 5610 duobus
2977 5559 3045 5610 ad
3096 5555 3345 5612 Nationes
3399 5555 3549 5615 libris
3579 5597 3598 5625 ,

2005 5663 2346 5705 communem
2389 5647 2663 5716 omnium,
2700 5657 2981 5721 quotquot
3031 5650 3084 5706 in
3139 5651 3270 5706 orbe
3331 5660 3597 5709 terrarum

2003 5752 2178 5811 erant,
2208 5741 2629 5800 christianorum
2657 5757 2903 5800 caussam
2934 5744 3061 5817 agit.
3079 5744 3228 5801 Sicut
3253 5760 3382 5818 ergo
3410 5746 3508 5804 hos
3527 5749 3595 5805 ad

2006 5843 2224 5893 cunctas
2254 5833 2496 5894 nationes
2516 5873 2531 5904 ,
2565 5835 2635 5892 ita
2657 5834 3066 5911 Apologeticum
3088 5837 3282 5896 librum
3311 5836 3377 5897 ad
3403 5825 3599 5900 omnes
