4092 6352
491 314 601 381 745

1562 315 1629 374 ΙΝ
1668 311 2136 376 TERTULLIANI
2173 313 2707 376 APOLOGETICUM

3690 320 3815 380 Ἠῶ

490 438 719 498 Romani
752 435 959 508 imperii
989 433 1244 507 praesides
1268 434 1336 490 ab
1384 448 1451 490 eo
1510 434 1709 492 missos
1762 433 1964 504 fuisse,
1996 433 2086 490 cui
2113 432 2168 492 Α
2193 440 2299 489 tem
2327 435 2644 507 praeceptis,
2676 433 2872 506 quibus
2899 434 3119 493 cuilibet
3163 436 3460 494 christiano
3506 435 3795 494 horrendis

491 534 936 593 verisimillimum
978 546 1086 586 non
1115 529 1422 586 videbitur?

562 627 744 697 Neque
770 623 972 680 dixeris
997 623 1257 696 scriptum
1298 621 1367 678 ab
1393 623 1486 679 illo
1507 638 1720 696 quoque
1743 666 1758 691 ,
1812 623 1864 678 in
1917 621 2091 679 chris—

488 719 753 776 tianorum
783 715 1184 783 defensionem,
1207 716 1402 780 alium,
1443 725 1501 771 ut
1531 719 1645 787 ipse
1687 727 1876 783 vocat,
1931 715 2088 771 libel-

488 813 634 879 lum,
665 828 824 885 quem
854 812 919 866 ad
947 811 1265 882 Scapulam,
1315 811 1606 882 praeposito
1655 811 1798 867 illius
1825 811 2046 888 nomine
2070 852 2083 876 ,

487 907 704 964 direxit.
745 907 1044 978 Cur‘enim,
1080 905 1308 962 obsecro
1340 915 1390 962 te
1411 947 1425 970 ,
1459 906 1585 961 huic
1609 921 1790 976 quem,
1819 904 2079 975 ohjcctas,

487 1000 671 1057 libello
701 997 1045 1056 Proconsulis
1077 997 1353 1069 proprium
1403 1013 1603 1053 nomen
1651 997 1958 1067 inscripsit?
1987 1012 2084 1050 cur

439 1081 446 1084 ἤ
488 1095 542 1152 in
566 1111 632 1152 eo
663 1095 859 1166 ubique
879 1110 939 1150 sc
965 1093 1033 1149 ad
1057 1108 1180 1150 eum
1207 1094 1482 1163 speciatim
1511 1091 1749 1148 scribere
1777 1089 2084 1162 signiﬁcat?

486 1202 586 1245 cur
615 1203 645 1243 c
695 1189 968 1244 contrario
1024 1187 1076 1241 in
1122 1185 1470 1256 Apologetico
1522 1184 1691 1240 multo
1735 1183 1970 1255 graviori
2019 1197 2084 1237 ac

487 1281 714 1353 longiori
741 1281 883 1337 libro
904 1321 918 1346 ,
955 1278 1152 1334 nullius
1174 1278 1329 1348 plane
1367 1277 1652 1348 singularis
1683 1277 1916 1331 hominis
1937 1318 1950 1341 ,
1984 1291 2085 1331 nec

485 1374 840 1446 quorumdam
873 1372 1161 1444 praesidum
1194 1386 1390 1427 nomen
1419 1370 1568 1425 ullibi
1597 1369 1862 1425 inseruit?
1893 1368 2085 1424 Nonne

486 1466 604 1522 htec
655 1467 767 1536 ipsa
818 1466 955 1520 ratio
1012 1473 1133 1530 est,
1189 1463 1313 1533 quia
1369 1461 1783 1532 Apologeticum
1832 1460 2086 1515 omnibus

486 1558 814 1635 generaliter
829 1557 1056 1613 ethnicis
1079 1555 1396 1627 praesidibus
1426 1554 1774 1610 scribendum
1804 1568 1927 1609 esse
1958 1569 2086 1608 cen-

486 1655 638 1710 suit?
685 1652 753 1708 Et
776 1662 923 1708 certe
969 1651 1015 1706 is
1040 1650 1257 1706 videtur
1297 1664 1419 1704 esse
1463 1649 1758 1718 primorum
1789 1647 1916 1703 libri
1941 1647 2084 1702 illius

493 1746 786 1803 verborum
814 1758 1006 1800 sensus
1039 1761 1052 1799 :
1085 1742 1270 1798 Sinon
1299 1741 1413 1796 licet
1442 1741 1604 1807 vobis,
1644 1740 1863 1796 Romani
1885 1742 2084 1810 imperii

2197 527 2606 588 cruciatibusac
2632 528 2794 584 morti
2822 528 3214 587 crudelissima:
3244 531 3387 589 ultro
3429 546 3490 588 se
3519 546 3794 604 exponere

2194 621 2498 678 vetabatur.

2267 715 2407 784 Quid
2457 732 2623 785 vero,
2671 716 2921 790 inquiunt
2967 719 3095 785 alii,
3152 719 3196 776 si
3251 720 3492 792 martyrii
3524 719 3797 776 desiderio

2192 809 2554 868 inflammatus
2579 853 2594 878 ,
2623 813 2881 884 supplicia
2921 823 3260 884 mortemque
3291 829 3387 885 pro
3429 813 3631 869 Christi
3660 828 3792 869 cons

2189 903 2427 960 fossione
2453 920 2519 961 eo
2547 905 2726 960 minus
2753 905 3020 970 timuerit,
3053 921 3160 976 quo
3186 905 3462 961 ardentius
3487 920 3607 960 eam
3637 915 3794 976 opta-

2189 995 2318 1052 bat?
2340 998 2476 1066 Quid
2501 999 2663 1054 ctiam
2688 1040 2704 1064 ,
2729 998 2773 1053 si
2794 1013 3111 1070 persuasum
3141 1000 3364 1053 omnino
3394 997 3580 1052 habuit
3597 1012 3795 1054 nomen

2144 1117 2148 1121 -
2188 1104 2343 1146 suum
2382 1093 2550 1148 latere
2576 1093 2668 1148 diu
2699 1093 2819 1149 aliis
2849 1108 2955 1149 non
2985 1094 3258 1163 potuisse,
3290 1093 3386 1148 sed
3446 1092 3562 1149 fore
3591 1103 3650 1148 ut
3678 1093 3795 1165 ipSo

2187 1200 2289 1240 suo
2333 1185 2547 1242 dicendi
2594 1203 2794 1255 genere
2822 1189 3074 1245 omnibus
3121 1189 3305 1245 statim
3337 1188 3492 1246 ﬁeret
3539 1187 3794 1245 manifes-

2189 1278 2342 1333 tum?
2368 1278 2627 1346 Quamvis
2677 1295 2810 1352 ergo
2830 1279 3101 1351 judicibus
3130 1280 3306 1350 palam
3333 1295 3393 1338 se
3417 1281 3613 1336 sistere
3625 1296 3793 1338 ausus

2189 1386 2296 1426 non
2326 1371 2524 1436 fuerit;
2555 1373 2728 1442 potuit
2773 1383 2956 1428 tamen
2986 1373 3242 1438 occultze,
3271 1382 3328 1428 ut
3361 1373 3475 1444 ipse
3513 1371 3750 1442 loquitur
3775 1415 3790 1439 ,

2190 1464 2470 1541 tacitarum
2497 1464 2796 1521 litterarum
2825 1465 2926 1520 vite
2974 1479 3132 1521 suum
3162 1479 3360 1520 nomen
3394 1465 3744 1541 __pra:mittere
3767 1506 3785 1532 ,

2188 1556 2330 1625 quod
2358 1540 2754 1614 diu‘occultare
2801 1573 2907 1614 non
2937 1565 3170 1628 poterat.
3230 1540 3398 1612 Nulla
3436 1572 3648 1630 quoque
3703 1559 3786 1611 vi-

2187 1648 2346 1703 detur
2401 1663 2523 1705 esse
2553 1649 2731 1715 ratio,
2762 1665 2859 1705 cur
2907 1651 2961 1707 in
3013 1649 3172 1721 hujus
3207 1651 3384 1720 potius
3432 1649 3594 1716 libri,
3621 1664 3784 1721 quam

2190 1740 2418 1796 aliorum
2439 1741 2507 1796 ad
2533 1739 2782 1799 Nationes
2809 1749 2872 1799 et.
2893 1741 3176 1814 Scapulam
3203 1741 3358 1798 titulo
3404 1756 3604 1799 nomen
3631 1757 3788 1800 suum

483 1839 735 1894 antistites
759 1880 777 1901 ,
810 1837 860 1892 id
883 1847 1002 1903 est,
1048 1835 1138 1906 qui
1171 1835 1221 1888 in
1277 1842 1390 1889 toto
1421 1833 1664 1888 Romano
1709 1825 1935 1910 imperio
1965 1833 2080 1904 pri-
2111 1818 2160 1878 Β
2187 1836 2483 1891 reticuerit.

483 1935 639 1992 marii
665 1975 680 2000 ,
715 1933 987 2005 principes
1010 1973 1024 1996 ,
1053 1939 1107 1986 et
1138 1927 1394 2000 praesides
1423 1928 1553 1984 estis
1573 1967 1592 1995 ,
1624 1928 1679 1982 in
1707 1939 1884 1998 aperto
1906 1938 1950 1982 et
1979 1927 2082 1981 edi-

487 2038 568 2094 to,
597 2028 648 2081 in
681 2025 820 2098 (qua:
844 2026 1026 2080 ultima
1060 2021 1319 2094 particula
1351 2019 1690 2076 desideratur
1734 2021 1787 2075 in
1829 2020 2080 2075 omnibus

481 2119 761 2174 codicibus
790 2117 989 2173 nostris
1014 2157 1030 2184 ,
1060 2125 1114 2171 et
1159 2113 1322 2171 editis
1361 2109 1779 2184 antiquioribus)
1820 2112 1932 2183 ipso
1973 2118 2082 2184 [ere

480 2216 661 2268 eet-tice
688 2213 904 2268 civitatis
927 2253 942 2278 ,
975 2210 1226 2266 nimirum
1257 2207 1518 2279 cujusque
1562 2205 1968 2279 prasidentibus.
2000 2204 2077 2260 lbi

479 2306 624 2361 enim
658 2304 935 2360 indeﬁnite
959 2302 1137 2358 dixit:
1174 2301 1396 2357 Romani
1417 2301 1622 2367 imperii
1664 2299 1952 2365 antistites,
1984 2297 2075 2368 qni

477 2400 532 2455 in
562 2408 750 2469 aperto
771 2409 931 2468 atque
955 2397 1100 2452 edito
1127 2397 1243 2465 ipso
1285 2396 1487 2451 vertice
1534 2393 1768 2450 civitatis
1791 2391 2078 2463 cujuslibet

478 2492 545 2545 ad
569 2491 703 2545 alios
729 2488 1052 2560 judicandos
1079 2487 1405 2560 prtesidetis.
1438 2488 1510 2541 At
1535 2486 1651 2541 hinc
1677 2483 2073 2556 interpretatio,

479 2593 534 2638 et
567 2584 722 2638 tertia
753 2582 969 2653 opinio,
1004 2580 1068 2636 id’
1085 2581 1274 2636 saltem
1305 2579 1466 2635 habet
1490 2577 1797 2646 commodi,
1828 2577 1973 2649 quod
1993 2578 2074 2656 fac

476 2675 581 2732 cile
613 2675 764 2730 tollat
793 2674 1099 2746 propositas
1123 2673 1192 2727 ab
1217 2673 1443 2727 aliarum
1475 2671 1862 2727 sententiarum
1890 2679 2072 2742 patro-

477 2769 562 2824 nis
583 2767 956 2834 difﬁcultates,
981 2777 1034 2822 et
1062 2766 1320 2836 ipsasmet
1345 2765 1588 2820 diversas
1617 2765 1913 2820 sententias
1936 2765 2076 2820 inter

478 2877 538 2917 se
553 2862 824 2918 conciliet.
857 2860 988 2916 Nam
1020 2860 1141 2916 hinc
1176 2859 1328 2914 facile
1356 2858 1671 2930 intelligitur
1685 2874 1782 2914 cur
1810 2856 2071 2929 quosdam

477 2953 734 3026 prtesides
762 2953 1052 3024 aliquando
1072 2993 1088 3020 ,
1118 2951 1252 3006 alios
1283 2967 1411 3007 vero
1445 2966 1834 3022 nonnunquam
1881 2949 1936 3005 in
1966 2949 2074 3006 hoc

475 3046 830 3116 appellaverit
855 3046 993 3101 libro
1013 3087 1028 3110 ,
1057 3060 1218 3116 quem
1247 3043 1574 3115 Carthagine
1619 3045 1911 3101 scribebat.
1939 3043 2072 3102 0m-

474 3141 563 3197 nia
592 3156 751 3210 porro
776 3138 935 3195 trium
964 3139 1181 3194 illarum
1232 3140 1548 3210 opinionum
1597 3137 1912 3212 argumenta
1957 3142 2071 3198 sive

2255 1927 2521 1986 C:eterum
2549 1929 2804 2002 quidquid
2824 1930 2894 1988 de
2915 1931 3078 1988 tacito
3115 1932 3235 1988 sive
3261 1946 3521 2002 expresso
3568 1931 3788 1989 Tertul-

2182 2021 2309 2077 liani
2341 2024 2558 2079 nomine
2577 2023 2898 2088 definiatur,
2933 2025 3133 2081 nemini
3179 2026 3339 2095 plane
3387 2024 3610 2080 dubium
3660 2040 3786 2082 esse

2179 2112 2340 2172 debet
2370 2115 2498 2170 illud
2531 2117 2722 2172 saltem
2749 2117 3059 2172 christianis
3086 2133 3190 2172 non
3220 2117 3310 2172 diu
3339 2115 3507 2172 fuisse
3534 2116 3782 2189 incogni-

2182 2217 2314 2264 tum.
2348 2207 2533 2280 Neque
2559 2211 2704 2265 enim
2733 2211 2890 2266 latuit
2918 2211 3153 2266 Eusebio
3173 2253 3188 2278 ,
3229 2227 3402 2282 neque
3453 2210 3736 2267 Lactantio
3761 2254 3781 2281 ,

2177 2302 2269 2372 qui
2293 2300 2438 2358 hunc
2465 2301 2657 2357 librttm
2677 2319 2791 2358 non
2819 2303 3157 2359 dissimulato
3180 2346 3196 2370 ,
3231 2304 3306 2358 uti
3360 2302 3590 2358 vidimus
3614 2345 3629 2369 ,
3659 2303 3776 2374 ejus

2179 2397 2396 2450 nomine
2439 2394 2762 2451 citaverunt.
2827 2395 3100 2464 Quosdam
3132 2397 3290 2466 igitur
3334 2395 3491 2466 hujus
3517 2395 3635 2451 libri
3683 2411 3782 2453 co-

2175 2486 2325 2544 dices
2351 2488 2418 2544 ad
2448 2504 2665 2545 manum
2697 2484 2964 2546 habebant
2987 2533 3001 2557 ,
3034 2493 3149 2561 ipso
3177 2489 3496 2546 Tertulliani
3529 2500 3777 2563 tempore

2177 2580 2321 2638 haud
2343 2582 2505 2640 dubie
2524 2583 2827 2655 descriptos
2848 2627 2863 2652 ,
2889 2585 2941 2639 in
2973 2585 3168 2656 quibus
3195 2600 3392 2663 nomen
3416 2585 3535 2654 ejus
3563 2601 3765 2657 praepo-

2177 2676 2340 2732 situm
2371 2685 2508 2732 erat.
2553 2675 2611 2732 In
2659 2677 2871 2733 duobus
2898 2687 3077 2732 autem
3127 2677 3516 2748 antiquissimis
3573 2681 3778 2736 nostris

2177 2769 2453 2825 codicibus
2490 2771 2872 2842 manuscriptis
2904 2771 2992 2827 hic
3018 2782 3100 2827 est
3124 2772 3267 2826 illius
3296 2772 3480 2828 titulus
3513 2792 3525 2826 :
3582 2773 3778 2845 Apolo-

2177 2862 2393 2932 geticum
2413 2859 2758 2927 Tertulliani;
2798 2873 2853 2919 ct
2879 2863 2930 2918 in
2980 2864 3084 2919 ﬁne
3111 2863 3225 2920 iure
3275 2865 3436 2920 verba
3472 2865 3720 2938 leguntur
3762 2887 3777 2924 :

2176 2953 2563 3026 Apologeticunt
2618 2954 2794 3023 Quinti
2842 2954 3150 3011 Tertulliani
3199 2959 3426 3028 explicit.
3468 2958 3524 3014 In
3565 2961 3777 3031 czetcris

2177 3061 2390 3118 quoque
2428 3045 2547 3104 aliis
2574 3047 2878 3117 codicibus,
2903 3059 3010 3105 tam
3039 3051 3415 3122 manuscriptis
3434 3093 3448 3116 ,
3479 3068 3636 3122 quam
3659 3053 3779 3108 edi-

2179 3137 2248 3194 tis
2267 3180 2282 3206 ,
2315 3139 2402 3196 hic
2431 3138 2568 3196 liber
2594 3140 2981 3212 Apologeticnm
3007 3184 3024 3209 ,
3055 3152 3148 3197 aut
3175 3142 3536 3214 Apologeticns
3588 3146 3775 3200 inscri-

472 3232 542 3290 ab
565 3233 686 3289 aliis
719 3237 995 3304 proposita
1020 3277 1034 3296 ,
1059 3235 1223 3290 sivea
1254 3233 1409 3317 nobis
1437 3233 1647 3304 adjecta
1672 3233 1906 3291 candido
1939 3236 2071 3292 sim-
2099 3202 2144 3266 C
2176 3231 2341 3288 bitur.
2393 3231 2586 3289 Veram
2625 3228 2807 3289 autem
2861 3243 2982 3289 esse
3031 3233 3169 3290 hanc
3221 3202 3625 3305 inscriptionem
3668 3252 3775 3294 non

474 3326 707 3400 plicique
732 3342 884 3383 more
910 3336 1096 3383 nostro
1125 3328 1515 3398 exposuimus;
1559 3336 1617 3382 ut
1645 3342 1767 3398 quae
1809 3327 2032 3398 majoris
2050 3366 2068 3396 ,

476 3435 539 3476 ac
565 3420 827 3493 gravioris
857 3421 1111 3493 ponderis
1137 3421 1247 3477 sint
1265 3463 1279 3487 ,
1335 3437 1524 3478 omnes
1550 3419 1708 3478 facile
1735 3427 2066 3493 agnoscant,

473 3530 557 3582 ac,
587 3532 750 3588 quam
783 3517 1054 3574 veriorem
1076 3515 1458 3588 iudicaverint,
1481 3516 1794 3590 opinionem
1825 3515 2069 3591 amplec-

473 3617 674 3666 tantur.

577 3785 608 3802 δ
1078 3761 1372 3804 Αιιτιουιυς
1407 3761 1484 3802 Ill.

479 3858 664 3932 Utrum
697 3859 1044 3917 Tertullianus
1090 3863 1210 3916 huic
1239 3862 1568 3934 Apologetico
1611 3880 1796 3921 nomen
1846 3864 2071 3937 inscrip-

546 3956 666 4010 serit
703 3972 854 4011 suum
882 3973 899 4011 :
925 3956 989 4010 de
1015 3955 1155 4010 illius
1196 3954 1376 4022 titulo,
1418 3968 1717 4029 argumento
1743 4001 1757 4028 ,
1805 3956 1860 4014 in
1903 3959 2071 4030 capita

547 4049 822 4117 diuisione,
849 4050 1174 4121 capitumque
1197 4049 1513 4104 sunmtariis.

549 4162 830 4234 Disputant
855 4163 1047 4219 eruditi
1098 4172 1300 4220 nostrae
1325 4165 1502 4220 astatis
1540 4165 1836 4235 scriptores
1888 4173 2066 4220 utrum

475 4255 836 4313 Tertullianus
866 4256 992 4312 huic
1037 4256 1176 4313 libro
1200 4273 1397 4313 nomen
1429 4273 1585 4312 suum
1619 4257 1930 4327 praeﬁxerit.
1960 4256 2068 4313 Ve-

475 4346 755 4404 risimilius
805 4335 946 4404 enim
974 4349 1292 4420 quibusdam
1321 4349 1533 4406 videtur
1556 4349 1684 4405 illud
1716 4349 1784 4406 ab
1828 4365 1893 4404 eo
1921 4366 2072 4406 com-

476 4455 759 4511 pressum;
781 4439 1213 4512 quandoquidem
1241 4442 1309 4498 ab
1337 4442 1455 4512 ejus
1483 4441 1708 4498 exordio
1756 4441 1932 4514 palam
1977 4459 2071 4499 ex-

379 4530 387 4539 ’
475 4534 714 4606 postulat
741 4534 842 4590 sibi
889 4535 1114 4606 aliisque
1142 4536 1450 4592 christianis
1501 4537 1725 4608 publicae
1768 4535 2068 4594 defensioni

473 4632 614 4683 viam
648 4627 923 4699 praecludi.
953 4627 1198 4686 Totidem
1223 4631 1420 4701 quippe
1452 4629 1570 4686 hcce
1597 4641 1724 4686 sunt
1767 4630 1914 4686 illius
1944 4646 2067 4686 ver-

474 4719 543 4778 ba
576 4738 590 4776 :
620 4719 683 4776 Si
726 4720 941 4790 denique
963 4763 978 4788 ,
1010 4721 1146 4793 quod
1176 4722 1406 4790 proxime
1425 4722 1642 4790 accidit,
1675 4722 1966 4778 domesticis
1993 4723 2073 4777 in-

475 4813 622 4869 diciis
660 4812 1032 4886 (ntanuscripti
1065 4813 1234 4870 nostri
1255 4855 1270 4882 ,
1315 4823 1371 4869 et
1411 4815 1652 4871 melioris
1683 4824 1823 4870 nota:
1857 4815 2070 4870 codices

474 4907 605 4962 editi
653 4907 870 4978 judiciis
894 4907 912 4974 )
944 4907 1093 4962 nimis
1120 4916 1328 4978 aperata
1348 4907 1602 4979 infestatio
1631 4918 1779 4963 sectcc
1807 4908 1963 4978 huius
1983 4908 2069 4962 ob-

473 5002 659 5056 struxit
723 5000 1008 5072 defensioni
1038 4999 1114 5072 (in
1138 4999 1456 5071 quibusdam
1485 5001 1656 5073 editis:
1684 5001 1929 5056 additum
1975 5001 2067 5055 ob-

473 5091 626 5146 struit
659 5090 838 5164 viam),
873 5092 1018 5146 liceat
1057 5091 1253 5146 veritati
1273 5134 1289 5160 ,
1322 5093 1398 5147 vel
1428 5092 1627 5146 occulta
1676 5094 1757 5146 uia
1802 5093 2069 5147 tacitarum

475 5182 759 5237 litterarum
785 5183 853 5236 ad
879 5199 1026 5238 aures
1058 5193 1247 5238 vestras
1277 5185 1535 5254 pervenire
1562 5183 1804 5257 (Tertull.
1839 5185 2066 5257 Apolog.

474 5291 591 5346 cap.
612 5292 648 5331 ι.
670 5293 789 5349 pag.
803 5276 955 5348 259).
970 5276 1028 5332 Si
1045 5291 1175 5347 ergo
1187 5275 1496 5332 christianis
1525 5292 1630 5331 non
1655 5277 1802 5332 licuit
1817 5293 2069 5334 caussam

473 5381 625 5424 suam
657 5369 868 5440 publice
907 5383 972 5424 ac
997 5383 1179 5425 coram
1219 5368 1488 5439 judicibus
1516 5367 1839 5437 defendere,
1870 5381 2070 5440 quanto

474 5464 653 5519 minus
675 5464 1009 5521 Tertulliano
1028 5508 1045 5532 ,
1069 5453 1178 5521 tam
1197 5467 1392 5521 acriter
1415 5462 1697 5536 gentilium
1725 5479 1936 5519 errores
1966 5465 2069 5520 im-

477 5559 763 5628 pugnanti;
806 5574 876 5614 ne
912 5557 1122 5630 prolato
1172 5573 1271 5614 suo
1319 5557 1576 5623 nomine,
1611 5565 1772 5628 caput
1815 5567 1964 5612 certo
2016 5568 2067 5612 et

476 5648 768 5706 incvitabili
801 5650 1043 5722 periculo
1071 5660 1274 5706 temere
1321 5649 1586 5706 offerret?
1617 5648 1755 5705 Tum
1782 5648 1928 5705 enim
1981 5648 2072 5707 ille

474 5742 711 5798 nondum
731 5744 1020 5814 superbum
1033 5743 1481 5814 audacioremque
1503 5743 1948 5800 moutanistarum
1964 5741 2074 5798 ani-

475 5849 622 5891 suum
652 5836 932 5910 induerat,
963 5836 1060 5896 sed
1080 5835 1359 5894 catholicae
1388 5834 1646 5896 Ecclesiae
1671 5837 2063 5912 obtemperan-

2173 3327 2429 3398 probatur
2473 3327 2574 3382 hoc
2607 3336 2812 3383 tantum
2861 3327 3084 3384 illorum
3119 3329 3460 3396 testimonio,
3495 3329 3589 3386 sed
3636 3331 3775 3386 Lac-

2172 3419 2323 3475 tantii
2355 3420 2515 3476 etiam
2540 3461 2556 3488 ,
2597 3436 2628 3475 a
2655 3425 2762 3492 quo
2815 3421 2861 3476 is
2891 3421 3028 3477 liber
3059 3423 3417 3494 Apologeticus
3446 3423 3772 3496 appellatur,

2171 3523 2229 3570 et
2255 3513 2470 3570 Eusebii
2499 3556 2514 3581 ,
2541 3531 2572 3570 a
2600 3530 2706 3586 quo
2731 3516 2922 3585 graecis
2953 3515 3102 3572 hisce
3146 3517 3345 3570 citatur
3393 3517 3568 3572 verbis
3597 3515 3771 3590 (Lact.

2173 3606 2262 3662 lib.
2287 3605 2354 3675 γ,
2378 3605 2512 3664 Inst.
2541 3623 2659 3678 cap.
2687 3608 2743 3674 4,
2770 3625 2888 3680 pag.
2916 3607 3062 3674 470;
3089 3606 3274 3663 Euseb.
3309 3608 3406 3663 loc.
3440 3626 3580 3680 supr.
3613 3609 3730 3679 cit.)
3762 3631 3776 3667 :

2176 3706 2293 3770 iner
2319 3707 2617 3772 Χριστιινῶν
2658 3704 2911 3773 ἀπολογίι,
2954 3700 3006 3756 id
3053 3711 3168 3765 est,
3201 3701 3590 3754 Christianorum
3643 3719 3777 3772 apo-

2174 3791 2311 3863 IOgia
2331 3834 2346 3858 ,
2376 3802 2431 3848 et
2456 3792 2720 3849 defensio.
2751 3793 2938 3848 Plures
2959 3803 3137 3847 autem
3169 3793 3220 3846 in
3249 3807 3362 3845 rem
3393 3791 3530 3846 adeo
3558 3803 3764 3846 certam

2173 3899 2238 3940 ac
2287 3885 2563 3955 probatam
2604 3885 2773 3942 citare
2815 3894 2923 3940 tam
2974 3884 3128 3938 nobis
3157 3883 3409 3954 longum,
3461 3896 3623 3953 quam
3652 3881 3773 3938 aliis

2174 3976 2464 4033 molestum
2496 3979 2653 4035 foret.
3647 3976 3652 3980 ’

2248 4070 2658 4138 Quantumlibet
2708 4078 2886 4126 autem
2929 4069 3115 4125 brevis
3142 4069 3212 4124 sit
3239 4068 3326 4125 hic
3357 4068 3566 4136 titulus,
3601 4077 3774 4125 totum

2177 4169 2352 4216 tamen
2378 4143 2544 4232 ipsius
2577 4161 2697 4218 libri
2750 4161 3128 4233 complectitur
3181 4171 3578 4232 argumentum.
3614 4160 3671 4217 In
3697 4177 3767 4218 eo

2171 4253 2437 4325 siquidem
2467 4255 2828 4311 Tertullianus
2857 4254 3229 4312 defensionem
3254 4257 3490 4328 suscepit
3509 4256 3764 4312 christia-

2172 4361 2395 4413 norum,
2444 4347 2706 4418 planeque
2735 4345 3066 4402 demonstrat
3116 4347 3236 4402 illos
3261 4357 3447 4403 contra
3479 4349 3656 4402 omnia
3687 4363 3775 4404 cu-

2167 4437 2388 4510 juslibet
2415 4441 2670 4495 naturalis
2695 4438 2892 4495 divinat
2916 4449 2969 4496 et
3003 4439 3253 4496 humanae
3288 4441 3420 4512 legis
3459 4441 3771 4511 praescripta

2176 4543 2393 4604 propter
2435 4535 2610 4590 solum
2659 4551 2860 4591 nomen
2914 4551 3108 4604 suum,
3160 4551 3261 4591 nec
3296 4550 3486 4591 caussa
3536 4531 3772 4607 unquam

2175 4625 2355 4681 audita
2384 4627 2452 4682 ab
2490 4627 2720 4683 ethnicis
2769 4625 3155 4694 condemnari,
3184 4639 3239 4684 et
3264 4628 3469 4692 occidi,
3516 4629 3606 4698 qui
3652 4642 3772 4682 om-

2176 4719 2322 4772 nium
2356 4718 2434 4775 rei
2460 4729 2614 4774 erant
2641 4720 2905 4775 scelerum
2931 4763 2946 4788 ,
2978 4735 3208 4791 quorum
3253 4719 3473 4775 eosdem
3521 4719 3770 4775 christia-

2178 4827 2274 4868 nos
2301 4812 2435 4866 falso
2487 4811 2671 4868 falsius
2699 4813 3042 4869 accusabant.
3092 4813 3170 4868 Ex
3220 4812 3302 4868 his
3328 4813 3540 4882 itaque,
3571 4812 3770 4884 qumin

2175 4907 2446 4977 praposita
2476 4922 2505 4960 a
2535 4906 2689 4961 nobis
2730 4905 2888 4977 hujus
2918 4906 3040 4961 libri
3067 4905 3272 4978 analysi
3304 4904 3477 4960 fusius
3503 4905 3770 4976 explicata

2173 5008 2328 5064 sunt,
2361 5000 2702 5069 apertissime
2731 4997 3014 5055 conficitur
3042 5008 3210 5054 totum
3233 4997 3375 5053 illius
3395 5005 3770 5069 argumentum

2173 5105 2240 5146 eo
2273 5091 2424 5146 titulo
2454 5089 2722 5146 exhiberi.

2245 5183 2503 5251 Quamvis
2524 5194 2701 5238 autem
2737 5182 2827 5238 hic
2870 5181 2984 5252 ipse
3015 5181 3149 5238 liber
3175 5181 3225 5237 in
3267 5180 3517 5237 omnibus
3565 5181 3764 5249 editis,

2174 5290 2238 5331 ac
2263 5278 2644 5347 manuscriptis
2688 5277 2848 5332 etiam
2880 5275 3259 5333 vetustissimis
3284 5275 3590 5341 codicibus,
3623 5276 3769 5330 varia

2175 5369 2227 5423 in
2260 5370 2432 5439 capita
2457 5369 2526 5423 sit
2553 5369 2758 5424 divisus
2779 5411 2793 5434 ,
2826 5383 2888 5424 ea
2920 5375 3096 5423 tamen
3128 5367 3323 5423 divisio
3377 5384 3406 5422 a
3436 5367 3771 5424 Tertulliano

2176 5463 2417 5534 profecta
2459 5479 2562 5517 ttOu
2616 5471 2718 5518 est.
2751 5461 2949 5533 Ecquis
2995 5462 3136 5518 enim
3164 5461 3556 5541 quantumlibet
3581 5474 3770 5532 parum

2174 5555 2449 5623 eruditus,
2476 5555 2559 5610 vel
2597 5554 2770 5625 primo
2815 5554 3009 5609 intuitu
3055 5569 3158 5610 non
3203 5552 3563 5625 deprehendit
3606 5565 3769 5625 quam

2176 5663 2365 5721 parum
2393 5657 2641 5704 accurata
2665 5687 2682 5715 ,
2707 5661 2973 5718 quamque
3022 5644 3331 5717 imperfecta
3362 5645 3476 5700 sit?
3519 5643 3771 5700 Plurimis

2175 5749 2354 5797 autem
2379 5781 2395 5808 ,
2424 5740 2515 5811 qui
2545 5755 2714 5796 novas
2733 5740 2878 5797 illius
2898 5738 3166 5795 editiones
3210 5737 3587 5804 adornarunt,
3637 5733 3771 5792 illud

2176 5835 2248 5897 ita
2269 5849 2584 5911 persuasum
2607 5833 2745 5908 fuit,
2771 5845 2830 5894 ut
2845 5834 3048 5892 hancce
3071 5832 3417 5906 partitionem
3430 5840 3638 5890 mutare
3660 5843 3772 5888 non
