4092 6352
407 264 530 333 ω

1546 268 1997 332 DlSSEllTATlO
2036 271 2102 331 D.
2141 270 2230 331 LE
2267 269 2568 331 NOURBY.

3605 274 3714 334 748

413 386 802 444 dubitaverint.
846 383 1111 443 Conatum
1157 398 1287 442 vero
1339 385 1554 442 illorum
1602 388 1692 458 qui
1739 388 2010 459 improbet
2035 390 2088 454 Α
2113 386 2297 456 divin.,
2337 405 2452 462 cap.
2487 389 2541 454 1,
2563 404 2685 461 pag.
2716 387 2869 461 459).
2901 386 3100 444 Verum
3138 388 3230 462 qui
3283 389 3400 446 lucc
3448 391 3712 463 objecerit

414 491 667 554 putamus
693 495 815 538 esse
841 481 1136 536 neminem.
1167 479 1238 536 At
1264 479 1443 536 nullus
1471 479 1636 535 etiam
1675 481 1889 551 negabit
1915 496 2010 536 eos

415 587 640 645 scopum
665 573 902 629 nondum
918 571 1179 643 attigisse,
1201 571 1410 629 ethunc
1430 573 1626 628 librum
1654 587 1813 644 posse
1833 572 2013 629 adhuc

417 666 613 723 melius
641 666 698 722 in
725 665 902 737 capita
929 664 1198 721 distribui.

492 758 661 813 Porro
696 765 902 824 autem,
931 757 976 813 si
1027 769 1235 813 certum
1283 758 1355 813 sit
1408 756 1551 814 hunc
1592 758 1810 825 librum,
1843 757 2015 830 capita

417 849 755 907 Tcrtulliano
781 864 888 905 non
917 849 1084 906 fuisse
1105 849 1373 919 divisum,
1402 849 1559 922 longe
1607 849 1849 922 profecto
1892 865 2015 905 cer-

418 925 526 996 tius
551 951 635 997 est
658 942 726 997 ab
769 941 863 996 illo
901 941 1047 997 edita
1102 957 1209 996 non
1235 956 1362 997 esse
1410 943 1728 997 earumdem
1779 942 2015 1014 capitum

416 1033 709 1089 sumtnaria
760 1049 854 1091 seu
904 1046 1239 1105 argumenta.
1274 1034 1343 1090 Et
1386 1051 1450 1090 ea
1491 1033 1707 1106 quidem
1769 1039 1822 1091 in
1869 1036 2020 1090 libris

419 1140 739 1197 quacunque
791 1127 1010 1199 antiqua
1061 1128 1224 1182 manu
1253 1127 1488 1182 exaratis
1545 1127 1616 1182 ita
1648 1127 1826 1197 inepta
1857 1135 2016 1195 sunt,

419 1233 482 1273 ac
511 1229 839 1291 przepOstera
860 1259 877 1282 ,
907 1228 964 1274 ut
994 1219 1129 1275 nihil
1157 1221 1312 1291 pejus
1356 1219 1472 1275 ﬁeri
1503 1219 1757 1290 potuerit.
1786 1221 2022 1287 Quamo-

422 1310 572 1367 brcnt
625 1310 1013 1382 posterioribus
1065 1312 1225 1382 hujus
1279 1311 1617 1383 Apologetici
1695 1311 2022 1368 editionibus

424 1403 664 1477 praefecti
693 1403 1014 1459 studuerunt
1046 1404 1134 1459 illa
1162 1404 1456 1460 emendare
1484 1421 1499 1471 ;
1530 1419 1630 1461 nec
1657 1406 1880 1460 omnino
1904 1405 2025 1475 qui-

430 1496 554 1551 dem
582 1496 785 1552 inutilis
813 1494 915 1551 fuit
939 1511 1125 1552 eorum
1156 1497 1452 1562 correctio,
1484 1495 1579 1551 sed
1613 1512 1717 1552 ttou
1749 1497 1820 1550 ita
1866 1496 2026 1552 abso-

437 1589 546 1646 luta
567 1630 583 1659 ,
613 1591 742 1662 quin
784 1589 960 1647 adhuc
985 1591 1306 1646 accuratiori
1347 1590 1700 1661 castigatione
1731 1589 2021 1662 indigeant.

1001 1699 1304 1741 ABTICULUS
1341 1700 1414 1740 IV.

2113 479 2162 536 is
2190 479 2449 543 animum,
2465 495 2669 552 quaeso,
2693 480 2759 536 ad
2789 497 2852 538 ea
2874 481 3136 550 advertat,
3156 498 3276 555 qua:
3300 484 3548 554 superius
3567 485 3709 542 dixi-

2116 588 2256 635 mus,
2290 587 2352 628 ac
2378 576 2608 643 primum
2639 572 2854 644 quidem
2905 588 2935 628 a
2966 573 3250 629 Lactantio
3279 575 3482 631 laudari
3531 579 3712 633 omni-

2115 682 2306 738 genam
2335 665 2648 720 Tertulliani
2696 667 2864 721 nostri
2907 666 3267 723 eruditionem
3298 667 3489 739 (Supr.
3517 684 3634 740 cap.
3660 669 3715 738 1,

2117 770 2220 814 art.
2253 758 2332 833 5).
2367 759 2572 815 Deinde
2622 774 2750 815 vero
2795 759 2939 832 quod
2983 759 3116 815 dixit
3142 760 3290 815 illum
3322 775 3429 818 non
3472 763 3602 817 satis
3631 762 3719 817 in-

2118 853 2332 908 venisse
2359 851 2708 917 celebritatis,
2741 852 2811 907 ita
2847 852 3066 923 intelligi
3093 843 3406 920 non'debet,
3452 868 3517 910 ac
3541 855 3587 909 si
3615 853 3724 910 mi-

2119 961 2223 1002 nus
2251 945 2442 1000 validis
2472 944 2737 1000 rationum
2773 946 3061 1001 momentis
3099 960 3344 1001 caussam
3368 949 3538 1017 egerit
3578 946 3725 1003 chri-

2121 1037 2443 1106 stianornm,
2469 1037 2566 1093 sed
2583 1045 2800 1108 propter
2816 1035 3110 1104 difﬁcilem,
3134 1037 3484 1108 incomptam,
3506 1053 3571 1094 ac
3585 1041 3698 1095 mul
3721 1070 3728 1081 -

2123 1141 2238 1187 tum
2266 1134 2550 1188 obscuram
2579 1129 2870 1186 dictionem
2898 1139 3059 1202 atque
3081 1129 3464 1188 elocutionem.
3497 1130 3567 1187 Et
3590 1146 3723 1188 sane

2122 1225 2212 1296 qui
2236 1223 2378 1280 hunc
2406 1222 2601 1280 librum
2630 1208 2930 1295 primariis,
2957 1232 3013 1278 ut
3042 1223 3194 1278 aiunt
3217 1265 3233 1292 ,
3263 1221 3427 1280 labris
3463 1224 3721 1296 attigerit,

2124 1327 2374 1388 putamus
2410 1331 2531 1373 esse
2575 1317 2864 1381 neminem,
2895 1316 3024 1388 quin
3061 1317 3243 1372 statim
3293 1314 3524 1373 fateatur
3570 1317 3723 1374 illum

2126 1408 2496 1480 frequentibus
2547 1407 2833 1465 verborum
2877 1424 2908 1466 a
2940 1408 3079 1463 bona
3123 1407 3383 1465 latinitate
3425 1408 3724 1465 alienorum

2127 1502 2316 1571 spinis,
2346 1501 2572 1558 salebris
2607 1501 3091 1573 aSperitatibusque
3133 1503 3393 1574 respergi,
3443 1512 3498 1559 et
3537 1517 3729 1574 magna

2127 1590 2327 1648 involvi
2367 1593 2564 1664 sapius
2596 1593 2944 1649 obscuritate.
2985 1594 3056 1648 At
3100 1592 3306 1649 nullum
3356 1610 3572 1666 quoque
3609 1609 3732 1652 esse

2128 1685 2423 1754 credimus,
2450 1686 2540 1758 qui
2572 1701 2677 1742 non
2724 1685 2978 1742 fatebitur
2998 1685 3407 1754 Tertullianum,
3440 1688 3485 1744 si
3513 1687 3617 1744 hoc
3663 1689 3718 1745 in

429 1777 637 1846 Quanto
666 1779 923 1851 applausu
947 1779 1031 1834 hic
1051 1779 1177 1834 liber
1203 1787 1486 1850 susceptus,
1511 1795 1549 1832 α
1577 1795 1678 1850 quo
1713 1794 1934 1851 gra’cam
1970 1781 2026 1834 in
2057 1792 2104 1852 Β
2132 1769 2269 1832 libro
2290 1779 2521 1834 lectores
2542 1793 2671 1834 suos
2687 1778 2975 1834 verborum
2999 1777 3292 1850 leporibus,
3315 1788 3594 1836 venustate
3617 1796 3729 1836 ser-

495 1873 723 1944 linguam
771 1888 1064 1940 conversus,
1090 1888 1191 1945 quo
1214 1871 1350 1944 stylo
1393 1873 1730 1943 conscriptus,
1759 1881 1807 1928 et
1849 1883 2025 1929 utrum

495 1963 842 2023 Tertullianus
870 1978 1102 2038 suscepto
1128 1967 1413 2040 defensoris
1447 1967 1738 2024 christiana:
1765 1968 2025 2040 religionis

493 2076 702 2116 munere
734 2061 832 2117 rite
851 2060 1055 2133 functus
1078 2063 1164 2116 sit.

488 2153 711 2209 Summo
731 2169 867 2211 sane
893 2157 1130 2211 omnium
1155 2171 1279 2212 cum
1322 2171 1641 2229 graecorum,
1676 2165 1788 2214 tum
1824 2157 2024 2213 latino-

424 2262 545 2303 rum
571 2246 990 2306 christiauorum
1019 2251 1282 2322 applausu
1302 2293 1318 2316 ,
1345 2252 1724 2322 communique
1751 2251 2025 2322 approba-

418 2340 564 2396 tione
593 2350 876 2413 susceptus
905 2342 1178 2413 lectusque
1201 2343 1301 2399 fuit
1325 2343 1412 2399 hic
1434 2343 1589 2400 liber.
1634 2343 1819 2414 Neque
1857 2343 1924 2399 ad
1972 2343 2025 2399 id

321 2441 324 2444 '
417 2432 755 2504 probandum
781 2433 890 2490 alio
912 2449 1052 2504 opus
1077 2433 1340 2491 habemus
1385 2445 1544 2502 teste,
1573 2451 1732 2505 quam
1760 2435 2020 2504 Eusebio,

415 2523 813 2594 quinnemoriac
845 2525 1080 2596 prodidit
1101 2527 1250 2582 illum
1274 2535 1422 2582 tanto
1445 2526 1584 2598 apud
1606 2526 1824 2584 Graecos
1855 2526 2026 2584 fuisse

423 2618 479 2674 in
509 2618 703 2687 pretio,
732 2627 790 2675 ut
815 2619 884 2674 ab
908 2620 989 2676 eis
1017 2621 1358 2677 vernaculam
1379 2637 1528 2677 suam
1550 2622 1602 2678 in
1623 2622 1858 2693 linguam
1885 2637 2020 2678 con-

421 2724 613 2766 versus
633 2707 816 2766 fuerit.
847 2710 1038 2767 Abillo
1057 2714 1256 2784 quippe
1273 2713 1354 2768 his
1383 2714 1712 2786 totidemque
1741 2714 1916 2771 verbis
1945 2713 2024 2770 ci-

416 2812 561 2861 tatur
591 2821 607 2860 :
644 2811 1026 2878 τερτουλλιινδς.
1056 2845 1071 2860 .
1098 2846 1112 2860 .
1159 2814 1204 2863 ἓν
1226 2822 1284 2879 τῇ
1315 2819 1536 2882 "aptior:
1560 2819 1646 2877 μὶν
1674 2813 1805 2880 der
1827 2822 1891 2879 τῇ
1923 2804 2031 2865 ιδωο

413 2909 571 2967 μαίων
597 2905 742 2972 prima,
770 2908 1113 2974 μετιεληθιίσῃ
1137 2904 1296 2956 ilicei
1321 2905 1402 2957 lci
1438 2913 1529 2958 τὴν
1568 2906 1744 2959 mea;
1769 2888 2027 2975 71ml»,

420 2998 532 3063 'uar’rp
565 2998 862 3065 Χριστιανῶν
912 2995 1147 3064 ἀπολογίᾳ
1184 2994 1408 3064 (Euseb.
1462 2994 1555 3050 ill).
1604 2994 1666 3050 ΙΙ.
1697 2994 1842 3050 Eccl.
1876 2993 2026 3049 llist.

417 3099 538 3154 cap.
567 3083 624 3150 2,
656 3099 779 3155 pag.
808 3081 924 3158 Η).
980 3082 1422 3142 Tertullianus....
1470 3087 1524 3141 in
1554 3086 1805 3158 Apologia
1833 3085 1896 3140 ab
1917 3085 2029 3156 ipso

2127 1869 2304 1925 monis
2332 1880 2386 1925 et
2415 1871 2592 1940 politae
2621 1870 2988 1943 elegantisque
3025 1871 3285 1927 orationis
3323 1873 3586 1929 suavitate
3614 1887 3724 1929 non

2127 1961 2350 2018 dcliniat
2377 1978 2441 2019 ac
2474 1962 2726 2029 delectet,
2777 1964 2919 2019 miro
2941 1974 3123 2020 tamen
3149 1963 3274 2036 styli
3302 1964 3572 2032 acumine,
3602 1980 3729 2021 sen-

2127 2055 2523 2126 tentiarumque
2550 2055 2812 2127 gravitate
2854 2070 2947 2111 eos
2972 2056 3206 2121 concuti,
3248 2071 3312 2112 ac
3332 2055 3586 2128 pleraque
3609 2072 3729 2113 om-

2127 2147 2216 2202 nia
2247 2146 2387 2202 illius
2407 2155 2721 2216 argumenta
2753 2147 2884 2201 tanti
2909 2161 3032 2203 esse
3061 2149 3319 2203 momenti
3343 2161 3407 2202 ac
3447 2147 3726 2219 ponderis,

2127 2248 2188 2293 ut
2213 2237 2282 2294 iis
2311 2249 2404 2294 aut
2451 2240 2840 2294 convincantur
2886 2239 3170 2310 aequiores,
3213 2248 3306 2294 aut
3345 2240 3727 2310 pertinaciores

2129 2342 2476 2390 conterantur
2503 2342 2666 2406 atque
2686 2333 2999 2389 obruantur.
3028 2332 3213 2404 Neque
3256 2342 3437 2391 tamen
3469 2335 3727 2391 dissimu-

2131 2424 2243 2480 lare
2268 2440 2552 2495 possumus
2580 2442 2704 2482 eum
2748 2427 3040 2498 asperioris
3090 2426 3288 2497 ingenii
3340 2429 3540 2499 impetu
3587 2445 3728 2486 non-

2129 2534 2402 2590 nunquam
2446 2528 2681 2590 raptum,
2733 2520 2980 2592 quaedam
3024 2519 3334 2578 adhibuisse
3381 2532 3718 2594 argumenta,

2131 2627 2253 2683 quae
2279 2623 2371 2668 aut
2400 2613 2632 2680 infirma,
2661 2623 2824 2686 atque
2851 2617 3016 2671 etiam
3045 2614 3179 2671 falsa
3197 2616 3440 2686 pluribus
3460 2617 3731 2674 videntur.

2130 2703 2332 2762 Verum
2359 2705 2494 2762 infra
2522 2706 3012 2764 demonstrabimus
3038 2722 3133 2764 eos
3155 2723 3261 2764 non
3291 2709 3423 2764 satis
3446 2708 3733 2780 diligenter

2131 2800 2448 2868 attendisse,
2475 2809 2734 2872 quantum
2779 2801 2872 2857 ille
2901 2799 3006 2857 hoc
3051 2802 3105 2857 in
3145 2801 3284 2858 libro
3311 2803 3557 2858 brevitati
3601 2817 3731 2859 con-

2133 2891 2379 2958 suluerit,
2401 2902 2458 2948 et
2481 2893 2777 2965 pluraquae
2806 2885 2938 2949 falsa
2969 2901 3178 2964 putant,
3205 2908 3335 2950 vera
3368 2892 3608 2965 profecto
3629 2893 3729 2950 de-

2137 2983 2420 3054 prehendi,
2443 2986 2488 3041 si
2528 3001 2650 3043 cum
2677 2985 2818 3054 aliis,
2847 2989 2968 3058 qua:
2991 2986 3106 3058 ipse
3133 2986 3260 3044 alibi
3300 2987 3468 3045 iusius
3494 2995 3733 3057 enarrat,

2133 3083 2339 3131 attento
2377 3079 2558 3133 animo
2576 3087 2989 3151 componantur.

417 3177 622 3246 quidem
662 3176 820 3230 latine
846 3178 1154 3249 conscripta,
1195 3187 1369 3250 postea
1417 3193 1535 3234 vero
1577 3179 1631 3233 in
1675 3193 1898 3249 grtecum
1924 3194 2030 3233 ser-
2058 3190 2103 3254 ρ
2209 3165 2326 3224 Νοη
2349 3169 2474 3240 iure
2515 3180 2693 3228 autem
2751 3184 2973 3242 prorsus
3001 3171 3271 3227 immerito
3322 3180 3498 3243 potest
3541 3173 3596 3228 in
3625 3171 3732 3230 hoc

421 3285 620 3324 monent
644 3267 916 3323 translata.

496 3363 562 3415 At
591 3359 808 3432 quidam
837 3368 1035 3416 nostra:
1056 3361 1230 3417 aetatis
1253 3361 1579 3433 Scriptores,
1604 3361 1912 3417 eruditione
1934 3375 2031 3417 sua

422 3453 722 3524 conspicui,
763 3452 829 3509 de
880 3451 1040 3524 hujus
1067 3465 1273 3524 graeca:
1326 3453 1784 3526 interpretationis
1811 3466 2032 3510 anetore

426 3544 568 3600 inter
589 3560 648 3601 se
689 3543 972 3600 dissident.
999 3544 1252 3602 Nonnulli
1279 3546 1424 3601 enim
1451 3550 1748 3617 opinantur
1782 3548 1923 3602 hunc
1947 3546 2031 3617 ip-

428 3637 601 3707 ipsnm
633 3652 754 3694 esse
783 3636 1101 3694 Eusebium.
1151 3638 1254 3694 Sed
1287 3639 1389 3695 hoc
1413 3625 1608 3712 negant
1634 3640 1746 3695 alii.
1776 3639 1910 3695 Nam
1943 3641 2033 3699 ubi

433 3727 574 3782 idem
620 3725 887 3784 Eusebius
925 3743 988 3784 ex
1027 3727 1130 3783 hoc
1165 3727 1304 3784 libro
1335 3730 1483 3800 plura
1525 3731 1881 3802 transcripsit,
1912 3747 2032 3803 qua:

427 3817 633 3874 Plinius
659 3821 723 3873 ad
752 3819 1024 3876 Tiberium
1061 3820 1129 3876 de
1170 3820 1372 3878 Christi
1427 3822 1699 3879 miraculis
1753 3824 2028 3892 retulerat,

429 3911 499 3966 ibi
542 3911 704 3966 multa
735 3897 1096 3982 praetermisit,
1153 3927 1272 3982 qua:
1299 3911 1365 3966 ad
1393 3928 1549 3968 suum
1581 3924 1756 3969 tamen
1789 3915 2032 3985 proposi-

430 4013 541 4061 tum
585 4005 819 4060 maxime
861 4005 1256 4060 conducebant.
1288 4003 1396 4061 Sed
1422 4020 1530 4060 non
1564 4006 1741 4074 magni
1773 3998 2029 4064 metuenti

429 4109 510 4155 est
535 4099 636 4154 hoc
658 4107 1054 4170 argumentum.
1083 4097 1301 4169 Maioris
1331 4100 1586 4170 ponderis
1626 4097 1756 4157 illud
1793 4102 2028 4168 videtur,

433 4193 574 4262 quod
606 4192 758 4261 plura
804 4193 1130 4259 testimonia,
1161 4210 1227 4250 ex
1256 4194 1359 4249 hoc
1387 4194 1563 4250 adhuc
1585 4195 1725 4252 libro
1752 4198 1818 4252 ab
1840 4197 2029 4253 eodem

439 4280 672 4338 Eusebio
689 4284 995 4354 desumpta,
1021 4301 1124 4340 non
1156 4286 1284 4340 satis
1313 4299 1560 4342 accurate
1580 4289 1631 4342 in
1656 4304 1889 4360 grascum
1913 4305 2030 4344 ser-

437 4390 654 4432 monem
677 4392 832 4432 versa
855 4387 998 4432 sunt.
1030 4377 1136 4433 Sed
1163 4395 1345 4448 parum
1368 4379 1624 4437 Ecclesia:
1648 4388 1870 4438 interest
1892 4383 2032 4438 scire

434 4469 558 4538 quis
585 4468 727 4525 hunc
757 4468 950 4524 librum
972 4485 1145 4540 grzcce
1172 4472 1242 4527 sit
1266 4473 1668 4544 interpretatus.
1715 4475 1878 4531 Nobis
1931 4491 2030 4531 au-

437 4566 543 4613 tem
567 4557 777 4614 facilius
808 4559 1214 4628 persuadebilur
1257 4578 1379 4617 eum
1411 4579 1584 4634 grasce
1612 4565 1879 4621 redditum
1905 4577 2030 4623 ante
2054 4588 2109 4650 D

434 4651 654 4711 Eusebii
680 4661 943 4722 tempora,
966 4663 1020 4708 et
1047 4668 1170 4708 cum
1224 4656 1434 4725 tyranni
1467 4657 1670 4726 majore
1697 4660 2030 4727 persecutio-

434 4747 516 4802 nis
543 4754 678 4801 :estu
705 4743 758 4800 in
784 4743 1106 4801 christianos
1133 4746 1449 4802 smviebant.
1469 4747 1585 4804 Non
1617 4751 1836 4806 omnino
1862 4753 2029 4822 siqui-

367 4908 370 4910 γ
433 4838 556 4896 dem
621 4838 850 4894 obscure
897 4839 984 4894 ille
1025 4841 1184 4896 nobis
1231 4840 1536 4911 significare
1575 4842 1783 4898 videtur
1805 4844 1948 4900 hunc
1973 4846 2034 4901 li-

434 4932 588 4988 hrnm
613 4949 642 4987 a
666 4947 858 4989 senon
899 4942 1056 4991 antea
1105 4934 1325 5001 lectum,
1358 4950 1519 5006 quam
1558 4952 1737 5008 grazco
1781 4938 2035 4996 idiomate

437 5023 820 5096 divulgaretur.
853 5024 1148 5098 Utcumque
1168 5042 1330 5098 porro
1370 5043 1491 5084 sese
1543 5044 1633 5085 res
1673 5028 2034 5098 habeat,inde

440 5115 679 5188 profecto
708 5119 875 5192 liquet
900 5121 1086 5191 quanti
1136 5122 1251 5179 haec
1305 5123 1564 5196 Apologia
1592 5139 1622 5180 a
1648 5125 1840 5196 graecis
1867 5126 2041 5182 homi-

427 5208 599 5284 nibus
624 5212 881 5268 aestimata
902 5211 1083 5271 fuerit.
1315 5226 1321 5233 '

511 5301 650 5371 Quid
676 5318 827 5375 ergo,
861 5307 1065 5375 inquiet
1091 5308 1308 5381 aliquis,
1341 5327 1522 5369 nonne
1568 5311 1714 5368 aliud
1761 5313 1920 5384 longe
1962 5313 2042 5370 di-

441 5409 653 5452 versum
683 5396 990 5456 Lactantius
1028 5401 1097 5458 de
1134 5403 1225 5458 illa
1259 5403 1520 5473 judicium
1564 5405 1648 5461 his
1677 5407 1798 5462 tulit
1827 5407 2041 5463 verbis?

441 5488 719 5562 Septimius
738 5491 1087 5550 Tertullianus
1108 5496 1204 5566 fuit
1229 5499 1365 5552 omni
1391 5515 1573 5570 genere
1597 5499 1877 5555 litterarum
1907 5500 2043 5568 peri-

442 5589 543 5648 tus,
567 5581 656 5636 sed
683 5583 737 5637 in
764 5582 1046 5655 eloquendo
1071 5602 1249 5654 parum
1276 5589 1446 5659 facilis
1471 5602 1519 5645 et
1545 5601 1799 5660 comptus,
1833 5601 1879 5646 et
1906 5592 2038 5646 mul-

442 5683 549 5729 tum
577 5679 818 5731 obscurus
845 5677 964 5749 fuit.
995 5675 1136 5750 Ergo
1165 5696 1229 5734 ne
1259 5681 1340 5734 hic
1368 5683 1571 5754 quidem
1601 5685 1725 5738 satis
1744 5683 2045 5738 celebritatis

440 5767 650 5840 invenit,
693 5770 745 5827 id
772 5782 877 5838 est,
910 5771 1063 5827 lautia:
1087 5785 1141 5828 et
1165 5775 1337 5832 laudis
1353 5774 1639 5850 (Lactant.,
1667 5779 1756 5835 lib.
1793 5778 1852 5836 V.
1885 5776 2040 5837 llust.

771 5866 1230 5934 TEBTULLIANI.
1265 5870 1315 5936 Ι.

2137 3259 2276 3317 libro
2317 3261 2612 3319 desiderari
2655 3263 2850 3320 melior
2891 3272 3328 3335 argumentorum
3360 3265 3643 3335 dispositio
3679 3276 3738 3321 et

2135 3350 2290 3416 ordo,
2318 3354 2408 3425 qui
2436 3354 2610 3426 majus
2653 3357 2748 3410 toti
2787 3355 2937 3426 operi
2988 3355 3168 3410 lumen
3207 3355 3494 3422 attulisset,
3535 3365 3591 3414 et
3625 3372 3734 3429 quo

2135 3442 2505 3504 Tertullianus
2554 3447 2656 3503 sibi
2690 3445 2902 3502 facilius
2935 3445 3277 3504 conciliasset
3321 3446 3539 3504 lectoris
3567 3448 3734 3505 bene.

2135 3543 2428 3601 volentiam
2449 3552 2504 3597 et
2529 3541 2995 3612 approbationem.

2210 3637 2409 3692 Verum
2450 3633 2605 3691 nobis
2653 3633 2845 3704 aliquis
2880 3631 3060 3689 adhuc
3111 3632 3332 3704 objiciet
3372 3632 3730 3705 Lactantiutn,

2136 3730 2225 3802 qui
2256 3729 2392 3783 hanc
2415 3726 2484 3782 de
2510 3725 2700 3782 eadem
2730 3724 3044 3779 Tertulliani
3072 3724 3419 3796 Apologetico
3449 3728 3568 3782 tulit
3603 3743 3733 3785 sen-

2137 3822 2398 3879 tentiam:
2432 3819 2737 3889 Quanquam
2775 3814 3125 3871 Tertullianus
3155 3817 3382 3871 eamdem
3408 3817 3731 3874 christiano-

2135 3932 2254 3972 rum
2285 3928 2520 3969 caussam
2550 3910 2696 3982 plene
2724 3911 3030 3980 peroraverit
3057 3909 3111 3964 in
3140 3925 3201 3963 eo
3231 3909 3378 3975 libro,
3429 3909 3510 3964 cui
3540 3911 3734 3980 Apolo-

2134 4008 2298 4080 getico
2324 4021 2505 4060 nomen
2544 4013 2650 4070 est;
2678 4011 2846 4056 tamen
2871 4001 3109 4072 quoniam
3137 4000 3283 4054 aliud
3325 4009 3400 4055 est
3440 4003 3733 4072 accusanti-

2134 4101 2225 4157 bus
2249 4098 2573 4169 respondere,
2616 4093 2753 4163 quod
2793 4094 2848 4148 in
2873 4093 3163 4166 defensione
3187 4103 3276 4148 aut
3322 4095 3593 4166 negatione
3615 4095 3728 4151 sola

2137 4192 2358 4264 positum
2385 4199 2489 4256 est;
2536 4186 2680 4241 aliud
2729 4186 2978 4241 instruere
3003 4185 3140 4256 quod
3165 4203 3256 4240 nos
3283 4188 3519 4257 facimus,
3551 4187 3605 4242 in
3631 4204 3730 4258 quo

2136 4299 2338 4339 necesse
2365 4290 2438 4336 est
2464 4279 2864 4334 doctrinwtotius
2898 4294 3146 4332 summam
3173 4278 3419 4334 contineri
3462 4279 3729 4350 (Lactant.

2136 4379 2230 4435 lib.
2261 4377 2324 4433 V.
2359 4376 2515 4441 lnst.,
2542 4388 2661 4444 cap.
2684 4373 2741 4439 4,
2781 4387 2834 4442 p.
2865 4370 3018 4443 470).
3051 4371 3294 4428 Declarat
3327 4372 3470 4430 enim
3514 4373 3622 4429 duo
3660 4375 3730 4432 ab

2135 4475 2201 4531 iis
2227 4474 2310 4545 agi
2362 4468 2633 4535 debuisse,
2678 4468 2767 4539 qui
2798 4467 3107 4524 christiana
3161 4468 3437 4538 religionis
3462 4469 3733 4525 defensio-

2137 4579 2257 4621 nem
2285 4562 2544 4618 adversus
2569 4561 2813 4616 ethnicos
2835 4559 3217 4630 suscipiebant.
3265 4559 3503 4615 Primum
3525 4572 3640 4616 erat
3663 4562 3731 4618 iis

2135 4654 2482 4726 respondere,
2514 4653 2603 4723 qui
2623 4651 2947 4707 christianos
2991 4650 3223 4720 plurium
3266 4651 3548 4706 criminum
3597 4652 3728 4708 insi-

2136 4749 2427 4804 mulabant.
2452 4745 2779 4810 Secundum,
2805 4742 3105 4799 doctrinam
3127 4742 3435 4798 christiana:
3461 4743 3734 4815 religionis

2135 4840 2208 4896 ita
2229 4852 2526 4910 caponere,
2555 4851 2620 4894 ac
2643 4837 3046 4899 demonstrare;
3075 4842 3137 4888 ut
3179 4848 3241 4889 ea
3289 4833 3516 4905 quilibet
3568 4837 3731 4906 plene

2135 4947 2200 4988 ac
2225 4929 2459 5002 perfecte
2480 4929 2853 4984 instrueretur.
2875 4924 3059 4981 Atille
3083 4924 3314 4995 primam
3338 4926 3497 4995 hujus
3519 4941 3730 4986 caussae

2140 5035 2368 5098 partem,
2397 5039 2444 5097 a.
2464 5021 2796 5078 Tertulliano
2826 5020 2981 5090 plene
3005 5030 3310 5090 peroratam
3362 5018 3579 5092 fatetur,
3626 5026 3728 5082 nti-

2144 5120 2292 5175 nime
2317 5131 2444 5173 vero
2473 5115 2783 5172 secundam.
2817 5111 3014 5166 Verum
3041 5111 3171 5165 satis
3217 5110 3576 5172 Tertullianus
3603 5133 3733 5188 pro-

2143 5213 2318 5286 posito
2344 5225 2443 5266 suo
2471 5225 2592 5266 esse
2618 5207 2819 5279 putavit
2842 5204 3070 5260 insulsas
3095 5205 3353 5261 evertisse
3372 5209 3732 5281 ethnicorum,

2144 5306 2465 5362 christianos
2503 5299 3059 5373 cujusvisgravissimi
3087 5299 3326 5355 criminis
3345 5306 3736 5376 accusantium,

2144 5400 2569 5463 criminationes,
2608 5412 2671 5451 ac
2697 5393 2997 5450 vindicasse
3029 5393 3237 5448 illorum
3270 5396 3629 5455 iitum-entiam
3671 5417 3738 5459 ac

2148 5511 2358 5550 morum
2409 5490 2785 5560 integritatem.
2817 5487 2986 5556 Quam
3033 5496 3178 5542 recte
3206 5497 3382 5544 autem
3412 5491 3463 5546 id
3505 5492 3736 5550 demon-

2146 5589 2416 5652 straverit,
2443 5601 2508 5640 ex
2550 5584 2671 5638 data
2697 5583 2855 5652 hujus
2888 5582 3006 5636 libri
3034 5582 3239 5654 analysi
3267 5595 3425 5655 atque
3453 5587 3571 5643 aliis
3599 5588 3740 5647 infra

2147 5680 2411 5743 dicendis,
2441 5679 2534 5733 fiet
2563 5677 2812 5731 omnibus
2839 5676 3208 5732 manifestum.

2228 5772 2432 5832 Deinde
2468 5785 2594 5830 vero
2615 5771 2703 5829 ille
2723 5770 2934 5845 penitus
2960 5768 3213 5825 intactam
3237 5785 3339 5827 non
3363 5776 3576 5850 reliquit
3597 5779 3750 5841 chriv

2924 5868 2942 5946 (
2961 5864 3454 5953 Yingt-quatre.)
