  <div class='ocr_page' id='page_1' title='image "/cluster/home/n/w/nwhite01/storage/ocr_20150623/1/hvd.32044015466733/399.png"; bbox 0 0 4092 6352; ppageno 0'>
   <div class='ocr_carea' id='block_1_1' title="bbox 436 247 2019 312">
    <p class='ocr_par' dir='ltr' id='par_1_1' title="bbox 436 247 2019 312">
     <span class='ocr_line' id='line_1_1' title="bbox 436 247 2019 312; baseline -0.003 -2"><span class='ocrx_word' id='word_1_1' title='bbox 436 255 543 312; x_wconf 63' lang='grc'><strong>’14⁸1</strong></span> <span class='ocrx_word' id='word_1_2' title='bbox 1497 253 1562 308; x_wconf 79' lang='grc' dir='ltr'><strong>ΙΝ</strong></span> <span class='ocrx_word' id='word_1_3' title='bbox 1594 247 2019 312; x_wconf 57' lang='grc' dir='ltr'><strong>’Τεῆτυιίκιὸῡ</strong></span> 
     </span>
    </p>
   </div>
   <div class='ocr_carea' id='block_1_2' title="bbox 2124 247 3741 312">
    <p class='ocr_par' dir='ltr' id='par_1_2' title="bbox 2124 248 3741 311">
     <span class='ocr_line' id='line_1_2' title="bbox 2124 248 3741 311; baseline 0.001 -5"><span class='ocrx_word' id='word_1_4' title='bbox 2124 248 2627 309; x_wconf 73' lang='lat' dir='ltr'><strong>LPOLOGETICUM</strong></span> <span class='ocrx_word' id='word_1_5' title='bbox 3509 261 3526 311; x_wconf 61' lang='grc' dir='ltr'>ς</span> <span class='ocrx_word' id='word_1_6' title='bbox 3633 248 3741 308; x_wconf 77' lang='grc'><strong>748</strong></span> 
     </span>
    </p>
   </div>
   <div class='ocr_carea' id='block_1_3' title="bbox 440 361 3737 436">
    <p class='ocr_par' dir='ltr' id='par_1_3' title="bbox 440 361 3737 436">
     <span class='ocr_line' id='line_1_3' title="bbox 440 361 3737 436; baseline -0.002 -10"><span class='ocrx_word' id='word_1_7' title='bbox 440 370 631 426; x_wconf 68' lang='lat' dir='ltr'><strong>stianre</strong></span> <span class='ocrx_word' id='word_1_8' title='bbox 692 367 954 425; x_wconf 67' lang='lat' dir='ltr'><strong>doctrinae</strong></span> <span class='ocrx_word' id='word_1_9' title='bbox 1003 366 1429 433; x_wconf 82' lang='lat' dir='ltr'><strong>institutionem,</strong></span> <span class='ocrx_word' id='word_1_10' title='bbox 1495 375 1550 422; x_wconf 89' lang='lat' dir='ltr'><strong>et</strong></span> <span class='ocrx_word' id='word_1_11' title='bbox 1599 365 2034 436; x_wconf 76' lang='lat' dir='ltr'><strong>explicationem.</strong></span> <span class='ocrx_word' id='word_1_12' title='bbox 2064 362 2325 424; x_wconf 77' lang='lat' dir='ltr'><strong>Atuendi</strong></span> <span class='ocrx_word' id='word_1_13' title='bbox 2379 365 2490 420; x_wconf 84' lang='lat' dir='ltr'><strong>veri</strong></span> <span class='ocrx_word' id='word_1_14' title='bbox 2532 372 2712 420; x_wconf 82' lang='lat' dir='ltr'><strong>textus</strong></span> <span class='ocrx_word' id='word_1_15' title='bbox 2757 375 2886 434; x_wconf 85' lang='lat' dir='ltr'><strong>spes</strong></span> <span class='ocrx_word' id='word_1_16' title='bbox 2923 362 3180 434; x_wconf 84' lang='lat' dir='ltr'><strong>supersit.</strong></span> <span class='ocrx_word' id='word_1_17' title='bbox 3203 361 3307 419; x_wconf 86' lang='lat' dir='ltr'><strong>Sed</strong></span> <span class='ocrx_word' id='word_1_18' title='bbox 3335 362 3529 422; x_wconf 76' lang='lat' dir='ltr'><strong>fatetur</strong></span> <span class='ocrx_word' id='word_1_19' title='bbox 3560 371 3737 420; x_wconf 83' lang='lat' dir='ltr'><strong>tamen</strong></span> 
     </span>
    </p>
   </div>
   <div class='ocr_carea' id='block_1_4' title="bbox 437 456 2042 531">
    <p class='ocr_par' dir='ltr' id='par_1_4' title="bbox 437 456 2042 531">
     <span class='ocr_line' id='line_1_4' title="bbox 437 456 2042 531; baseline -0.002 -14"><span class='ocrx_word' id='word_1_20' title='bbox 437 461 576 517; x_wconf 72' lang='lat' dir='ltr'><strong>Nam</strong></span> <span class='ocrx_word' id='word_1_21' title='bbox 609 461 874 531; x_wconf 69' lang='lat' dir='ltr'><strong>praecipua</strong></span> <span class='ocrx_word' id='word_1_22' title='bbox 900 459 1017 530; x_wconf 84' lang='lat' dir='ltr'><strong>ejus</strong></span> <span class='ocrx_word' id='word_1_23' title='bbox 1043 459 1217 529; x_wconf 77' lang='lat' dir='ltr'><strong>capita</strong></span> <span class='ocrx_word' id='word_1_24' title='bbox 1241 459 1478 514; x_wconf 78' lang='lat' dir='ltr'><strong>breviter</strong></span> <span class='ocrx_word' id='word_1_25' title='bbox 1498 458 1753 528; x_wconf 90' lang='lat' dir='ltr'><strong>quidem,.</strong></span> <span class='ocrx_word' id='word_1_26' title='bbox 1779 457 1874 513; x_wconf 89' lang='lat' dir='ltr'><strong>sed</strong></span> <span class='ocrx_word' id='word_1_27' title='bbox 1905 456 2042 513; x_wconf 87' lang='lat' dir='ltr'><strong>adeo</strong></span> 
     </span>
    </p>
   </div>
   <div class='ocr_carea' id='block_1_5' title="bbox 441 549 2040 620">
    <p class='ocr_par' dir='ltr' id='par_1_5' title="bbox 441 549 2040 620">
     <span class='ocr_line' id='line_1_5' title="bbox 441 549 2040 620; baseline -0.004 -12"><span class='ocrx_word' id='word_1_28' title='bbox 441 555 651 609; x_wconf 84' lang='lat' dir='ltr'><strong>sincere</strong></span> <span class='ocrx_word' id='word_1_29' title='bbox 680 568 743 606; x_wconf 87' lang='lat' dir='ltr'><strong>ac</strong></span> <span class='ocrx_word' id='word_1_30' title='bbox 769 550 994 607; x_wconf 80' lang='lat' dir='ltr'><strong>candide</strong></span> <span class='ocrx_word' id='word_1_31' title='bbox 1021 551 1271 620; x_wconf 86' lang='lat' dir='ltr'><strong>explicat,</strong></span> <span class='ocrx_word' id='word_1_32' title='bbox 1306 561 1362 606; x_wconf 88' lang='lat' dir='ltr'><strong>ut</strong></span> <span class='ocrx_word' id='word_1_33' title='bbox 1411 550 1480 605; x_wconf 88' lang='lat' dir='ltr'><strong>ab</strong></span> <span class='ocrx_word' id='word_1_34' title='bbox 1528 550 1775 606; x_wconf 61' lang='lat' dir='ltr'><strong>manilius</strong></span> <span class='ocrx_word' id='word_1_35' title='bbox 1821 549 2040 619; x_wconf 81' lang='lat' dir='ltr'><strong>intelligi</strong></span> 
     </span>
    </p>
   </div>
   <div class='ocr_carea' id='block_1_6' title="bbox 443 642 2043 715">
    <p class='ocr_par' dir='ltr' id='par_1_6' title="bbox 443 642 2043 715">
     <span class='ocr_line' id='line_1_6' title="bbox 443 642 2043 715; baseline -0.002 -15"><span class='ocrx_word' id='word_1_36' title='bbox 443 645 604 701; x_wconf 80' lang='lat' dir='ltr'><strong>facile</strong></span> <span class='ocrx_word' id='word_1_37' title='bbox 651 643 818 715; x_wconf 85' lang='lat' dir='ltr'><strong>possit</strong></span> <span class='ocrx_word' id='word_1_38' title='bbox 847 643 979 700; x_wconf 83' lang='lat' dir='ltr'><strong>nihil</strong></span> <span class='ocrx_word' id='word_1_39' title='bbox 1023 653 1222 700; x_wconf 84' lang='lat' dir='ltr'><strong>esseet</strong></span> <span class='ocrx_word' id='word_1_40' title='bbox 1249 643 1445 699; x_wconf 80' lang='lat' dir='ltr'><strong>divinis</strong></span> <span class='ocrx_word' id='word_1_41' title='bbox 1493 642 1937 705; x_wconf 80' lang='lat' dir='ltr'><strong>institutionibus,</strong></span> <span class='ocrx_word' id='word_1_42' title='bbox 1987 650 2043 697; x_wconf 84' lang='lat' dir='ltr'><strong>et</strong></span> 
     </span>
    </p>
   </div>
   <div class='ocr_carea' id='block_1_7' title="bbox 440 735 2042 808">
    <p class='ocr_par' dir='ltr' id='par_1_7' title="bbox 440 735 2042 808">
     <span class='ocr_line' id='line_1_7' title="bbox 440 735 2042 808; baseline -0.001 -16"><span class='ocrx_word' id='word_1_43' title='bbox 440 747 603 792; x_wconf 74' lang='lat' dir='ltr'><strong>recta:</strong></span> <span class='ocrx_word' id='word_1_44' title='bbox 629 735 843 803; x_wconf 87' lang='lat' dir='ltr'><strong>rationi,</strong></span> <span class='ocrx_word' id='word_1_45' title='bbox 868 735 1008 791; x_wconf 87' lang='lat' dir='ltr'><strong>sicut</strong></span> <span class='ocrx_word' id='word_1_46' title='bbox 1028 746 1214 806; x_wconf 86' lang='lat' dir='ltr'><strong>postea</strong></span> <span class='ocrx_word' id='word_1_47' title='bbox 1234 737 1603 801; x_wconf 84' lang='lat' dir='ltr'><strong>ostendemus,</strong></span> <span class='ocrx_word' id='word_1_48' title='bbox 1627 736 1798 808; x_wconf 85' lang='lat' dir='ltr'><strong>magis</strong></span> <span class='ocrx_word' id='word_1_49' title='bbox 1815 750 2042 791; x_wconf 87' lang='lat' dir='ltr'><strong>consen-</strong></span> 
     </span>
    </p>
   </div>
   <div class='ocr_carea' id='block_1_8' title="bbox 441 827 2042 901">
    <p class='ocr_par' dir='ltr' id='par_1_8' title="bbox 441 827 2042 901">
     <span class='ocr_line' id='line_1_8' title="bbox 441 827 2042 901; baseline -0.001 -17"><span class='ocrx_word' id='word_1_50' title='bbox 441 839 679 884; x_wconf 84' lang='lat' dir='ltr'><strong>taneum.</strong></span> <span class='ocrx_word' id='word_1_51' title='bbox 704 827 808 884; x_wconf 88' lang='lat' dir='ltr'><strong>Sed</strong></span> <span class='ocrx_word' id='word_1_52' title='bbox 839 828 1148 885; x_wconf 82' lang='lat' dir='ltr'><strong>Lactantius</strong></span> <span class='ocrx_word' id='word_1_53' title='bbox 1178 830 1475 901; x_wconf 76' lang='lat' dir='ltr'><strong>longiorem</strong></span> <span class='ocrx_word' id='word_1_54' title='bbox 1509 828 1858 900; x_wconf 86' lang='lat' dir='ltr'><strong>proculdubio</strong></span> <span class='ocrx_word' id='word_1_55' title='bbox 1897 827 2042 884; x_wconf 89' lang='lat' dir='ltr'><strong>desi-</strong></span> 
     </span>
    </p>
   </div>
   <div class='ocr_carea' id='block_1_9' title="bbox 437 922 2044 996">
    <p class='ocr_par' dir='ltr' id='par_1_9' title="bbox 437 922 2044 996">
     <span class='ocr_line' id='line_1_9' title="bbox 437 922 2044 996; baseline 0.001 -17"><span class='ocrx_word' id='word_1_56' title='bbox 437 922 663 979; x_wconf 86' lang='lat' dir='ltr'><strong>derabat</strong></span> <span class='ocrx_word' id='word_1_57' title='bbox 683 922 876 979; x_wconf 88' lang='lat' dir='ltr'><strong>horum</strong></span> <span class='ocrx_word' id='word_1_58' title='bbox 908 923 1356 980; x_wconf 86' lang='lat' dir='ltr'><strong>documentorum</strong></span> <span class='ocrx_word' id='word_1_59' title='bbox 1387 925 1802 996; x_wconf 80' lang='lat' dir='ltr'><strong>expositionem,</strong></span> <span class='ocrx_word' id='word_1_60' title='bbox 1835 939 1897 978; x_wconf 91' lang='lat' dir='ltr'><strong>ac</strong></span> <span class='ocrx_word' id='word_1_61' title='bbox 1927 939 2044 993; x_wconf 89' lang='lat' dir='ltr'><strong>pro-</strong></span> 
     </span>
    </p>
   </div>
   <div class='ocr_carea' id='block_1_10' title="bbox 435 1016 2038 1089">
    <p class='ocr_par' dir='ltr' id='par_1_10' title="bbox 435 1016 2038 1089">
     <span class='ocr_line' id='line_1_10' title="bbox 435 1016 2038 1089; baseline 0.001 -17"><span class='ocrx_word' id='word_1_62' title='bbox 435 1016 727 1072; x_wconf 85' lang='lat' dir='ltr'><strong>bationem.</strong></span> <span class='ocrx_word' id='word_1_63' title='bbox 787 1017 980 1074; x_wconf 81' lang='lat' dir='ltr'><strong>Verum</strong></span> <span class='ocrx_word' id='word_1_64' title='bbox 1031 1019 1085 1075; x_wconf 89' lang='lat' dir='ltr'><strong>in</strong></span> <span class='ocrx_word' id='word_1_65' title='bbox 1135 1019 1500 1089; x_wconf 84' lang='lat' dir='ltr'><strong>superioribus</strong></span> <span class='ocrx_word' id='word_1_66' title='bbox 1523 1019 1726 1075; x_wconf 86' lang='lat' dir='ltr'><strong>nostris</strong></span> <span class='ocrx_word' id='word_1_67' title='bbox 1781 1018 2038 1074; x_wconf 85' lang='lat' dir='ltr'><strong>disserta-</strong></span> 
     </span>
    </p>
   </div>
   <div class='ocr_carea' id='block_1_11' title="bbox 357 1109 2039 1182">
    <p class='ocr_par' dir='ltr' id='par_1_11' title="bbox 357 1109 2039 1182">
     <span class='ocr_line' id='line_1_11' title="bbox 357 1109 2039 1182; baseline 0.002 -18"><span class='ocrx_word' id='word_1_68' title='bbox 357 1119 364 1125; x_wconf 84' lang='lat'>&#39;</span> <span class='ocrx_word' id='word_1_69' title='bbox 434 1109 670 1165; x_wconf 84' lang='lat' dir='ltr'><strong>tionibus</strong></span> <span class='ocrx_word' id='word_1_70' title='bbox 697 1110 1030 1166; x_wconf 82' lang='lat' dir='ltr'><strong>ostendimus</strong></span> <span class='ocrx_word' id='word_1_71' title='bbox 1079 1125 1184 1166; x_wconf 83' lang='lat' dir='ltr'><strong>non</strong></span> <span class='ocrx_word' id='word_1_72' title='bbox 1230 1112 1428 1182; x_wconf 81' lang='lat' dir='ltr'><strong>justam</strong></span> <span class='ocrx_word' id='word_1_73' title='bbox 1484 1113 1705 1168; x_wconf 90' lang='lat' dir='ltr'><strong>omnino</strong></span> <span class='ocrx_word' id='word_1_74' title='bbox 1733 1125 1855 1167; x_wconf 89' lang='lat' dir='ltr'><strong>esse</strong></span> <span class='ocrx_word' id='word_1_75' title='bbox 1901 1110 2039 1168; x_wconf 89' lang='lat' dir='ltr'><strong>hanc</strong></span> 
     </span>
    </p>
   </div>
   <div class='ocr_carea' id='block_1_12' title="bbox 435 1200 2041 1274">
    <p class='ocr_par' dir='ltr' id='par_1_12' title="bbox 435 1200 2041 1274">
     <span class='ocr_line' id='line_1_12' title="bbox 435 1200 2041 1274; baseline 0.003 -21"><span class='ocrx_word' id='word_1_76' title='bbox 435 1200 829 1270; x_wconf 85' lang='lat' dir='ltr'><strong>querimoniam</strong></span> <span class='ocrx_word' id='word_1_77' title='bbox 859 1200 1173 1274; x_wconf 70' lang='lat' dir='ltr'><strong>(Diam-tat.</strong></span> <span class='ocrx_word' id='word_1_78' title='bbox 1219 1203 1272 1258; x_wconf 81' lang='lat' dir='ltr'><strong>in</strong></span> <span class='ocrx_word' id='word_1_79' title='bbox 1299 1201 1521 1273; x_wconf 59' lang='lat' dir='ltr'><strong>tlinum,</strong></span> <span class='ocrx_word' id='word_1_80' title='bbox 1546 1220 1662 1274; x_wconf 75' lang='lat' dir='ltr'><strong>cap.</strong></span> <span class='ocrx_word' id='word_1_81' title='bbox 1690 1201 1748 1271; x_wconf 72' lang='grc'><strong>2,</strong></span> <span class='ocrx_word' id='word_1_82' title='bbox 1775 1212 1877 1258; x_wconf 81' lang='lat' dir='ltr'><strong>art.</strong></span> <span class='ocrx_word' id='word_1_83' title='bbox 1907 1201 1965 1271; x_wconf 70' lang='lat'><strong>2,</strong></span> <span class='ocrx_word' id='word_1_84' title='bbox 1993 1211 2041 1258; x_wconf 77' lang='lat' dir='ltr'><strong>et</strong></span> 
     </span>
    </p>
   </div>
   <div class='ocr_carea' id='block_1_13' title="bbox 433 1290 1434 1365">
    <p class='ocr_par' dir='ltr' id='par_1_13' title="bbox 433 1290 1434 1365">
     <span class='ocr_line' id='line_1_13' title="bbox 433 1290 1434 1365; baseline -0.005 -19"><span class='ocrx_word' id='word_1_85' title='bbox 433 1292 488 1346; x_wconf 85' lang='lat' dir='ltr'><strong>in</strong></span> <span class='ocrx_word' id='word_1_86' title='bbox 514 1290 776 1362; x_wconf 82' lang='lat' dir='ltr'><strong>Lactant.,</strong></span> <span class='ocrx_word' id='word_1_87' title='bbox 807 1309 925 1365; x_wconf 82' lang='lat' dir='ltr'><strong>cap.</strong></span> <span class='ocrx_word' id='word_1_88' title='bbox 961 1295 1016 1363; x_wconf 81' lang='grc'><strong>5,</strong></span> <span class='ocrx_word' id='word_1_89' title='bbox 1066 1307 1167 1349; x_wconf 82' lang='lat' dir='ltr'><strong>art.</strong></span> <span class='ocrx_word' id='word_1_90' title='bbox 1192 1295 1272 1364; x_wconf 73' lang='grc'><strong>2).</strong></span> <span class='ocrx_word' id='word_1_91' title='bbox 1309 1292 1362 1311; x_wconf 68' lang='grc'><strong>““</strong></span> <span class='ocrx_word' id='word_1_92' title='bbox 1397 1308 1434 1318; x_wconf 77' lang='lat'><strong>~-</strong></span> 
     </span>
    </p>
   </div>
   <div class='ocr_carea' id='block_1_14' title="bbox 1062 1407 1407 1483">
    <p class='ocr_par' dir='ltr' id='par_1_14' title="bbox 1062 1407 1407 1483">
     <span class='ocr_line' id='line_1_14' title="bbox 1062 1407 1407 1483; baseline 0 -19"><span class='ocrx_word' id='word_1_93' title='bbox 1062 1407 1407 1483; x_wconf 69' lang='lat' dir='ltr'><strong>carnrin.</strong></span> 
     </span>
    </p>
   </div>
   <div class='ocr_carea' id='block_1_15' title="bbox 432 1524 2036 1616">
    <p class='ocr_par' dir='ltr' id='par_1_15' title="bbox 432 1524 2036 1616">
     <span class='ocr_line' id='line_1_15' title="bbox 432 1524 2036 1616; baseline -0.001 -18"><span class='ocrx_word' id='word_1_94' title='bbox 432 1543 508 1601; x_wconf 86' lang='lat' dir='ltr'><strong>De</strong></span> <span class='ocrx_word' id='word_1_95' title='bbox 537 1540 691 1616; x_wconf 82' lang='lat' dir='ltr'><strong>hujus</strong></span> <span class='ocrx_word' id='word_1_96' title='bbox 721 1543 835 1599; x_wconf 83' lang='lat' dir='ltr'><strong>libri</strong></span> <span class='ocrx_word' id='word_1_97' title='bbox 864 1543 1192 1616; x_wconf 81' lang='lat' dir='ltr'><strong>Apologetici</strong></span> <span class='ocrx_word' id='word_1_98' title='bbox 1227 1544 1584 1615; x_wconf 81' lang='lat' dir='ltr'><strong>manuscriptis</strong></span> <span class='ocrx_word' id='word_1_99' title='bbox 1613 1524 1894 1609; x_wconf 76' lang='lat' dir='ltr'><strong>codicibus,</strong></span> <span class='ocrx_word' id='word_1_100' title='bbox 1925 1541 2036 1598; x_wconf 83' lang='lat' dir='ltr'><strong>edi-</strong></span> 
     </span>
    </p>
   </div>
   <div class='ocr_carea' id='block_1_16' title="bbox 504 1635 2038 1711">
    <p class='ocr_par' dir='ltr' id='par_1_16' title="bbox 504 1635 2038 1711">
     <span class='ocr_line' id='line_1_16' title="bbox 504 1635 2038 1711; baseline -0.001 -17"><span class='ocrx_word' id='word_1_101' title='bbox 504 1639 742 1705; x_wconf 82' lang='lat' dir='ltr'><strong>tionibus,</strong></span> <span class='ocrx_word' id='word_1_102' title='bbox 772 1649 817 1693; x_wconf 86' lang='lat' dir='ltr'><strong>et</strong></span> <span class='ocrx_word' id='word_1_103' title='bbox 845 1639 1105 1694; x_wconf 83' lang='lat' dir='ltr'><strong>variorum</strong></span> <span class='ocrx_word' id='word_1_104' title='bbox 1134 1639 1188 1694; x_wconf 81' lang='lat' dir='ltr'><strong>in</strong></span> <span class='ocrx_word' id='word_1_105' title='bbox 1237 1655 1352 1694; x_wconf 84' lang='lat' dir='ltr'><strong>eum</strong></span> <span class='ocrx_word' id='word_1_106' title='bbox 1382 1637 1805 1711; x_wconf 79' lang='lat' dir='ltr'><strong>paraphrasibus,</strong></span> <span class='ocrx_word' id='word_1_107' title='bbox 1834 1635 2038 1692; x_wconf 81' lang='lat' dir='ltr'><strong>scholiis</strong></span> 
     </span>
    </p>
   </div>
   <div class='ocr_carea' id='block_1_17' title="bbox 503 1729 1026 1788">
    <p class='ocr_par' dir='ltr' id='par_1_17' title="bbox 503 1729 1026 1788">
     <span class='ocr_line' id='line_1_17' title="bbox 503 1729 1026 1788; baseline 0.004 -2"><span class='ocrx_word' id='word_1_108' title='bbox 503 1740 550 1786; x_wconf 86' lang='lat' dir='ltr'><strong>et</strong></span> <span class='ocrx_word' id='word_1_109' title='bbox 580 1729 1026 1788; x_wconf 69' lang='lat' dir='ltr'><strong>observationibus.</strong></span> 
     </span>
    </p>
   </div>
   <div class='ocr_carea' id='block_1_18' title="bbox 968 1860 1494 1904">
    <p class='ocr_par' dir='ltr' id='par_1_18' title="bbox 968 1860 1494 1904">
     <span class='ocr_line' id='line_1_18' title="bbox 968 1860 1494 1904; baseline -0.004 0"><span class='ocrx_word' id='word_1_110' title='bbox 968 1860 1261 1904; x_wconf 67' lang='grc' dir='ltr'><strong>Λιτισυιυε</strong></span> <span class='ocrx_word' id='word_1_111' title='bbox 1284 1860 1494 1902; x_wconf 75' lang='lat' dir='ltr'><strong>PRIIUS.</strong></span> 
     </span>
    </p>
   </div>
   <div class='ocr_carea' id='block_1_19' title="bbox 571 1980 1883 2055">
    <p class='ocr_par' dir='ltr' id='par_1_19' title="bbox 571 1980 1883 2055">
     <span class='ocr_line' id='line_1_19' title="bbox 571 1980 1883 2055; baseline -0.005 -15"><span class='ocrx_word' id='word_1_112' title='bbox 571 1985 651 2040; x_wconf 81' lang='lat' dir='ltr'><strong>De</strong></span> <span class='ocrx_word' id='word_1_113' title='bbox 678 1984 832 2040; x_wconf 81' lang='lat' dir='ltr'><strong>variis</strong></span> <span class='ocrx_word' id='word_1_114' title='bbox 858 1983 1011 2055; x_wconf 80' lang='lat' dir='ltr'><strong>hujus</strong></span> <span class='ocrx_word' id='word_1_115' title='bbox 1051 1982 1167 2038; x_wconf 81' lang='lat' dir='ltr'><strong>libri</strong></span> <span class='ocrx_word' id='word_1_116' title='bbox 1205 1980 1567 2053; x_wconf 84' lang='lat' dir='ltr'><strong>manuscriptis</strong></span> <span class='ocrx_word' id='word_1_117' title='bbox 1607 1980 1883 2036; x_wconf 74' lang='lat' dir='ltr'><strong>codicibus.</strong></span> 
     </span>
    </p>
   </div>
   <div class='ocr_carea' id='block_1_20' title="bbox 499 2117 2026 2192">
    <p class='ocr_par' dir='ltr' id='par_1_20' title="bbox 499 2117 2026 2192">
     <span class='ocr_line' id='line_1_20' title="bbox 499 2117 2026 2192; baseline -0.002 -14"><span class='ocrx_word' id='word_1_118' title='bbox 499 2120 690 2178; x_wconf 81' lang='lat' dir='ltr'><strong>Plures</strong></span> <span class='ocrx_word' id='word_1_119' title='bbox 714 2137 844 2177; x_wconf 86' lang='lat' dir='ltr'><strong>sane</strong></span> <span class='ocrx_word' id='word_1_120' title='bbox 859 2119 1214 2192; x_wconf 85' lang='lat' dir='ltr'><strong>Apologetici,</strong></span> <span class='ocrx_word' id='word_1_121' title='bbox 1247 2134 1276 2174; x_wconf 88' lang='lat' dir='ltr'><strong>a</strong></span> <span class='ocrx_word' id='word_1_122' title='bbox 1304 2118 1639 2176; x_wconf 88' lang='lat' dir='ltr'><strong>Tertulliano</strong></span> <span class='ocrx_word' id='word_1_123' title='bbox 1664 2128 1850 2175; x_wconf 86' lang='lat' dir='ltr'><strong>nostro</strong></span> <span class='ocrx_word' id='word_1_124' title='bbox 1875 2117 2026 2186; x_wconf 88' lang='lat' dir='ltr'><strong>editi,</strong></span> 
     </span>
    </p>
   </div>
   <div class='ocr_carea' id='block_1_21' title="bbox 425 2213 2030 2284">
    <p class='ocr_par' dir='ltr' id='par_1_21' title="bbox 425 2213 2030 2284">
     <span class='ocr_line' id='line_1_21' title="bbox 425 2213 2030 2284; baseline -0.003 -11"><span class='ocrx_word' id='word_1_125' title='bbox 425 2214 642 2273; x_wconf 84' lang='lat' dir='ltr'><strong>codices</strong></span> <span class='ocrx_word' id='word_1_126' title='bbox 670 2213 1016 2284; x_wconf 86' lang='lat' dir='ltr'><strong>manuscripti</strong></span> <span class='ocrx_word' id='word_1_127' title='bbox 1047 2213 1116 2268; x_wconf 89' lang='lat' dir='ltr'><strong>ad</strong></span> <span class='ocrx_word' id='word_1_128' title='bbox 1145 2220 1360 2268; x_wconf 65' lang='lat' dir='ltr'><strong>aetatem</strong></span> <span class='ocrx_word' id='word_1_129' title='bbox 1387 2228 1554 2282; x_wconf 86' lang='lat' dir='ltr'><strong>usque</strong></span> <span class='ocrx_word' id='word_1_130' title='bbox 1577 2220 1815 2267; x_wconf 84' lang='lat' dir='ltr'><strong>nostram</strong></span> <span class='ocrx_word' id='word_1_131' title='bbox 1846 2227 2030 2281; x_wconf 87' lang='lat' dir='ltr'><strong>perve-</strong></span> 
     </span>
    </p>
   </div>
   <div class='ocr_carea' id='block_1_22' title="bbox 425 2305 2026 2376">
    <p class='ocr_par' dir='ltr' id='par_1_22' title="bbox 425 2305 2026 2376">
     <span class='ocr_line' id='line_1_22' title="bbox 425 2305 2026 2376; baseline 0 -14"><span class='ocrx_word' id='word_1_132' title='bbox 425 2316 639 2364; x_wconf 88' lang='lat' dir='ltr'><strong>nerunt.</strong></span> <span class='ocrx_word' id='word_1_133' title='bbox 660 2308 803 2364; x_wconf 91' lang='lat' dir='ltr'><strong>Duos</strong></span> <span class='ocrx_word' id='word_1_134' title='bbox 825 2307 970 2364; x_wconf 90' lang='lat' dir='ltr'><strong>enim</strong></span> <span class='ocrx_word' id='word_1_135' title='bbox 998 2306 1199 2362; x_wconf 88' lang='lat' dir='ltr'><strong>indicat</strong></span> <span class='ocrx_word' id='word_1_136' title='bbox 1228 2306 1425 2362; x_wconf 85' lang='lat' dir='ltr'><strong>Beatus</strong></span> <span class='ocrx_word' id='word_1_137' title='bbox 1450 2305 1767 2371; x_wconf 82' lang='lat' dir='ltr'><strong>Rhenanus,</strong></span> <span class='ocrx_word' id='word_1_138' title='bbox 1795 2322 2026 2376; x_wconf 91' lang='lat' dir='ltr'><strong>quorum</strong></span> 
     </span>
    </p>
   </div>
   <div class='ocr_carea' id='block_1_23' title="bbox 422 2398 2026 2473">
    <p class='ocr_par' dir='ltr' id='par_1_23' title="bbox 422 2398 2026 2473">
     <span class='ocr_line' id='line_1_23' title="bbox 422 2398 2026 2473; baseline -0.003 -14"><span class='ocrx_word' id='word_1_139' title='bbox 422 2417 586 2473; x_wconf 85' lang='lat' dir='ltr'><strong>opera</strong></span> <span class='ocrx_word' id='word_1_140' title='bbox 613 2401 770 2472; x_wconf 89' lang='lat' dir='ltr'><strong>hujus</strong></span> <span class='ocrx_word' id='word_1_141' title='bbox 815 2401 1148 2470; x_wconf 87' lang='lat' dir='ltr'><strong>aliorumque</strong></span> <span class='ocrx_word' id='word_1_142' title='bbox 1196 2398 1439 2470; x_wconf 82' lang='lat' dir='ltr'><strong>ejusdem</strong></span> <span class='ocrx_word' id='word_1_143' title='bbox 1487 2398 1806 2454; x_wconf 85' lang='lat' dir='ltr'><strong>Tertulliani</strong></span> <span class='ocrx_word' id='word_1_144' title='bbox 1859 2399 2026 2454; x_wconf 85' lang='lat' dir='ltr'><strong>libro-</strong></span> 
     </span>
    </p>
   </div>
   <div class='ocr_carea' id='block_1_24' title="bbox 421 2491 2024 2558">
    <p class='ocr_par' dir='ltr' id='par_1_24' title="bbox 421 2491 2024 2558">
     <span class='ocr_line' id='line_1_24' title="bbox 421 2491 2024 2558; baseline -0.002 -8"><span class='ocrx_word' id='word_1_145' title='bbox 421 2510 540 2550; x_wconf 91' lang='lat' dir='ltr'><strong>rum</strong></span> <span class='ocrx_word' id='word_1_146' title='bbox 567 2493 859 2550; x_wconf 82' lang='lat' dir='ltr'><strong>editionem</strong></span> <span class='ocrx_word' id='word_1_147' title='bbox 881 2493 1182 2549; x_wconf 78' lang='lat' dir='ltr'><strong>adornavit.</strong></span> <span class='ocrx_word' id='word_1_148' title='bbox 1231 2491 1448 2548; x_wconf 86' lang='lat' dir='ltr'><strong>Primus</strong></span> <span class='ocrx_word' id='word_1_149' title='bbox 1471 2491 1924 2558; x_wconf 89' lang='lat' dir='ltr'><strong>Paterniacensis,</strong></span> <span class='ocrx_word' id='word_1_150' title='bbox 1972 2492 2024 2546; x_wconf 88' lang='lat' dir='ltr'><strong>in</strong></span> 
     </span>
    </p>
   </div>
   <div class='ocr_carea' id='block_1_25' title="bbox 421 2581 2029 2655">
    <p class='ocr_par' dir='ltr' id='par_1_25' title="bbox 421 2581 2029 2655">
     <span class='ocr_line' id='line_1_25' title="bbox 421 2581 2029 2655; baseline -0.003 -14"><span class='ocrx_word' id='word_1_151' title='bbox 421 2584 719 2642; x_wconf 82' lang='lat' dir='ltr'><strong>Paterniaci</strong></span> <span class='ocrx_word' id='word_1_152' title='bbox 753 2583 1100 2655; x_wconf 87' lang='lat' dir='ltr'><strong>Transjurani</strong></span> <span class='ocrx_word' id='word_1_153' title='bbox 1138 2582 1389 2648; x_wconf 72' lang='lat' dir='ltr'><strong>cmnobii,</strong></span> <span class='ocrx_word' id='word_1_154' title='bbox 1425 2582 1693 2640; x_wconf 81' lang='lat' dir='ltr'><strong>secundus</strong></span> <span class='ocrx_word' id='word_1_155' title='bbox 1715 2582 1767 2636; x_wconf 94' lang='lat' dir='ltr'><strong>in</strong></span> <span class='ocrx_word' id='word_1_156' title='bbox 1809 2581 2029 2636; x_wconf 86' lang='lat' dir='ltr'><strong>Hirsau-</strong></span> 
     </span>
    </p>
   </div>
   <div class='ocr_carea' id='block_1_26' title="bbox 417 2673 2026 2750">
    <p class='ocr_par' dir='ltr' id='par_1_26' title="bbox 417 2673 2026 2750">
     <span class='ocr_line' id='line_1_26' title="bbox 417 2673 2026 2750; baseline -0.003 -16"><span class='ocrx_word' id='word_1_157' title='bbox 417 2677 621 2750; x_wconf 88' lang='lat' dir='ltr'><strong>gieusis</strong></span> <span class='ocrx_word' id='word_1_158' title='bbox 664 2678 976 2733; x_wconf 86' lang='lat' dir='ltr'><strong>monasterii</strong></span> <span class='ocrx_word' id='word_1_159' title='bbox 1017 2675 1357 2732; x_wconf 84' lang='lat' dir='ltr'><strong>bibliothecis</strong></span> <span class='ocrx_word' id='word_1_160' title='bbox 1399 2674 1830 2730; x_wconf 87' lang='lat' dir='ltr'><strong>asservabantur.</strong></span> <span class='ocrx_word' id='word_1_161' title='bbox 1864 2673 2026 2730; x_wconf 78' lang='lat' dir='ltr'><strong>Uter-</strong></span> 
     </span>
    </p>
   </div>
   <div class='ocr_carea' id='block_1_27' title="bbox 420 2767 2026 2843">
    <p class='ocr_par' dir='ltr' id='par_1_27' title="bbox 420 2767 2026 2843">
     <span class='ocr_line' id='line_1_27' title="bbox 420 2767 2026 2843; baseline -0.004 -15"><span class='ocrx_word' id='word_1_162' title='bbox 420 2786 526 2843; x_wconf 86' lang='lat' dir='ltr'><strong>que</strong></span> <span class='ocrx_word' id='word_1_163' title='bbox 567 2779 746 2827; x_wconf 88' lang='lat' dir='ltr'><strong>autem</strong></span> <span class='ocrx_word' id='word_1_164' title='bbox 777 2770 1020 2842; x_wconf 89' lang='lat' dir='ltr'><strong>plurimis</strong></span> <span class='ocrx_word' id='word_1_165' title='bbox 1048 2768 1347 2839; x_wconf 87' lang='lat' dir='ltr'><strong>iisdemque</strong></span> <span class='ocrx_word' id='word_1_166' title='bbox 1372 2768 1484 2824; x_wconf 89' lang='lat' dir='ltr'><strong>fere</strong></span> <span class='ocrx_word' id='word_1_167' title='bbox 1517 2768 1768 2823; x_wconf 92' lang='lat' dir='ltr'><strong>omnibus</strong></span> <span class='ocrx_word' id='word_1_168' title='bbox 1805 2767 1885 2822; x_wconf 90' lang='lat' dir='ltr'><strong>sic</strong></span> <span class='ocrx_word' id='word_1_169' title='bbox 1910 2781 2026 2823; x_wconf 87' lang='lat' dir='ltr'><strong>sca-</strong></span> 
     </span>
    </p>
   </div>
   <div class='ocr_carea' id='block_1_28' title="bbox 420 2862 2021 2935">
    <p class='ocr_par' dir='ltr' id='par_1_28' title="bbox 420 2862 2021 2935">
     <span class='ocr_line' id='line_1_28' title="bbox 420 2862 2021 2935; baseline -0.005 -13"><span class='ocrx_word' id='word_1_170' title='bbox 420 2875 499 2922; x_wconf 87' lang='lat' dir='ltr'><strong>tet</strong></span> <span class='ocrx_word' id='word_1_171' title='bbox 537 2865 783 2935; x_wconf 89' lang='lat' dir='ltr'><strong>mendis,</strong></span> <span class='ocrx_word' id='word_1_172' title='bbox 813 2874 871 2920; x_wconf 93' lang='lat' dir='ltr'><strong>ut</strong></span> <span class='ocrx_word' id='word_1_173' title='bbox 916 2865 1052 2920; x_wconf 82' lang='lat' dir='ltr'><strong>alter</strong></span> <span class='ocrx_word' id='word_1_174' title='bbox 1098 2864 1167 2920; x_wconf 87' lang='lat' dir='ltr'><strong>ab</strong></span> <span class='ocrx_word' id='word_1_175' title='bbox 1205 2863 1378 2920; x_wconf 86' lang='lat' dir='ltr'><strong>altero</strong></span> <span class='ocrx_word' id='word_1_176' title='bbox 1412 2862 1657 2918; x_wconf 88' lang='lat' dir='ltr'><strong>videatur</strong></span> <span class='ocrx_word' id='word_1_177' title='bbox 1699 2862 2021 2933; x_wconf 86' lang='lat' dir='ltr'><strong>descriptus.</strong></span> 
     </span>
    </p>
   </div>
   <div class='ocr_carea' id='block_1_29' title="bbox 419 2953 2024 3029">
    <p class='ocr_par' dir='ltr' id='par_1_29' title="bbox 419 2953 2024 3029">
     <span class='ocr_line' id='line_1_29' title="bbox 419 2953 2024 3029; baseline -0.006 -13"><span class='ocrx_word' id='word_1_178' title='bbox 419 2961 600 3018; x_wconf 82' lang='lat' dir='ltr'><strong>Alium</strong></span> <span class='ocrx_word' id='word_1_179' title='bbox 633 2976 760 3016; x_wconf 90' lang='lat' dir='ltr'><strong>vero</strong></span> <span class='ocrx_word' id='word_1_180' title='bbox 781 2958 1095 3017; x_wconf 87' lang='lat' dir='ltr'><strong>Tertulliani</strong></span> <span class='ocrx_word' id='word_1_181' title='bbox 1124 2957 1361 3029; x_wconf 76' lang='lat' dir='ltr'><strong>Operam</strong></span> <span class='ocrx_word' id='word_1_182' title='bbox 1383 2955 1623 3011; x_wconf 87' lang='lat' dir='ltr'><strong>codicem</strong></span> <span class='ocrx_word' id='word_1_183' title='bbox 1651 2953 2024 3024; x_wconf 84' lang='lat' dir='ltr'><strong>Sigismundus</strong></span> 
     </span>
    </p>
   </div>
   <div class='ocr_carea' id='block_1_30' title="bbox 419 3048 2022 3122">
    <p class='ocr_par' dir='ltr' id='par_1_30' title="bbox 419 3048 2022 3122">
     <span class='ocr_line' id='line_1_30' title="bbox 419 3048 2022 3122; baseline -0.006 -10"><span class='ocrx_word' id='word_1_184' title='bbox 419 3055 673 3112; x_wconf 84' lang='lat' dir='ltr'><strong>Gelenius</strong></span> <span class='ocrx_word' id='word_1_185' title='bbox 703 3053 1145 3118; x_wconf 82' lang='lat' dir='ltr'><strong>vetustissimum,</strong></span> <span class='ocrx_word' id='word_1_186' title='bbox 1177 3063 1232 3108; x_wconf 89' lang='lat' dir='ltr'><strong>et</strong></span> <span class='ocrx_word' id='word_1_187' title='bbox 1250 3051 1490 3122; x_wconf 64' lang='lat' dir='ltr'><strong>Optimae,</strong></span> <span class='ocrx_word' id='word_1_188' title='bbox 1521 3059 1581 3105; x_wconf 90' lang='lat' dir='ltr'><strong>ut</strong></span> <span class='ocrx_word' id='word_1_189' title='bbox 1625 3049 1740 3119; x_wconf 87' lang='lat' dir='ltr'><strong>ipse</strong></span> <span class='ocrx_word' id='word_1_190' title='bbox 1785 3048 1879 3113; x_wconf 85' lang='lat' dir='ltr'><strong>ait,</strong></span> <span class='ocrx_word' id='word_1_191' title='bbox 1920 3062 2022 3103; x_wconf 90' lang='lat' dir='ltr'><strong>no-</strong></span> 
     </span>
    </p>
   </div>
   <div class='ocr_carea' id='block_1_31' title="bbox 2144 455 3740 536">
    <p class='ocr_par' dir='ltr' id='par_1_31' title="bbox 2144 455 3740 536">
     <span class='ocr_line' id='line_1_31' title="bbox 2144 455 3740 536; baseline 0 -22"><span class='ocrx_word' id='word_1_192' title='bbox 2144 473 2257 515; x_wconf 68' lang='lat' dir='ltr'><strong>suae</strong></span> <span class='ocrx_word' id='word_1_193' title='bbox 2295 457 2516 536; x_wconf 79' lang='lat' dir='ltr'><strong>editioni</strong></span> <span class='ocrx_word' id='word_1_194' title='bbox 2545 457 2834 528; x_wconf 90' lang='lat' dir='ltr'><strong>plurimum</strong></span> <span class='ocrx_word' id='word_1_195' title='bbox 2863 455 2997 512; x_wconf 89' lang='lat' dir='ltr'><strong>lucis</strong></span> <span class='ocrx_word' id='word_1_196' title='bbox 3037 465 3092 512; x_wconf 89' lang='lat' dir='ltr'><strong>et</strong></span> <span class='ocrx_word' id='word_1_197' title='bbox 3118 457 3420 512; x_wconf 87' lang='lat' dir='ltr'><strong>ornamenti</strong></span> <span class='ocrx_word' id='word_1_198' title='bbox 3448 457 3740 514; x_wconf 82' lang='lat' dir='ltr'><strong>accessisse</strong></span> 
     </span>
    </p>
   </div>
   <div class='ocr_carea' id='block_1_32' title="bbox 2140 548 3741 618">
    <p class='ocr_par' dir='ltr' id='par_1_32' title="bbox 2140 548 3741 618">
     <span class='ocr_line' id='line_1_32' title="bbox 2140 548 3741 618; baseline -0.002 -10"><span class='ocrx_word' id='word_1_199' title='bbox 2140 566 2211 608; x_wconf 88' lang='lat' dir='ltr'><strong>ex</strong></span> <span class='ocrx_word' id='word_1_200' title='bbox 2243 551 2405 606; x_wconf 83' lang='lat' dir='ltr'><strong>variis</strong></span> <span class='ocrx_word' id='word_1_201' title='bbox 2431 550 2776 618; x_wconf 87' lang='lat' dir='ltr'><strong>lectionibus,</strong></span> <span class='ocrx_word' id='word_1_202' title='bbox 2807 565 2838 605; x_wconf 74' lang='grc' dir='ltr'>ι</span> <span class='ocrx_word' id='word_1_203' title='bbox 2869 548 3154 615; x_wconf 80' lang='lat' dir='ltr'><strong>Rhenano,</strong></span> <span class='ocrx_word' id='word_1_204' title='bbox 3201 559 3257 604; x_wconf 91' lang='lat' dir='ltr'><strong>et</strong></span> <span class='ocrx_word' id='word_1_205' title='bbox 3283 549 3400 604; x_wconf 87' lang='lat' dir='ltr'><strong>aliis</strong></span> <span class='ocrx_word' id='word_1_206' title='bbox 3429 549 3741 605; x_wconf 88' lang='lat' dir='ltr'><strong>melioribus</strong></span> 
     </span>
    </p>
   </div>
   <div class='ocr_carea' id='block_1_33' title="bbox 2144 642 3842 714">
    <p class='ocr_par' dir='ltr' id='par_1_33' title="bbox 2144 642 3842 714">
     <span class='ocr_line' id='line_1_33' title="bbox 2144 642 3842 714; baseline -0.001 -15"><span class='ocrx_word' id='word_1_207' title='bbox 2144 660 2174 699; x_wconf 90' lang='lat' dir='ltr'><strong>a</strong></span> <span class='ocrx_word' id='word_1_208' title='bbox 2198 644 2392 700; x_wconf 86' lang='lat' dir='ltr'><strong>Fulvio</strong></span> <span class='ocrx_word' id='word_1_209' title='bbox 2419 660 2480 700; x_wconf 86' lang='lat' dir='ltr'><strong>ac</strong></span> <span class='ocrx_word' id='word_1_210' title='bbox 2510 644 2670 699; x_wconf 83' lang='lat' dir='ltr'><strong>Junio</strong></span> <span class='ocrx_word' id='word_1_211' title='bbox 2697 643 2936 699; x_wconf 83' lang='lat' dir='ltr'><strong>collectis</strong></span> <span class='ocrx_word' id='word_1_212' title='bbox 2967 653 3022 699; x_wconf 91' lang='lat' dir='ltr'><strong>et</strong></span> <span class='ocrx_word' id='word_1_213' title='bbox 3046 643 3226 700; x_wconf 89' lang='lat' dir='ltr'><strong>editis.</strong></span> <span class='ocrx_word' id='word_1_214' title='bbox 3260 643 3369 699; x_wconf 85' lang='lat' dir='ltr'><strong>Nos</strong></span> <span class='ocrx_word' id='word_1_215' title='bbox 3398 643 3620 714; x_wconf 85' lang='lat' dir='ltr'><strong>insuper</strong></span> <span class='ocrx_word' id='word_1_216' title='bbox 3639 642 3737 699; x_wconf 87' lang='lat' dir='ltr'><strong>ad-</strong></span> <span class='ocrx_word' id='word_1_217' title='bbox 3839 706 3842 708; x_wconf 16' lang='grc' dir='ltr'>γ</span> 
     </span>
    </p>
   </div>
   <div class='ocr_carea' id='block_1_34' title="bbox 2145 729 3828 810">
    <p class='ocr_par' dir='ltr' id='par_1_34' title="bbox 2145 729 3828 810">
     <span class='ocr_line' id='line_1_34' title="bbox 2145 729 3828 810; baseline -0.001 -18"><span class='ocrx_word' id='word_1_218' title='bbox 2145 729 2328 793; x_wconf 85' lang='lat' dir='ltr'><strong>monet</strong></span> <span class='ocrx_word' id='word_1_219' title='bbox 2365 737 2466 793; x_wconf 89' lang='lat' dir='ltr'><strong>sibi</strong></span> <span class='ocrx_word' id='word_1_220' title='bbox 2515 738 2581 792; x_wconf 90' lang='lat' dir='ltr'><strong>ad</strong></span> <span class='ocrx_word' id='word_1_221' title='bbox 2611 752 2828 793; x_wconf 87' lang='lat' dir='ltr'><strong>manum</strong></span> <span class='ocrx_word' id='word_1_222' title='bbox 2876 735 3042 792; x_wconf 85' lang='lat' dir='ltr'><strong>fuisse</strong></span> <span class='ocrx_word' id='word_1_223' title='bbox 3087 745 3444 792; x_wconf 85' lang='lat' dir='ltr'><strong>memoratum</strong></span> <span class='ocrx_word' id='word_1_224' title='bbox 3499 734 3741 792; x_wconf 89' lang='lat' dir='ltr'><strong>codicem</strong></span> <span class='ocrx_word' id='word_1_225' title='bbox 3815 808 3828 810; x_wconf 89' lang='lat'>__</span> 
     </span>
    </p>
   </div>
   <div class='ocr_carea' id='block_1_35' title="bbox 2145 827 3743 894">
    <p class='ocr_par' dir='ltr' id='par_1_35' title="bbox 2145 827 3743 894">
     <span class='ocr_line' id='line_1_35' title="bbox 2145 827 3743 894; baseline -0.001 -9"><span class='ocrx_word' id='word_1_226' title='bbox 2145 829 2504 885; x_wconf 84' lang='lat' dir='ltr'><strong>Puteanorum</strong></span> <span class='ocrx_word' id='word_1_227' title='bbox 2555 829 2811 893; x_wconf 83' lang='lat' dir='ltr'><strong>fratrum,</strong></span> <span class='ocrx_word' id='word_1_228' title='bbox 2845 835 2902 884; x_wconf 82' lang='lat' dir='ltr'><strong>et</strong></span> <span class='ocrx_word' id='word_1_229' title='bbox 2951 829 3179 884; x_wconf 86' lang='lat' dir='ltr'><strong>alterum</strong></span> <span class='ocrx_word' id='word_1_230' title='bbox 3231 828 3374 885; x_wconf 89' lang='lat' dir='ltr'><strong>Petri</strong></span> <span class='ocrx_word' id='word_1_231' title='bbox 3403 827 3630 894; x_wconf 72' lang='lat' dir='ltr'><strong>Pithmi,</strong></span> <span class='ocrx_word' id='word_1_232' title='bbox 3679 842 3743 884; x_wconf 88' lang='lat' dir='ltr'><strong>ac</strong></span> 
     </span>
    </p>
   </div>
   <div class='ocr_carea' id='block_1_36' title="bbox 2143 919 3740 987">
    <p class='ocr_par' dir='ltr' id='par_1_36' title="bbox 2143 919 3740 987">
     <span class='ocr_line' id='line_1_36' title="bbox 2143 919 3740 987; baseline -0.002 -8"><span class='ocrx_word' id='word_1_233' title='bbox 2143 924 2413 979; x_wconf 77' lang='lat' dir='ltr'><strong>variantes</strong></span> <span class='ocrx_word' id='word_1_234' title='bbox 2439 923 2640 979; x_wconf 87' lang='lat' dir='ltr'><strong>codicis</strong></span> <span class='ocrx_word' id='word_1_235' title='bbox 2667 922 2952 978; x_wconf 85' lang='lat' dir='ltr'><strong>Fuldcnsis</strong></span> <span class='ocrx_word' id='word_1_236' title='bbox 2991 922 3273 987; x_wconf 89' lang='lat' dir='ltr'><strong>lectiones,</strong></span> <span class='ocrx_word' id='word_1_237' title='bbox 3326 921 3377 976; x_wconf 93' lang='lat' dir='ltr'><strong>in</strong></span> <span class='ocrx_word' id='word_1_238' title='bbox 3410 920 3548 976; x_wconf 89' lang='lat' dir='ltr'><strong>libro</strong></span> <span class='ocrx_word' id='word_1_239' title='bbox 3590 919 3740 976; x_wconf 87' lang='lat' dir='ltr'><strong>illus-</strong></span> 
     </span>
    </p>
   </div>
   <div class='ocr_carea' id='block_1_37' title="bbox 2143 1013 3740 1084">
    <p class='ocr_par' dir='ltr' id='par_1_37' title="bbox 2143 1013 3740 1084">
     <span class='ocr_line' id='line_1_37' title="bbox 2143 1013 3740 1084; baseline -0.003 -11"><span class='ocrx_word' id='word_1_240' title='bbox 2143 1015 2366 1073; x_wconf 89' lang='lat' dir='ltr'><strong>trissimi</strong></span> <span class='ocrx_word' id='word_1_241' title='bbox 2392 1014 2700 1079; x_wconf 83' lang='lat' dir='ltr'><strong>Monclialli,</strong></span> <span class='ocrx_word' id='word_1_242' title='bbox 2733 1014 3082 1069; x_wconf 88' lang='lat' dir='ltr'><strong>Tholosatum</strong></span> <span class='ocrx_word' id='word_1_243' title='bbox 3107 1013 3518 1084; x_wconf 82' lang='lat' dir='ltr'><strong>archiepiscopi,</strong></span> <span class='ocrx_word' id='word_1_244' title='bbox 3544 1029 3612 1067; x_wconf 81' lang='lat' dir='ltr'><strong>ex</strong></span> <span class='ocrx_word' id='word_1_245' title='bbox 3640 1028 3740 1068; x_wconf 86' lang='lat' dir='ltr'><strong>au-</strong></span> 
     </span>
    </p>
   </div>
   <div class='ocr_carea' id='block_1_38' title="bbox 2145 1106 3741 1183">
    <p class='ocr_par' dir='ltr' id='par_1_38' title="bbox 2145 1106 3741 1183">
     <span class='ocr_line' id='line_1_38' title="bbox 2145 1106 3741 1183; baseline -0.004 -15"><span class='ocrx_word' id='word_1_246' title='bbox 2145 1110 2422 1183; x_wconf 86' lang='lat' dir='ltr'><strong>tographo,</strong></span> <span class='ocrx_word' id='word_1_247' title='bbox 2449 1119 2507 1165; x_wconf 91' lang='lat' dir='ltr'><strong>ut</strong></span> <span class='ocrx_word' id='word_1_248' title='bbox 2533 1111 2648 1181; x_wconf 86' lang='lat' dir='ltr'><strong>ipse</strong></span> <span class='ocrx_word' id='word_1_249' title='bbox 2665 1110 2763 1170; x_wconf 86' lang='lat' dir='ltr'><strong>ait.</strong></span> <span class='ocrx_word' id='word_1_250' title='bbox 2793 1109 3112 1180; x_wconf 84' lang='lat' dir='ltr'><strong>descriptas.</strong></span> <span class='ocrx_word' id='word_1_251' title='bbox 3137 1108 3338 1163; x_wconf 87' lang='lat' dir='ltr'><strong>llorum</strong></span> <span class='ocrx_word' id='word_1_252' title='bbox 3381 1116 3560 1162; x_wconf 88' lang='lat' dir='ltr'><strong>autem</strong></span> <span class='ocrx_word' id='word_1_253' title='bbox 3587 1106 3741 1162; x_wconf 90' lang='lat' dir='ltr'><strong>codi-</strong></span> 
     </span>
    </p>
   </div>
   <div class='ocr_carea' id='block_1_39' title="bbox 2141 1194 3741 1273">
    <p class='ocr_par' dir='ltr' id='par_1_39' title="bbox 2141 1194 3741 1273">
     <span class='ocr_line' id='line_1_39' title="bbox 2141 1194 3741 1273; baseline -0.001 -16"><span class='ocrx_word' id='word_1_254' title='bbox 2141 1219 2263 1258; x_wconf 87' lang='lat' dir='ltr'><strong>cum</strong></span> <span class='ocrx_word' id='word_1_255' title='bbox 2285 1244 2301 1270; x_wconf 93' lang='lat'><strong>,</strong></span> <span class='ocrx_word' id='word_1_256' title='bbox 2323 1194 2483 1273; x_wconf 85' lang='lat' dir='ltr'><strong>atque</strong></span> <span class='ocrx_word' id='word_1_257' title='bbox 2513 1201 2776 1272; x_wconf 88' lang='lat' dir='ltr'><strong>imprimis</strong></span> <span class='ocrx_word' id='word_1_258' title='bbox 2798 1200 2986 1256; x_wconf 87' lang='lat' dir='ltr'><strong>harum</strong></span> <span class='ocrx_word' id='word_1_259' title='bbox 3019 1199 3308 1256; x_wconf 89' lang='lat' dir='ltr'><strong>lectionum</strong></span> <span class='ocrx_word' id='word_1_260' title='bbox 3330 1200 3432 1254; x_wconf 89' lang='lat' dir='ltr'><strong>sibi</strong></span> <span class='ocrx_word' id='word_1_261' title='bbox 3458 1200 3741 1255; x_wconf 86' lang='lat' dir='ltr'><strong>missarum</strong></span> 
     </span>
    </p>
   </div>
   <div class='ocr_carea' id='block_1_40' title="bbox 2139 1291 3741 1364">
    <p class='ocr_par' dir='ltr' id='par_1_40' title="bbox 2139 1291 3741 1364">
     <span class='ocr_line' id='line_1_40' title="bbox 2139 1291 3741 1364; baseline -0.004 -14"><span class='ocrx_word' id='word_1_262' title='bbox 2139 1296 2357 1361; x_wconf 84' lang='lat' dir='ltr'><strong>auxilio,</strong></span> <span class='ocrx_word' id='word_1_263' title='bbox 2382 1303 2582 1350; x_wconf 89' lang='lat' dir='ltr'><strong>textum</strong></span> <span class='ocrx_word' id='word_1_264' title='bbox 2608 1292 3068 1364; x_wconf 70' lang='lat' dir='ltr'><strong>Apologetici250</strong></span> <span class='ocrx_word' id='word_1_265' title='bbox 3090 1293 3142 1346; x_wconf 92' lang='lat' dir='ltr'><strong>in</strong></span> <span class='ocrx_word' id='word_1_266' title='bbox 3172 1292 3305 1347; x_wconf 90' lang='lat' dir='ltr'><strong>locis</strong></span> <span class='ocrx_word' id='word_1_267' title='bbox 3333 1307 3394 1349; x_wconf 90' lang='lat' dir='ltr'><strong>se</strong></span> <span class='ocrx_word' id='word_1_268' title='bbox 3425 1291 3741 1346; x_wconf 86' lang='lat' dir='ltr'><strong>emendasse</strong></span> 
     </span>
    </p>
   </div>
   <div class='ocr_carea' id='block_1_41' title="bbox 2141 1384 3739 1460">
    <p class='ocr_par' dir='ltr' id='par_1_41' title="bbox 2141 1384 3739 1460">
     <span class='ocr_line' id='line_1_41' title="bbox 2141 1384 3739 1460; baseline -0.003 -18"><span class='ocrx_word' id='word_1_269' title='bbox 2141 1389 2416 1460; x_wconf 81' lang='lat' dir='ltr'><strong>gloriatur.</strong></span> <span class='ocrx_word' id='word_1_270' title='bbox 2443 1387 2515 1443; x_wconf 83' lang='lat' dir='ltr'><strong>At</strong></span> <span class='ocrx_word' id='word_1_271' title='bbox 2554 1387 2764 1457; x_wconf 88' lang='lat' dir='ltr'><strong>penitus</strong></span> <span class='ocrx_word' id='word_1_272' title='bbox 2789 1387 2950 1441; x_wconf 90' lang='lat' dir='ltr'><strong>tacuit</strong></span> <span class='ocrx_word' id='word_1_273' title='bbox 2989 1386 3142 1456; x_wconf 87' lang='lat' dir='ltr'><strong>cujus</strong></span> <span class='ocrx_word' id='word_1_274' title='bbox 3165 1395 3306 1441; x_wconf 68' lang='lat' dir='ltr'><strong>notae</strong></span> <span class='ocrx_word' id='word_1_275' title='bbox 3329 1395 3385 1441; x_wconf 88' lang='lat' dir='ltr'><strong>et</strong></span> <span class='ocrx_word' id='word_1_276' title='bbox 3407 1384 3739 1456; x_wconf 83' lang='lat' dir='ltr'><strong>antiquitatis</strong></span> 
     </span>
    </p>
   </div>
   <div class='ocr_carea' id='block_1_42' title="bbox 2139 1477 3738 1548">
    <p class='ocr_par' dir='ltr' id='par_1_42' title="bbox 2139 1477 3738 1548">
     <span class='ocr_line' id='line_1_42' title="bbox 2139 1477 3738 1548; baseline -0.001 -14"><span class='ocrx_word' id='word_1_277' title='bbox 2139 1480 2249 1535; x_wconf 83' lang='lat' dir='ltr'><strong>sint</strong></span> <span class='ocrx_word' id='word_1_278' title='bbox 2292 1479 2399 1533; x_wconf 92' lang='lat' dir='ltr'><strong>duo</strong></span> <span class='ocrx_word' id='word_1_279' title='bbox 2429 1478 2501 1533; x_wconf 90' lang='lat' dir='ltr'><strong>illi</strong></span> <span class='ocrx_word' id='word_1_280' title='bbox 2529 1477 2779 1543; x_wconf 87' lang='lat' dir='ltr'><strong>codices,</strong></span> <span class='ocrx_word' id='word_1_281' title='bbox 2807 1486 2864 1533; x_wconf 88' lang='lat' dir='ltr'><strong>et</strong></span> <span class='ocrx_word' id='word_1_282' title='bbox 2905 1477 3035 1532; x_wconf 89' lang='lat' dir='ltr'><strong>illud</strong></span> <span class='ocrx_word' id='word_1_283' title='bbox 3062 1478 3449 1548; x_wconf 84' lang='lat' dir='ltr'><strong>autographum</strong></span> <span class='ocrx_word' id='word_1_284' title='bbox 3473 1518 3490 1544; x_wconf 95' lang='lat'><strong>,</strong></span> <span class='ocrx_word' id='word_1_285' title='bbox 3521 1492 3589 1533; x_wconf 83' lang='lat' dir='ltr'><strong>ex</strong></span> <span class='ocrx_word' id='word_1_286' title='bbox 3632 1491 3738 1546; x_wconf 89' lang='lat' dir='ltr'><strong>quo</strong></span> 
     </span>
    </p>
   </div>
   <div class='ocr_carea' id='block_1_43' title="bbox 2144 1571 3158 1629">
    <p class='ocr_par' dir='ltr' id='par_1_43' title="bbox 2144 1571 3158 1629">
     <span class='ocr_line' id='line_1_43' title="bbox 2144 1571 3158 1629; baseline -0.003 0"><span class='ocrx_word' id='word_1_287' title='bbox 2144 1573 2439 1629; x_wconf 84' lang='lat' dir='ltr'><strong>Fuldenses</strong></span> <span class='ocrx_word' id='word_1_288' title='bbox 2467 1572 2728 1628; x_wconf 86' lang='lat' dir='ltr'><strong>lectiones</strong></span> <span class='ocrx_word' id='word_1_289' title='bbox 2751 1571 2997 1627; x_wconf 63' lang='lat' dir='ltr'><strong>delibatae</strong></span> <span class='ocrx_word' id='word_1_290' title='bbox 3028 1574 3158 1627; x_wconf 89' lang='lat' dir='ltr'><strong>sint.</strong></span> 
     </span>
    </p>
   </div>
   <div class='ocr_carea' id='block_1_44' title="bbox 2212 1665 3738 1736">
    <p class='ocr_par' dir='ltr' id='par_1_44' title="bbox 2212 1665 3738 1736">
     <span class='ocr_line' id='line_1_44' title="bbox 2212 1665 3738 1736; baseline 0.001 -15"><span class='ocrx_word' id='word_1_291' title='bbox 2212 1665 2322 1721; x_wconf 86' lang='lat' dir='ltr'><strong>Nos</strong></span> <span class='ocrx_word' id='word_1_292' title='bbox 2341 1681 2471 1721; x_wconf 89' lang='lat' dir='ltr'><strong>vero</strong></span> <span class='ocrx_word' id='word_1_293' title='bbox 2504 1681 2610 1720; x_wconf 91' lang='lat' dir='ltr'><strong>non</strong></span> <span class='ocrx_word' id='word_1_294' title='bbox 2639 1665 2812 1720; x_wconf 87' lang='lat' dir='ltr'><strong>solum</strong></span> <span class='ocrx_word' id='word_1_295' title='bbox 2846 1665 2983 1721; x_wconf 88' lang='lat' dir='ltr'><strong>duos</strong></span> <span class='ocrx_word' id='word_1_296' title='bbox 3002 1665 3124 1721; x_wconf 89' lang='lat' dir='ltr'><strong>illos</strong></span> <span class='ocrx_word' id='word_1_297' title='bbox 3148 1665 3353 1736; x_wconf 89' lang='lat' dir='ltr'><strong>primos</strong></span> <span class='ocrx_word' id='word_1_298' title='bbox 3380 1666 3521 1721; x_wconf 89' lang='lat' dir='ltr'><strong>nacti</strong></span> <span class='ocrx_word' id='word_1_299' title='bbox 3554 1681 3738 1723; x_wconf 90' lang='lat' dir='ltr'><strong>sumus</strong></span> 
     </span>
    </p>
   </div>
   <div class='ocr_carea' id='block_1_45' title="bbox 2065 1758 3738 1832">
    <p class='ocr_par' dir='ltr' id='par_1_45' title="bbox 2065 1758 3738 1832">
     <span class='ocr_line' id='line_1_45' title="bbox 2065 1758 3738 1832; baseline -0.002 -15"><span class='ocrx_word' id='word_1_300' title='bbox 2065 1766 2112 1828; x_wconf 89' lang='lat' dir='ltr'><strong>B</strong></span> <span class='ocrx_word' id='word_1_301' title='bbox 2139 1759 2355 1817; x_wconf 85' lang='lat' dir='ltr'><strong>codices</strong></span> <span class='ocrx_word' id='word_1_302' title='bbox 2375 1801 2390 1827; x_wconf 97' lang='lat'><strong>,</strong></span> <span class='ocrx_word' id='word_1_303' title='bbox 2421 1758 2520 1815; x_wconf 88' lang='lat' dir='ltr'><strong>sed</strong></span> <span class='ocrx_word' id='word_1_304' title='bbox 2546 1758 2681 1816; x_wconf 87' lang='lat' dir='ltr'><strong>alios</strong></span> <span class='ocrx_word' id='word_1_305' title='bbox 2707 1759 2867 1814; x_wconf 89' lang='lat' dir='ltr'><strong>etiam</strong></span> <span class='ocrx_word' id='word_1_306' title='bbox 2897 1759 3231 1827; x_wconf 84' lang='lat' dir='ltr'><strong>complures,</strong></span> <span class='ocrx_word' id='word_1_307' title='bbox 3261 1759 3350 1829; x_wconf 90' lang='lat' dir='ltr'><strong>qui</strong></span> <span class='ocrx_word' id='word_1_308' title='bbox 3366 1759 3584 1830; x_wconf 88' lang='lat' dir='ltr'><strong>quidem</strong></span> <span class='ocrx_word' id='word_1_309' title='bbox 3606 1775 3738 1832; x_wconf 89' lang='lat' dir='ltr'><strong>qua-</strong></span> 
     </span>
    </p>
   </div>
   <div class='ocr_carea' id='block_1_46' title="bbox 2135 1851 3735 1925">
    <p class='ocr_par' dir='ltr' id='par_1_46' title="bbox 2135 1851 3735 1925">
     <span class='ocr_line' id='line_1_46' title="bbox 2135 1851 3735 1925; baseline -0.001 -16"><span class='ocrx_word' id='word_1_310' title='bbox 2135 1853 2283 1909; x_wconf 87' lang='lat' dir='ltr'><strong>lesve</strong></span> <span class='ocrx_word' id='word_1_311' title='bbox 2315 1854 2438 1917; x_wconf 90' lang='lat' dir='ltr'><strong>sint,</strong></span> <span class='ocrx_word' id='word_1_312' title='bbox 2464 1851 2839 1922; x_wconf 88' lang='lat' dir='ltr'><strong>explicandum</strong></span> <span class='ocrx_word' id='word_1_313' title='bbox 2882 1861 2984 1908; x_wconf 86' lang='lat' dir='ltr'><strong>est.</strong></span> <span class='ocrx_word' id='word_1_314' title='bbox 3005 1851 3218 1908; x_wconf 87' lang='lat' dir='ltr'><strong>Primus</strong></span> <span class='ocrx_word' id='word_1_315' title='bbox 3240 1853 3419 1923; x_wconf 86' lang='lat' dir='ltr'><strong>itaque</strong></span> <span class='ocrx_word' id='word_1_316' title='bbox 3444 1853 3735 1925; x_wconf 83' lang='lat' dir='ltr'><strong>Puteanus,</strong></span> 
     </span>
    </p>
   </div>
   <div class='ocr_carea' id='block_1_47' title="bbox 2133 1945 3738 2015">
    <p class='ocr_par' dir='ltr' id='par_1_47' title="bbox 2133 1945 3738 2015">
     <span class='ocr_line' id='line_1_47' title="bbox 2133 1945 3738 2015; baseline 0 -13"><span class='ocrx_word' id='word_1_317' title='bbox 2133 1945 2448 2002; x_wconf 82' lang='lat' dir='ltr'><strong>charactere</strong></span> <span class='ocrx_word' id='word_1_318' title='bbox 2469 1945 2832 2015; x_wconf 87' lang='lat' dir='ltr'><strong>pulcherrimo</strong></span> <span class='ocrx_word' id='word_1_319' title='bbox 2857 1945 3002 2000; x_wconf 88' lang='lat' dir='ltr'><strong>circa</strong></span> <span class='ocrx_word' id='word_1_320' title='bbox 3032 1959 3230 2001; x_wconf 88' lang='lat' dir='ltr'><strong>annum</strong></span> <span class='ocrx_word' id='word_1_321' title='bbox 3256 1945 3457 2002; x_wconf 84' lang='lat' dir='ltr'><strong>Christi</strong></span> <span class='ocrx_word' id='word_1_322' title='bbox 3503 1947 3608 2002; x_wconf 84' lang='lat'><strong>900</strong></span> <span class='ocrx_word' id='word_1_323' title='bbox 3644 1947 3738 2002; x_wconf 90' lang='lat' dir='ltr'><strong>de-</strong></span> 
     </span>
    </p>
   </div>
   <div class='ocr_carea' id='block_1_48' title="bbox 2137 2035 3734 2110">
    <p class='ocr_par' dir='ltr' id='par_1_48' title="bbox 2137 2035 3734 2110">
     <span class='ocr_line' id='line_1_48' title="bbox 2137 2035 3734 2110; baseline 0.001 -16"><span class='ocrx_word' id='word_1_324' title='bbox 2137 2035 2370 2109; x_wconf 83' lang='lat' dir='ltr'><strong>scriptus</strong></span> <span class='ocrx_word' id='word_1_325' title='bbox 2412 2038 2760 2110; x_wconf 88' lang='lat' dir='ltr'><strong>peritioribus</strong></span> <span class='ocrx_word' id='word_1_326' title='bbox 2783 2037 3016 2094; x_wconf 58' lang='lat' dir='ltr'><strong>Videtur.</strong></span> <span class='ocrx_word' id='word_1_327' title='bbox 3045 2037 3104 2094; x_wconf 86' lang='lat' dir='ltr'><strong>ln</strong></span> <span class='ocrx_word' id='word_1_328' title='bbox 3136 2053 3202 2093; x_wconf 90' lang='lat' dir='ltr'><strong>eo</strong></span> <span class='ocrx_word' id='word_1_329' title='bbox 3222 2049 3398 2095; x_wconf 89' lang='lat' dir='ltr'><strong>autem</strong></span> <span class='ocrx_word' id='word_1_330' title='bbox 3427 2041 3576 2097; x_wconf 86' lang='lat' dir='ltr'><strong>solus</strong></span> <span class='ocrx_word' id='word_1_331' title='bbox 3601 2040 3734 2097; x_wconf 90' lang='lat' dir='ltr'><strong>Ter-</strong></span> 
     </span>
    </p>
   </div>
   <div class='ocr_carea' id='block_1_49' title="bbox 2135 2129 3734 2204">
    <p class='ocr_par' dir='ltr' id='par_1_49' title="bbox 2135 2129 3734 2204">
     <span class='ocr_line' id='line_1_49' title="bbox 2135 2129 3734 2204; baseline 0.003 -20"><span class='ocrx_word' id='word_1_332' title='bbox 2135 2130 2342 2186; x_wconf 90' lang='lat' dir='ltr'><strong>tulliani</strong></span> <span class='ocrx_word' id='word_1_333' title='bbox 2375 2129 2757 2201; x_wconf 85' lang='lat' dir='ltr'><strong>Apologeticus</strong></span> <span class='ocrx_word' id='word_1_334' title='bbox 2788 2130 2923 2186; x_wconf 87' lang='lat' dir='ltr'><strong>iiber</strong></span> <span class='ocrx_word' id='word_1_335' title='bbox 2965 2131 3291 2196; x_wconf 86' lang='lat' dir='ltr'><strong>continetur,</strong></span> <span class='ocrx_word' id='word_1_336' title='bbox 3320 2142 3734 2204; x_wconf 74' lang='lat' dir='ltr'><strong>asserv&#39;aturque</strong></span> 
     </span>
    </p>
   </div>
   <div class='ocr_carea' id='block_1_50' title="bbox 2133 2222 3744 2292">
    <p class='ocr_par' dir='ltr' id='par_1_50' title="bbox 2133 2222 3744 2292">
     <span class='ocr_line' id='line_1_50' title="bbox 2133 2222 3744 2292; baseline 0.002 -16"><span class='ocrx_word' id='word_1_337' title='bbox 2133 2222 2189 2278; x_wconf 88' lang='lat' dir='ltr'><strong>in</strong></span> <span class='ocrx_word' id='word_1_338' title='bbox 2236 2222 2704 2286; x_wconf 87' lang='lat' dir='ltr'><strong>christianissimi,</strong></span> <span class='ocrx_word' id='word_1_339' title='bbox 2736 2231 2792 2276; x_wconf 89' lang='lat' dir='ltr'><strong>ut</strong></span> <span class='ocrx_word' id='word_1_340' title='bbox 2819 2222 3050 2278; x_wconf 87' lang='lat' dir='ltr'><strong>diximus</strong></span> <span class='ocrx_word' id='word_1_341' title='bbox 3080 2265 3094 2291; x_wconf 89' lang='lat'><strong>,</strong></span> <span class='ocrx_word' id='word_1_342' title='bbox 3140 2223 3279 2292; x_wconf 86' lang='lat' dir='ltr'><strong>regis</strong></span> <span class='ocrx_word' id='word_1_343' title='bbox 3327 2225 3496 2280; x_wconf 84' lang='lat' dir='ltr'><strong>nostri</strong></span> <span class='ocrx_word' id='word_1_344' title='bbox 3544 2226 3744 2281; x_wconf 87' lang='lat' dir='ltr'><strong>biblio-&#39;</strong></span> 
     </span>
    </p>
   </div>
   <div class='ocr_carea' id='block_1_51' title="bbox 2131 2314 3732 2385">
    <p class='ocr_par' dir='ltr' id='par_1_51' title="bbox 2131 2314 3732 2385">
     <span class='ocr_line' id='line_1_51' title="bbox 2131 2314 3732 2385; baseline 0.001 -14"><span class='ocrx_word' id='word_1_345' title='bbox 2131 2316 2286 2372; x_wconf 85' lang='lat' dir='ltr'><strong>theca</strong></span> <span class='ocrx_word' id='word_1_346' title='bbox 2310 2329 2533 2370; x_wconf 90' lang='lat' dir='ltr'><strong>numero</strong></span> <span class='ocrx_word' id='word_1_347' title='bbox 2549 2314 2681 2370; x_wconf 77' lang='grc'><strong>3971</strong></span> <span class='ocrx_word' id='word_1_348' title='bbox 2708 2323 2946 2382; x_wconf 86' lang='lat' dir='ltr'><strong>notatus,</strong></span> <span class='ocrx_word' id='word_1_349' title='bbox 2966 2331 3126 2385; x_wconf 87' lang='lat' dir='ltr'><strong>quem</strong></span> <span class='ocrx_word' id='word_1_350' title='bbox 3147 2315 3538 2372; x_wconf 87' lang='lat' dir='ltr'><strong>illustrissimus</strong></span> <span class='ocrx_word' id='word_1_351' title='bbox 3566 2317 3732 2373; x_wconf 87' lang='lat' dir='ltr'><strong>abbas</strong></span> 
     </span>
    </p>
   </div>
   <div class='ocr_carea' id='block_1_52' title="bbox 2135 2405 3733 2477">
    <p class='ocr_par' dir='ltr' id='par_1_52' title="bbox 2135 2405 3733 2477">
     <span class='ocr_line' id='line_1_52' title="bbox 2135 2405 3733 2477; baseline 0.002 -15"><span class='ocrx_word' id='word_1_352' title='bbox 2135 2406 2400 2463; x_wconf 88' lang='lat' dir='ltr'><strong>Tellerius</strong></span> <span class='ocrx_word' id='word_1_353' title='bbox 2424 2421 2656 2472; x_wconf 88' lang='lat' dir='ltr'><strong>summa,</strong></span> <span class='ocrx_word' id='word_1_354' title='bbox 2687 2421 2790 2475; x_wconf 88' lang='lat' dir='ltr'><strong>qua</strong></span> <span class='ocrx_word' id='word_1_355' title='bbox 2819 2405 2992 2472; x_wconf 90' lang='lat' dir='ltr'><strong>solet,</strong></span> <span class='ocrx_word' id='word_1_356' title='bbox 3024 2407 3347 2477; x_wconf 82' lang='lat' dir='ltr'><strong>benignitate</strong></span> <span class='ocrx_word' id='word_1_357' title='bbox 3371 2407 3649 2464; x_wconf 85' lang='lat' dir='ltr'><strong>nobiscum</strong></span> <span class='ocrx_word' id='word_1_358' title='bbox 3699 2424 3733 2465; x_wconf 89' lang='lat' dir='ltr'><strong>a</strong></span> 
     </span>
    </p>
   </div>
   <div class='ocr_carea' id='block_1_53' title="bbox 2129 2495 3370 2571">
    <p class='ocr_par' dir='ltr' id='par_1_53' title="bbox 2129 2495 3370 2571">
     <span class='ocr_line' id='line_1_53' title="bbox 2129 2495 3370 2571; baseline -0.001 -17"><span class='ocrx_word' id='word_1_359' title='bbox 2129 2497 2353 2555; x_wconf 86' lang='lat' dir='ltr'><strong>Nicolao</strong></span> <span class='ocrx_word' id='word_1_360' title='bbox 2374 2495 2650 2554; x_wconf 87' lang='lat' dir='ltr'><strong>Clemente</strong></span> <span class='ocrx_word' id='word_1_361' title='bbox 2680 2497 3064 2554; x_wconf 89' lang='lat' dir='ltr'><strong>communicari</strong></span> <span class='ocrx_word' id='word_1_362' title='bbox 3094 2501 3370 2571; x_wconf 71' lang='lat' dir='ltr'><strong>pra-cepit.</strong></span> 
     </span>
    </p>
   </div>
   <div class='ocr_carea' id='block_1_54' title="bbox 2204 2589 3732 2660">
    <p class='ocr_par' dir='ltr' id='par_1_54' title="bbox 2204 2589 3732 2660">
     <span class='ocr_line' id='line_1_54' title="bbox 2204 2589 3732 2660; baseline 0.002 -15"><span class='ocrx_word' id='word_1_363' title='bbox 2204 2589 2486 2646; x_wconf 87' lang='lat' dir='ltr'><strong>Secundus</strong></span> <span class='ocrx_word' id='word_1_364' title='bbox 2517 2589 2697 2656; x_wconf 86' lang='lat' dir='ltr'><strong>Petri,</strong></span> <span class='ocrx_word' id='word_1_365' title='bbox 2729 2600 2785 2644; x_wconf 94' lang='lat' dir='ltr'><strong>ut</strong></span> <span class='ocrx_word' id='word_1_366' title='bbox 2815 2589 3048 2645; x_wconf 79' lang='lat' dir='ltr'><strong>diximus</strong></span> <span class='ocrx_word' id='word_1_367' title='bbox 3069 2630 3083 2655; x_wconf 92' lang='lat'><strong>,</strong></span> <span class='ocrx_word' id='word_1_368' title='bbox 3134 2589 3326 2647; x_wconf 74' lang='lat' dir='ltr'><strong>Pithtei</strong></span> <span class='ocrx_word' id='word_1_369' title='bbox 3358 2591 3485 2646; x_wconf 89' lang='lat' dir='ltr'><strong>olim</strong></span> <span class='ocrx_word' id='word_1_370' title='bbox 3513 2591 3651 2660; x_wconf 87' lang='lat' dir='ltr'><strong>fuit,</strong></span> <span class='ocrx_word' id='word_1_371' title='bbox 3678 2601 3732 2648; x_wconf 89' lang='lat' dir='ltr'><strong>et</strong></span> 
     </span>
    </p>
   </div>
   <div class='ocr_carea' id='block_1_55' title="bbox 2130 2682 3732 2752">
    <p class='ocr_par' dir='ltr' id='par_1_55' title="bbox 2130 2682 3732 2752">
     <span class='ocr_line' id='line_1_55' title="bbox 2130 2682 3732 2752; baseline 0 -13"><span class='ocrx_word' id='word_1_372' title='bbox 2130 2683 2247 2739; x_wconf 80' lang='lat' dir='ltr'><strong>RR.</strong></span> <span class='ocrx_word' id='word_1_373' title='bbox 2279 2684 2498 2739; x_wconf 84' lang='lat' dir='ltr'><strong>Patrum</strong></span> <span class='ocrx_word' id='word_1_374' title='bbox 2521 2683 2759 2739; x_wconf 88' lang='lat' dir='ltr'><strong>Oratorii</strong></span> <span class='ocrx_word' id='word_1_375' title='bbox 2786 2682 2912 2739; x_wconf 83' lang='lat' dir='ltr'><strong>Jesu</strong></span> <span class='ocrx_word' id='word_1_376' title='bbox 2933 2682 3161 2752; x_wconf 87' lang='lat' dir='ltr'><strong>collegio</strong></span> <span class='ocrx_word' id='word_1_377' title='bbox 3187 2683 3442 2738; x_wconf 83' lang='lat' dir='ltr'><strong>Trecensi</strong></span> <span class='ocrx_word' id='word_1_378' title='bbox 3465 2684 3611 2738; x_wconf 89' lang='lat' dir='ltr'><strong>dono</strong></span> <span class='ocrx_word' id='word_1_379' title='bbox 3637 2685 3732 2739; x_wconf 85' lang='lat' dir='ltr'><strong>da-</strong></span> 
     </span>
    </p>
   </div>
   <div class='ocr_carea' id='block_1_56' title="bbox 2130 2771 3723 2845">
    <p class='ocr_par' dir='ltr' id='par_1_56' title="bbox 2130 2771 3723 2845">
     <span class='ocr_line' id='line_1_56' title="bbox 2130 2771 3723 2845; baseline -0.001 -14"><span class='ocrx_word' id='word_1_380' title='bbox 2130 2785 2234 2843; x_wconf 86' lang='lat' dir='ltr'><strong>tus,</strong></span> <span class='ocrx_word' id='word_1_381' title='bbox 2265 2777 2318 2832; x_wconf 89' lang='lat' dir='ltr'><strong>in</strong></span> <span class='ocrx_word' id='word_1_382' title='bbox 2346 2792 2531 2833; x_wconf 88' lang='lat' dir='ltr'><strong>eorum</strong></span> <span class='ocrx_word' id='word_1_383' title='bbox 2553 2776 2880 2832; x_wconf 87' lang='lat' dir='ltr'><strong>bibliotheca</strong></span> <span class='ocrx_word' id='word_1_384' title='bbox 2901 2774 3218 2837; x_wconf 86' lang='lat' dir='ltr'><strong>custoditus,</strong></span> <span class='ocrx_word' id='word_1_385' title='bbox 3246 2771 3313 2826; x_wconf 88' lang='lat' dir='ltr'><strong>ad</strong></span> <span class='ocrx_word' id='word_1_386' title='bbox 3336 2787 3435 2828; x_wconf 83' lang='lat' dir='ltr'><strong>nos</strong></span> <span class='ocrx_word' id='word_1_387' title='bbox 3462 2774 3723 2845; x_wconf 82' lang='lat' dir='ltr'><strong>singulari</strong></span> 
     </span>
    </p>
   </div>
   <div class='ocr_carea' id='block_1_57' title="bbox 2130 2862 3726 2939">
    <p class='ocr_par' dir='ltr' id='par_1_57' title="bbox 2130 2862 3726 2939">
     <span class='ocr_line' id='line_1_57' title="bbox 2130 2862 3726 2939; baseline -0.001 -17"><span class='ocrx_word' id='word_1_388' title='bbox 2130 2882 2354 2939; x_wconf 88' lang='lat' dir='ltr'><strong>prorsus</strong></span> <span class='ocrx_word' id='word_1_389' title='bbox 2404 2868 2618 2924; x_wconf 90' lang='lat' dir='ltr'><strong>illorum</strong></span> <span class='ocrx_word' id='word_1_390' title='bbox 2672 2867 3004 2922; x_wconf 83' lang='lat' dir='ltr'><strong>humanitate</strong></span> <span class='ocrx_word' id='word_1_391' title='bbox 3058 2862 3421 2930; x_wconf 18' lang='lat' dir='ltr'><strong>transmissus.</strong></span> <span class='ocrx_word' id='word_1_392' title='bbox 3457 2875 3559 2921; x_wconf 88' lang='lat' dir='ltr'><strong>est.</strong></span> <span class='ocrx_word' id='word_1_393' title='bbox 3609 2865 3726 2921; x_wconf 81' lang='lat' dir='ltr'><strong>Viri</strong></span> 
     </span>
    </p>
   </div>
   <div class='ocr_carea' id='block_1_58' title="bbox 2129 2955 3833 3027">
    <p class='ocr_par' dir='ltr' id='par_1_58' title="bbox 2129 2955 3833 3027">
     <span class='ocr_line' id='line_1_58' title="bbox 2129 2955 3833 3027; baseline -0.001 -12"><span class='ocrx_word' id='word_1_394' title='bbox 2129 2971 2306 3017; x_wconf 88' lang='lat' dir='ltr'><strong>autem</strong></span> <span class='ocrx_word' id='word_1_395' title='bbox 2329 2963 2382 3016; x_wconf 90' lang='lat' dir='ltr'><strong>in</strong></span> <span class='ocrx_word' id='word_1_396' title='bbox 2398 2961 2766 3016; x_wconf 84' lang='lat' dir='ltr'><strong>examinandis</strong></span> <span class='ocrx_word' id='word_1_397' title='bbox 2782 2959 3047 3016; x_wconf 80' lang='lat' dir='ltr'><strong>veteribus</strong></span> <span class='ocrx_word' id='word_1_398' title='bbox 3067 2955 3343 3012; x_wconf 88' lang='lat' dir='ltr'><strong>codicibus</strong></span> <span class='ocrx_word' id='word_1_399' title='bbox 3373 2957 3544 3027; x_wconf 81' lang='lat' dir='ltr'><strong>magis</strong></span> <span class='ocrx_word' id='word_1_400' title='bbox 3566 2973 3726 3014; x_wconf 83' lang='lat' dir='ltr'><strong>exer-</strong></span> <span class='ocrx_word' id='word_1_401' title='bbox 3823 2986 3833 2994; x_wconf 59' lang='grc' dir='ltr'><strong>ε</strong></span> 
     </span>
    </p>
   </div>
   <div class='ocr_carea' id='block_1_59' title="bbox 2127 3047 3726 3120">
    <p class='ocr_par' dir='ltr' id='par_1_59' title="bbox 2127 3047 3726 3120">
     <span class='ocr_line' id='line_1_59' title="bbox 2127 3047 3726 3120; baseline -0.003 -10"><span class='ocrx_word' id='word_1_402' title='bbox 2127 3054 2297 3120; x_wconf 85' lang='lat' dir='ltr'><strong>citati,</strong></span> <span class='ocrx_word' id='word_1_403' title='bbox 2327 3069 2393 3109; x_wconf 85' lang='lat' dir='ltr'><strong>ex</strong></span> <span class='ocrx_word' id='word_1_404' title='bbox 2422 3054 2793 3110; x_wconf 83' lang='lat' dir='ltr'><strong>characterum</strong></span> <span class='ocrx_word' id='word_1_405' title='bbox 2823 3051 2990 3106; x_wconf 80' lang='lat' dir='ltr'><strong>forma</strong></span> <span class='ocrx_word' id='word_1_406' title='bbox 3018 3047 3165 3102; x_wconf 90' lang='lat' dir='ltr'><strong>illum</strong></span> <span class='ocrx_word' id='word_1_407' title='bbox 3197 3048 3483 3106; x_wconf 89' lang='lat' dir='ltr'><strong>undecimo</strong></span> <span class='ocrx_word' id='word_1_408' title='bbox 3509 3051 3726 3106; x_wconf 83' lang='lat' dir='ltr'><strong>circiter</strong></span> 
     </span>
    </p>
   </div>
   <div class='ocr_carea' id='block_1_60' title="bbox 323 3140 3724 3228">
    <p class='ocr_par' dir='ltr' id='par_1_60' title="bbox 323 3140 3724 3228">
     <span class='ocr_line' id='line_1_60' title="bbox 323 3140 3724 3228; baseline -0.002 -24"><span class='ocrx_word' id='word_1_409' title='bbox 323 3152 327 3158; x_wconf 83' lang='lat'><em>&#39;</em></span> <span class='ocrx_word' id='word_1_410' title='bbox 419 3158 487 3205; x_wconf 65' lang='grc' dir='ltr'>ιω</span> <span class='ocrx_word' id='word_1_411' title='bbox 510 3149 750 3206; x_wconf 88' lang='lat' dir='ltr'><strong>codicem</strong></span> <span class='ocrx_word' id='word_1_412' title='bbox 774 3157 962 3204; x_wconf 90' lang='lat' dir='ltr'><strong>nactus</strong></span> <span class='ocrx_word' id='word_1_413' title='bbox 987 3156 1069 3202; x_wconf 89' lang='lat' dir='ltr'><strong>est</strong></span> <span class='ocrx_word' id='word_1_414' title='bbox 1102 3161 1168 3203; x_wconf 89' lang='lat' dir='ltr'><strong>ex</strong></span> <span class='ocrx_word' id='word_1_415' title='bbox 1215 3142 1568 3202; x_wconf 83' lang='lat' dir='ltr'><strong>Masburiensi</strong></span> <span class='ocrx_word' id='word_1_416' title='bbox 1617 3141 1896 3197; x_wconf 65' lang='lat' dir='ltr'><strong>caenobio:</strong></span> <span class='ocrx_word' id='word_1_417' title='bbox 1922 3140 2020 3196; x_wconf 90' lang='lat' dir='ltr'><strong>sed</strong></span> <span class='ocrx_word' id='word_1_418' title='bbox 2049 3164 2094 3228; x_wconf 68' lang='grc' dir='ltr'><strong>ρ</strong></span> <span class='ocrx_word' id='word_1_419' title='bbox 2131 3147 2328 3202; x_wconf 78' lang='lat' dir='ltr'><strong>saeculo</strong></span> <span class='ocrx_word' id='word_1_420' title='bbox 2359 3145 2615 3215; x_wconf 88' lang='lat' dir='ltr'><strong>scriptum</strong></span> <span class='ocrx_word' id='word_1_421' title='bbox 2659 3159 2779 3200; x_wconf 84' lang='lat' dir='ltr'><strong>esse</strong></span> <span class='ocrx_word' id='word_1_422' title='bbox 2823 3141 3148 3211; x_wconf 83' lang='lat' dir='ltr'><strong>judicarunt.</strong></span> <span class='ocrx_word' id='word_1_423' title='bbox 3185 3140 3292 3196; x_wconf 89' lang='lat' dir='ltr'><strong>Sed</strong></span> <span class='ocrx_word' id='word_1_424' title='bbox 3337 3143 3494 3212; x_wconf 87' lang='lat' dir='ltr'><strong>primi</strong></span> <span class='ocrx_word' id='word_1_425' title='bbox 3521 3143 3724 3199; x_wconf 87' lang='lat' dir='ltr'><strong>librarii</strong></span> 
     </span>
    </p>
   </div>
   <div class='ocr_carea' id='block_1_61' title="bbox 418 3232 2021 3302">
    <p class='ocr_par' dir='ltr' id='par_1_61' title="bbox 418 3232 2021 3302">
     <span class='ocr_line' id='line_1_61' title="bbox 418 3232 2021 3302; baseline -0.006 -7"><span class='ocrx_word' id='word_1_426' title='bbox 418 3239 511 3296; x_wconf 89' lang='lat' dir='ltr'><strong>ille</strong></span> <span class='ocrx_word' id='word_1_427' title='bbox 539 3240 671 3296; x_wconf 87' lang='lat' dir='ltr'><strong>satis</strong></span> <span class='ocrx_word' id='word_1_428' title='bbox 699 3239 846 3296; x_wconf 90' lang='lat' dir='ltr'><strong>clare</strong></span> <span class='ocrx_word' id='word_1_429' title='bbox 895 3237 1050 3294; x_wconf 90' lang='lat' dir='ltr'><strong>nobis</strong></span> <span class='ocrx_word' id='word_1_430' title='bbox 1070 3251 1176 3292; x_wconf 86' lang='lat' dir='ltr'><strong>non</strong></span> <span class='ocrx_word' id='word_1_431' title='bbox 1218 3234 1529 3298; x_wconf 88' lang='lat' dir='ltr'><strong>edisseruit,</strong></span> <span class='ocrx_word' id='word_1_432' title='bbox 1550 3241 1732 3288; x_wconf 88' lang='lat' dir='ltr'><strong>utrum</strong></span> <span class='ocrx_word' id='word_1_433' title='bbox 1763 3232 1850 3287; x_wconf 88' lang='lat' dir='ltr'><strong>hic</strong></span> <span class='ocrx_word' id='word_1_434' title='bbox 1875 3233 2021 3302; x_wconf 84' lang='lat' dir='ltr'><strong>Apo-</strong></span> 
     </span>
    </p>
   </div>
   <div class='ocr_carea' id='block_1_62' title="bbox 415 3323 2016 3404">
    <p class='ocr_par' dir='ltr' id='par_1_62' title="bbox 415 3323 2016 3404">
     <span class='ocr_line' id='line_1_62' title="bbox 415 3323 2016 3404; baseline -0.005 -15"><span class='ocrx_word' id='word_1_435' title='bbox 415 3331 674 3404; x_wconf 84' lang='lat' dir='ltr'><strong>logeticus</strong></span> <span class='ocrx_word' id='word_1_436' title='bbox 719 3346 856 3388; x_wconf 88' lang='lat' dir='ltr'><strong>unus</strong></span> <span class='ocrx_word' id='word_1_437' title='bbox 884 3347 948 3388; x_wconf 81' lang='lat' dir='ltr'><strong>ex</strong></span> <span class='ocrx_word' id='word_1_438' title='bbox 992 3328 1308 3387; x_wconf 80' lang='lat' dir='ltr'><strong>Tertulliani</strong></span> <span class='ocrx_word' id='word_1_439' title='bbox 1337 3327 1491 3382; x_wconf 89' lang='lat' dir='ltr'><strong>libris</strong></span> <span class='ocrx_word' id='word_1_440' title='bbox 1529 3327 1636 3390; x_wconf 87' lang='lat' dir='ltr'><strong>sit,</strong></span> <span class='ocrx_word' id='word_1_441' title='bbox 1687 3325 1777 3395; x_wconf 89' lang='lat' dir='ltr'><strong>qui</strong></span> <span class='ocrx_word' id='word_1_442' title='bbox 1818 3325 1870 3381; x_wconf 90' lang='lat' dir='ltr'><strong>in</strong></span> <span class='ocrx_word' id='word_1_443' title='bbox 1909 3323 2016 3381; x_wconf 92' lang='lat' dir='ltr'><strong>hoc</strong></span> 
     </span>
    </p>
   </div>
   <div class='ocr_carea' id='block_1_63' title="bbox 415 3417 2021 3492">
    <p class='ocr_par' dir='ltr' id='par_1_63' title="bbox 415 3417 2021 3492">
     <span class='ocr_line' id='line_1_63' title="bbox 415 3417 2021 3492; baseline -0.005 -11"><span class='ocrx_word' id='word_1_444' title='bbox 415 3423 605 3481; x_wconf 86' lang='lat' dir='ltr'><strong>codice</strong></span> <span class='ocrx_word' id='word_1_445' title='bbox 629 3423 990 3482; x_wconf 89' lang='lat' dir='ltr'><strong>desideratur.</strong></span> <span class='ocrx_word' id='word_1_446' title='bbox 1016 3422 1153 3479; x_wconf 82' lang='lat' dir='ltr'><strong>Tres</strong></span> <span class='ocrx_word' id='word_1_447' title='bbox 1181 3430 1440 3492; x_wconf 71' lang='lat' dir='ltr'><strong>praeterea</strong></span> <span class='ocrx_word' id='word_1_448' title='bbox 1484 3427 1697 3474; x_wconf 80' lang='lat' dir='ltr'><strong>exstant</strong></span> <span class='ocrx_word' id='word_1_449' title='bbox 1739 3419 1794 3473; x_wconf 90' lang='lat' dir='ltr'><strong>in</strong></span> <span class='ocrx_word' id='word_1_450' title='bbox 1825 3417 2021 3474; x_wconf 53' lang='lat' dir='ltr'><strong>biblio.</strong></span> 
     </span>
    </p>
   </div>
   <div class='ocr_carea' id='block_1_64' title="bbox 416 3509 2021 3580">
    <p class='ocr_par' dir='ltr' id='par_1_64' title="bbox 416 3509 2021 3580">
     <span class='ocr_line' id='line_1_64' title="bbox 416 3509 2021 3580; baseline -0.006 -8"><span class='ocrx_word' id='word_1_451' title='bbox 416 3515 570 3572; x_wconf 88' lang='lat' dir='ltr'><strong>theca</strong></span> <span class='ocrx_word' id='word_1_452' title='bbox 599 3516 847 3571; x_wconf 87' lang='lat' dir='ltr'><strong>Vaticana</strong></span> <span class='ocrx_word' id='word_1_453' title='bbox 889 3513 1201 3570; x_wconf 87' lang='lat' dir='ltr'><strong>eorumdem</strong></span> <span class='ocrx_word' id='word_1_454' title='bbox 1231 3512 1490 3568; x_wconf 90' lang='lat' dir='ltr'><strong>librorum</strong></span> <span class='ocrx_word' id='word_1_455' title='bbox 1521 3509 1766 3577; x_wconf 89' lang='lat' dir='ltr'><strong>codices,</strong></span> <span class='ocrx_word' id='word_1_456' title='bbox 1801 3525 1864 3565; x_wconf 80' lang='lat' dir='ltr'><strong>ex</strong></span> <span class='ocrx_word' id='word_1_457' title='bbox 1903 3509 2021 3580; x_wconf 86' lang='lat' dir='ltr'><strong>qui-</strong></span> 
     </span>
    </p>
   </div>
   <div class='ocr_carea' id='block_1_65' title="bbox 421 3601 2017 3677">
    <p class='ocr_par' dir='ltr' id='par_1_65' title="bbox 421 3601 2017 3677">
     <span class='ocr_line' id='line_1_65' title="bbox 421 3601 2017 3677; baseline -0.006 -11"><span class='ocrx_word' id='word_1_458' title='bbox 421 3609 544 3677; x_wconf 86' lang='lat' dir='ltr'><strong>bus,</strong></span> <span class='ocrx_word' id='word_1_459' title='bbox 565 3607 670 3665; x_wconf 87' lang='lat' dir='ltr'><strong>sibi</strong></span> <span class='ocrx_word' id='word_1_460' title='bbox 694 3607 764 3663; x_wconf 87' lang='lat' dir='ltr'><strong>ab</strong></span> <span class='ocrx_word' id='word_1_461' title='bbox 788 3604 1151 3662; x_wconf 84' lang='lat' dir='ltr'><strong>illustrissimo</strong></span> <span class='ocrx_word' id='word_1_462' title='bbox 1181 3603 1461 3660; x_wconf 90' lang='lat' dir='ltr'><strong>Cardinale</strong></span> <span class='ocrx_word' id='word_1_463' title='bbox 1487 3603 1683 3658; x_wconf 89' lang='lat' dir='ltr'><strong>Sirleto</strong></span> <span class='ocrx_word' id='word_1_464' title='bbox 1721 3601 2017 3657; x_wconf 88' lang='lat' dir='ltr'><strong>subminis-</strong></span> 
     </span>
    </p>
   </div>
   <div class='ocr_carea' id='block_1_66' title="bbox 417 3692 2019 3769">
    <p class='ocr_par' dir='ltr' id='par_1_66' title="bbox 417 3692 2019 3769">
     <span class='ocr_line' id='line_1_66' title="bbox 417 3692 2019 3769; baseline -0.007 -11"><span class='ocrx_word' id='word_1_465' title='bbox 417 3701 593 3769; x_wconf 88' lang='lat' dir='ltr'><strong>tratis,</strong></span> <span class='ocrx_word' id='word_1_466' title='bbox 619 3701 825 3757; x_wconf 83' lang='lat' dir='ltr'><strong>Alanus</strong></span> <span class='ocrx_word' id='word_1_467' title='bbox 842 3697 1024 3769; x_wconf 90' lang='lat' dir='ltr'><strong>Copus</strong></span> <span class='ocrx_word' id='word_1_468' title='bbox 1047 3696 1290 3752; x_wconf 88' lang='lat' dir='ltr'><strong>diversas</strong></span> <span class='ocrx_word' id='word_1_469' title='bbox 1317 3696 1385 3750; x_wconf 88' lang='lat' dir='ltr'><strong>ab</strong></span> <span class='ocrx_word' id='word_1_470' title='bbox 1404 3694 1564 3750; x_wconf 84' lang='lat' dir='ltr'><strong>editis</strong></span> <span class='ocrx_word' id='word_1_471' title='bbox 1581 3694 1842 3748; x_wconf 90' lang='lat' dir='ltr'><strong>lectiones</strong></span> <span class='ocrx_word' id='word_1_472' title='bbox 1856 3692 2019 3747; x_wconf 89' lang='lat' dir='ltr'><strong>colle-</strong></span> 
     </span>
    </p>
   </div>
   <div class='ocr_carea' id='block_1_67' title="bbox 415 3784 2016 3866">
    <p class='ocr_par' dir='ltr' id='par_1_67' title="bbox 415 3784 2016 3866">
     <span class='ocr_line' id='line_1_67' title="bbox 415 3784 2016 3866; baseline -0.007 -16"><span class='ocrx_word' id='word_1_473' title='bbox 415 3795 514 3866; x_wconf 90' lang='lat' dir='ltr'><strong>git,</strong></span> <span class='ocrx_word' id='word_1_474' title='bbox 559 3792 963 3862; x_wconf 84' lang='lat' dir='ltr'><strong>transmisitque</strong></span> <span class='ocrx_word' id='word_1_475' title='bbox 992 3789 1251 3854; x_wconf 86' lang='lat' dir='ltr'><strong>Pamelio,</strong></span> <span class='ocrx_word' id='word_1_476' title='bbox 1280 3787 1369 3858; x_wconf 88' lang='lat' dir='ltr'><strong>qui</strong></span> <span class='ocrx_word' id='word_1_477' title='bbox 1399 3788 1462 3841; x_wconf 91' lang='lat' dir='ltr'><strong>iis</strong></span> <span class='ocrx_word' id='word_1_478' title='bbox 1491 3785 1560 3841; x_wconf 89' lang='lat' dir='ltr'><strong>ad</strong></span> <span class='ocrx_word' id='word_1_479' title='bbox 1585 3784 2016 3841; x_wconf 87' lang='lat' dir='ltr'><strong>concinnandam</strong></span> 
     </span>
    </p>
   </div>
   <div class='ocr_carea' id='block_1_68' title="bbox 417 3874 2017 3956">
    <p class='ocr_par' dir='ltr' id='par_1_68' title="bbox 417 3874 2017 3956">
     <span class='ocr_line' id='line_1_68' title="bbox 417 3874 2017 3956; baseline -0.009 -12"><span class='ocrx_word' id='word_1_480' title='bbox 417 3902 611 3946; x_wconf 76' lang='lat' dir='ltr'><strong>novam</strong></span> <span class='ocrx_word' id='word_1_481' title='bbox 655 3900 878 3956; x_wconf 92' lang='lat' dir='ltr'><strong>operum</strong></span> <span class='ocrx_word' id='word_1_482' title='bbox 927 3880 1242 3939; x_wconf 88' lang='lat' dir='ltr'><strong>Tertulliani</strong></span> <span class='ocrx_word' id='word_1_483' title='bbox 1292 3878 1586 3935; x_wconf 85' lang='lat' dir='ltr'><strong>editionem</strong></span> <span class='ocrx_word' id='word_1_484' title='bbox 1620 3891 1749 3932; x_wconf 89' lang='lat' dir='ltr'><strong>usus</strong></span> <span class='ocrx_word' id='word_1_485' title='bbox 1775 3885 1877 3931; x_wconf 90' lang='lat' dir='ltr'><strong>est.</strong></span> <span class='ocrx_word' id='word_1_486' title='bbox 1910 3874 2017 3930; x_wconf 87' lang='lat' dir='ltr'><strong>Sed</strong></span> 
     </span>
    </p>
   </div>
   <div class='ocr_carea' id='block_1_69' title="bbox 418 3970 2014 4044">
    <p class='ocr_par' dir='ltr' id='par_1_69' title="bbox 418 3970 2014 4044">
     <span class='ocr_line' id='line_1_69' title="bbox 418 3970 2014 4044; baseline -0.008 -8"><span class='ocrx_word' id='word_1_487' title='bbox 418 3982 518 4038; x_wconf 80' lang='lat' dir='ltr'><strong>tria</strong></span> <span class='ocrx_word' id='word_1_488' title='bbox 539 3979 713 4036; x_wconf 88' lang='lat' dir='ltr'><strong>adhuc</strong></span> <span class='ocrx_word' id='word_1_489' title='bbox 731 3979 814 4034; x_wconf 88' lang='lat' dir='ltr'><strong>illa</strong></span> <span class='ocrx_word' id='word_1_490' title='bbox 829 3977 1038 4034; x_wconf 88' lang='lat' dir='ltr'><strong>illorum</strong></span> <span class='ocrx_word' id='word_1_491' title='bbox 1058 3973 1382 4044; x_wconf 80' lang='lat' dir='ltr'><strong>exemplaria</strong></span> <span class='ocrx_word' id='word_1_492' title='bbox 1401 3971 1500 4042; x_wconf 90' lang='lat' dir='ltr'><strong>ipsi</strong></span> <span class='ocrx_word' id='word_1_493' title='bbox 1521 3970 1855 4041; x_wconf 87' lang='lat' dir='ltr'><strong>suppeditata</strong></span> <span class='ocrx_word' id='word_1_494' title='bbox 1870 3979 2014 4038; x_wconf 87' lang='lat' dir='ltr'><strong>sunt,</strong></span> 
     </span>
    </p>
   </div>
   <div class='ocr_carea' id='block_1_70' title="bbox 421 4063 2014 4143">
    <p class='ocr_par' dir='ltr' id='par_1_70' title="bbox 421 4063 2014 4143">
     <span class='ocr_line' id='line_1_70' title="bbox 421 4063 2014 4143; baseline -0.008 -12"><span class='ocrx_word' id='word_1_495' title='bbox 421 4082 477 4131; x_wconf 85' lang='lat' dir='ltr'><strong>et</strong></span> <span class='ocrx_word' id='word_1_496' title='bbox 498 4072 607 4130; x_wconf 89' lang='lat' dir='ltr'><strong>duo</strong></span> <span class='ocrx_word' id='word_1_497' title='bbox 627 4072 844 4143; x_wconf 89' lang='lat' dir='ltr'><strong>quidem</strong></span> <span class='ocrx_word' id='word_1_498' title='bbox 872 4087 938 4128; x_wconf 88' lang='lat' dir='ltr'><strong>ex</strong></span> <span class='ocrx_word' id='word_1_499' title='bbox 965 4070 1022 4126; x_wconf 91' lang='lat' dir='ltr'><strong>S.</strong></span> <span class='ocrx_word' id='word_1_500' title='bbox 1047 4067 1273 4124; x_wconf 84' lang='lat' dir='ltr'><strong>Amaudi</strong></span> <span class='ocrx_word' id='word_1_501' title='bbox 1301 4081 1365 4122; x_wconf 91' lang='lat' dir='ltr'><strong>ac</strong></span> <span class='ocrx_word' id='word_1_502' title='bbox 1390 4065 1623 4121; x_wconf 86' lang='lat' dir='ltr'><strong>Bavonis</strong></span> <span class='ocrx_word' id='word_1_503' title='bbox 1653 4063 2014 4129; x_wconf 87' lang='lat' dir='ltr'><strong>monasteriis,</strong></span> 
     </span>
    </p>
   </div>
   <div class='ocr_carea' id='block_1_71' title="bbox 419 4155 2017 4236">
    <p class='ocr_par' dir='ltr' id='par_1_71' title="bbox 419 4155 2017 4236">
     <span class='ocr_line' id='line_1_71' title="bbox 419 4155 2017 4236; baseline -0.008 -14"><span class='ocrx_word' id='word_1_504' title='bbox 419 4167 638 4224; x_wconf 88' lang='lat' dir='ltr'><strong>tertium</strong></span> <span class='ocrx_word' id='word_1_505' title='bbox 666 4166 948 4236; x_wconf 85' lang='lat' dir='ltr'><strong>Anglicum</strong></span> <span class='ocrx_word' id='word_1_506' title='bbox 968 4204 982 4228; x_wconf 89' lang='lat'><strong>,</strong></span> <span class='ocrx_word' id='word_1_507' title='bbox 1014 4160 1156 4233; x_wconf 91' lang='lat' dir='ltr'><strong>quod</strong></span> <span class='ocrx_word' id='word_1_508' title='bbox 1189 4175 1352 4231; x_wconf 85' lang='lat' dir='ltr'><strong>penes</strong></span> <span class='ocrx_word' id='word_1_509' title='bbox 1397 4174 1458 4216; x_wconf 92' lang='lat' dir='ltr'><strong>se</strong></span> <span class='ocrx_word' id='word_1_510' title='bbox 1499 4157 1736 4214; x_wconf 81' lang='lat' dir='ltr'><strong>Joannes</strong></span> <span class='ocrx_word' id='word_1_511' title='bbox 1765 4155 2017 4210; x_wconf 89' lang='lat' dir='ltr'><strong>Clemens</strong></span> 
     </span>
    </p>
   </div>
   <div class='ocr_carea' id='block_1_72' title="bbox 418 4248 2017 4332">
    <p class='ocr_par' dir='ltr' id='par_1_72' title="bbox 418 4248 2017 4332">
     <span class='ocr_line' id='line_1_72' title="bbox 418 4248 2017 4332; baseline -0.006 -16"><span class='ocrx_word' id='word_1_512' title='bbox 418 4259 605 4332; x_wconf 86' lang='lat' dir='ltr'><strong>anglus</strong></span> <span class='ocrx_word' id='word_1_513' title='bbox 648 4257 898 4314; x_wconf 89' lang='lat' dir='ltr'><strong>habebat.</strong></span> <span class='ocrx_word' id='word_1_514' title='bbox 929 4256 1127 4312; x_wconf 81' lang='lat' dir='ltr'><strong>Verum</strong></span> <span class='ocrx_word' id='word_1_515' title='bbox 1158 4269 1333 4325; x_wconf 89' lang='lat' dir='ltr'><strong>neque</strong></span> <span class='ocrx_word' id='word_1_516' title='bbox 1362 4251 1654 4316; x_wconf 90' lang='lat' dir='ltr'><strong>Pamelius,</strong></span> <span class='ocrx_word' id='word_1_517' title='bbox 1681 4263 1855 4320; x_wconf 89' lang='lat' dir='ltr'><strong>neque</strong></span> <span class='ocrx_word' id='word_1_518' title='bbox 1879 4248 2017 4306; x_wconf 85' lang='lat' dir='ltr'><strong>alius</strong></span> 
     </span>
    </p>
   </div>
   <div class='ocr_carea' id='block_1_73' title="bbox 422 4346 2014 4429">
    <p class='ocr_par' dir='ltr' id='par_1_73' title="bbox 422 4346 2014 4429">
     <span class='ocr_line' id='line_1_73' title="bbox 422 4346 2014 4429; baseline -0.005 -16"><span class='ocrx_word' id='word_1_519' title='bbox 422 4355 688 4429; x_wconf 86' lang='lat' dir='ltr'><strong>quispiam</strong></span> <span class='ocrx_word' id='word_1_520' title='bbox 712 4353 868 4410; x_wconf 87' lang='lat' dir='ltr'><strong>nobis</strong></span> <span class='ocrx_word' id='word_1_521' title='bbox 899 4352 1153 4421; x_wconf 80' lang='lat' dir='ltr'><strong>indicavit</strong></span> <span class='ocrx_word' id='word_1_522' title='bbox 1173 4349 1352 4422; x_wconf 87' lang='lat' dir='ltr'><strong>qualia</strong></span> <span class='ocrx_word' id='word_1_523' title='bbox 1383 4355 1664 4419; x_wconf 72' lang='lat' dir='ltr'><strong>quantazve</strong></span> <span class='ocrx_word' id='word_1_524' title='bbox 1685 4346 2014 4416; x_wconf 88' lang='lat' dir='ltr'><strong>antiquitatis</strong></span> 
     </span>
    </p>
   </div>
   <div class='ocr_carea' id='block_1_74' title="bbox 417 4449 636 4507">
    <p class='ocr_par' dir='ltr' id='par_1_74' title="bbox 417 4449 636 4507">
     <span class='ocr_line' id='line_1_74' title="bbox 417 4449 636 4507; baseline -0.032 0"><span class='ocrx_word' id='word_1_525' title='bbox 417 4464 480 4507; x_wconf 85' lang='lat' dir='ltr'><strong>ea</strong></span> <span class='ocrx_word' id='word_1_526' title='bbox 509 4449 636 4505; x_wconf 89' lang='lat' dir='ltr'><strong>sint.</strong></span> 
     </span>
    </p>
   </div>
   <div class='ocr_carea' id='block_1_75' title="bbox 2129 3232 3724 3308">
    <p class='ocr_par' dir='ltr' id='par_1_75' title="bbox 2129 3232 3724 3308">
     <span class='ocr_line' id='line_1_75' title="bbox 2129 3232 3724 3308; baseline -0.001 -16"><span class='ocrx_word' id='word_1_527' title='bbox 2129 3238 2396 3308; x_wconf 88' lang='lat' dir='ltr'><strong>imperitia</strong></span> <span class='ocrx_word' id='word_1_528' title='bbox 2427 3239 2585 3291; x_wconf 76' lang='lat' dir='ltr'><strong>variis</strong></span> <span class='ocrx_word' id='word_1_529' title='bbox 2603 3237 2796 3306; x_wconf 89' lang='lat' dir='ltr'><strong>passim</strong></span> <span class='ocrx_word' id='word_1_530' title='bbox 2821 3232 3050 3288; x_wconf 60' lang='lat' dir='ltr'><strong>foedatus</strong></span> <span class='ocrx_word' id='word_1_531' title='bbox 3070 3239 3156 3286; x_wconf 90' lang='lat' dir='ltr'><strong>est</strong></span> <span class='ocrx_word' id='word_1_532' title='bbox 3182 3233 3414 3301; x_wconf 89' lang='lat' dir='ltr'><strong>mendis,</strong></span> <span class='ocrx_word' id='word_1_533' title='bbox 3443 3250 3563 3305; x_wconf 63' lang='lat' dir='ltr'><strong>qua&quot;:</strong></span> <span class='ocrx_word' id='word_1_534' title='bbox 3587 3235 3724 3291; x_wconf 90' lang='lat' dir='ltr'><strong>alius</strong></span> 
     </span>
    </p>
   </div>
   <div class='ocr_carea' id='block_1_76' title="bbox 2124 3325 3723 3401">
    <p class='ocr_par' dir='ltr' id='par_1_76' title="bbox 2124 3325 3723 3401">
     <span class='ocr_line' id='line_1_76' title="bbox 2124 3325 3723 3401; baseline -0.003 -15"><span class='ocrx_word' id='word_1_535' title='bbox 2124 3331 2333 3386; x_wconf 88' lang='lat' dir='ltr'><strong>doctior</strong></span> <span class='ocrx_word' id='word_1_536' title='bbox 2355 3329 2616 3401; x_wconf 89' lang='lat' dir='ltr'><strong>appositis</strong></span> <span class='ocrx_word' id='word_1_537' title='bbox 2640 3326 2830 3393; x_wconf 87' lang='lat' dir='ltr'><strong>obelis,</strong></span> <span class='ocrx_word' id='word_1_538' title='bbox 2847 3334 3003 3394; x_wconf 86' lang='lat' dir='ltr'><strong>atque</strong></span> <span class='ocrx_word' id='word_1_539' title='bbox 3024 3325 3090 3377; x_wconf 90' lang='lat' dir='ltr'><strong>ad</strong></span> <span class='ocrx_word' id='word_1_540' title='bbox 3112 3325 3411 3396; x_wconf 85' lang='lat' dir='ltr'><strong>marginem</strong></span> <span class='ocrx_word' id='word_1_541' title='bbox 3433 3328 3597 3393; x_wconf 86' lang='lat' dir='ltr'><strong>notis,</strong></span> <span class='ocrx_word' id='word_1_542' title='bbox 3630 3335 3723 3382; x_wconf 90' lang='lat' dir='ltr'><strong>aut</strong></span> 
     </span>
    </p>
   </div>
   <div class='ocr_carea' id='block_1_77' title="bbox 2124 3417 3347 3491">
    <p class='ocr_par' dir='ltr' id='par_1_77' title="bbox 2124 3417 3347 3491">
     <span class='ocr_line' id='line_1_77' title="bbox 2124 3417 3347 3491; baseline -0.006 -11"><span class='ocrx_word' id='word_1_543' title='bbox 2124 3423 2378 3490; x_wconf 83' lang='lat' dir='ltr'><strong>correxit,</strong></span> <span class='ocrx_word' id='word_1_544' title='bbox 2407 3432 2499 3477; x_wconf 88' lang='lat' dir='ltr'><strong>aut</strong></span> <span class='ocrx_word' id='word_1_545' title='bbox 2517 3417 2827 3491; x_wconf 83' lang='lat' dir='ltr'><strong>corrigenda</strong></span> <span class='ocrx_word' id='word_1_546' title='bbox 2858 3431 2978 3471; x_wconf 89' lang='lat' dir='ltr'><strong>esse</strong></span> <span class='ocrx_word' id='word_1_547' title='bbox 3007 3419 3347 3474; x_wconf 88' lang='lat' dir='ltr'><strong>monstravit.</strong></span> 
     </span>
    </p>
   </div>
   <div class='ocr_carea' id='block_1_78' title="bbox 2197 3510 3722 3581">
    <p class='ocr_par' dir='ltr' id='par_1_78' title="bbox 2197 3510 3722 3581">
     <span class='ocr_line' id='line_1_78' title="bbox 2197 3510 3722 3581; baseline -0.002 -10"><span class='ocrx_word' id='word_1_548' title='bbox 2197 3517 2386 3573; x_wconf 89' lang='lat' dir='ltr'><strong>Plures</strong></span> <span class='ocrx_word' id='word_1_549' title='bbox 2407 3526 2587 3572; x_wconf 84' lang='lat' dir='ltr'><strong>autem</strong></span> <span class='ocrx_word' id='word_1_550' title='bbox 2621 3515 2672 3571; x_wconf 91' lang='lat' dir='ltr'><strong>in</strong></span> <span class='ocrx_word' id='word_1_551' title='bbox 2703 3529 2768 3568; x_wconf 89' lang='lat' dir='ltr'><strong>eo</strong></span> <span class='ocrx_word' id='word_1_552' title='bbox 2796 3510 2980 3566; x_wconf 89' lang='lat' dir='ltr'><strong>codice</strong></span> <span class='ocrx_word' id='word_1_553' title='bbox 3003 3511 3308 3581; x_wconf 86' lang='lat' dir='ltr'><strong>transcripti</strong></span> <span class='ocrx_word' id='word_1_554' title='bbox 3354 3521 3482 3567; x_wconf 90' lang='lat' dir='ltr'><strong>sunt</strong></span> <span class='ocrx_word' id='word_1_555' title='bbox 3511 3512 3722 3568; x_wconf 88' lang='lat' dir='ltr'><strong>Tertul-</strong></span> 
     </span>
    </p>
   </div>
   <div class='ocr_carea' id='block_1_79' title="bbox 2127 3602 3717 3686">
    <p class='ocr_par' dir='ltr' id='par_1_79' title="bbox 2127 3602 3717 3686">
     <span class='ocr_line' id='line_1_79' title="bbox 2127 3602 3717 3686; baseline -0.004 -20"><span class='ocrx_word' id='word_1_556' title='bbox 2127 3611 2253 3666; x_wconf 90' lang='lat' dir='ltr'><strong>liani</strong></span> <span class='ocrx_word' id='word_1_557' title='bbox 2288 3619 2546 3666; x_wconf 88' lang='lat' dir='ltr'><strong>tractatus</strong></span> <span class='ocrx_word' id='word_1_558' title='bbox 2570 3651 2584 3676; x_wconf 87' lang='lat'><strong>,</strong></span> <span class='ocrx_word' id='word_1_559' title='bbox 2612 3622 2840 3680; x_wconf 84' lang='lat' dir='ltr'><strong>quorum</strong></span> <span class='ocrx_word' id='word_1_560' title='bbox 2870 3602 3111 3686; x_wconf 32' lang='lat' dir='ltr'><strong>index‘in</strong></span> <span class='ocrx_word' id='word_1_561' title='bbox 3140 3605 3310 3674; x_wconf 91' lang='lat' dir='ltr'><strong>prima</strong></span> <span class='ocrx_word' id='word_1_562' title='bbox 3355 3605 3499 3661; x_wconf 90' lang='lat' dir='ltr'><strong>illius</strong></span> <span class='ocrx_word' id='word_1_563' title='bbox 3530 3607 3717 3677; x_wconf 81' lang='lat' dir='ltr'><strong>pagina</strong></span> 
     </span>
    </p>
   </div>
   <div class='ocr_carea' id='block_1_80' title="bbox 2124 3695 3716 3764">
    <p class='ocr_par' dir='ltr' id='par_1_80' title="bbox 2124 3695 3716 3764">
     <span class='ocr_line' id='line_1_80' title="bbox 2124 3695 3716 3764; baseline -0.002 -7"><span class='ocrx_word' id='word_1_564' title='bbox 2124 3700 2430 3757; x_wconf 82' lang='lat' dir='ltr'><strong>exhibetur.</strong></span> <span class='ocrx_word' id='word_1_565' title='bbox 2460 3701 2656 3758; x_wconf 81' lang='lat' dir='ltr'><strong>Verum</strong></span> <span class='ocrx_word' id='word_1_566' title='bbox 2681 3700 2733 3754; x_wconf 90' lang='lat' dir='ltr'><strong>in</strong></span> <span class='ocrx_word' id='word_1_567' title='bbox 2761 3697 2863 3753; x_wconf 91' lang='lat' dir='ltr'><strong>hoc</strong></span> <span class='ocrx_word' id='word_1_568' title='bbox 2891 3695 3066 3750; x_wconf 89' lang='lat' dir='ltr'><strong>indice</strong></span> <span class='ocrx_word' id='word_1_569' title='bbox 3088 3696 3484 3764; x_wconf 67' lang='lat' dir='ltr'><strong>prmtermissus</strong></span> <span class='ocrx_word' id='word_1_570' title='bbox 3523 3707 3607 3753; x_wconf 90' lang='lat' dir='ltr'><strong>est</strong></span> <span class='ocrx_word' id='word_1_571' title='bbox 3632 3698 3716 3754; x_wconf 92' lang='lat' dir='ltr'><strong>hic</strong></span> 
     </span>
    </p>
   </div>
   <div class='ocr_carea' id='block_1_81' title="bbox 2125 3790 3716 3866">
    <p class='ocr_par' dir='ltr' id='par_1_81' title="bbox 2125 3790 3716 3866">
     <span class='ocr_line' id='line_1_81' title="bbox 2125 3790 3716 3866; baseline 0.001 -19"><span class='ocrx_word' id='word_1_572' title='bbox 2125 3796 2502 3866; x_wconf 85' lang='lat' dir='ltr'><strong>Apologeticus</strong></span> <span class='ocrx_word' id='word_1_573' title='bbox 2521 3795 2674 3852; x_wconf 90' lang='lat' dir='ltr'><strong>liber.</strong></span> <span class='ocrx_word' id='word_1_574' title='bbox 2704 3790 3062 3861; x_wconf 86' lang='lat' dir='ltr'><strong>Quamobrem</strong></span> <span class='ocrx_word' id='word_1_575' title='bbox 3092 3791 3398 3860; x_wconf 88' lang='lat' dir='ltr'><strong>suspicandi</strong></span> <span class='ocrx_word' id='word_1_576' title='bbox 3421 3792 3570 3847; x_wconf 90' lang='lat' dir='ltr'><strong>locus</strong></span> <span class='ocrx_word' id='word_1_577' title='bbox 3596 3805 3716 3848; x_wconf 90' lang='lat' dir='ltr'><strong>esse</strong></span> 
     </span>
    </p>
   </div>
   <div class='ocr_carea' id='block_1_82' title="bbox 2125 3883 3711 3958">
    <p class='ocr_par' dir='ltr' id='par_1_82' title="bbox 2125 3883 3711 3958">
     <span class='ocr_line' id='line_1_82' title="bbox 2125 3883 3711 3958; baseline 0.001 -18"><span class='ocrx_word' id='word_1_578' title='bbox 2125 3887 2335 3943; x_wconf 87' lang='lat' dir='ltr'><strong>videtur</strong></span> <span class='ocrx_word' id='word_1_579' title='bbox 2355 3897 2531 3944; x_wconf 89' lang='lat' dir='ltr'><strong>utrum</strong></span> <span class='ocrx_word' id='word_1_580' title='bbox 2559 3898 2681 3958; x_wconf 87' lang='lat' dir='ltr'><strong>post</strong></span> <span class='ocrx_word' id='word_1_581' title='bbox 2696 3888 2828 3942; x_wconf 87' lang='lat' dir='ltr'><strong>alios</strong></span> <span class='ocrx_word' id='word_1_582' title='bbox 2853 3885 3018 3941; x_wconf 89' lang='lat' dir='ltr'><strong>libros</strong></span> <span class='ocrx_word' id='word_1_583' title='bbox 3039 3884 3106 3940; x_wconf 88' lang='lat' dir='ltr'><strong>ab</strong></span> <span class='ocrx_word' id='word_1_584' title='bbox 3123 3883 3302 3955; x_wconf 90' lang='lat' dir='ltr'><strong>aliquo</strong></span> <span class='ocrx_word' id='word_1_585' title='bbox 3324 3885 3543 3941; x_wconf 87' lang='lat' dir='ltr'><strong>librario</strong></span> <span class='ocrx_word' id='word_1_586' title='bbox 3569 3894 3711 3956; x_wconf 88' lang='lat' dir='ltr'><strong>post-</strong></span> 
     </span>
    </p>
   </div>
   <div class='ocr_carea' id='block_1_83' title="bbox 2123 3976 3710 4047">
    <p class='ocr_par' dir='ltr' id='par_1_83' title="bbox 2123 3976 3710 4047">
     <span class='ocr_line' id='line_1_83' title="bbox 2123 3976 3710 4047; baseline 0 -14"><span class='ocrx_word' id='word_1_587' title='bbox 2123 3993 2186 4033; x_wconf 90' lang='lat' dir='ltr'><strong>ea</strong></span> <span class='ocrx_word' id='word_1_588' title='bbox 2233 3991 2482 4036; x_wconf 88' lang='lat' dir='ltr'><strong>exaratus</strong></span> <span class='ocrx_word' id='word_1_589' title='bbox 2533 3981 2711 4038; x_wconf 88' lang='lat' dir='ltr'><strong>fuerit.</strong></span> <span class='ocrx_word' id='word_1_590' title='bbox 2758 3978 2890 4036; x_wconf 79' lang='lat' dir='ltr'><strong>Nam</strong></span> <span class='ocrx_word' id='word_1_591' title='bbox 2934 3978 3093 4034; x_wconf 88' lang='lat' dir='ltr'><strong>index</strong></span> <span class='ocrx_word' id='word_1_592' title='bbox 3149 3976 3240 4033; x_wconf 89' lang='lat' dir='ltr'><strong>ille</strong></span> <span class='ocrx_word' id='word_1_593' title='bbox 3290 3979 3478 4034; x_wconf 88' lang='lat' dir='ltr'><strong>eadem</strong></span> <span class='ocrx_word' id='word_1_594' title='bbox 3512 3994 3710 4047; x_wconf 91' lang='lat' dir='ltr'><strong>manu,</strong></span> 
     </span>
    </p>
   </div>
   <div class='ocr_carea' id='block_1_84' title="bbox 2123 4073 3710 4146">
    <p class='ocr_par' dir='ltr' id='par_1_84' title="bbox 2123 4073 3710 4146">
     <span class='ocr_line' id='line_1_84' title="bbox 2123 4073 3710 4146; baseline 0.001 -19"><span class='ocrx_word' id='word_1_595' title='bbox 2123 4081 2282 4143; x_wconf 88' lang='lat' dir='ltr'><strong>atque</strong></span> <span class='ocrx_word' id='word_1_596' title='bbox 2323 4075 2412 4129; x_wconf 89' lang='lat' dir='ltr'><strong>alii</strong></span> <span class='ocrx_word' id='word_1_597' title='bbox 2460 4075 2579 4130; x_wconf 90' lang='lat' dir='ltr'><strong>libri</strong></span> <span class='ocrx_word' id='word_1_598' title='bbox 2611 4075 2840 4146; x_wconf 88' lang='lat' dir='ltr'><strong>scriptus</strong></span> <span class='ocrx_word' id='word_1_599' title='bbox 2868 4082 2968 4130; x_wconf 86' lang='lat' dir='ltr'><strong>est.</strong></span> <span class='ocrx_word' id='word_1_600' title='bbox 3004 4073 3103 4141; x_wconf 85' lang='lat' dir='ltr'><strong>Qui</strong></span> <span class='ocrx_word' id='word_1_601' title='bbox 3135 4089 3265 4129; x_wconf 88' lang='lat' dir='ltr'><strong>vero</strong></span> <span class='ocrx_word' id='word_1_602' title='bbox 3303 4074 3710 4144; x_wconf 84' lang='lat' dir='ltr'><strong>Apologeticum</strong></span> 
     </span>
    </p>
   </div>
   <div class='ocr_carea' id='block_1_85' title="bbox 2122 4165 3709 4237">
    <p class='ocr_par' dir='ltr' id='par_1_85' title="bbox 2122 4165 3709 4237">
     <span class='ocr_line' id='line_1_85' title="bbox 2122 4165 3709 4237; baseline 0 -17"><span class='ocrx_word' id='word_1_603' title='bbox 2122 4165 2375 4237; x_wconf 90' lang='lat' dir='ltr'><strong>deinceps</strong></span> <span class='ocrx_word' id='word_1_604' title='bbox 2402 4167 2729 4237; x_wconf 88' lang='lat' dir='ltr'><strong>descripsit,</strong></span> <span class='ocrx_word' id='word_1_605' title='bbox 2763 4168 2808 4222; x_wconf 89' lang='lat' dir='ltr'><strong>is</strong></span> <span class='ocrx_word' id='word_1_606' title='bbox 2835 4167 2957 4222; x_wconf 88' lang='lat' dir='ltr'><strong>aliis</strong></span> <span class='ocrx_word' id='word_1_607' title='bbox 2997 4167 3295 4237; x_wconf 87' lang='lat' dir='ltr'><strong>imperitior</strong></span> <span class='ocrx_word' id='word_1_608' title='bbox 3321 4177 3375 4221; x_wconf 90' lang='lat' dir='ltr'><strong>et</strong></span> <span class='ocrx_word' id='word_1_609' title='bbox 3401 4167 3578 4221; x_wconf 71' lang='lat' dir='ltr'><strong>latinia</strong></span> <span class='ocrx_word' id='word_1_610' title='bbox 3605 4165 3709 4220; x_wconf 90' lang='lat' dir='ltr'><strong>lin-</strong></span> 
     </span>
    </p>
   </div>
   <div class='ocr_carea' id='block_1_86' title="bbox 2120 4259 3702 4332">
    <p class='ocr_par' dir='ltr' id='par_1_86' title="bbox 2120 4259 3702 4332">
     <span class='ocr_line' id='line_1_86' title="bbox 2120 4259 3702 4332; baseline -0.001 -17"><span class='ocrx_word' id='word_1_611' title='bbox 2120 4273 2240 4329; x_wconf 70' lang='lat' dir='ltr'><strong>gua:</strong></span> <span class='ocrx_word' id='word_1_612' title='bbox 2267 4260 2483 4330; x_wconf 87' lang='lat' dir='ltr'><strong>ignarus</strong></span> <span class='ocrx_word' id='word_1_613' title='bbox 2503 4301 2517 4328; x_wconf 92' lang='lat'><strong>,</strong></span> <span class='ocrx_word' id='word_1_614' title='bbox 2549 4259 2888 4332; x_wconf 81' lang='lat' dir='ltr'><strong>frequentes,</strong></span> <span class='ocrx_word' id='word_1_615' title='bbox 2921 4261 3116 4331; x_wconf 85' lang='lat' dir='ltr'><strong>quibus</strong></span> <span class='ocrx_word' id='word_1_616' title='bbox 3145 4260 3316 4318; x_wconf 83' lang='lat' dir='ltr'><strong>codex</strong></span> <span class='ocrx_word' id='word_1_617' title='bbox 3364 4261 3454 4315; x_wconf 89' lang='lat' dir='ltr'><strong>ille</strong></span> <span class='ocrx_word' id='word_1_618' title='bbox 3504 4259 3702 4330; x_wconf 87' lang='lat' dir='ltr'><strong>passim</strong></span> 
     </span>
    </p>
   </div>
   <div class='ocr_carea' id='block_1_87' title="bbox 2120 4349 3700 4424">
    <p class='ocr_par' dir='ltr' id='par_1_87' title="bbox 2120 4349 3700 4424">
     <span class='ocr_line' id='line_1_87' title="bbox 2120 4349 3700 4424; baseline 0.001 -18"><span class='ocrx_word' id='word_1_619' title='bbox 2120 4350 2320 4422; x_wconf 92' lang='lat' dir='ltr'><strong>ubique</strong></span> <span class='ocrx_word' id='word_1_620' title='bbox 2363 4360 2567 4420; x_wconf 85' lang='lat' dir='ltr'><strong>scatet,</strong></span> <span class='ocrx_word' id='word_1_621' title='bbox 2600 4366 2815 4409; x_wconf 88' lang='lat' dir='ltr'><strong>errores</strong></span> <span class='ocrx_word' id='word_1_622' title='bbox 2863 4352 3094 4424; x_wconf 89' lang='lat' dir='ltr'><strong>reliquit.</strong></span> <span class='ocrx_word' id='word_1_623' title='bbox 3143 4349 3258 4409; x_wconf 88' lang='lat' dir='ltr'><strong>Alia</strong></span> <span class='ocrx_word' id='word_1_624' title='bbox 3281 4368 3492 4424; x_wconf 87' lang='lat' dir='ltr'><strong>quoque</strong></span> <span class='ocrx_word' id='word_1_625' title='bbox 3524 4353 3576 4406; x_wconf 91' lang='lat' dir='ltr'><strong>in</strong></span> <span class='ocrx_word' id='word_1_626' title='bbox 3601 4365 3700 4417; x_wconf 91' lang='lat' dir='ltr'><strong>eo,</strong></span> 
     </span>
    </p>
   </div>
   <div class='ocr_carea' id='block_1_88' title="bbox 2119 4435 3701 4516">
    <p class='ocr_par' dir='ltr' id='par_1_88' title="bbox 2119 4435 3701 4516">
     <span class='ocr_line' id='line_1_88' title="bbox 2119 4435 3701 4516; baseline -0.001 -18"><span class='ocrx_word' id='word_1_627' title='bbox 2119 4435 2277 4516; x_wconf 83' lang='lat' dir='ltr'><strong>quam</strong></span> <span class='ocrx_word' id='word_1_628' title='bbox 2309 4445 2360 4500; x_wconf 92' lang='lat' dir='ltr'><strong>in</strong></span> <span class='ocrx_word' id='word_1_629' title='bbox 2383 4445 2508 4500; x_wconf 88' lang='lat' dir='ltr'><strong>aliis</strong></span> <span class='ocrx_word' id='word_1_630' title='bbox 2543 4445 2694 4502; x_wconf 90' lang='lat' dir='ltr'><strong>libris</strong></span> <span class='ocrx_word' id='word_1_631' title='bbox 2718 4445 3051 4516; x_wconf 88' lang='lat' dir='ltr'><strong>conspicitur</strong></span> <span class='ocrx_word' id='word_1_632' title='bbox 3082 4445 3366 4501; x_wconf 85' lang='lat' dir='ltr'><strong>verborum</strong></span> <span class='ocrx_word' id='word_1_633' title='bbox 3390 4444 3701 4499; x_wconf 89' lang='lat' dir='ltr'><strong>contractio.</strong></span> 
     </span>
    </p>
   </div>
   <div class='ocr_carea' id='block_1_89' title="bbox 491 4533 3701 4624">
    <p class='ocr_par' dir='ltr' id='par_1_89' title="bbox 491 4533 3701 4624">
     <span class='ocr_line' id='line_1_89' title="bbox 491 4533 3701 4624; baseline -0.002 -26"><span class='ocrx_word' id='word_1_634' title='bbox 491 4542 548 4598; x_wconf 86' lang='lat' dir='ltr'><strong>In</strong></span> <span class='ocrx_word' id='word_1_635' title='bbox 589 4548 772 4595; x_wconf 91' lang='lat' dir='ltr'><strong>nostra</strong></span> <span class='ocrx_word' id='word_1_636' title='bbox 799 4543 977 4593; x_wconf 88' lang='lat' dir='ltr'><strong>autem</strong></span> <span class='ocrx_word' id='word_1_637' title='bbox 1009 4534 1181 4592; x_wconf 89' lang='lat' dir='ltr'><strong>Gallia</strong></span> <span class='ocrx_word' id='word_1_638' title='bbox 1223 4533 1311 4590; x_wconf 82' lang='lat' dir='ltr'><strong>alii</strong></span> <span class='ocrx_word' id='word_1_639' title='bbox 1339 4533 1622 4604; x_wconf 88' lang='lat' dir='ltr'><strong>cujuslibet</strong></span> <span class='ocrx_word' id='word_1_640' title='bbox 1649 4535 1821 4591; x_wconf 63' lang='lat' dir='ltr'><strong>sitatis</strong></span> <span class='ocrx_word' id='word_1_641' title='bbox 1851 4549 2008 4604; x_wconf 83' lang='lat' dir='ltr'><strong>repe-</strong></span> <span class='ocrx_word' id='word_1_642' title='bbox 2035 4560 2089 4624; x_wconf 74' lang='grc' dir='ltr'><strong>Ι)</strong></span> <span class='ocrx_word' id='word_1_643' title='bbox 2117 4537 2342 4606; x_wconf 85' lang='lat' dir='ltr'><strong>Quidam</strong></span> <span class='ocrx_word' id='word_1_644' title='bbox 2369 4547 2568 4605; x_wconf 86' lang='lat' dir='ltr'><strong>tamen,</strong></span> <span class='ocrx_word' id='word_1_645' title='bbox 2598 4539 2727 4595; x_wconf 87' lang='lat' dir='ltr'><strong>satis</strong></span> <span class='ocrx_word' id='word_1_646' title='bbox 2750 4538 2926 4595; x_wconf 90' lang='lat' dir='ltr'><strong>idonei</strong></span> <span class='ocrx_word' id='word_1_647' title='bbox 2951 4540 3230 4610; x_wconf 70' lang='lat' dir='ltr'><strong>scriptura”:</strong></span> <span class='ocrx_word' id='word_1_648' title='bbox 3256 4537 3451 4594; x_wconf 85' lang='lat' dir='ltr'><strong>veteris</strong></span> <span class='ocrx_word' id='word_1_649' title='bbox 3472 4536 3701 4606; x_wconf 87' lang='lat' dir='ltr'><strong>judices,</strong></span> 
     </span>
    </p>
   </div>
   <div class='ocr_carea' id='block_1_90' title="bbox 414 4628 2014 4700">
    <p class='ocr_par' dir='ltr' id='par_1_90' title="bbox 414 4628 2014 4700">
     <span class='ocr_line' id='line_1_90' title="bbox 414 4628 2014 4700; baseline -0.004 -10"><span class='ocrx_word' id='word_1_650' title='bbox 414 4635 628 4692; x_wconf 88' lang='lat' dir='ltr'><strong>riuntur</strong></span> <span class='ocrx_word' id='word_1_651' title='bbox 657 4631 850 4689; x_wconf 89' lang='lat' dir='ltr'><strong>horum</strong></span> <span class='ocrx_word' id='word_1_652' title='bbox 878 4629 1137 4686; x_wconf 90' lang='lat' dir='ltr'><strong>librorum</strong></span> <span class='ocrx_word' id='word_1_653' title='bbox 1169 4628 1519 4699; x_wconf 83' lang='lat' dir='ltr'><strong>manuscripti</strong></span> <span class='ocrx_word' id='word_1_654' title='bbox 1546 4629 1867 4695; x_wconf 87' lang='lat' dir='ltr'><strong>codices,ex</strong></span> <span class='ocrx_word' id='word_1_655' title='bbox 1895 4629 2014 4700; x_wconf 91' lang='lat' dir='ltr'><strong>qui-</strong></span> 
     </span>
    </p>
   </div>
   <div class='ocr_carea' id='block_1_91' title="bbox 412 4712 3803 4803">
    <p class='ocr_par' dir='ltr' id='par_1_91' title="bbox 412 4712 3803 4803">
     <span class='ocr_line' id='line_1_91' title="bbox 412 4712 3803 4803; baseline -0.001 -19"><span class='ocrx_word' id='word_1_656' title='bbox 412 4727 514 4784; x_wconf 86' lang='lat' dir='ltr'><strong>bus</strong></span> <span class='ocrx_word' id='word_1_657' title='bbox 529 4727 718 4798; x_wconf 84' lang='lat' dir='ltr'><strong>plures</strong></span> <span class='ocrx_word' id='word_1_658' title='bbox 761 4723 925 4781; x_wconf 89' lang='lat' dir='ltr'><strong>nullis</strong></span> <span class='ocrx_word' id='word_1_659' title='bbox 954 4722 1074 4803; x_wconf 84' lang='lat' dir='ltr'><strong>aliis</strong></span> <span class='ocrx_word' id='word_1_660' title='bbox 1097 4728 1191 4776; x_wconf 90' lang='lat' dir='ltr'><strong>aut</strong></span> <span class='ocrx_word' id='word_1_661' title='bbox 1213 4720 1519 4777; x_wconf 80' lang='lat' dir='ltr'><strong>veneranda</strong></span> <span class='ocrx_word' id='word_1_662' title='bbox 1548 4721 1888 4793; x_wconf 87' lang='lat' dir='ltr'><strong>antiquitate,</strong></span> <span class='ocrx_word' id='word_1_663' title='bbox 1919 4730 2012 4777; x_wconf 87' lang='lat' dir='ltr'><strong>aut</strong></span> <span class='ocrx_word' id='word_1_664' title='bbox 2115 4728 2441 4784; x_wconf 87' lang='lat' dir='ltr'><strong>existimant.</strong></span> <span class='ocrx_word' id='word_1_665' title='bbox 2461 4712 2521 4783; x_wconf 66' lang='lat' dir='ltr'><strong>I°n</strong></span> <span class='ocrx_word' id='word_1_666' title='bbox 2549 4744 2615 4785; x_wconf 91' lang='lat' dir='ltr'><strong>eo</strong></span> <span class='ocrx_word' id='word_1_667' title='bbox 2643 4739 2823 4786; x_wconf 83' lang='lat' dir='ltr'><strong>autem</strong></span> <span class='ocrx_word' id='word_1_668' title='bbox 2847 4746 2950 4785; x_wconf 91' lang='lat' dir='ltr'><strong>non</strong></span> <span class='ocrx_word' id='word_1_669' title='bbox 2982 4729 3190 4801; x_wconf 77' lang='lat' dir='ltr'><strong>integer</strong></span> <span class='ocrx_word' id='word_1_670' title='bbox 3210 4729 3300 4786; x_wconf 89' lang='lat' dir='ltr'><strong>ille</strong></span> <span class='ocrx_word' id='word_1_671' title='bbox 3323 4727 3702 4798; x_wconf 82' lang='lat' dir='ltr'><strong>Apologeticus</strong></span> <span class='ocrx_word' id='word_1_672' title='bbox 3801 4791 3803 4793; x_wconf 11' lang='lat'><strong><em>1</em></strong></span> 
     </span>
    </p>
   </div>
   <div class='ocr_carea' id='block_1_92' title="bbox 410 4813 2004 4891">
    <p class='ocr_par' dir='ltr' id='par_1_92' title="bbox 410 4813 2004 4891">
     <span class='ocr_line' id='line_1_92' title="bbox 410 4813 2004 4891; baseline -0.006 -14"><span class='ocrx_word' id='word_1_673' title='bbox 410 4819 642 4891; x_wconf 84' lang='lat' dir='ltr'><strong>eleganti</strong></span> <span class='ocrx_word' id='word_1_674' title='bbox 685 4818 998 4874; x_wconf 88' lang='lat' dir='ltr'><strong>charactere</strong></span> <span class='ocrx_word' id='word_1_675' title='bbox 1023 4813 1216 4871; x_wconf 87' lang='lat' dir='ltr'><strong>cedere</strong></span> <span class='ocrx_word' id='word_1_676' title='bbox 1242 4813 1507 4870; x_wconf 91' lang='lat' dir='ltr'><strong>videntur.</strong></span> <span class='ocrx_word' id='word_1_677' title='bbox 1539 4813 1620 4870; x_wconf 88' lang='lat' dir='ltr'><strong>Ex</strong></span> <span class='ocrx_word' id='word_1_678' title='bbox 1647 4814 1714 4869; x_wconf 92' lang='lat' dir='ltr'><strong>iis</strong></span> <span class='ocrx_word' id='word_1_679' title='bbox 1735 4829 1870 4870; x_wconf 92' lang='lat' dir='ltr'><strong>unus</strong></span> <span class='ocrx_word' id='word_1_680' title='bbox 1897 4813 2004 4869; x_wconf 88' lang='lat' dir='ltr'><strong>Pu-</strong></span> 
     </span>
    </p>
   </div>
   <div class='ocr_carea' id='block_1_93' title="bbox 407 4905 2003 4979">
    <p class='ocr_par' dir='ltr' id='par_1_93' title="bbox 407 4905 2003 4979">
     <span class='ocr_line' id='line_1_93' title="bbox 407 4905 2003 4979; baseline -0.006 -8"><span class='ocrx_word' id='word_1_681' title='bbox 407 4924 691 4971; x_wconf 88' lang='lat' dir='ltr'><strong>teanorum</strong></span> <span class='ocrx_word' id='word_1_682' title='bbox 740 4912 870 4968; x_wconf 93' lang='lat' dir='ltr'><strong>olim</strong></span> <span class='ocrx_word' id='word_1_683' title='bbox 923 4911 1147 4966; x_wconf 76' lang='lat' dir='ltr'><strong>fratrum</strong></span> <span class='ocrx_word' id='word_1_684' title='bbox 1179 4915 1487 4965; x_wconf 86' lang='lat' dir='ltr'><strong>asservalur</strong></span> <span class='ocrx_word' id='word_1_685' title='bbox 1516 4907 1569 4962; x_wconf 87' lang='lat' dir='ltr'><strong>in</strong></span> <span class='ocrx_word' id='word_1_686' title='bbox 1617 4905 1778 4979; x_wconf 79' lang='lat' dir='ltr'><strong>Regis</strong></span> <span class='ocrx_word' id='word_1_687' title='bbox 1831 4907 2003 4962; x_wconf 88' lang='lat' dir='ltr'><strong>nostri</strong></span> 
     </span>
    </p>
   </div>
   <div class='ocr_carea' id='block_1_94' title="bbox 405 4997 2001 5062">
    <p class='ocr_par' dir='ltr' id='par_1_94' title="bbox 405 4997 2001 5062">
     <span class='ocr_line' id='line_1_94' title="bbox 405 4997 2001 5062; baseline -0.005 0"><span class='ocrx_word' id='word_1_688' title='bbox 405 5005 842 5062; x_wconf 88' lang='lat' dir='ltr'><strong>christianissimi</strong></span> <span class='ocrx_word' id='word_1_689' title='bbox 875 5000 1242 5059; x_wconf 86' lang='lat' dir='ltr'><strong>bibliotheca.</strong></span> <span class='ocrx_word' id='word_1_690' title='bbox 1295 4998 1541 5056; x_wconf 80' lang='lat' dir='ltr'><strong>Alterum</strong></span> <span class='ocrx_word' id='word_1_691' title='bbox 1593 5013 1724 5054; x_wconf 87' lang='lat' dir='ltr'><strong>vero</strong></span> <span class='ocrx_word' id='word_1_692' title='bbox 1769 4997 2001 5054; x_wconf 80' lang='lat' dir='ltr'><strong>Jacobus</strong></span> 
     </span>
    </p>
   </div>
   <div class='ocr_carea' id='block_1_95' title="bbox 401 5092 1998 5170">
    <p class='ocr_par' dir='ltr' id='par_1_95' title="bbox 401 5092 1998 5170">
     <span class='ocr_line' id='line_1_95' title="bbox 401 5092 1998 5170; baseline -0.006 -14"><span class='ocrx_word' id='word_1_693' title='bbox 401 5099 724 5170; x_wconf 86' lang='lat' dir='ltr'><strong>Bongartius</strong></span> <span class='ocrx_word' id='word_1_694' title='bbox 752 5095 1084 5168; x_wconf 85' lang='lat' dir='ltr'><strong>possidebat.</strong></span> <span class='ocrx_word' id='word_1_695' title='bbox 1133 5092 1215 5150; x_wconf 83' lang='lat' dir='ltr'><strong>Ad</strong></span> <span class='ocrx_word' id='word_1_696' title='bbox 1243 5100 1530 5163; x_wconf 90' lang='lat' dir='ltr'><strong>utrumque</strong></span> <span class='ocrx_word' id='word_1_697' title='bbox 1557 5101 1736 5148; x_wconf 85' lang='lat' dir='ltr'><strong>autem</strong></span> <span class='ocrx_word' id='word_1_698' title='bbox 1775 5092 1998 5148; x_wconf 88' lang='lat' dir='ltr'><strong>Deside-</strong></span> 
     </span>
    </p>
   </div>
   <div class='ocr_carea' id='block_1_96' title="bbox 397 5183 1999 5260">
    <p class='ocr_par' dir='ltr' id='par_1_96' title="bbox 397 5183 1999 5260">
     <span class='ocr_line' id='line_1_96' title="bbox 397 5183 1999 5260; baseline -0.004 -11"><span class='ocrx_word' id='word_1_699' title='bbox 397 5191 513 5249; x_wconf 87' lang='lat' dir='ltr'><strong>rius</strong></span> <span class='ocrx_word' id='word_1_700' title='bbox 541 5189 804 5248; x_wconf 79' lang='lat' dir='ltr'><strong>Heraldus</strong></span> <span class='ocrx_word' id='word_1_701' title='bbox 836 5187 1162 5260; x_wconf 85' lang='lat' dir='ltr'><strong>singularem</strong></span> <span class='ocrx_word' id='word_1_702' title='bbox 1191 5185 1523 5257; x_wconf 77' lang='lat' dir='ltr'><strong>Apologetici</strong></span> <span class='ocrx_word' id='word_1_703' title='bbox 1555 5183 1845 5241; x_wconf 87' lang='lat' dir='ltr'><strong>editionem</strong></span> <span class='ocrx_word' id='word_1_704' title='bbox 1873 5201 1999 5242; x_wconf 86' lang='lat' dir='ltr'><strong>cas-</strong></span> 
     </span>
    </p>
   </div>
   <div class='ocr_carea' id='block_1_97' title="bbox 399 5283 605 5354">
    <p class='ocr_par' dir='ltr' id='par_1_97' title="bbox 399 5283 605 5354">
     <span class='ocr_line' id='line_1_97' title="bbox 399 5283 605 5354; baseline -0.005 -15"><span class='ocrx_word' id='word_1_705' title='bbox 399 5283 605 5354; x_wconf 76' lang='lat' dir='ltr'><strong>ligavit.</strong></span> 
     </span>
    </p>
   </div>
   <div class='ocr_carea' id='block_1_98' title="bbox 464 5370 1992 5445">
    <p class='ocr_par' dir='ltr' id='par_1_98' title="bbox 464 5370 1992 5445">
     <span class='ocr_line' id='line_1_98' title="bbox 464 5370 1992 5445; baseline -0.005 -11"><span class='ocrx_word' id='word_1_706' title='bbox 464 5375 718 5434; x_wconf 82' lang='lat' dir='ltr'><strong>Nicolaus</strong></span> <span class='ocrx_word' id='word_1_707' title='bbox 766 5389 896 5430; x_wconf 85' lang='lat' dir='ltr'><strong>vero</strong></span> <span class='ocrx_word' id='word_1_708' title='bbox 943 5372 1204 5445; x_wconf 73' lang='lat' dir='ltr'><strong>Rigaltius</strong></span> <span class='ocrx_word' id='word_1_709' title='bbox 1232 5387 1339 5428; x_wconf 91' lang='lat' dir='ltr'><strong>non</strong></span> <span class='ocrx_word' id='word_1_710' title='bbox 1369 5387 1559 5444; x_wconf 87' lang='lat' dir='ltr'><strong>magna</strong></span> <span class='ocrx_word' id='word_1_711' title='bbox 1588 5371 1704 5428; x_wconf 89' lang='lat' dir='ltr'><strong>sine</strong></span> <span class='ocrx_word' id='word_1_712' title='bbox 1744 5370 1992 5444; x_wconf 76' lang='lat' dir='ltr'><strong>indigna-</strong></span> 
     </span>
    </p>
   </div>
   <div class='ocr_carea' id='block_1_99' title="bbox 392 5463 1986 5540">
    <p class='ocr_par' dir='ltr' id='par_1_99' title="bbox 392 5463 1986 5540">
     <span class='ocr_line' id='line_1_99' title="bbox 392 5463 1986 5540; baseline -0.003 -16"><span class='ocrx_word' id='word_1_713' title='bbox 392 5470 537 5526; x_wconf 87' lang='lat' dir='ltr'><strong>tione</strong></span> <span class='ocrx_word' id='word_1_714' title='bbox 561 5468 911 5540; x_wconf 89' lang='lat' dir='ltr'><strong>conqueritur</strong></span> <span class='ocrx_word' id='word_1_715' title='bbox 936 5466 1374 5523; x_wconf 89' lang='lat' dir='ltr'><strong>emendatissima</strong></span> <span class='ocrx_word' id='word_1_716' title='bbox 1403 5464 1637 5535; x_wconf 82' lang='lat' dir='ltr'><strong>Operum</strong></span> <span class='ocrx_word' id='word_1_717' title='bbox 1667 5463 1986 5521; x_wconf 89' lang='lat' dir='ltr'><strong>Tertulliani</strong></span> 
     </span>
    </p>
   </div>
   <div class='ocr_carea' id='block_1_100' title="bbox 390 5556 1988 5635">
    <p class='ocr_par' dir='ltr' id='par_1_100' title="bbox 390 5556 1988 5635">
     <span class='ocr_line' id='line_1_100' title="bbox 390 5556 1988 5635; baseline -0.005 -15"><span class='ocrx_word' id='word_1_718' title='bbox 390 5563 561 5634; x_wconf 86' lang='lat' dir='ltr'><strong>prima</strong></span> <span class='ocrx_word' id='word_1_719' title='bbox 589 5562 928 5635; x_wconf 86' lang='lat' dir='ltr'><strong>genuinaque</strong></span> <span class='ocrx_word' id='word_1_720' title='bbox 951 5558 1279 5628; x_wconf 88' lang='lat' dir='ltr'><strong>exemplaria</strong></span> <span class='ocrx_word' id='word_1_721' title='bbox 1320 5558 1431 5628; x_wconf 89' lang='lat' dir='ltr'><strong>jam</strong></span> <span class='ocrx_word' id='word_1_722' title='bbox 1479 5573 1509 5613; x_wconf 90' lang='lat' dir='ltr'><strong>a</strong></span> <span class='ocrx_word' id='word_1_723' title='bbox 1555 5556 1714 5628; x_wconf 86' lang='lat' dir='ltr'><strong>longo</strong></span> <span class='ocrx_word' id='word_1_724' title='bbox 1744 5566 1988 5628; x_wconf 90' lang='lat' dir='ltr'><strong>tempore</strong></span> 
     </span>
    </p>
   </div>
   <div class='ocr_carea' id='block_1_101' title="bbox 389 5650 1987 5726">
    <p class='ocr_par' dir='ltr' id='par_1_101' title="bbox 389 5650 1987 5726">
     <span class='ocr_line' id='line_1_101' title="bbox 389 5650 1987 5726; baseline -0.002 -15"><span class='ocrx_word' id='word_1_725' title='bbox 389 5656 460 5713; x_wconf 89' lang='lat' dir='ltr'><strong>ab</strong></span> <span class='ocrx_word' id='word_1_726' title='bbox 488 5657 573 5723; x_wconf 90' lang='lat' dir='ltr'><strong>iis,</strong></span> <span class='ocrx_word' id='word_1_727' title='bbox 598 5655 688 5726; x_wconf 92' lang='lat' dir='ltr'><strong>qui</strong></span> <span class='ocrx_word' id='word_1_728' title='bbox 719 5652 954 5710; x_wconf 81' lang='lat' dir='ltr'><strong>Africani</strong></span> <span class='ocrx_word' id='word_1_729' title='bbox 989 5651 1149 5722; x_wconf 89' lang='lat' dir='ltr'><strong>hujus</strong></span> <span class='ocrx_word' id='word_1_730' title='bbox 1187 5651 1467 5721; x_wconf 88' lang='lat' dir='ltr'><strong>scriptoris</strong></span> <span class='ocrx_word' id='word_1_731' title='bbox 1497 5650 1762 5710; x_wconf 89' lang='lat' dir='ltr'><strong>dictiones</strong></span> <span class='ocrx_word' id='word_1_732' title='bbox 1791 5666 1987 5724; x_wconf 83' lang='lat' dir='ltr'><strong>capere</strong></span> 
     </span>
    </p>
   </div>
   <div class='ocr_carea' id='block_1_102' title="bbox 376 5742 1980 5821">
    <p class='ocr_par' dir='ltr' id='par_1_102' title="bbox 376 5742 1980 5821">
     <span class='ocr_line' id='line_1_102' title="bbox 376 5742 1980 5821; baseline -0.004 -16"><span class='ocrx_word' id='word_1_733' title='bbox 376 5762 484 5807; x_wconf 89' lang='lat' dir='ltr'><strong>non</strong></span> <span class='ocrx_word' id='word_1_734' title='bbox 511 5751 822 5821; x_wconf 87' lang='lat' dir='ltr'><strong>potuerunt,</strong></span> <span class='ocrx_word' id='word_1_735' title='bbox 855 5744 936 5802; x_wconf 82' lang='lat' dir='ltr'><strong>sic</strong></span> <span class='ocrx_word' id='word_1_736' title='bbox 972 5753 1224 5814; x_wconf 89' lang='lat' dir='ltr'><strong>corrupta</strong></span> <span class='ocrx_word' id='word_1_737' title='bbox 1257 5742 1441 5808; x_wconf 84' lang='lat' dir='ltr'><strong>fuisse,</strong></span> <span class='ocrx_word' id='word_1_738' title='bbox 1473 5752 1530 5800; x_wconf 91' lang='lat' dir='ltr'><strong>ut</strong></span> <span class='ocrx_word' id='word_1_739' title='bbox 1557 5743 1646 5800; x_wconf 89' lang='lat' dir='ltr'><strong>vix</strong></span> <span class='ocrx_word' id='word_1_740' title='bbox 1680 5744 1790 5802; x_wconf 88' lang='lat' dir='ltr'><strong>ulla</strong></span> <span class='ocrx_word' id='word_1_741' title='bbox 1819 5747 1980 5803; x_wconf 88' lang='lat' dir='ltr'><strong>resti-</strong></span> 
     </span>
    </p>
   </div>
   <div class='ocr_carea' id='block_1_103' title="bbox 2118 4633 3702 4700">
    <p class='ocr_par' dir='ltr' id='par_1_103' title="bbox 2118 4633 3702 4700">
     <span class='ocr_line' id='line_1_103' title="bbox 2118 4633 3702 4700; baseline -0.003 -12"><span class='ocrx_word' id='word_1_742' title='bbox 2118 4633 2260 4688; x_wconf 85' lang='lat' dir='ltr'><strong>hunc</strong></span> <span class='ocrx_word' id='word_1_743' title='bbox 2287 4633 2498 4699; x_wconf 87' lang='lat' dir='ltr'><strong>librum,</strong></span> <span class='ocrx_word' id='word_1_744' title='bbox 2528 4635 2665 4690; x_wconf 86' lang='lat' dir='ltr'><strong>sicut</strong></span> <span class='ocrx_word' id='word_1_745' title='bbox 2686 4634 2843 4700; x_wconf 87' lang='lat' dir='ltr'><strong>alios,</strong></span> <span class='ocrx_word' id='word_1_746' title='bbox 2868 4634 2936 4690; x_wconf 89' lang='lat' dir='ltr'><strong>ab</strong></span> <span class='ocrx_word' id='word_1_747' title='bbox 2959 4634 3148 4690; x_wconf 91' lang='lat' dir='ltr'><strong>eodem</strong></span> <span class='ocrx_word' id='word_1_748' title='bbox 3179 4633 3397 4688; x_wconf 89' lang='lat' dir='ltr'><strong>librario</strong></span> <span class='ocrx_word' id='word_1_749' title='bbox 3425 4639 3702 4686; x_wconf 88' lang='lat' dir='ltr'><strong>exaratum</strong></span> 
     </span>
    </p>
   </div>
   <div class='ocr_carea' id='block_1_104' title="bbox 2122 4820 3701 4894">
    <p class='ocr_par' dir='ltr' id='par_1_104' title="bbox 2122 4820 3701 4894">
     <span class='ocr_line' id='line_1_104' title="bbox 2122 4820 3701 4894; baseline -0.003 -15"><span class='ocrx_word' id='word_1_750' title='bbox 2122 4823 2260 4879; x_wconf 90' lang='lat' dir='ltr'><strong>liber</strong></span> <span class='ocrx_word' id='word_1_751' title='bbox 2281 4823 2600 4890; x_wconf 86' lang='lat' dir='ltr'><strong>exhibetur;</strong></span> <span class='ocrx_word' id='word_1_752' title='bbox 2631 4825 2724 4879; x_wconf 86' lang='lat' dir='ltr'><strong>sed</strong></span> <span class='ocrx_word' id='word_1_753' title='bbox 2745 4825 3001 4880; x_wconf 88' lang='lat' dir='ltr'><strong>duntaxat</strong></span> <span class='ocrx_word' id='word_1_754' title='bbox 3027 4838 3193 4894; x_wconf 88' lang='lat' dir='ltr'><strong>usque</strong></span> <span class='ocrx_word' id='word_1_755' title='bbox 3223 4822 3288 4877; x_wconf 89' lang='lat' dir='ltr'><strong>ad</strong></span> <span class='ocrx_word' id='word_1_756' title='bbox 3320 4820 3506 4892; x_wconf 83' lang='lat' dir='ltr'><strong>capitis</strong></span> <span class='ocrx_word' id='word_1_757' title='bbox 3534 4821 3701 4890; x_wconf 87' lang='lat' dir='ltr'><strong>trige-</strong></span> 
     </span>
    </p>
   </div>
   <div class='ocr_carea' id='block_1_105' title="bbox 2109 4911 3700 4986">
    <p class='ocr_par' dir='ltr' id='par_1_105' title="bbox 2109 4911 3700 4986">
     <span class='ocr_line' id='line_1_105' title="bbox 2109 4911 3700 4986; baseline -0.001 -17"><span class='ocrx_word' id='word_1_758' title='bbox 2109 4914 2464 4986; x_wconf 33' lang='lat' dir='ltr'><strong>simi‘initiuni</strong></span> <span class='ocrx_word' id='word_1_759' title='bbox 2494 4935 2506 4971; x_wconf 89' lang='lat'><strong>:</strong></span> <span class='ocrx_word' id='word_1_760' title='bbox 2535 4926 2727 4972; x_wconf 71' lang='lat' dir='ltr'><strong>cmtera</strong></span> <span class='ocrx_word' id='word_1_761' title='bbox 2753 4926 2956 4982; x_wconf 89' lang='lat' dir='ltr'><strong>autem,</strong></span> <span class='ocrx_word' id='word_1_762' title='bbox 2977 4929 3095 4986; x_wconf 79' lang='lat' dir='ltr'><strong>qua:</strong></span> <span class='ocrx_word' id='word_1_763' title='bbox 3118 4925 3363 4986; x_wconf 85' lang='lat' dir='ltr'><strong>quartam</strong></span> <span class='ocrx_word' id='word_1_764' title='bbox 3391 4914 3554 4970; x_wconf 89' lang='lat' dir='ltr'><strong>totius</strong></span> <span class='ocrx_word' id='word_1_765' title='bbox 3578 4911 3700 4968; x_wconf 88' lang='lat' dir='ltr'><strong>libri</strong></span> 
     </span>
    </p>
   </div>
   <div class='ocr_carea' id='block_1_106' title="bbox 2110 5008 3246 5078">
    <p class='ocr_par' dir='ltr' id='par_1_106' title="bbox 2110 5008 3246 5078">
     <span class='ocr_line' id='line_1_106' title="bbox 2110 5008 3246 5078; baseline 0.001 -17"><span class='ocrx_word' id='word_1_766' title='bbox 2110 5017 2314 5077; x_wconf 83' lang='lat' dir='ltr'><strong>partem</strong></span> <span class='ocrx_word' id='word_1_767' title='bbox 2341 5009 2638 5075; x_wconf 87' lang='lat' dir='ltr'><strong>continent,</strong></span> <span class='ocrx_word' id='word_1_768' title='bbox 2667 5009 2824 5078; x_wconf 85' lang='lat' dir='ltr'><strong>plane</strong></span> <span class='ocrx_word' id='word_1_769' title='bbox 2852 5008 3246 5065; x_wconf 88' lang='lat' dir='ltr'><strong>desiderantur.</strong></span> 
     </span>
    </p>
   </div>
   <div class='ocr_carea' id='block_1_107' title="bbox 2182 5097 3699 5172">
    <p class='ocr_par' dir='ltr' id='par_1_107' title="bbox 2182 5097 3699 5172">
     <span class='ocr_line' id='line_1_107' title="bbox 2182 5097 3699 5172; baseline -0.002 -18"><span class='ocrx_word' id='word_1_770' title='bbox 2182 5099 2419 5155; x_wconf 88' lang='lat' dir='ltr'><strong>Tertium</strong></span> <span class='ocrx_word' id='word_1_771' title='bbox 2448 5100 2687 5157; x_wconf 90' lang='lat' dir='ltr'><strong>codicem</strong></span> <span class='ocrx_word' id='word_1_772' title='bbox 2710 5101 3136 5171; x_wconf 89' lang='lat' dir='ltr'><strong>manuscriptum</strong></span> <span class='ocrx_word' id='word_1_773' title='bbox 3164 5100 3318 5156; x_wconf 90' lang='lat' dir='ltr'><strong>nobis</strong></span> <span class='ocrx_word' id='word_1_774' title='bbox 3343 5097 3699 5172; x_wconf 88' lang='lat' dir='ltr'><strong>suppeditavit</strong></span> 
     </span>
    </p>
   </div>
   <div class='ocr_carea' id='block_1_108' title="bbox 2107 5191 3724 5266">
    <p class='ocr_par' dir='ltr' id='par_1_108' title="bbox 2107 5191 3724 5266">
     <span class='ocr_line' id='line_1_108' title="bbox 2107 5191 3724 5266; baseline 0.001 -20"><span class='ocrx_word' id='word_1_775' title='bbox 2107 5191 2196 5247; x_wconf 87' lang='lat' dir='ltr'><strong>vir</strong></span> <span class='ocrx_word' id='word_1_776' title='bbox 2226 5193 2638 5261; x_wconf 81' lang='lat' dir='ltr'><strong>illustrissimus,</strong></span> <span class='ocrx_word' id='word_1_777' title='bbox 2669 5204 2724 5250; x_wconf 91' lang='lat' dir='ltr'><strong>et</strong></span> <span class='ocrx_word' id='word_1_778' title='bbox 2746 5195 2890 5250; x_wconf 91' lang='lat' dir='ltr'><strong>omni</strong></span> <span class='ocrx_word' id='word_1_779' title='bbox 2919 5194 3075 5251; x_wconf 90' lang='lat' dir='ltr'><strong>laude</strong></span> <span class='ocrx_word' id='word_1_780' title='bbox 3095 5195 3286 5266; x_wconf 88' lang='lat' dir='ltr'><strong>major,</strong></span> <span class='ocrx_word' id='word_1_781' title='bbox 3314 5195 3545 5250; x_wconf 86' lang='lat' dir='ltr'><strong>Achilles</strong></span> <span class='ocrx_word' id='word_1_782' title='bbox 3572 5192 3724 5265; x_wconf 84' lang='lat' dir='ltr'><strong>Har-_</strong></span> 
     </span>
    </p>
   </div>
   <div class='ocr_carea' id='block_1_109' title="bbox 2105 5283 3692 5360">
    <p class='ocr_par' dir='ltr' id='par_1_109' title="bbox 2105 5283 3692 5360">
     <span class='ocr_line' id='line_1_109' title="bbox 2105 5283 3692 5360; baseline 0.001 -22"><span class='ocrx_word' id='word_1_783' title='bbox 2105 5283 2257 5352; x_wconf 64' lang='lat' dir='ltr'><strong>latus,</strong></span> <span class='ocrx_word' id='word_1_784' title='bbox 2292 5287 2382 5356; x_wconf 92' lang='lat' dir='ltr'><strong>qui</strong></span> <span class='ocrx_word' id='word_1_785' title='bbox 2413 5295 2694 5357; x_wconf 89' lang='lat' dir='ltr'><strong>postquam</strong></span> <span class='ocrx_word' id='word_1_786' title='bbox 2722 5285 3022 5343; x_wconf 88' lang='lat' dir='ltr'><strong>admirabili</strong></span> <span class='ocrx_word' id='word_1_787' title='bbox 3051 5302 3268 5358; x_wconf 87' lang='lat' dir='ltr'><strong>prorsus</strong></span> <span class='ocrx_word' id='word_1_788' title='bbox 3290 5286 3426 5358; x_wconf 89' lang='lat' dir='ltr'><strong>juris</strong></span> <span class='ocrx_word' id='word_1_789' title='bbox 3450 5286 3692 5360; x_wconf 76' lang='lat' dir='ltr'><strong>scientia,</strong></span> 
     </span>
    </p>
   </div>
   <div class='ocr_carea' id='block_1_110' title="bbox 2102 5373 3746 5451">
    <p class='ocr_par' dir='ltr' id='par_1_110' title="bbox 2102 5373 3746 5451">
     <span class='ocr_line' id='line_1_110' title="bbox 2102 5373 3746 5451; baseline -0.001 -19"><span class='ocrx_word' id='word_1_790' title='bbox 2102 5373 2392 5447; x_wconf 65' lang='lat' dir='ltr'><strong>mquitate,</strong></span> <span class='ocrx_word' id='word_1_791' title='bbox 2438 5377 2703 5448; x_wconf 87' lang='lat' dir='ltr'><strong>probitate</strong></span> <span class='ocrx_word' id='word_1_792' title='bbox 2744 5378 2974 5451; x_wconf 89' lang='lat' dir='ltr'><strong>aliisque</strong></span> <span class='ocrx_word' id='word_1_793' title='bbox 3014 5381 3227 5436; x_wconf 84' lang='lat' dir='ltr'><strong>eximiis</strong></span> <span class='ocrx_word' id='word_1_794' title='bbox 3272 5378 3560 5434; x_wconf 79' lang='lat' dir='ltr'><strong>virtutibus</strong></span> <span class='ocrx_word' id='word_1_795' title='bbox 3603 5390 3696 5447; x_wconf 89' lang='lat' dir='ltr'><strong>per</strong></span> <span class='ocrx_word' id='word_1_796' title='bbox 3743 5439 3746 5442; x_wconf 42' lang='grc'><strong><em>,</em></strong></span> 
     </span>
    </p>
   </div>
   <div class='ocr_carea' id='block_1_111' title="bbox 2112 5470 3694 5544">
    <p class='ocr_par' dir='ltr' id='par_1_111' title="bbox 2112 5470 3694 5544">
     <span class='ocr_line' id='line_1_111' title="bbox 2112 5470 3694 5544; baseline 0.001 -20"><span class='ocrx_word' id='word_1_797' title='bbox 2112 5470 2311 5526; x_wconf 87' lang='lat' dir='ltr'><strong>multos</strong></span> <span class='ocrx_word' id='word_1_798' title='bbox 2351 5485 2520 5525; x_wconf 87' lang='lat' dir='ltr'><strong>annos</strong></span> <span class='ocrx_word' id='word_1_799' title='bbox 2569 5472 2856 5529; x_wconf 85' lang='lat' dir='ltr'><strong>Parisiensi</strong></span> <span class='ocrx_word' id='word_1_800' title='bbox 2905 5474 3115 5531; x_wconf 87' lang='lat' dir='ltr'><strong>senatui</strong></span> <span class='ocrx_word' id='word_1_801' title='bbox 3166 5472 3505 5544; x_wconf 68' lang='lat' dir='ltr'><strong>praefuisset;</strong></span> <span class='ocrx_word' id='word_1_802' title='bbox 3550 5477 3694 5526; x_wconf 83' lang='lat' dir='ltr'><strong>tanta</strong></span> 
     </span>
    </p>
   </div>
   <div class='ocr_carea' id='block_1_112' title="bbox 2099 5559 3693 5633">
    <p class='ocr_par' dir='ltr' id='par_1_112' title="bbox 2099 5559 3693 5633">
     <span class='ocr_line' id='line_1_112' title="bbox 2099 5559 3693 5633; baseline 0.001 -19"><span class='ocrx_word' id='word_1_803' title='bbox 2099 5560 2262 5615; x_wconf 90' lang='lat' dir='ltr'><strong>animi</strong></span> <span class='ocrx_word' id='word_1_804' title='bbox 2290 5559 2622 5630; x_wconf 81' lang='lat' dir='ltr'><strong>fortitudine,</strong></span> <span class='ocrx_word' id='word_1_805' title='bbox 2643 5565 3142 5633; x_wconf 86' lang='lat' dir='ltr'><strong>quantocommuni</strong></span> <span class='ocrx_word' id='word_1_806' title='bbox 3163 5565 3403 5621; x_wconf 87' lang='lat' dir='ltr'><strong>omnium</strong></span> <span class='ocrx_word' id='word_1_807' title='bbox 3426 5561 3693 5618; x_wconf 90' lang='lat' dir='ltr'><strong>desiderio</strong></span> 
     </span>
    </p>
   </div>
   <div class='ocr_carea' id='block_1_113' title="bbox 2093 5649 3689 5728">
    <p class='ocr_par' dir='ltr' id='par_1_113' title="bbox 2093 5649 3689 5728">
     <span class='ocr_line' id='line_1_113' title="bbox 2093 5649 3689 5728; baseline -0.001 -19"><span class='ocrx_word' id='word_1_808' title='bbox 2093 5668 2153 5709; x_wconf 88' lang='lat' dir='ltr'><strong>se</strong></span> <span class='ocrx_word' id='word_1_809' title='bbox 2180 5652 2282 5710; x_wconf 88' lang='lat' dir='ltr'><strong>hac</strong></span> <span class='ocrx_word' id='word_1_810' title='bbox 2310 5653 2567 5726; x_wconf 88' lang='lat' dir='ltr'><strong>dignitate</strong></span> <span class='ocrx_word' id='word_1_811' title='bbox 2591 5655 2885 5727; x_wconf 85' lang='lat' dir='ltr'><strong>abdicavit,</strong></span> <span class='ocrx_word' id='word_1_812' title='bbox 2919 5673 2982 5715; x_wconf 87' lang='lat' dir='ltr'><strong>ac</strong></span> <span class='ocrx_word' id='word_1_813' title='bbox 3005 5667 3214 5716; x_wconf 83' lang='lat' dir='ltr'><strong>servata</strong></span> <span class='ocrx_word' id='word_1_814' title='bbox 3261 5649 3479 5728; x_wconf 83' lang='lat' dir='ltr'><strong>semper</strong></span> <span class='ocrx_word' id='word_1_815' title='bbox 3502 5652 3689 5710; x_wconf 86' lang='lat' dir='ltr'><strong>eadem</strong></span> 
     </span>
    </p>
   </div>
   <div class='ocr_carea' id='block_1_114' title="bbox 2090 5744 3686 5818">
    <p class='ocr_par' dir='ltr' id='par_1_114' title="bbox 2090 5744 3686 5818">
     <span class='ocr_line' id='line_1_114' title="bbox 2090 5744 3686 5818; baseline 0 -17"><span class='ocrx_word' id='word_1_816' title='bbox 2090 5744 2215 5804; x_wconf 70' lang='lat' dir='ltr'><strong>vitia</strong></span> <span class='ocrx_word' id='word_1_817' title='bbox 2242 5746 2602 5818; x_wconf 70' lang='lat' dir='ltr'><strong>aequabilitate</strong></span> <span class='ocrx_word' id='word_1_818' title='bbox 2623 5760 2866 5810; x_wconf 87' lang='lat' dir='ltr'><strong>mortuus</strong></span> <span class='ocrx_word' id='word_1_819' title='bbox 2892 5759 2997 5809; x_wconf 88' lang='lat' dir='ltr'><strong>est.</strong></span> <span class='ocrx_word' id='word_1_820' title='bbox 3022 5750 3205 5810; x_wconf 87' lang='lat' dir='ltr'><strong>Codex</strong></span> <span class='ocrx_word' id='word_1_821' title='bbox 3234 5758 3410 5807; x_wconf 83' lang='lat' dir='ltr'><strong>autem</strong></span> <span class='ocrx_word' id='word_1_822' title='bbox 3441 5747 3531 5806; x_wconf 85' lang='lat' dir='ltr'><strong>ille</strong></span> <span class='ocrx_word' id='word_1_823' title='bbox 3560 5745 3686 5802; x_wconf 77' lang='lat' dir='ltr'><strong>cha-</strong></span> 
     </span>
    </p>
   </div>
  </div>
