4092 6352
426 244 539 307 ’149
1574 253 2018 315 DISSERTATIO
2051 254 2117 312 D.
2154 255 2244 319 LE
2280 257 2584 319 NOURRY.

430 365 656 421 racteris
677 364 941 438 elegantia
968 364 1207 424 Puteano
1233 382 1339 434 non
1367 368 1552 438 cedit,
1600 386 1776 443 neque
1805 381 2018 428 centum
2047 369 2101 431 Α
2126 374 2387 430 tationum
2415 378 2682 448 exempla.
2709 377 2765 434 In
2797 378 2970 449 primo
2994 379 3171 452 itaque
3186 381 3518 455 Apolegetici
3546 385 3727 456 capite

428 468 552 530 post
575 473 746 514 annos
771 458 1073 531 descriptus
1103 460 1260 518 nobis
1294 462 1528 518 videtur.
1561 465 1633 518 At
1660 462 1945 535 plerasque
1968 463 2022 531 iu
2126 464 2240 522 hinc
2256 474 2460 523 tantum
2490 468 2541 524 in
2568 469 2782 542 Rigaltii
2813 471 3049 538 editione
3076 473 3326 547 leguntur
3358 480 3374 533 ξ
3408 474 3596 532 Omnes
3631 478 3723 549 qui

426 568 493 611 eo
531 552 743 609 easdem
766 597 780 621 ,
808 563 968 628 atque
1018 557 1073 612 in
1103 556 1196 613 illo
1214 597 1231 626 ,
1277 556 1731 629 deprehendimus
1772 561 1942 617 bonas
1967 568 2022 619 et
2122 568 2256 615 retro
2272 560 2508 629 oderant,
2531 563 2651 634 quia
2675 565 2997 636 ignorabant,
3023 566 3179 622 simul
3197 568 3433 624 desinunt
3457 571 3717 642 ignorare,

420 647 595 707 malas
624 646 905 705 lectiones.
1335 732 1345 735 _
1475 652 1481 661 '
2122 662 2227 727 etc.
2276 652 2606 723 (Tenui/ian.
2649 656 2919 730 Apologet.
2942 676 3058 730 cap.
3094 661 3147 729 l,
3166 678 3219 733 p.
3246 659 3397 735 262).
3428 661 3482 718 ln
3516 662 3715 720 nostris

491 740 727 810 Quartus
768 759 833 799 ac
870 745 1087 816 quimus
1114 746 1282 803 codex
1327 732 1665 807 habentne
1694 758 1779 808 εει
1816 750 2016 807 bibliu.
2120 755 2299 800 autem
2326 748 2726 816 exemplaribus
2762 752 3140 823 manuscriptis
3165 795 3179 823 ,
3212 768 3276 810 ac
3302 732 3570 825 prioribus
3590 755 3712 811 edi-

421 835 592 892 thecm
617 878 631 901 ,
660 838 1011 909 numerisque
1043 839 1179 908 989,
1211 851 1267 897 et
1292 841 1452 911 5,271
1480 843 1694 920 signari,
1726 846 2015 917 Antiquior
2120 836 2353 894 tionibus
2399 856 2412 894 :
2463 839 2650 897 Omnes
2687 844 2773 914 qui
2819 854 2953 899 retro
2984 846 3196 901 oderant
3215 889 3230 913 ,
3262 849 3382 917 quia
3412 842 3715 919 ignorabant

418 930 599 987 autem
643 932 712 988 ab
758 933 913 989 annis
947 933 1161 990 circiter
1187 932 1327 1003 700,
1369 944 1424 993 et
1460 939 1730 996 recentior
1753 955 1859 996 non
1888 949 2016 997 ante

413 1009 589 1079 annos
617 1020 724 1080 ιθο
752 1024 952 1096 scripto
979 1026 1192 1083 videtur
1219 1028 1464 1086 traditus.
1508 1030 1855 1089 Bibliotheca:
1884 1048 2013 1089 vero

413 1110 559 1172 illius
614 1117 898 1188 praafectus
973 1120 1047 1175 cl.
1102 1121 1206 1185 vir,
1230 1119 1459 1179 Carolus
1509 1124 1791 1181 Duchesue
1853 1126 2012 1182 nobis

412 1209 693 1282 utriusque
729 1211 966 1281 codicis,
1005 1212 1232 1285 jubente
1268 1216 1631 1274 illustrissimo
1659 1219 1852 1278 abbate
1879 1220 2008 1277 Col-

409 1301 597 1369 berto,
626 1305 835 1377 copiam
864 1306 1009 1363 fecit.
1037 1359 1039 1361 .

483 1390 734 1454 Diversa;
760 1399 984 1472 insuper
1012 1400 1275 1459 ιρειίοῃεε
1312 1416 1379 1460 εχ
1416 1404 1628 1462 duobus
1654 1408 1771 1463 ηιίίε
1798 1407 2005 1465 codici.
2109 1393 2511 1464 condonandas,
2553 1396 2851 1454 accusabis.
2897 1399 3088 1455 Postea
3119 1416 3246 1456 vero
3274 1401 3387 1457 lucc
3414 1418 3514 1459 nec
3551 1404 3706 1474 plura

410 1485 513 1544 bus
543 1490 923 1562 manuscriptis
943 1495 1268 1566 accepimus,
1300 1510 1527 1568 quorum
1557 1501 1763 1569 primus
1789 1515 1966 1558 mena:

2106 1484 2162 1541 in
2194 1486 2381 1543 eadem
2405 1487 2618 1560 Rigaltii
2636 1489 2870 1546 editione
2894 1490 3186 1547 habentur:
3214 1488 3457 1549 Venerem
3479 1494 3702 1551 humana

404 1578 522 1637 terit
553 1592 636 1639 est
680 1582 1080 1654 Morbacensis,
1132 1589 1187 1645 in
1239 1591 1392 1660 cujus
1445 1592 1550 1647 line
1590 1586 1706 1649 haec
1750 1594 1966 1666 leguntu

2105 1578 2290 1649 sagitta
2339 1581 2650 1649 sauciatam,
2681 1580 2901 1638 Martem
2921 1625 2935 1650 ,
2978 1595 3076 1638 etc.
3108 1583 3130 1658 (
3154 1578 3293 1640 Ibid.
3327 1602 3445 1657 cap.
3468 1587 3536 1642 ‘14
3567 1588 3609 1660 ),
3638 1587 3698 1645 In

2116 1020 2350 1080 Videsne
2377 1039 2407 1079 a
2433 1024 2662 1095 Rigaltio
2706 1027 2905 1099 rejecta
2956 1044 3076 1086 esse
3116 1029 3232 1086 haec
3273 1032 3433 1089 verba
3471 1032 3621 1104 quale
3648 1034 3713 1089 sit

2113 1113 2250 1183 quod
2278 1115 2488 1171 oderant
2509 1117 2535 1172 ?
2559 1117 2745 1190 Neque
2770 1119 2970 1176 dixeris
2996 1138 3057 1176 ea
3083 1138 3113 1179 a
3140 1118 3484 1195 typographis
3509 1126 3709 1183 omissa

2112 1206 2298 1264 fuisse.
2325 1207 2456 1264 Nam
2487 1211 2735 1268 eumdem
2761 1212 3044 1283 Rigaltium
3083 1230 3309 1271 summa:
3332 1216 3702 1288 negligentia},

2112 1315 2213 1357 nec
2240 1300 2370 1368 ulli,
2408 1303 2498 1373 qui
2526 1301 2749 1360 editioni
2786 1304 3155 1377 hujuscemodi
3183 1308 3361 1379 operis
3388 1309 3701 1379 praeﬁcitur,

3620 268 3728 327 750
3806 260 3809 263 ⁷

2116 929 2265 999 quale
2306 931 2371 985 sit
2412 932 2548 1003 quod
2574 933 2819 1001 oderant,
2854 936 3010 991 simul
3052 937 3286 996 desinunt
3322 941 3581 1013 ignorare,
3602 951 3710 998 etc.
3802 964 3811 975 ·

400 1675 563 1732 verba
598 1693 612 1732 :
645 1673 803 1735 Orate
855 1697 948 1749 pro
1002 1682 1187 1737 domno
1224 1684 1402 1739 abbate
1428 1683 1768 1742 Morbaceusi.
1816 1686 1864 1742 ls
1898 1702 1998 1744 au-

2105 1670 2295 1728 iisdem
2323 1684 2503 1730 autem
2534 1675 2693 1731 editis
2742 1686 2796 1731 et
2847 1678 3225 1749 inanuscriptis
3282 1678 3478 1735 libris:
3518 1678 3686 1737 Vene-

398 1772 507 1824 tem
534 1765 649 1841 ipse
664 1782 747 1828 eet
765 1772 1194 1832 Bartholomaeus
1211 1776 1278 1833 de
1304 1778 1534 1847 Audelo,
1552 1780 1642 1851 qui
1668 1794 1812 1837 anno
1854 1784 1966 1839 145l

2070 1811 2071 1819 χ
2099 1782 2205 1820 rem
2231 1768 2455 1821 humana
2503 1771 2687 1840 sagitta
2711 1770 2994 1825 sauciatam
3014 1813 3027 1835 ,
3051 1772 3188 1839 quod
3223 1772 3390 1841 ﬁlium
3411 1790 3559 1828 suum
3585 1773 3695 1828 Ai-

397 1872 460 1920 ac
490 1873 675 1936 postea
705 1865 830 1924 huic
859 1872 1189 1927 monasterio
1218 1874 1568 1944 praepositus,
1600 1876 1859 1932 collectos
1890 1892 1992 1933 un-

394 1956 556 2030 dique
603 1961 1030 2032 quamplurimos
1082 1964 1300 2020 codices
1348 1968 1746 2039 manuscriptos
1798 1970 1989 2027 eadem

393 2049 785 2124 subscriptione
828 2056 1003 2111 notari
1043 2056 1233 2111 voluit.
1267 2056 1450 2129 Longe
1478 2066 1658 2115 autem
1699 2061 1988 2119 recentiori

388 2157 549 2202 manu
577 2154 794 2203 exarata
835 2158 960 2204 sunt
984 2148 1099 2204 haec
1128 2149 1372 2221 subjecta
1403 2151 1754 2223 Apologetico
1784 2154 1946 2209 verba
1967 2195 1983 2223 ,

388 2252 546 2309 quam
570 2239 683 2311 ipse
710 2241 1089 2312 Apologeticus
1118 2241 1275 2311 liber,
1306 2245 1396 2315 qui
1417 2244 1525 2301 600
1544 2256 1637 2300 aut
1653 2246 1760 2303 700
1786 2245 1987 2304 abhinc

393 2333 548 2388 annis
594 2335 826 2406 scriptus
865 2343 1107 2407 apparet.
1140 2336 1331 2393 Varias
1358 2346 1535 2393 autem
1578 2338 1698 2410 ejus
1722 2340 1983 2397 lectiones

382 2437 591 2481 summa
619 2425 895 2498 diligentia
914 2470 930 2496 ,
961 2437 1019 2485 et
1043 2428 1111 2484 ad
1139 2430 1448 2502 scrupulum
1475 2445 1645 2502 usque
1669 2431 1978 2502 decerpsit,

380 2516 449 2572 ad
480 2516 684 2589 noSque
710 2519 855 2575 misit
885 2536 1021 2578 unus
1050 2521 1290 2593 ejusdem
1319 2523 1631 2579 monasterii
1660 2525 1975 2594 monachus,

381 2608 535 2681 cujus
568 2611 887 2670 humanitati
921 2616 1123 2687 gratias
1152 2631 1253 2673 nec
1283 2615 1537 2673 minimas
1562 2616 1779 2688 quidem
1809 2619 1976 2676 habe-

377 2721 519 2764 mus.
911 2692 914 2697 ‘
1047 2764 1050 2771 ,

446 2801 601 2859 Alter
623 2800 792 2860 codex
820 2805 1238 2877 manuscriptus,
1267 2805 1423 2877 cujus
1451 2805 1725 2862 variantes
1754 2803 1824 2861 ab
1848 2805 1972 2863 edi-

372 2892 444 2949 tis
472 2893 735 2951 lectiones
778 2896 845 2952 ad
890 2911 989 2953 nos
1016 2898 1195 2955 missae
1239 2908 1398 2966 sunt,
1446 2913 1585 2954 unus
1625 2913 1693 2954 ex
1739 2900 1805 2956 iis
1848 2907 1969 2969 est,

371 2982 566 3057 quibus
589 3001 742 3044 suam
765 2987 1147 3047 bibliothecam
1172 2991 1360 3047 Romae
1397 2989 1586 3047 ditavit
1616 2990 1787 3049 abbas
1816 2992 1970 3049 illus-

371 3076 643 3136 trissimus
684 3080 869 3151 Justus
900 3084 1235 3140 Fontaniuus
1261 3126 1275 3153 ,
1305 3098 1403 3140 sua
1439 3084 1572 3140 satis
1598 3093 1758 3140 notus
1783 3085 1969 3141 erudi-

2098 1877 2266 1923 neam,
2298 1879 2425 1932 pene
2451 1863 2772 1933 interfectum
2793 1865 2856 1918 ab
2882 1865 3055 1918 eodem
3084 1864 3346 1931 Diomede,
3376 1884 3557 1937 rapere
3584 1871 3695 1924 vel.

2099 1953 2455 2021 let:Martem,
2483 1964 2591 2010 etc.
2621 1954 2888 2027 Numquid
2907 1971 3038 2027 ergo
3064 1966 3121 2011 et
3149 1958 3199 2011 id
3231 1958 3686 2029 typographorum

2093 2047 2391 2102 oscitantis:
2424 2057 2521 2102 aut
2570 2047 2899 2105 festinationi
2948 2050 3330 2106 tribuendum?
3380 2051 3473 2108 Sin
3506 2062 3687 2109 autem

2091 2140 2353 2212 Rigaltius
2374 2139 2491 2196 haec
2520 2157 2590 2196 ex
2623 2143 2883 2213 margine,
2927 2143 3008 2197 vel
3036 2136 3257 2198 aliunde
3292 2144 3343 2199 in
3374 2153 3574 2199 textum
3610 2145 3694 2200 in-

2091 2245 2233 2291 trusa
2258 2236 2476 2304 putabat
2498 2274 2514 2303 ,
2539 2251 2636 2291 cur
2661 2250 2759 2292 nos
2789 2236 2945 2306 hujus
2985 2236 3332 2294 additamenti
3360 2253 3467 2293 non
3494 2237 3690 2295 admoo

2087 2328 2243 2385 nuit?
2271 2329 2377 2387 Sed
2408 2344 2507 2402 age
2530 2372 2547 2399 ,
2576 2339 2631 2387 et
2649 2331 2753 2385 alia
2796 2346 2864 2388 ex
2890 2332 3123 2386 auctoris
3153 2315 3322 2387 nostri
3354 2340 3500 2387 textu
3529 2333 3684 2387 simi-

2084 2421 2208 2478 liter
2232 2431 2476 2481 resecata
2498 2437 2782 2493 agnosces.
2812 2423 2956 2478 Alibi
2986 2422 3182 2495 quippe
3207 2422 3591 2491 Tertullianus,
3623 2435 3685 2482 ut

2082 2523 2351 2572 testantur
2370 2516 2542 2573 nostri
2579 2516 2816 2582 codices,
2847 2517 3111 2588 scriptum
3139 2515 3466 2589 reliquerat:
3497 2517 3684 2575 Dicam

2081 2609 2233 2681 plane
2256 2610 2616 2678 imperatorem
2640 2608 2927 2680 dominum,
2958 2609 3048 2665 sed
3070 2625 3188 2665 voce
3226 2604 3480 2666 communi
3513 2607 3678 2682 (Ibid.

2078 2719 2194 2773 cap.
2241 2704 2312 2761 54
2337 2704 2379 2775 ).
2432 2704 2500 2759 At
2553 2703 2786 2774 Rigaltio
2840 2703 2955 2760 haec
3001 2705 3099 2760 tria
3136 2707 3446 2773 posteriora
3512 2704 3680 2762 verba

2075 2796 2266 2852 tollere
2310 2796 2527 2867 placuit.
2566 2796 2678 2853 Nec
2726 2797 2895 2852 multo
2920 2806 3044 2868 post
3085 2797 3178 2861 ille
3208 2815 3221 2851 :
3251 2788 3429 2867 Tanto,
3447 2797 3589 2854 abest
3617 2808 3673 2853 ut

2074 2889 2351 2961 imperator
2395 2889 2537 2947 Deus
2577 2890 2754 2945 debeat
2782 2890 2907 2959 dici,
2931 2908 3032 2946 non
3061 2892 3234 2961 modo,
3259 2879 3364 2949 etc.
3388 2888 3591 2949 Verum
3620 2891 3677 2950 in

2073 2983 2265 3040 iisdem
2318 2984 2712 3056 antiquioribus
2758 2984 3160 3056 exemplaribus
3201 2987 3459 3058 scriptum
3514 2996 3599 3044 est
3653 3006 3670 3044 :

2073 3075 2239 3134 Tum
2272 3080 2412 3135 abeat
2438 3088 2493 3135 ut
2517 3081 2795 3150 imperator
2824 3080 2925 3136 dici
2951 3080 3164 3149 debeat,
3207 3081 3346 3154 quod
3385 3081 3524 3138 credi
3567 3099 3672 3139 non

368 3170 594 3243 ditione,
618 3190 718 3231 nec
743 3190 776 3231 a
806 3168 960 3232 nobis
990 3190 1221 3248 unquam
1242 3177 1359 3233 sine
1388 3176 1566 3233 debita
1596 3176 1754 3233 laude
1781 3177 1969 3233 nomi--
1987 3165 2044 3242 C_
2068 3176 2264 3240 potest,
2294 3186 2399 3229 non
2447 3172 2620 3239 modo,
2663 3181 2768 3229 etc.
2802 3172 2934 3242 Quis
2959 3175 3118 3245 igitur
3148 3173 3265 3233 lucc
3293 3174 3455 3234 verba
3488 3195 3503 3232 :
3532 3180 3672 3250 quod

367 3264 599 3321 nandus.
645 3264 801 3322 Hunc
849 3275 1029 3324 autem
1084 3269 1176 3326 ille
1231 3269 1476 3326 codicem
1540 3270 1968 3326 subministravit

366 3366 552 3414 nostro
578 3358 799 3418 Claudio
828 3359 992 3418 Devic
1009 3403 1024 3430 ,
1044 3362 1158 3433 qui,
1185 3361 1314 3418 licet
1334 3362 1628 3433 majoribus
1654 3362 1846 3419 studiis
1869 3364 1967 3419 de-

352 3446 531 3521 ditus,
554 3453 761 3509 curavit
802 3463 981 3511 erutas
1010 3469 1039 3510 a
1064 3468 1124 3512 se
1148 3454 1393 3512 diversas
1432 3455 1591 3528 hujus
1618 3456 1820 3514 codicis
1846 3457 1961 3515 lec-

365 3542 539 3600 tiones
559 3544 626 3603 ad
647 3562 746 3603 uos
772 3546 1076 3604 transferri.

436 3636 682 3710 Quinque
734 3644 895 3731 porro
946 3650 1274 3698 memoratos
1321 3641 1572 3712 codices,
1628 3642 1957 3712 Puteanum,

361 3728 698 3787 Pithteanum
724 3773 740 3800 ,
788 3728 1173 3802 'Harlaeanum,
1225 3743 1280 3791 et
1345 3744 1638 3808 utrumque
1683 3735 1958 3794 Colberti-

360 3830 526 3891 num,
570 3839 691 3880 cum
734 3825 993 3883 adornata
1032 3838 1062 3883 a
1110 3825 1340 3900 Rigaltio
1379 3829 1627 3886 editione
1668 3829 1958 3902 diligenter
2004 3832 2013 3841 “

358 3917 718 3986 contulimus,
760 3927 921 3993 atque
956 3936 1025 3977 ex
1064 3920 1167 3977 hac
1192 3921 1487 3980 collatione
1523 3924 1782 3995 plurimas
1821 3938 1954 3980 sane

344 4013 668 4087 'coliegimus
692 4012 935 4074 diversas
965 4016 1246 4087 lectiones,
1264 4035 1388 4092 quae.
1403 4020 1601 4089 abillo,
1632 4019 1777 4076 nulia
1806 4034 1953 4090 sape

353 4108 556 4179 sepius
603 4109 811 4165 reddita
852 4112 1103 4181 ratione,
1146 4113 1242 4170 sed
1286 4115 1536 4187 propria,
1573 4101 1657 4171 'uti
1702 4114 1948 4183 videtur,

353 4205 674 4260 auctoritate
722 4220 864 4276 saepe
907 4209 1103 4279 saepius
1144 4218 1237 4265 aut
1274 4210 1487 4280 penitus
1530 4221 1787 4268 resecem
1811 4253 1827 4278 ,
1856 4218 1953 4267 aut

352 4295 647 4352 immutata:
674 4309 818 4354 sunt.
864 4299 1086 4357 Fatetur
1122 4304 1267 4360 enim
1310 4320 1369 4360 se
1398 4305 1610 4361 duobus
1655 4306 1947 4373 duntaxat,

352 4387 431 4443 uti
451 4387 716 4456 diximus,
745 4390 1022 4449 codicibus
1041 4436 1056 4460 ,
1090 4394 1332 4451 Puteano
1363 4404 1416 4451 et
1444 4397 1748 4465 Pithoeano,
1779 4405 1834 4453 et
1857 4411 1949 4451 va-

351 4480 449 4539 riis
484 4480 769 4538 Fuldensis
796 4483 1115 4542 lectionibus
1145 4500 1300 4543 usum
1329 4486 1516 4544 fuisse.
1553 4492 1623 4544 At
1647 4489 1731 4543 hae
1756 4489 1948 4545 lectio-

2070 3264 2208 3318 credi
2236 3280 2337 3317 non
2365 3273 2547 3335 potest,
2576 3280 2643 3320 ex
2676 3272 2822 3321 textu
2848 3267 3079 3332 sustulit,
3106 3267 3207 3324 nisi
3236 3267 3350 3336 ille,
3378 3270 3471 3340 qui
3491 3269 3659 3327 inuti-

2068 3353 2136 3410 lia
2160 3364 2217 3411 et
2234 3370 2564 3427 supervacua
2584 3371 2707 3413 esse
2729 3357 3125 3414 arbitrabatur?

2137 3445 2276 3515 Quid
2320 3462 2470 3514 vero,
2495 3447 2637 3519 quod
2665 3463 2771 3504 non
2800 3448 2961 3508 modo
2983 3450 3182 3520 excisa,
3205 3451 3302 3509 sed
3333 3453 3661 3525 transposita

2065 3547 2192 3594 sunt
2214 3539 2283 3596 ab
2310 3554 2378 3597 eo
2401 3540 2588 3596 isthaec
2612 3540 2927 3598 Tertulliani
2951 3544 3113 3600 verba
3145 3563 3158 3603 :
3186 3546 3356 3604 Licuit
3386 3546 3653 3619 Epicureis

2062 3634 2292 3706 aliquam
2314 3636 2588 3691 decernere
2610 3636 2884 3708 voluptatis
2910 3640 3187 3695 veritatem.
3221 3640 3334 3710 Quo
3365 3658 3451 3698 vos
3492 3642 3658 3711 olfen-

2062 3727 2230 3783 dimus
2252 3771 2269 3797 ,
2295 3729 2341 3784 si
2367 3730 2500 3786 alias
2536 3733 2890 3803 prtcsumimus
2932 3734 3255 3801 voluptates?
3300 3736 3362 3805 Si
3410 3735 3657 3793 obiectari

2059 3822 2258 3879 novisse
2279 3824 2536 3889 nolumus,
2559 3836 2733 3881 nostra
2761 3826 2953 3893 injuria
2981 3837 3053 3883 est
3073 3870 3089 3894 ,
3119 3830 3164 3884 si
3190 3834 3322 3901 forte
3340 3847 3443 3886 non
3461 3842 3646 3886 vestra.

2058 3916 2169 3975 Sed
2224 3916 2560 3988 reprobamus
2626 3930 2743 3989 qua:
2788 3919 2990 3989 placent
3051 3921 3222 3988 vobis;
3274 3940 3365 3979 uec
3411 3940 3500 3981 vos
3552 3940 3650 3979 no-

2055 4023 2164 4069 stra
2220 4013 2285 4069 de
2334 4012 2520 4069 lectam
2575 4012 2793 4082 (Ibid.,
2843 4030 2982 4086 cap,
3021 4016 3092 4072 38
3125 4017 3165 4087 ).
3206 4014 3267 4073 In
3310 4018 3432 4076 aliis
3519 4034 3650 4081 vero

2055 4109 2437 4167 vetustioribus
2488 4109 2650 4166 editis
2699 4119 2755 4167 et
2806 4125 2970 4167 manu
3016 4113 3251 4169 exaratis
3318 4111 3643 4172 codicibus:

2058 4203 2173 4272 Quo
2212 4216 2302 4260 uos
2348 4202 2696 4273 ofendimus,
2749 4204 2795 4259 si
2833 4204 2964 4259 alias
3008 4204 3361 4275 prmumimus
3414 4206 3650 4278 uolupta-

2053 4297 2169 4353 tes?
2196 4296 2259 4353 Si
2288 4297 2525 4353 obiectari
2553 4298 2750 4355 nouisse
2796 4297 3047 4362 volumus,
3090 4307 3264 4361 nostra
3310 4297 3501 4370 injuria
3547 4309 3645 4368 est,

2050 4392 2096 4446 si
2146 4394 2276 4463 forte
2328 4399 2521 4457 nostra,
2589 4407 2692 4445 non
2748 4400 2931 4467 uestra.
2991 4390 3100 4446 Sed
3150 4390 3478 4462 reprobamus
3527 4407 3643 4462 quin

2051 4484 2249 4555 placent
2297 4485 2465 4547 vobis,
2522 4500 2612 4538 nec
2660 4500 2748 4539 vos
2792 4494 2967 4539 nostra
3004 4484 3286 4539 delectant.
3343 4483 3471 4563 Sed~
3493 4483 3636 4538 licuit

350 4590 450 4632 nes
497 4575 676 4632 alieno
724 4576 884 4647 plane
933 4578 988 4634 in
1034 4578 1155 4635 loco
1204 4580 1439 4636 inventa:
1480 4589 1639 4649 sunt,
1678 4597 1779 4638 nec
1805 4565 2025 4639 scireD
2050 4576 2320 4651 Epicureis
2344 4576 2857 4648 aliquam-decernere
2880 4577 3154 4647 voluptatis
3173 4574 3638 4643 veritatem,idcst,

348 4668 613 4741 Rigaltius
660 4670 832 4741 potuit
872 4685 906 4726 a
945 4686 1085 4743 quo,
1136 4681 1229 4726 aut
1271 4688 1372 4744 qua
1402 4671 1675 4744 diligentia
1704 4673 1947 4731 collectae

347 4756 569 4817 fuerint.
598 4759 709 4818 Nec
729 4762 901 4835 magis
931 4772 1269 4833 compertum
1303 4760 1520 4829 habuit,
1550 4772 1642 4819 aut
1668 4773 1817 4820 certe
1842 4779 1939 4821 ne-

346 4853 545 4909 minem
572 4852 854 4910 admonuit
875 4854 1029 4927 cujus
1055 4865 1217 4924 notae,
1268 4864 1325 4912 et
1365 4854 1540 4911 aetatis
1564 4855 1746 4914 sitille
1772 4856 1944 4914 codex

345 4938 630 5004 Fuldensis
655 4990 671 5016 ,
718 4948 872 5019 cujus
918 4958 975 5004 ut
1018 4948 1311 5022 plurimum
1360 4950 1680 5006 auctoritate
1721 4958 1941 5023 ,textum

345 5034 649 5095 immutavit
668 5038 1006 5097 Tertulliani.
1037 5026 1172 5097 Nam
1212 5054 1282 5099 ex
1325 5041 1537 5098 collatis
1566 5054 1701 5098 nova
1728 5050 1852 5113 post
1868 5041 1940 5100 il~

344 5127 457 5186 lum
482 5145 608 5187 cura
637 5131 897 5201 Puteano,‘
929 5144 985 5191 et
1009 5133 1320 5204 Pithoeano,
1363 5134 1590 5207 aliisque
1623 5135 1943 5193 memoratis

342 5223 620 5284 codicibus
643 5267 660 5293 ,
690 5234 851 5299 atque
878 5227 1113 5285 diversis
1138 5229 1369 5285 aliorum
1399 5226 1722 5284 lectionibus
1743 5269 1760 5296 ,
1781 5226 1943 5298 plane

341 5316 822 5379 animadvertimus
861 5323 985 5380 illos
1012 5321 1441 5380 correctionlhus
1478 5321 1942 5393 Rigaltiiomnino

339 5413 632 5473 adversari.
658 5416 790 5486 Quis
809 5426 988 5475 autem
1011 5418 1208 5474 dixerit
1235 5417 1452 5474 dubiam
1472 5418 1635 5497 unius
1650 5415 1938 5474 Fuidensis

339 5509 543 5568 codicis
563 5510 721 5568 ﬁdem
747 5519 828 5569 tot
854 5511 1081 5568 aliorum
1109 5518 1165 5567 et
1190 5508 1473 5569 meliorum
1491 5521 1547 5570 et
1571 5513 1938 5586 antiquiorum
1990 5565 1996 5575 .

337 5604 641 5662 auctoritati
671 5620 794 5662 esse
822 5603 1258 5661 anteferendum?
1306 5604 1384 5663 Ne
1433 5605 1555 5679 quis
1598 5619 1730 5663 vero
1777 5604 1937 5663 nobis

332 5698 532 5765 minus,
557 5714 718 5771 quam
751 5699 826 5756 illi
854 5697 1181 5757 credendum
1212 5710 1334 5758 esse
1362 5701 1657 5771 existimet,
1683 5700 1930 5774 quaedam

329 5790 679 5871 proponenda
704 5798 830 5851 sunt
852 5791 1161 5864 bujusxnodi
1191 5792 1625 5877 amputationum
1656 5801 1710 5852 et
1734 5795 1934 5852 immu-

2050 4671 2527 4744 animi‘tequitatem
2551 4680 2600 4725 et
2624 4672 2804 4742 ampla
2832 4673 3034 4743 negotia
3058 4671 3371 4727 christiame.
3399 4668 3507 4727 Sed
3532 4668 3638 4726 hoc

2050 4764 2295 4820 ultimum
2326 4764 2548 4845 verbum
2588 4765 2881 4820 christiana:
2919 4766 2980 4828 in
3021 4764 3180 4820 editis
3205 4779 3314 4818 non
3340 4763 3636 4819 invenitur.

2048 4856 2186 4927 Quid
2217 4859 2378 4931 ergo?
2398 4856 2666 4929 Numquid
2693 4868 2911 4930 propter
2940 4858 3042 4913 hoc
3078 4856 3251 4912 solum
3282 4856 3502 4912 verbum
3522 4896 3540 4925 ,
3567 4854 3639 4911 ab

2048 4951 2311 5007 oscitante
2341 4950 2561 5007 librario
2583 4961 2916 5023 praepostere
2939 4949 3200 5015 additum,
3229 4948 3310 5005 fas
3342 4949 3503 5006 alicui
3535 4948 3637 5006 fuit

2047 5051 2251 5100 textum
2297 5042 2617 5101 Tertulliani
2653 5045 2937 5100 immutare
2960 5084 2976 5113 ,
3034 5051 3346 5113 pervertere
3368 5084 3384 5110 ,
3413 5042 3640 5100 detrun-

2046 5137 2210 5193 cat-ei
2238 5136 2414 5194 Simili
2448 5146 2633 5195 tamen
2662 5138 2823 5194 modo
2847 5136 3110 5209 Rigaltius
3153 5136 3351 5194 delevit
3375 5136 3501 5196 alibi
3522 5137 3642 5195 haec

2046 5227 2362 5288 Tertulliani
2377 5231 2540 5289 verba
2574 5249 2588 5287 :
2614 5230 2781 5287 Deum
2802 5232 3057 5303 tangimus
3078 5231 3097 5301 (
3121 5229 3261 5287 Ibid.
3289 5248 3337 5287 c.
3366 5232 3440 5290 40
3465 5231 3508 5304 ).

2117 5324 2278 5381 Aliud
2324 5325 2500 5382 adhuc
2555 5324 2926 5397 hujuscemodi
2970 5325 3396 5389 immutationum
3449 5340 3642 5384 exem-

2047 5414 2191 5489 plum
2219 5418 2268 5475 si
2295 5418 2432 5475 velis
2452 5460 2467 5483 ,
2496 5432 2603 5474 non
2633 5417 2790 5488 longe
2813 5417 3162 5489 quaerendum
3192 5426 3294 5475 est.
3336 5417 3456 5474 Non
3482 5419 3633 5476 enim

2045 5512 2217 5568 multo
2244 5519 2368 5583 post
2410 5511 2499 5568 ille
2524 5511 2641 5568 haec
2682 5511 2736 5567 in
2764 5512 2957 5570 eodem
2987 5513 3301 5572 Tertulliani
3332 5522 3485 5572 textu
3512 5529 3632 5571 mu-

2039 5605 2173 5661 tavit
2207 5604 2473 5662 editorum
2519 5611 2574 5660 et
2613 5603 2859 5662 codicum
2890 5609 3378 5679 manuscriptorum
3410 5606 3574 5665 verba
3608 5624 3626 5664 :

2039 5698 2164 5757 Non
2192 5700 2333 5755 lavor
2362 5697 2591 5753 diluculo
2610 5740 2627 5766 ,
2669 5699 2759 5756 ubi
2809 5701 2971 5757 scribi
2994 5701 3157 5773 jussit
3189 5719 3204 5757 :
3236 5700 3360 5758 Non
3387 5702 3503 5757 lavo
3531 5701 3626 5757 sub

2036 5801 2252 5850 noctem.
2285 5790 2442 5850 Plura
2472 5790 2578 5849 alia
2622 5790 2780 5864 hujus
2812 5793 2933 5851 libri
2964 5794 3080 5851 loca
3106 5809 3136 5850 a
3167 5792 3400 5867 Rigaltio
3428 5792 3632 5867 pariter
