4092 6352
477 311 577 374 751

1555 315 1620 370 1N
1661 313 2124 372 TLRTULLIANI
2161 315 2696 374 APOLOGETICUM

3671 312 3783 369 752

474 435 820 505 interpolata,
849 433 1094 504 maleque
1115 432 1370 488 mulctata
1394 441 1613 504 possent
1636 433 1792 490 facile
1821 432 2070 505 proferri.
2101 435 2154 494 A
2179 435 2380 503 studio,
2409 435 2671 506 novisque
2694 433 2835 506 typis
2861 432 2948 490 edi
2977 433 3204 490 curavit.
3228 431 3336 490 Sed
3366 431 3509 503 quod
3539 430 3608 486 ad
3635 431 3778 501 Apo-

473 526 581 584 Sed
601 527 664 582 iis
687 527 1026 582 recensendis
1047 541 1208 593 nunc,
1232 541 1299 582 ne
1322 525 1508 582 eadem
1526 528 2072 598 repetantur,â€˜super-

471 620 772 676 sedendum
805 635 928 675 esse
953 619 1224 675 duximus.
1254 619 1331 675 De
1361 619 1466 674 illis
1493 620 1786 685 enimvero,
1811 635 1928 691 quae
1955 635 2070 675 ma-

468 713 604 784 joris
627 713 884 768 momenti
913 723 1060 781 sunt,
1089 715 1210 770 data
1242 713 1466 770 inferius
1494 716 1777 770 occasione
1806 715 2068 786 agendum

469 806 594 861 erit.
630 806 1063 862 Decreveramus
1097 807 1313 878 quidem
1338 823 1526 864 omnes
1552 824 1770 878 prorsus
1795 808 1877 863 vel
1904 825 1932 862 a
1967 825 2068 863 tto-

465 897 571 964 bis,
606 898 693 953 vel
720 898 788 953 ab
815 899 935 954 aliis
962 908 1246 970 excerptas
1271 900 1542 954 variantes
1575 900 1793 969 hujusce
1817 899 1936 955 libri
1961 899 2069 955 lec-

465 991 643 1047 tiones
661 990 733 1070 ad
762 1001 961 1048 nostra:
1001 993 1392 1048 dissertationis
1416 993 1618 1049 calcem
1655 1004 2062 1064 repraesentare.

465 1085 666 1142 Verum
694 1086 817 1157 quia
850 1103 986 1142 unus
1016 1103 1046 1142 e
1075 1087 1344 1143 sodalibus
1390 1089 1589 1143 nostris
1609 1131 1624 1153 ,
1672 1089 1762 1158 qui
1798 1087 2064 1143 adornan-

463 1175 548 1233 da:
573 1179 812 1234 omnium
830 1178 1146 1236 Tertulliani
1176 1181 1434 1236 librorum
1460 1181 1684 1236 editioni
1707 1179 1949 1236 sedulam
1973 1181 2064 1235 dat

461 1285 683 1344 operam
705 1317 720 1342 ,
751 1275 995 1345 poposcit
1036 1275 1174 1330 hanc
1216 1275 1314 1329 sibi
1355 1276 1682 1344 provinciam
1714 1274 2059 1343 demandari,

459 1365 789 1436 aequioribus
828 1367 969 1440 illius
1010 1368 1146 1422 votis
1191 1366 1629 1422 satisfaciendum
1681 1383 1801 1423 esse
1848 1367 2062 1422 censui-

459 1477 603 1518 mus.
634 1461 714 1517 Ad
742 1463 1074 1533 propositum
1122 1463 1304 1533 itaque
1353 1472 1595 1518 nostrum
1640 1461 1888 1517 sufficere
1912 1461 2058 1515 arbi-

457 1563 670 1609 tramur
697 1559 964 1626 prarcipua
985 1570 1048 1610 ac
1069 1565 1253 1610 notatu
1285 1555 1440 1625 digna
1475 1555 1526 1608 in
1561 1554 1660 1609 hac
1681 1553 2057 1610 dissertatione

458 1646 698 1702 indicare
729 1656 979 1716 corrupta
1006 1689 1022 1714 ,
1057 1648 1377 1717 interpolata
1406 1690 1419 1713 ,
1447 1648 1625 1703 excisa
1654 1689 1668 1714 ,
1698 1657 1752 1701 et
1779 1647 2055 1700 immutata

455 1737 774 1794 Tertulliani
807 1740 1001 1806 verba;
1033 1751 1090 1794 ttt
1116 1741 1232 1811 ejus
1273 1757 1445 1806 mens,
1499 1752 1550 1795 et
1596 1741 1860 1796 sententia
1887 1741 2057 1811 possit

454 1830 523 1888 ab
549 1831 798 1888 omnibus
827 1831 1036 1888 facilius
1068 1832 1314 1903 intelligi.

1077 1983 1369 2022 ARTICULUS
1411 1983 1464 2021 Il.

505 2085 586 2142 De
607 2085 762 2142 rariis
790 2085 946 2156 hujus
969 2084 1306 2154 Apologelici,
1337 2083 1654 2152 aliorumque
1681 2079 1984 2134 Tertulliani

949 2175 1189 2229 libroruin
1217 2174 1541 2228 editionibus.

443 2295 452 2313 '
519 2293 693 2349 Pauca
725 2291 966 2364 profecto
994 2291 1238 2346 invenias
1266 2299 1506 2345 veterum
1541 2288 1791 2343 Ecclesia:
1829 2287 2046 2342 Patrum

445 2401 633 2457 opera,
657 2401 776 2456 qua:
797 2385 996 2455 smpius
1020 2385 1160 2455 typis
1189 2381 1436 2440 mandata
1459 2382 1587 2446 sint,
1611 2397 1767 2451 quam
1797 2380 1880 2434 hic
1906 2382 2050 2449 Apo-

445 2479 744 2550 logeticus,
792 2477 1020 2547 aliaique
1051 2475 1368 2530 Tertulliani
1405 2473 1820 2544 lucubrationes.
1861 2471 2047 2542 Neque

441 2574 535 2629 ille
579 2572 739 2628 simul
768 2587 888 2627 cum
919 2571 1039 2625 istis
1070 2579 1296 2636 tantum,
1328 2568 1424 2624 sed
1453 2569 1680 2623 seorsim
1711 2581 1926 2637 quoque
1951 2582 2045 2636 pu-

442 2666 568 2723 blici
591 2665 727 2737 juris
759 2663 934 2721 factus
962 2675 1063 2720 est.
1089 2663 1220 2718 Nam
1255 2663 1299 2716 is
1320 2663 1467 2716 solus
1496 2677 1561 2716 ex
1591 2657 2044 2732 typograpborum

443 2761 661 2816 officina
693 2759 962 2831 publicam
1013 2759 1066 2813 in
1105 2758 1276 2813 lucem
1329 2757 1508 2813 studio
1551 2773 1613 2812 ac
1653 2772 1778 2812 cura
1822 2753 2045 2812 Joannis

437 2855 700 2926 Baptista!
725 2854 938 2926 Egnatii
961 2853 1146 2910 exivit.

513 2949 696 3005 Altera
727 2957 906 3003 autem
928 2947 1086 3018 hujus
1109 2944 1441 3016 Apologetici
1464 2944 1630 3000 editio
1653 2943 1877 2998 Lutetiae
1894 2942 2041 2997 Pari-

442 3040 650 3097 siorum
674 3041 810 3096 facta
840 3049 922 3096 est
948 3054 1090 3094 anno
1121 3039 1282 3103 1613,
1313 3037 1494 3091 labore
1518 3045 1570 3090 et
1593 3049 1757 3105 opera
1783 3033 2040 3089 Desiderii

441 3131 685 3198 lleraldi,
714 3131 805 3201 qui
833 3131 907 3196 ei,
952 3139 1009 3184 ut
1038 3144 1136 3183 suo
1168 3129 1288 3182 loco
1310 3127 1707 3192 annotavinius,
1735 3123 1802 3178 M.
1827 3124 2042 3179 Minucii

2179 527 2502 598 logeticnm,
2533 527 2601 582 de
2630 543 2737 598 quo
2769 542 2910 583 nunc
2936 527 3268 598 disputamus
3293 569 3308 593 ,
3332 525 3528 581 librum
3555 525 3773 594 attinet,

2169 617 2280 690 jam
2311 619 2792 676 animadvertimus
2837 620 2990 691 plura
3018 619 3086 674 ab
3114 620 3208 674 illo
3235 619 3286 674 in
3336 618 3561 674 africani
3599 618 3775 686 scrip-

2175 715 2306 769 toris
2329 714 2520 779 nostri,
2555 730 2652 784 pro
2682 715 2836 769 libito
2857 757 2871 780 ,
2907 715 3233 786 propriaque
3260 715 3584 769 auctoritate
3613 714 3776 770 variis

2173 807 2227 862 in
2256 808 2386 862 locis
2427 809 2702 864 immutata
2728 851 2743 878 ,
2777 809 3102 880 transposita
3130 850 3145 876 ,
3177 819 3338 881 atque
3365 810 3528 864 etiam
3562 808 3776 879 penitus

2168 901 2368 958 excisa.

2240 993 2597 1064 Subsequenti
2621 1005 2799 1051 tamen
2825 1009 2966 1050 anno
2989 995 3149 1062 1655,
3179 997 3346 1052 altera
3373 1007 3495 1068 post
3516 995 3768 1052 eumdem

2169 1085 2459 1156 Rigaltium
2511 1088 2678 1144 editio
2730 1087 2951 1143 Parisiis
2997 1105 3060 1144 ex
3104 1088 3558 1161 typographorum
3603 1089 3774 1158 exivit

2166 1179 2401 1236 officina.
2426 1182 2527 1250 Qui
2554 1197 2682 1238 vero
2711 1182 2788 1236 illi
2819 1185 3138 1253 praepositus
3158 1193 3263 1248 est,
3294 1184 3340 1238 is
3367 1183 3516 1236 nullo
3537 1183 3769 1252 amplius

2165 1275 2530 1344 manuscripto
2554 1273 2740 1330 codice
2767 1289 2916 1338 usus,
2947 1274 3113 1329 voluit
3143 1275 3336 1330 librum
3357 1274 3674 1330 Tertulliani
3704 1275 3770 1330 de

2166 1364 2340 1419 Pallio
2367 1377 2420 1421 et
2450 1366 2837 1438 Apologeticum
2858 1365 2926 1420 ad
2957 1366 3199 1432 Pamelii,
3224 1367 3460 1436 reliquos
3485 1381 3675 1421 omnes
3694 1365 3762 1420 ad

2163 1457 2380 1528 Rigaltii
2436 1469 2687 1514 ntrmeros
2719 1458 2922 1513 recudi.
2971 1457 3168 1514 Verum
3219 1457 3550 1529 praefationis
3577 1467 3764 1513 auctor

2162 1549 2216 1605 itt
2260 1551 2363 1605 hoc
2406 1552 2566 1622 plane
2589 1552 2810 1607 aberrat
2830 1594 2844 1617 ,
2878 1552 3019 1622 quod
3050 1552 3223 1607 editos
3251 1553 3320 1606 ab
3343 1552 3572 1623 Rigaltio
3598 1552 3764 1607 libros

2161 1644 2224 1698 de
2263 1641 2438 1698 Pallio
2467 1652 2522 1698 et
2546 1643 2934 1714 Apologeticnm
2988 1645 3064 1700 sic
3113 1643 3378 1714 perfectos
3423 1659 3544 1700 esse
3573 1643 3760 1701 existi-

2160 1746 2301 1802 met,
2335 1748 2391 1791 ut
2419 1737 2585 1792 videri
2619 1741 2826 1806 possint
2874 1738 2942 1792 ab
2990 1737 3080 1792 illo
3125 1738 3230 1792 luci
3272 1738 3497 1808 publica:
3529 1739 3759 1808 primum

2091 1838 2138 1897 B
2167 1830 2371 1887 donati.
2401 1829 2534 1884 Nam
2580 1845 2646 1884 ex
2692 1830 2796 1896 his,
2843 1847 2962 1901 qua:
2993 1831 3151 1900 paulo
3181 1839 3306 1886 ante
3343 1830 3677 1897 notavimus,
3709 1838 3764 1886 et

2157 1935 2342 1996 postea
2371 1919 2751 1983 annotahimtts
2772 1967 2787 1990 ,
2820 1925 2941 1993 quis
2985 1941 3090 1978 non
3122 1923 3300 1978 videat.
3329 1924 3470 1978 hunc
3498 1923 3692 1978 librum
3721 1937 3754 1977 a

2160 2016 2424 2088 Rigaltio,
2465 2019 2708 2088 pluribus
2734 2018 2788 2072 in
2829 2016 2963 2072 locis
2995 2017 3176 2086 potius
3202 2028 3515 2086 corruptum
3546 2015 3710 2070 fuisse
3738 2054 3753 2080 ,

2153 2127 2312 2182 quam
2343 2113 2722 2177 emendatum,
2754 2126 2896 2166 anno
2925 2108 3274 2164 nihilominus
3305 2109 3437 2164 1611
3472 2149 3487 2175 ,
3522 2116 3632 2163 tota
3661 2107 3751 2161 illa

2152 2203 2267 2273 ipsa
2308 2203 2473 2258 editio
2523 2203 2644 2258 talis
2685 2203 2878 2257 iterum
2926 2217 2956 2256 a
3007 2199 3356 2272 typographis
3409 2214 3606 2256 excusa
3644 2208 3746 2266 est,

2153 2295 2323 2366 qualis
2346 2297 2414 2350 ab
2444 2296 2633 2351 eodem
2665 2296 2894 2366 liigaltio
2916 2294 3173 2349 adornata
3207 2294 3398 2350 fuerat.

2223 2390 2354 2455 Qua:
2377 2404 2537 2458 porro
2564 2389 2661 2444 has
2686 2388 2952 2443 editiones
2971 2397 3322 2457 exceperunt,
3352 2402 3431 2441 ea!
3457 2385 3526 2441 ad
3555 2386 3754 2442 nullius

2151 2482 2406 2551 deinceps
2436 2483 2788 2552 manuscripti
2818 2479 3018 2536 codicis
3037 2521 3050 2546 ,
3083 2479 3178 2534 sed
3208 2479 3522 2550 ltigaltiante
3552 2487 3757 2533 tantum

2150 2573 2309 2628 fidem
2367 2573 2640 2629 adornata:
2692 2583 2834 2629 sunt.
2888 2573 3136 2628 Priorem
3195 2589 3262 2628 ex
3323 2574 3388 2628 iis
3443 2573 3754 2644 procuravit

2150 2665 2415 2737 Georgius
2437 2667 2840 2732 Ambianensis,
2871 2666 3125 2721 minorita
3155 2667 3466 2736 capucinus.
3503 2665 3637 2721 Tres
3663 2682 3758 2720 au-

2150 2766 2257 2814 tem
2285 2775 2402 2813 eam
2431 2758 2612 2814 divisit
2643 2759 2694 2812 in
2723 2769 2916 2822 tomos,
2945 2773 3170 2828 quorum
3196 2758 3400 2827 primus
3424 2773 3564 2812 anno
3589 2754 3749 2822 1616,

2148 2851 2417 2907 secundus
2447 2867 2590 2906 anno
2617 2851 2777 2919 1618,
2811 2862 2864 2907 et
2900 2853 3090 2906 tertius
3119 2869 3260 2905 anno
3289 2852 3461 2917 1650,
3505 2852 3753 2922 divulga-

2148 2950 2236 2996 tus
2258 2943 2375 2997 fuit.
2409 2943 2674 3013 Insignem
2699 2958 2826 2997 vero
2848 2944 3075 3012 prtcfixit
3099 2943 3192 2998 toti
3216 2944 3366 3013 operi
3389 2946 3594 2998 titulum
3617 2943 3752 3000 Ter-

2081 3027 2094 3036 â€
2147 3039 2353 3092 tulliani
2397 3038 2606 3092 redivivi
2631 3079 2646 3104 ,
2697 3037 2922 3108 perinde
2965 3052 3027 3091 ac
3071 3037 3118 3091 si
3160 3047 3367 3092 mortua
3395 3038 3752 3096 eruditissimi

2148 3129 2293 3184 illius
2331 3128 2557 3183 africani
2587 3143 2753 3198 opera
2793 3129 2859 3182 ad
2895 3129 3062 3182 vitam
3095 3140 3419 3185 revocasset.
3453 3129 3596 3184 Nihil
3629 3147 3752 3201 pro-

438 3224 636 3281 Felicis
669 3221 950 3280 Octavium
982 3221 1260 3292 subjunxit
1286 3218 1590 3291 (Disseruit.
1622 3219 1676 3271 in
1708 3215 1906 3271 Minue.
1940 3215 2042 3270 Oc-
2072 3229 2115 3292 (Î¶
2151 3223 2292 3279 feeto
2323 3238 2545 3279 necesse
2569 3233 2651 3278 est
2675 3233 2917 3278 nostrum
2939 3222 3006 3277 de
3027 3221 3127 3277 hac
3154 3223 3503 3293 inscriptione
3536 3234 3752 3295 totaque

438 3329 540 3374 tav.
573 3335 690 3388 cap.
715 3316 888 3384 2,:trt.
920 3316 1001 3385 5).

509 3413 680 3466 Antea
726 3423 853 3464 vero
874 3417 929 3464 et
971 3417 1157 3477 postea
1202 3406 1291 3460 ille
1321 3404 1702 3476 Apologetieus
1752 3403 1887 3459 liber
1915 3417 2040 3458 cum

437 3501 555 3558 aliis
583 3501 898 3557 Tertulliani
936 3501 1190 3570 operibus
1231 3507 1324 3552 aut
1365 3499 1640 3568 plurimis,
1670 3507 1762 3552 aut
1786 3497 2038 3552 omnibus

434 3596 666 3667 publica:
695 3595 801 3650 luci
828 3593 986 3649 datus
1017 3593 1132 3649 fuit.
1168 3592 1473 3662 Praecipuas
1501 3602 1680 3647 autem
1707 3607 1894 3647 eorum
1925 3591 2038 3645 edi-

437 3689 610 3745 tiones
641 3699 697 3744 ut
721 3688 958 3744 breviter
986 3701 1386 3748 rcccnseamus,
1421 3686 1594 3754 primo
1643 3685 1859 3760 quidem
1894 3684 2033 3739 Bea-

434 3792 523 3837 tus
547 3781 840 3837 Bhenanus
861 3779 950 3834 illa
970 3778 1196 3834 Basilea:
1224 3794 1366 3832 anno
1387 3778 1518 3832 152l
1535 3820 1550 3845 ,
1581 3793 1644 3832 ac
1667 3777 1865 3832 deinde
1890 3792 2032 3832 anno

436 3873 604 3940 1528,
632 3873 776 3943 typis
817 3871 1008 3928 excudi
1035 3870 1259 3925 curavit.
1293 3869 1372 3924 Ex
1395 3868 1477 3924 his
1501 3882 1678 3924 autem
1705 3869 2036 3925 editionibus

433 3963 555 4018 alia:
576 3964 733 4019 annis
761 3962 902 4019 1525
928 4005 941 4028 ,
975 3962 1114 4018 1556
1140 4001 1154 4026 ,
1185 3971 1239 4015 et
1269 3961 1407 4017 1558
1428 4001 1445 4028 ,
1474 3961 1661 4016 eodem
1693 3961 1846 4031 plane
1873 3961 2035 4016 modo

434 4055 720 4126 divulgata:
747 4065 903 4121 sunt;
936 4056 1037 4108 alia
1062 4069 1188 4110 vero
1212 4070 1354 4108 anno
1381 4056 1536 4116 1562,
1564 4060 1709 4110 euris
1729 4053 2031 4124 Sigismun-

434 4147 491 4202 di
517 4146 725 4203 Gelenii
745 4147 800 4201 in
832 4147 1019 4217 vulgus
1043 4145 1290 4215 prodivit.
1318 4145 1451 4198 Tum
1479 4144 1672 4200 deinde
1699 4162 1840 4200 anno
1870 4143 2028 4210 1580,

435 4239 599 4294 aliam
631 4239 872 4295 Renatus
902 4240 1221 4294 Laurentius
1249 4239 1314 4292 de
1337 4239 1383 4292 la
1412 4238 1576 4292 Barre
1607 4239 1760 4294 nobis
1788 4254 2033 4308 procura-

432 4332 532 4400 vit,
563 4346 668 4402 qua
695 4330 1014 4386 Tertulliani
1037 4330 1520 4385 connncntatitines
1543 4341 1805 4398 veterum,
1835 4341 1890 4384 Î¹Î¹Î¹
1916 4332 2030 4400 ipse

431 4424 529 4488 ait,
584 4437 639 4480 et
692 4424 1055 4478 recentiorum
1086 4423 1471 4494 exemplarium
1517 4425 1801 4479 collatione
1837 4440 2024 4480 emen-

431 4515 573 4572 data:
617 4517 851 4571 fuerunt.
899 4515 1053 4570 Nulla
1095 4526 1270 4571 autem
1323 4516 1513 4570 horum
1565 4517 1822 4571 librorum
1863 4517 2028 4572 editio

431 4609 786 4681 multiplicata
810 4607 979 4680 magis
1002 4607 1101 4663 fuit
1129 4651 1140 4673 ,
1175 4625 1332 4677 quam
1363 4609 1449 4662 illa
1475 4650 1489 4675 ,
1531 4625 1650 4678 qute
1680 4619 1902 4665 curante
1930 4608 2026 4664 Ja-
2055 4630 2110 4688 D

433 4703 574 4758 cobo
601 4702 861 4767 Pamelio,
885 4701 1040 4756 annis
1069 4700 1231 4767 1579,
1262 4701 1524 4768 publicam
1550 4701 1602 4755 in
1634 4702 1806 4756 lucem
1833 4702 2030 4758 emissa

433 4803 537 4850 est.
568 4793 700 4850 Nam
731 4809 794 4849 ea
823 4809 1008 4850 rursus
1049 4793 1205 4847 annis
1236 4792 1396 4860 1579,
1448 4792 1610 4858 1581,
1659 4794 1819 4860 1596,
1867 4795 2027 4857 1597,

428 4886 595 4954 1599,
625 4886 790 4951 1608,
823 4885 986 4952 1616,
1023 4885 1184 4952 1627,
1217 4885 1377 4950 1658,
1412 4884 1548 4939 1662
1573 4895 1626 4940 et
1667 4885 1802 4941 1664
1825 4927 1839 4953 ,
1869 4887 2031 4941 variis

432 4993 624 5034 recusa
652 4979 750 5035 fttit
777 4979 826 5054 in
857 4978 1086 5049 Europa:
1116 4978 1356 5033 urbibus.

503 5070 772 5126 Praeterea
813 5069 1120 5126 Ludovicus
1145 5070 1213 5126 de
1257 5071 1306 5124 la
1336 5070 1544 5137 Cerda,
1577 5072 1862 5141 primarius
1890 5071 2030 5142 apud

428 5161 548 5218 RR.
583 5178 614 5218 e
644 5163 902 5218 societate
923 5162 1051 5219 Jesu
1069 5163 1272 5221 Patres
1296 5163 1580 5233 theologia:
1599 5163 1871 5234 professor
1892 5182 2031 5222 novo

427 5255 636 5323 labore,
657 5257 920 5325 novisque
944 5256 1090 5310 curis
1113 5255 1369 5324 pleraque
1401 5255 1694 5326 publicavit
1719 5256 2029 5312 Tertulliani

425 5364 590 5418 opera
623 5365 637 5400 :
669 5348 765 5404 sed
797 5363 859 5404 ea
894 5349 1198 5419 praesertim
1224 5349 1424 5412 omisit,
1458 5365 1575 5419 qua:
1609 5349 1676 5403 ab
1707 5350 1798 5404 illo
1834 5351 2027 5407 adver-

421 5454 518 5495 sus
535 5439 883 5508 Marcionem,
910 5451 963 5495 et
982 5439 1301 5495 catholicam
1327 5441 1623 5497 Ecclesiam
1651 5444 1853 5514 scripta
1874 5455 2019 5500 sunt.

423 5532 643 5588 Duobus
662 5542 840 5588 tamen
861 5534 1022 5588 tomis
1045 5548 1107 5588 ea
1130 5535 1442 5602 complexus
1459 5543 1561 5601 est,
1587 5535 1674 5606 qui
1693 5553 1834 5593 anno
1858 5538 2017 5605 1624,

420 5629 583 5694 1650,
609 5643 672 5684 ac
699 5629 832 5683 1641
869 5644 899 5682 e
927 5627 1092 5698 praelii
1121 5627 1384 5682 exierunt.

489 5721 647 5776 Anno
689 5730 868 5775 autem
909 5720 1069 5784 1651,
1111 5718 1360 5774 Nieolaus
1388 5720 1648 5791 liigaltius
1674 5725 1852 5779 omnia
1877 5741 2016 5795 quo-

411 5824 526 5881 que
550 5811 869 5870 Tertulliani
901 5827 1061 5882 opera
1083 5853 1096 5880 ,
1134 5826 1238 5865 tuto
1265 5821 1408 5869 tonio
1435 5817 1847 5885 comprehensa,
1878 5834 2015 5874 novo

2145 3320 2383 3378 editione
2428 3321 2772 3388 interponere
2817 3317 3116 3387 judicium;
3170 3317 3602 3389 quandoquidem
3655 3319 3748 3375 alii

2145 3429 2303 3484 quam
2334 3413 2547 3483 plurimi
2576 3427 2770 3477 suum,
2805 3427 2902 3466 nec
2931 3411 3057 3465 illud
3088 3411 3302 3482 quidem
3336 3412 3488 3467 valde
3517 3412 3741 3468 honori-

2144 3505 2300 3560 ficum
2342 3504 2540 3558 affatim
2591 3506 2846 3560 tulerunt.
2893 3503 3123 3572 Quidam
3177 3516 3355 3559 tamen
3405 3505 3603 3561 eruditi
3648 3503 3781 3560 viri

2143 3600 2295 3670 plura
2323 3614 2452 3654 sane
2484 3599 2536 3652 in
2567 3614 2630 3653 ea
2673 3597 2917 3653 laudibus
2962 3597 3101 3652 haud
3147 3597 3437 3666 immerito,
3474 3600 3548 3653 uti
3579 3598 3745 3669 paulo

2143 3701 2263 3764 post
2287 3691 2514 3757 dicetur,
2544 3691 2704 3762 digna
2727 3689 2995 3761 judicant.

2209 3806 2471 3864 Secundae
2500 3805 2713 3860 tandem
2759 3813 2879 3875 post
2928 3805 3214 3876 Rigaltinm
3245 3809 3482 3861 omnium
3513 3807 3737 3863 Tertul-

2139 3898 2261 3954 liani
2289 3913 2512 3967 Operum
2538 3896 2760 3952 editioni
2815 3896 3022 3967 prtefuit
3061 3897 3334 3967 Philippus
3363 3898 3619 3961 Priurius,
3645 3900 3740 3970 qui

2105 4007 2112 4020 â€˜
2137 3991 2281 4046 illam
2302 4006 2444 4045 anno
2462 4000 2484 4044 1
2497 3990 2623 4054 664,
2640 3990 2882 4045 absolvit.
2906 3989 3009 4045 Sed
3035 3991 3166 4044 nihil
3185 3993 3233 4046 ei
3256 3991 3323 4044 de
3348 4006 3486 4046 novo
3503 3992 3730 4062 addidit,

2138 4083 2244 4138 nisi
2268 4084 2486 4137 brevem
2515 4082 2581 4138 de
2607 4083 2916 4136 Tertulliani
2949 4085 3054 4137 vita
3078 4093 3130 4138 et
3161 4085 3336 4140 noevis
3362 4085 3742 4143 dissertatiun-

2135 4174 2330 4242 cuiam,
2353 4190 2452 4230 nec
2477 4174 2829 4244 interruptum
2859 4177 3159 4245 importuna
3179 4189 3423 4235 notarum
3444 4182 3585 4236 mole
3620 4191 3741 4238 tex-

2137 4273 2272 4336 tum,
2297 4283 2571 4339 novosque
2601 4269 3053 4339 typographorum
3085 4286 3318 4328 errores.

2732 4447 3030 4490 Î»á¿Î¹Ï„Î¹Î¿Ï…Î¹Ï…Îµ
3070 4451 3146 4490 ill.

2209 4569 2287 4625 De
2313 4570 2570 4624 variarum
2595 4570 2648 4624 in
2679 4569 2985 4628 Tertulliani
3017 4575 3398 4647 Apologeticum
3428 4578 3660 4650 scholiis,

2355 4663 2775 4734 paraphrasibus,
2807 4667 2965 4733 notis,
2994 4677 3041 4721 et
3071 4669 3518 4727 observationibus.

2210 4803 2396 4858 Plures
2408 4816 2539 4857 sane
2553 4803 3302 4876 variaâ€˜eruditioneconSpicui
3327 4807 3736 4878 seriptores,qui

2138 4893 2190 4947 in
2217 4891 2441 4947 edendis
2468 4890 2788 4947 Tertulliani
2821 4893 2972 4948 libris
2993 4909 3175 4948 curam
3206 4896 3606 4966 impenderunt,
3643 4908 3736 4954 aut

2135 4984 2277 5040 aliud
2307 4982 2508 5054 aliquid
2529 4983 2776 5053 agebant,
2807 4985 2983 5039 conati
3006 4995 3131 5038 sunt
3159 4986 3496 5056 obscuriora,
3526 4997 3618 5044 aut
3643 5005 3737 5046 no-
3791 4991 3798 4998 â€œ

2143 5087 2254 5134 tatu
2281 5079 2454 5150 magis
2480 5080 2640 5152 digna
2669 5081 3005 5152 Apologetici
3039 5083 3177 5139 illius
3207 5084 3325 5140 libri
3349 5086 3465 5142 loca
3491 5089 3603 5143 suis
3633 5088 3733 5145 ob-

2135 5176 2553 5240 set-rationibus,
2582 5175 2825 5239 scholiis,
2852 5176 3294 5248 paraphrasibus,
3322 5191 3376 5235 et
3395 5191 3730 5238 commenta-

2135 5267 2231 5322 riis
2249 5276 2341 5322 aut
2367 5267 2657 5336 explicare,
2680 5276 2735 5321 ct
2757 5267 3048 5337 illustrare,
3068 5279 3160 5324 aut
3179 5271 3519 5329 confirmare.
3550 5275 3732 5330 Primo

2132 5371 2309 5416 autem
2337 5360 2534 5415 Beatus
2562 5359 2858 5416 Rhenanus
2897 5361 3022 5419 huic
3051 5363 3210 5433 libro,
3242 5381 3272 5420 a
3299 5382 3359 5423 se
3388 5367 3553 5433 edito,
3587 5384 3730 5438 pra:-

2128 5453 2242 5528 fixit
2291 5463 2686 5522 argumentum,
2717 5453 2811 5510 sed
2855 5456 3013 5526 longe
3041 5472 3202 5528 quam
3233 5474 3326 5530 par
3354 5469 3471 5516 erat
3491 5459 3724 5518 brevius.

2126 5544 2326 5600 Verum
2357 5543 2496 5600 hanc
2525 5544 2844 5602 brevitatem
2868 5549 3103 5620 suppleri
3133 5567 3291 5621 posse
3326 5553 3561 5623 putavit,
3588 5553 3715 5610 sub-

2123 5635 2284 5708 jectis
2305 5639 2457 5692 novis
2478 5637 2735 5707 capitum,
2767 5649 2825 5694 ut
2847 5641 3014 5707 aiunt,
3035 5644 3363 5712 sumniariis,
3387 5645 3580 5716 quibus
3596 5645 3720 5713 alia,

2122 5729 2180 5785 in
2241 5732 2621 5802 manuscriptis
2664 5734 2923 5804 exhibita,
2977 5737 3268 5794 emendare
3316 5739 3577 5795 connixus
3618 5748 3723 5794 est.

2121 5823 2203 5885 Ad
2236 5825 2347 5882 lucc
2374 5843 2525 5897 vero,
2572 5827 2623 5884 in
2672 5830 2887 5901 eodem,
2911 5832 3011 5890 etsi
3040 5831 3384 5905 brevissimo,
3417 5833 3535 5890 libri
3565 5833 3728 5905 hujus
