4092 6352
364 310 475 367 755

1477 304 1934 365 DISSERTATIO
1973 304 2034 362 D.
2079 307 2166 364 LE
2203 307 2511 367 NOURRY.

3565 316 3672 375 754

366 428 692 496 argumento
722 422 944 485 tentavit
984 421 1319 492 paucissimis
1349 420 1667 491 quihusdam
1716 420 1961 477 obscuris
1986 420 2041 480 A
2067 422 2307 493 aliosque
2335 423 2647 480 Tertulliani
2689 424 2853 481 libros
2878 427 3271 486 annotationes.
3301 428 3417 486 Non
3441 431 3666 492 minima

363 522 483 591 ejus
513 516 644 573 locis
672 517 846 572 lucem
868 517 1100 587 aliquam
1132 516 1410 585 praeferre.

437 610 682 668 Posthrec
709 625 836 666 vero
866 608 1187 664 Franciscus
1215 608 1495 682 Zephyrus
1518 650 1532 674 ,
1560 623 1680 664 cum
1725 605 1967 664 animad-

362 705 615 761 vertisset
639 711 852 774 quantze
884 702 1126 756 utilitatis
1158 701 1243 756 hic
1270 701 1405 757 liber
1423 701 1674 758 omnibus
1697 715 1819 757 esse
1842 714 1966 772 pos-

362 799 468 863 sit,
523 811 587 852 ac
637 811 706 851 ne
746 794 972 850 studiosi
1022 794 1395 850 adolescentes
1439 803 1656 866 propter
1701 795 1965 852 sermonis

361 890 741 947 obscuritatem
768 930 784 955 ,
836 898 1228 959 corruptosque
1260 889 1599 944 librariorum
1633 890 1833 945 incuria
1880 889 1964 943 lo-

360 997 485 1048 cos,
512 983 579 1037 ab
609 982 727 1052 ejus
753 981 986 1036 lectione
1015 980 1440 1047 deterrerentur,
1470 982 1638 1051 ipsius
1666 982 1967 1051 composuit

358 1074 633 1144 ediditque
661 1073 1050 1144 paraphrasim.
1089 1075 1144 1128 ln
1175 1090 1236 1129 ea
1268 1085 1470 1141 autem,
1500 1090 1620 1145 quae
1644 1075 1810 1131 textui
1840 1072 1966 1129 Ter-

362 1168 568 1222 tulliani
600 1168 780 1223 mintts
800 1167 1018 1249 quidem
1058 1168 1342 1223 commode
1370 1169 1785 1237 intermiscetur,
1812 1169 1964 1239 plura

358 1263 474 1317 loca
510 1261 783 1316 intellectu
808 1260 1048 1316 difﬁcilia
1078 1261 1372 1331 explanare
1393 1303 1407 1327 ,
1437 1276 1501 1315 ac
1523 1261 1666 1316 varia
1691 1261 1963 1317 obcurita-

358 1357 426 1412 tis
454 1354 837 1427 impedimenta
883 1370 1163 1411 removere
1193 1356 1430 1410 molitur.
1464 1354 1622 1410 Tanti
1654 1364 1815 1425 porro
1859 1356 1959 1409 Pa-

358 1449 554 1504 melius
580 1447 718 1503 hanc
748 1447 1115 1518 paraphrasim
1146 1448 1433 1503 mstimavit
1454 1489 1471 1515 ,
1499 1458 1557 1503 ut
1584 1447 1728 1503 illam
1756 1449 1811 1504 in
1839 1464 1960 1503 cum

308 1532 311 1537 ’
357 1542 548 1612 plane,
600 1553 707 1609 quo
759 1538 810 1592 in
875 1539 1155 1608 superiore
1201 1538 1474 1605 editione,
1528 1539 1746 1594 modum
1794 1537 1963 1595 textui

358 1634 610 1692 Auctoris
640 1633 811 1689 nostri
841 1632 1113 1688 censuerit
1145 1631 1507 1687 inserendam.

428 1727 810 1782 Verumtamen
831 1725 946 1779 hmc
971 1725 1083 1794 ipsa
1110 1723 1178 1778 ab
1205 1724 1343 1788 aliis,
1372 1726 1461 1794 qui
1480 1724 1644 1779 variis
1665 1723 1822 1794 hujus
1840 1724 1966 1785 libri

354 1817 678 1874 editionibus
729 1816 923 1872 deinde
973 1815 1247 1887 praepositi
1284 1825 1454 1883 sunt,
1502 1826 1664 1885 atque
1694 1817 1956 1888 imprimis
1985 1819 2032 1879 B
2060 1829 2203 1870 anno
2280 1814 2420 1870 1655
2446 1854 2460 1876 .

354 1910 629 1966 Ludovico
652 1912 703 1965 la
725 1909 898 1965 Cerda
940 1908 1097 1980 plane
1123 1909 1440 1981 penitusque
1488 1910 1686 1999 reiecta
1734 1920 1836 1966 est.
1889 1913 1960 1967 At

355 2002 548 2057 doctus
572 2002 674 2058 iste
712 2002 821 2068 vir,
851 2016 921 2057 ne
958 2001 1079 2072 quis
1105 2001 1172 2057 de
1218 2001 1317 2056 hac
1362 2002 1656 2058 omissione
1701 2004 1957 2073 conqueri

357 2109 591 2165 unquam
642 2102 862 2164 posset,
923 2108 1115 2147 novam
1162 2093 1332 2149 edidit
1392 2102 1568 2149 textus
1614 2093 1955 2150 'l‘ertullianei

357 2187 873 2258 interpretationem.
903 2185 1139 2257 Singulis
1166 2200 1385 2255 quoque
1417 2185 1682 2256 capitibus
1731 2186 1957 2255 subjecit

361 2290 517 2336 notas
544 2294 670 2335 suas
692 2320 708 2345 ,
741 2278 936 2349 quibus
961 2320 976 2345 ,
1004 2279 1138 2333 alias
1165 2277 1323 2332 laude
1352 2277 1527 2347 dignis
1545 2319 1561 2345 ,
1592 2278 1732 2332 idem
1760 2287 1952 2345 textus,

356 2389 462 2428 non
495 2372 600 2427 ﬁne
631 2374 927 2441 interrupta
980 2370 1195 2425 lectoris
1228 2370 1522 2424 attentione
1552 2370 1653 2439 legi
1695 2370 1833 2426 haud
1882 2369 1959 2425 fa-

357 2467 459 2523 cile
491 2475 685 2534 potest.
728 2465 834 2521 Sed
866 2465 1049 2534 plures
1088 2462 1248 2516 etiam
1279 2463 1621 2531 expostulant
1645 2462 1713 2517 de
1750 2462 1957 2519 inutili-

357 2559 458 2615 bus
482 2556 797 2627 quibusdam
832 2571 895 2612 ac
925 2552 1255 2625 longioribus
1285 2553 1426 2608 notis
1448 2595 1461 2616 ,
1495 2563 1659 2622 atque
1697 2570 1727 2608 a
1759 2554 1954 2609 Tertu-

359 2652 485 2706 liani
502 2650 783 2722 proposito
809 2648 998 2704 alienis
1025 2646 1470 2718 digressionibus.
1501 2646 1582 2699 Ah
1608 2645 1728 2701 aliis
1757 2646 1953 2700 nihilo-

359 2744 537 2799 minus
570 2741 852 2796 laudantur
872 2782 887 2806 ,
929 2740 1247 2807 creterisquc
1271 2746 1670 2806 anteponuntur
1694 2735 1955 2791 hactenus

357 2836 536 2893 editis.
578 2834 637 2890 In
689 2835 774 2889 itis
803 2834 980 2902 itaque
1008 2832 1136 2886 illud
1168 2830 1425 2886 duntaxat
1450 2826 1954 2898 desiderant,qnod

358 2938 559 2984 textum
584 2925 897 2983 Tertulliani
928 2923 995 2979 ad
1024 2923 1416 2993 manuscriptos
1440 2922 1651 2976 codices
1679 2936 1786 2975 non
1831 2934 1953 2974 cas.

358 3019 635 3092 Iigaverit;
665 3017 807 3088 quod
838 3017 1014 3071 omnia
1038 3015 1179 3070 illius
1208 3029 1370 3085 opera
1413 3030 1521 3068 non
1560 3012 1910 3084 publicaverit
1936 3023 1954 3078 ;

355 3114 498 3185 quod
531 3129 627 3185 pro
664 3128 761 3169 sua
805 3111 1109 3167 eruditione
1139 3125 1246 3164 non
1287 3109 1634 3180 explicaverit
1671 3118 1722 3162 et
1749 3108 1951 3163 contir-

2068 515 2265 585 qnippe
2289 556 2305 582 ,
2337 517 2412 570 uti
2459 517 2649 581 aiunt,‘
2678 528 3108 595 consperguntur
3134 535 3284 578 sacra
3336 523 3666 598 profanaque

2069 605 2371 662 eruditione
2389 648 2404 673 ,
2433 622 2551 676 quae
2579 608 2872 665 lectoribus
2897 611 3155 681 prodesse
3185 621 3383 683 potest.
3415 615 3522 673 Sed
3560 617 3665 674 hoc

2069 699 2120 753 iu
2150 699 2228 754 eis
2252 700 2508 769 culpant,
2536 701 2681 772 quod
2709 701 2977 758 Pamelius
3001 720 3030 758 a
3061 706 3339 777 proposito
3362 709 3560 780 saepius
3582 711 3664 767 di-

2067 790 2360 859 gradiatur,
2403 791 2554 863 plura
2585 794 2919 863 congesserit
2962 780 3209 866 inutilia,
3245 806 3300 855 et
3345 799 3621 873 interjecta
3645 844 3661 869 ,

2067 883 2220 938 sicuti
2275 883 2509 939 diximus
2541 926 2557 951 ,
2611 884 2842 957 Zephyri
2910 886 3262 959 paraphrasi,
3321 890 3667 963 interruperit

2068 976 2379 1032 Tertulliani
2404 986 2628 1043 textum,
2649 993 2808 1048 quem
2823 975 3053 1034 debebat
3079 980 3130 1034 in
3155 979 3256 1037 hoc
3270 989 3326 1038 et
3339 983 3458 1040 aliis
3476 983 3651 1051 libris,

2067 1069 2348 1124 meliorum
2374 1069 2618 1125 codicum
2642 1084 2765 1142 0pc,
2801 1070 3038 1141 pristinae
3055 1113 3070 1139 ,
3099 1072 3144 1128 si
3168 1071 3284 1130 ﬁeri
3305 1076 3558 1147 potuerit,
3583 1092 3665 1134 re~

2067 1161 2289 1216 stituere
2316 1161 2627 1231 integritati.

2140 1253 2402 1325 Rigaltius
2431 1255 2608 1324 itaque
2644 1254 2708 1309 iis
2754 1254 3004 1311 omnibus
3030 1257 3227 1327 spretis
3256 1267 3484 1331 postque
3510 1260 3665 1331 habia

2068 1346 2173 1412 tis,
2218 1362 2383 1401 novas
2427 1347 2641 1418 scripsit
2686 1346 2738 1401 in
2783 1347 2923 1403 hunc
2965 1349 3408 1421 Apologeticum,
3449 1354 3663 1426 aliaque

2066 1438 2378 1495 Tertulliani
2433 1437 2607 1508 Opera
2661 1449 2814 1494 notas
2877 1450 2931 1495 et
2983 1442 3407 1500 observationes.
3459 1445 3661 1503 Verum

2066 1535 2318 1606 quoniam
2345 1535 2603 1605 plurimas
2623 1576 2637 1600 ,
2660 1534 2729 1589 ab
2757 1535 2979 1591 eruditis
3020 1536 3326 1596 hominibus
3354 1540 3621 1611 profectas
3642 1585 3660 1613 ,

2067 1629 2208 1684 haud
2258 1630 2451 1685 merito
2493 1643 2718 1700 prorsus
2765 1629 2888 1700 jure
2936 1632 3314 1700 praetermisit,
3385 1633 3492 1690 ilhc
3539 1651 3663 1691 rur-

2068 1737 2162 1777 sus
2219 1722 2416 1792 publici
2440 1722 2579 1792 juris
2611 1721 2764 1776 l'actte
2794 1730 2920 1776 sunt
2960 1723 3011 1776 in
3046 1738 3151 1778 uno
3196 1724 3471 1781 volumine
3516 1729 3660 1798 quod

2535 1814 2737 1870 editum
2816 1825 2919 1870 est.
2966 1814 3221 1872 Collecta:
3290 1828 3471 1874 autem
3546 1818 3660 1877 fue-

2061 1914 2185 1987 ru’nt
2212 1921 2276 1961 ex
2310 1905 2549 1961 Pamelio
2570 1948 2584 1969 ,
2609 1905 2801 1961 Latino
2847 1906 3055 1962 Latinio
3076 1947 3096 1970 ι
3132 1908 3299 1965 Beato
3342 1910 3606 1969 Rhenano
3640 1956 3655 1978 ,

2060 1998 2266 2055 Joanne
2329 1997 2631 2064 Mercerio,
2682 1998 2966 2055 Edmoudo
3024 1999 3313 2068 Richerio,
3375 2001 3661 2061 Theodoro

2064 2090 2329 2155 Mareilio,
2357 2091 2563 2147 Joanne
2611 2092 2909 2158 Wowerio,
2940 2100 2994 2148 et
3035 2091 3287 2151 Gabriele
3315 2093 3660 2167 Albaspinaeo

2062 2185 2522 2245 Aurelianensium
2545 2185 2832 2257 Episcopo.

2132 2278 2453 2335 Persuasum
2485 2289 2664 2335 autem
2693 2279 2889 2345 eruditi
2939 2280 3158 2350 quidam
3204 2282 3304 2337 viri
3353 2280 3660 2339 habuerunt
3722 2351 3735 2363 .

2059 2372 2162 2427 hoc
2191 2371 2468 2428 volumine
2494 2372 2789 2443 divulgata!
2831 2387 2859 2426 a
2908 2372 3142 2443 Rigaltio
3182 2389 3407 2446 operum
3437 2375 3657 2432 Tertul-

2060 2466 2187 2520 liani
2216 2466 2438 2521 editioni
2473 2466 2793 2535 conjuncta,
2816 2465 2968 2521 hanc
3006 2469 3219 2524 caeteris
3257 2468 3506 2524 omnibus
3537 2468 3654 2526 fore
3700 2454 3707 2463 ”

2060 2556 2469 2629 perfectiorem.‘
2486 2557 2590 2614 Sed
2632 2570 2990 2629 praeterquam
3016 2559 3157 2630 quod
3190 2559 3253 2614 in
3295 2559 3391 2616 illo
3412 2570 3658 2617 notarum

2059 2652 2330 2708 volumine
2354 2652 2674 2707 omittuntur
2719 2652 2984 2719 aliorum,
3013 2653 3170 2708 sicuti
3221 2653 3272 2707 la
3313 2653 3503 2709 Cerdrc
3548 2669 3657 2710 non

2057 2748 2236 2801 minus
2262 2747 2421 2801 utiles
2446 2756 2621 2810 noue,
2653 2755 2703 2801 et
2729 2746 3151 2815 explicationes;
3183 2746 3331 2817 quid,
3362 2748 3554 2802 amabo
3577 2758 3651 2814 te,

2057 2838 2379 2906 sperandum
2398 2839 2465 2893 de
2482 2837 2731 2910 Rigaltio,
2748 2841 2836 2909 qui
2853 2838 2918 2893 ad
2935 2838 3326 2894 emendandum
3340 2837 3653 2896 Tertulliani

2059 2940 2281 2996 textum,
2308 2945 2405 2986 nec
2427 2930 2590 2999 ipsos,
2612 2931 2762 2985 sicuti
2781 2930 3151 3000 diximusMrt.
3169 2930 3368 3004 super.)
3386 2948 3525 3003 quos
3547 2948 3656 3003 pra:

2058 3024 2305 3079 manibus
2337 3024 2581 3088 habebat,
2618 3038 2715 3078 nec
2743 3024 2880 3079 alios
2909 3024 3304 3095 manuscriptos
3330 3025 3545 3081 codices
3566 3034 3658 3083 aut

2055 3114 2268 3184 legere,
2294 3125 2385 3170 aut
2411 3116 2563 3185 sequi
2590 3114 2837 3169 curavit?
2886 3115 3087 3171 Deinde
3125 3131 3255 3171 vero
3285 3132 3392 3171 non
3433 3117 3655 3174 minima

356 3207 582 3265 maverit
629 3194 823 3261 tradita
868 3203 941 3280 ab,
983 3218 1051 3260 eo
1093 3202 1401 3259 chI‘iSlianm
1456 3200 1730 3272 religionis
1780 3198 1950 3255 docu-
1977 3208 2022 3272 C
2057 3208 2270 3277 quidem
2300 3207 2355 3262 in
2391 3208 2530 3263 notis
2577 3210 2690 3262 suis
2731 3208 3030 3263 scribendis
3078 3207 3180 3264 fuit
3221 3208 3363 3264 illius
3390 3209 3611 3266 audacia
3636 3252 3653 3276 ,

355 3309 555 3357 menta.

427 3394 511 3450 Ab
538 3391 772 3449 Heraldo
800 3399 978 3446 autem
1000 3429 1016 3459 ,
1044 3396 1169 3461 post
1197 3386 1397 3444 editum
1429 3400 1458 3439 a
1488 3400 1547 3441 se
1566 3384 1707 3440 hunc
1734 3383 1948 3439 Tertul-

357 3488 481 3544 liani
510 3485 916 3559 Apologeticum
945 3525 962 3550 ,
1020 3483 1261 3554 adjectus
1309 3489 1392 3536 est
1430 3480 1552 3535 liber
1577 3520 1592 3546 ,
1642 3480 1728 3534 ubi
1768 3479 1837 3532 ab
1884 3493 1951 3534 eo

355 3589 577 3634 vocatur
599 3577 991 3632 commentarius
1011 3616 1027 3642 ,
1052 3589 1212 3646 quem
1252 3573 1393 3628 notis
1420 3580 1622 3627 tantum
1648 3612 1664 3637 ,
1696 3586 1725 3625 a
1763 3584 1823 3625 se
1869 3570 1950 3624 in-

356 3671 529 3727 vicem
560 3670 712 3751 plane
738 3668 1018 3740 disjunctis
1037 3709 1053 3733 ,
1086 3665 1411 3736 composuit.
1440 3663 1517 3719 Ne
1554 3677 1682 3719 vero
1708 3663 1758 3717 in
1791 3661 1897 3717 illis
1916 3676 1948 3716 a

356 3765 667 3823 Tertulliani
699 3764 976 3835 proposito
994 3761 1201 3831 longius
1230 3767 1562 3823 excurreret,
1587 3757 1723 3813 duos
1740 3756 1788 3811 ei
1816 3756 1948 3811 sub—

349 3856 936 3932 junxitdigressionum
966 3855 1171 3918 libros,
1202 3853 1395 3924 quibus
1439 3850 1673 3906 difﬁcilia
1720 3858 1775 3904 et
1812 3848 1951 3903 sale-

353 3954 511 4010 brosa
540 3953 656 4024 ejus
687 3952 799 4007 loca
827 3948 1171 4020 complanare
1198 3946 1405 4001 nititur.
1434 3945 1491 3999 ln
1526 3944 1607 3999 his
1630 3952 1807 3999 autem
1835 3959 1949 3997 om-

352 4050 509 4105 nihns
552 4045 974 4118 deprehenditur
1015 4041 1236 4114 profana
1286 4039 1523 4094 auctoris
1547 4036 1780 4093 eruditio
1803 4079 1818 4103 ,
1845 4037 1948 4091 sed

352 4157 626 4199 sacrorum
666 4149 721 4198 et
746 4139 1117 4197 ohscuriorum
1145 4134 1457 4192 christiana:
1500 4132 1773 4203 religionis
1817 4130 1949 4201 dog-

352 4228 677 4309 matum,'a
735 4234 1068 4290 Tertulliano
1127 4229 1482 4292 traditorum,
1537 4224 1947 4295 eXplicationem

351 4310 549 4386 frustra
587 4327 853 4398 requiras.
900 4326 1058 4379 Plura
1090 4337 1303 4393 quoque
1330 4320 1431 4374 alia
1461 4318 1678 4388 reliquit
1706 4318 1901 4372 intacta
1929 4357 1945 4381 ,

353 4436 472 4491 qum
493 4419 846 4490 explicatione
875 4427 931 4470 et
952 4413 1361 4470 conlirmatione
1398 4411 1585 4481 procul
1623 4410 1786 4466 dubio
1813 4408 1949 4463 indi-

351 4512 572 4586 gebaut.

2055 3314 2214 3371 quam
2241 3300 2296 3355 in
2341 3299 2654 3370 praefatione
2706 3316 2799 3355 sua
2844 3315 3106 3356 excusare
3151 3310 3370 3356 coactus
3411 3310 3513 3356 est.
3545 3301 3652 3358 Sed

2056 3406 2253 3463 paucos
2301 3390 2588 3447 admodum
2617 3393 2857 3448 invenias
2882 3435 2898 3461 ,
2942 3393 3135 3463 quibus
3184 3395 3405 3448 omnino
3430 3402 3652 3465 accepta

2055 3485 2124 3538 sit
2153 3482 2297 3538 illius
2320 3484 2616 3572 excusatio;

2126 3573 2302 3629 Minus
2329 3575 2544 3645 quidem
2573 3568 2875 3632 temerariae
2900 3584 3046 3645 sunt,
3077 3577 3171 3633 sed
3201 3591 3307 3632 non
3338 3577 3509 3648 magis
3531 3568 3667 3649 pro?

2053 3666 2249 3728 bantur
2275 3666 2601 3738 longissimm
2622 3709 2637 3734 ,
2669 3676 2726 3724 ct
2750 3668 2815 3723 ad
2848 3684 3103 3724 nauseam
3129 3684 3297 3740 usque
3323 3670 3582 3740 conjecta:
3620 3684 3651 3725 a

2053 3758 2286 3830 Georgio
2313 3760 2658 3816 Ambianensi
2685 3760 3112 3817 observationes.
3142 3761 3275 3816 Nam
3320 3763 3372 3816 in
3422 3761 3541 3817 illas
3588 3778 3652 3817 ca

2052 3854 2228 3909 omnia
2247 3855 2509 3922 instrusit,
2526 3870 2644 3926 quze
2661 3856 2817 3909 aliam
2833 3856 2902 3910 oh
2922 3870 3189 3923 caussam,
3216 3864 3271 3912 et
3294 3855 3361 3910 ad
3390 3856 3653 3927 publicas,

2052 3947 2130 4002 uti
2158 3947 2369 4003 videtur
2392 3988 2408 4016 ,
2439 3948 2725 4004 conciones
2752 3958 3154 4020 corrogaverat.
3186 3928 3438 4003 Nonnulli
3468 3959 3645 4005 tamen

2052 4038 2283 4096 fatentur
2308 4040 2362 4094 in
2386 4040 2451 4096 iis
2477 4040 2654 4111 aliqua
2688 4056 2809 4097 esse
2836 4041 2984 4096 utilia
3011 4082 3027 4107 ,
3055 4055 3119 4096 ac
3147 4041 3443 4110 prtesertim
3470 4040 3523 4094 in
3551 4056 3651 4095 ca-

2052 4132 2223 4203 pitum
2266 4130 2520 4197 scholiis,
2568 4148 2688 4204 quae
2741 4133 2793 4187 in
2842 4134 3068 4190 adversa
3114 4143 3291 4190 textus
3333 4133 3650 4191 Tertulliani

2052 4234 2205 4296 parte
2230 4224 2298 4281 ab
2326 4225 2444 4295 ipso
2470 4226 2811 4281 exhibentur.
3010 4210 3015 4219 ’

2124 4318 2365 4388 Denique
2395 4318 2631 4375 Priorius
2651 4318 2827 4373 varias
2842 4317 3033 4389 selegit
3051 4320 3383 4376 eruditorum
3405 4321 3647 4376 virorum

2052 4408 2316 4475 Rhenani,
2353 4410 2596 4478 Pamelii,
2625 4411 2672 4466 la
2701 4410 2891 4466 Cerdac
2914 4453 2931 4478 ,
2959 4410 3205 4467 Salmasit
3226 4451 3242 4478 ,
3275 4412 3602 4483 Albaspintei
3627 4454 3643 4478 ,
3738 4412 3747 4421 ’

2052 4502 2388 4574 aliorumque
2406 4503 2760 4573 quorumdam
2796 4502 3322 4570 animadversiones;
3368 4505 3563 4573 quibus
3592 4514 3651 4559 et

424 4604 616 4661 Multas
641 4615 852 4674 quoque
880 4600 935 4654 in
961 4598 1138 4653 omnia
1165 4594 1478 4653 Tertulliani
1522 4609 1686 4666 opera
1715 4592 1950 4649 animad—
1971 4604 2025 4665 1)
2051 4597 2307 4667 quasdam
2336 4612 2366 4650 a
2394 4612 2453 4651 se
2478 4596 2808 4667 excogitatas
2844 4596 3135 4653 identidem
3178 4596 3510 4653 interseruit.
3538 4595 3649 4652 Sed

350 4699 626 4756 versiones
655 4695 822 4751 edidit
846 4692 1168 4749 Laurentius
1196 4689 1266 4745 de
1311 4689 1358 4743 la
1386 4687 1586 4755 Barre,
1626 4702 1760 4758 quas
1788 4701 1847 4742 se
1878 4700 1946 4741 ex

351 4796 417 4852 iis
441 4791 779 4864 excerpsisse
807 4789 1067 4853 declarat,
1098 4784 1292 4856 quibus
1326 4780 1581 4837 Beraldus
1606 4822 1622 4846 ,
1665 4780 1904 4835 Alciatus
1927 4820 1944 4848 ,

351 4893 582 4948 Crinitus
606 4933 621 4954 ,
654 4889 958 4954 Turnebus,
990 4884 1273 4941 Vetranius
1293 4924 1309 4948 ,
1338 4881 1610 4937 llomanns
1634 4921 1649 4947 ,
1676 4878 1945 4950 Cujacius,

350 4984 545 5054 aliique
568 4981 861 5052 peregrinis
882 4979 934 5034 in
955 4977 1094 5032 locis
1113 4973 1371 5047 quasdam
1400 4973 1672 5029 intellectu
1700 4972 1948 5027 difﬁciles

353 5076 665 5134 Tertulliani
724 5077 984 5133 dictiones
1051 5074 1323 5146 explicare
1368 5070 1783 5128 contendebant.
1840 5070 1945 5126 Sed

352 5169 476 5241 quia
507 5168 621 5225 haec
654 5180 899 5239 spectant
924 5168 991 5224 ad
1037 5167 1439 5239 grammaticam
1465 5207 1480 5233 ,
1526 5165 1724 5221 ibidem
1752 5165 1951 5236 adjecit

352 5262 597 5318 Rhenani
628 5270 815 5329 notas,
846 5276 980 5335 quas
1017 5262 1233 5334 quidem
1256 5303 1270 5329 ,
1318 5261 1440 5330 quia
1490 5258 1853 5315 Romanorum
1894 5269 1951 5315 et

350 5355 708 5425 lliSpanorum
754 5371 1038 5412 censuram
1076 5336 1191 5410 non
1236 5354 1572 5425 effugerant,
1625 5369 1656 5408 a
1699 5368 1759 5409 se
1800 5354 1950 5424 prius

350 5459 621 5504 correctas
672 5463 793 5504 esse
826 5448 1108 5519 signiﬁcat.
1158 5451 1226 5503 At
1252 5448 1373 5519 quia
1414 5462 1614 5519 paucas
1658 5446 1948 5502 admodum

350 5556 549 5612 easque
575 5542 923 5597 brevissimas
950 5541 1192 5606 addidit,
1218 5543 1415 5612 vixque
1443 5542 1605 5597 ullam
1631 5540 1780 5597 dedit
1801 5541 1946 5612 Apo-

350 5633 637 5705 logeticum
669 5633 812 5689 hunc
838 5635 1035 5690 librum
1059 5676 1074 5701 ,
1107 5634 1260 5690 vides
1279 5650 1411 5692 sane
1434 5634 1563 5708 quid
1590 5634 1659 5691 ab
1678 5650 1746 5691 eo
1767 5634 1836 5691 de
1861 5650 1948 5691 re-

349 5729 450 5785 bus
478 5728 792 5800 theologicis
817 5737 1136 5800 exspectare
1158 5728 1376 5785 debeas.

422 5819 638 5893 Majoris
662 5822 842 5894 itaque
869 5823 1028 5895 pretii
1078 5823 1411 5880 :estimantur
1442 5823 1661 5883 Pamelii
1704 5827 1757 5882 in
1806 5829 1947 5884 hunc

2049 4689 2134 4745 ha:
2162 4699 2268 4744 tam
2301 4687 2436 4744 levis
2460 4698 2585 4744 sunt
2613 4690 2893 4756 momenti,
2929 4698 2988 4744 ut
3011 4689 3102 4760 qui
3126 4703 3221 4744 eas
3247 4687 3644 4760 approbaverit,

2049 4785 2140 4839 vix
2166 4783 2307 4839 ullus
2359 4783 2679 4853 reperiatur.
2726 4782 2783 4837 in
2835 4781 2937 4838 hoc
2984 4792 3162 4837 tamen
3210 4790 3480 4851 utcunque
3519 4779 3638 4835 lau-

2048 4881 2260 4940 dandus
2282 4924 2299 4951 ,
2323 4881 2466 4954 quod
2493 4897 2681 4936 omnes
2707 4881 2826 4936 illas
2852 4878 3344 4934 animadversiones
3384 4885 3439 4931 et
3491 4885 3647 4933 notas

2051 4980 2104 5036 in
2134 4980 2443 5052 paginarum
2472 4979 2710 5035 inferiori
2740 4977 2980 5046 margine
3000 5017 3015 5042 ,
3064 4975 3268 5043 absque
3321 4971 3421 5026 ulla
3470 4982 3648 5028 textus

2053 5073 2364 5129 Tertulliani
2414 5074 2824 5144 interruptione.
2850 5069 3041 5126 excudi
3094 5068 3347 5124 voluerit.
3394 5066 3527 5124 Nam
3580 5083 3648 5125 eo

2053 5166 2215 5223 modo
2240 5167 2456 5223 lectoris
2481 5165 2847 5222 commoditati
2870 5163 3062 5218 melius
3078 5162 3380 5217 consultum
3411 5170 3513 5219 est.
3539 5161 3649 5217 Sed

2053 5265 2173 5336 quis
2201 5264 2539 5335 negligentia:
2586 5262 2793 5326 vitium,
2825 5260 2875 5316 ei
2903 5273 3134 5329 unquam
3165 5257 3524 5321 condonabit,
3552 5255 3646 5326 qui

2051 5356 2121 5413 ad
2146 5371 2309 5428 opera
2336 5355 2649 5411 Tertulliani
2683 5352 2836 5407 novis
2886 5352 3026 5422 typis
3077 5349 3381 5406 recudenda
3427 5362 3648 5419 aggres-

2052 5465 2145 5506 sus
2164 5491 2180 5517 ,
2209 5450 2414 5504 nullum
2458 5448 2614 5519 plane
2639 5461 2759 5500 cum
2786 5444 2943 5499 editis
2966 5444 3193 5499 contulit
3222 5442 3643 5511 ntanuscriptum

2051 5544 2293 5599 codicem
2323 5584 2338 5608 ,
2371 5543 2463 5597 sed
2490 5542 2664 5596 solam
2693 5537 2906 5609 ltigaltii
2934 5535 3222 5592 editionem
3249 5576 3265 5604 ,
3296 5535 3365 5590 de
3388 5535 3553 5589 verbo
3576 5532 3645 5591 ad

2047 5637 2271 5692 verbum
2299 5620 2516 5690 secutus
2544 5631 2679 5688 fuit?

2046 5762 2057 5789 ι
2119 5729 2201 5784 Ex
2225 5727 2291 5783 iis
2322 5741 2513 5798 porro,
2543 5739 2662 5796 quat
2707 5725 2776 5780 de
2817 5731 2896 5778 tot
2943 5732 3157 5793 tamque
3194 5720 3357 5776 variis
3419 5734 3644 5791 operum

2050 5818 2367 5877 Tertulliani
2410 5817 2735 5875 editionibus
2780 5815 3040 5873 hactenus
3090 5829 3120 5871 a
3173 5813 3330 5872 nobis
3378 5811 3648 5885 disputata
