4092 6352
489 336 593 392 755

1569 323 1638 379 ΙΝ
1683 316 2150 378 TEBTULLIANI
2189 310 2716 372 APOLOGE'I‘ICUM

3674 313 3786 380 750.

490 459 614 505 sunt
633 492 646 516 ,
676 448 796 522 quis
847 445 1128 503 nobiscum
1179 455 1286 498 non
1325 439 1580 496 fatebitur
1625 437 1823 493 nullam
1867 450 2088 508 prorsus
2114 435 2166 494 Α
2191 433 2282 502 qui
2313 447 2502 488 eorum
2529 431 2681 500 SOCii,
2701 439 2756 487 et
2775 439 3104 502 receptores.
3126 444 3189 487 ac
3209 443 3272 487 ea
3303 428 3516 486 tandem
3544 430 3598 488 in
3622 432 3788 505 εει-ἰρ-

492 559 612 600 esse
637 559 756 614 quae
785 540 1014 612 perfecta
1048 547 1102 593 et
1140 535 1389 592 omnibus
1427 535 1665 589 numeris
1695 530 1933 586 absoluta
1978 529 2083 584 dici

490 637 680 691 merito
716 633 883 704 possit
912 633 933 685 ἶ)
964 632 1036 686 [)e
1066 630 1320 684 litteraria
1349 628 1508 699 igitur
1553 625 1823 695 republica
1870 624 1915 678 is
1961 638 2084 692 pro-

491 727 745 782 culdubio
815 725 950 779 bene
1007 722 1350 785 merebitur,
1401 720 1490 788 qui
1543 732 1694 772 sacra
1761 715 2085 785 profanaque

488 817 792 875 eruditione
823 831 926 870 non
957 829 1142 885 parum
1187 813 1443 874 imbutus,
1475 825 1663 864 novam
1693 807 1901 878 parabit
1935 798 2080 875 Apo-

483 909 696 982 logetici
745 917 797 963 et
846 908 1073 961 aliorum
1139 903 1450 960 Tertulliani
1506 916 1725 970 operum
1771 899 2078 954 editionem.

485 1002 590 1060 Sed
622 1011 745 1056 ante
773 1002 949 1055 omnia
973 1008 1150 1055 textus
1181 999 1320 1053 illius
1345 1011 1554 1052 summa
1581 996 1685 1048 title
1711 1003 1766 1049 et
1809 991 2082 1062 diligentia

487 1096 554 1150 ad
587 1095 987 1164 manuscriptos
1016 1091 1232 1148 codices
1260 1090 1552 1160 gallieanos
1577 1131 1591 1154 ,
1620 1087 1847 1149 italieos,
1877 1099 2084 1156 germa-

484 1187 676 1251 nicos,
706 1185 1047 1256 anglicanos,
1105 1200 1168 1238 ac
1209 1193 1415 1240 veteres
1463 1182 1728 1240 editiones
1771 1178 2081 1250 recognosci

485 1277 645 1333 debet
689 1288 744 1332 et
794 1277 1301 1347 castigari.;Plurcs
1351 1275 1494 1356 enim
1549 1281 1837 1344 supersunt
1888 1271 2079 1326 saltem

481 1372 817 1445 Apologetici
845 1372 962 1426 libri
985 1372 1200 1441 optimae
1252 1380 1392 1426 nota:
1439 1369 1692 1437 codices,
1741 1382 1877 1439 quos
1921 1379 2081 1422 nemo

482 1467 742 1521 hactenus
765 1480 886 1520 cum
915 1464 1073 1519 editis
1109 1464 1354 1518 contulit.
1404 1464 1470 1518 At
1495 1463 1538 1517 si
1571 1460 1746 1516 varias
1792 1474 1856 1515 ac
1892 1467 2078 1514 notatu

483 1559 670 1630 dignas
697 1559 984 1624 lectiones,
1014 1574 1078 1613 ex
1106 1557 1207 1613 illis
1233 1565 1548 1627 excerptas,
1596 1556 1733 1610 bona
1784 1553 1888 1610 fide
1927 1554 2081 1610 exhi-

471 1639 640 1717 beat,
675 1650 743 1706 de
783 1665 910 1706 vero
937 1651 1276 1722 genuinoque
1325 1648 1644 1706 Tertulliani
1691 1656 1837 1704 textu
1879 1648 2078 1704 certius

485 1742 745 1814 judicium
772 1741 897 1799 ferri
918 1743 1134 1814 poterit.

1152 1881 1378 1939 CAPUT
1417 1881 1506 1938 lV.

697 1998 776 2054 De
800 1999 990 2054 duobus
1015 1999 1320 2056 Tertulliani
1347 2001 1417 2054 ad
1443 2001 1674 2056 nationes
1712 2001 1873 2056 libris.

997 2133 1295 2173 ARTICULUS
1341 2132 1550 2173 PBIIUS.

807 2234 1047 2304 Analysis
1071 2233 1188 2287 libri
1227 2234 1378 2302 primi
1432 2233 1499 2286 ad
1527 2233 1794 2288 Nationes.

569 2367 788 2422 Duobus
843 2368 911 2421 ad
943 2366 1194 2422 Nationes
1244 2369 1398 2423 libris
1450 2385 1692 2423 caussam
1721 2368 2082 2426 Tertullianus

494 2459 668 2514 adhuc
698 2462 800 2529 egit
832 2459 1279 2526 ehristianorum,
1311 2461 1551 2531 duasque
1582 2475 1867 2531 uirumque
1888 2462 2082 2517 librum

479 2553 611 2604 satis
632 2561 816 2620 aperte
840 2551 1019 2605 divisit
1035 2550 1089 2606 in
1119 2562 1314 2620 partes.
1342 2551 1396 2605 In
1419 2553 1588 2622 prima
1611 2553 1871 2622 siquidem
1888 2553 2082 2623 prioris

480 2643 598 2698 libri
615 2643 846 2698 ostendit
869 2643 1188 2698 christianos
1222 2658 1321 2698 nec
1357 2645 1585 2706 auditos.
1611 2659 1709 2699 nec
1724 2643 1972 2700 defensos
1986 2643 2083 2698 fal-

479 2736 727 2802 sissimis,
750 2738 1201 2808 iniquissimisque
1219 2738 1542 2808 praeiudiciis
1568 2754 1597 2792 a
1622 2738 1910 2809 gentilibus
1931 2754 2082 2794 vexa-

477 2829 544 2892 ri,
578 2829 945 2896 condemnari,
970 2845 1032 2884 ac
1059 2830 1426 2885 crudelissime
1454 2832 1631 2885 necari
1650 2829 1854 2903 (ωλι.
1883 2847 1997 2902 cap.
2025 2833 2076 2887 1.

483 2930 534 2976 et
558 2920 746 2993 δείρᾳ).
772 2922 994 2978 Planum
1022 2939 1149 2978 vero
1170 2923 1405 2979 secunda
1435 2924 1487 2979 in
1518 2935 1664 2994 parte
1680 2926 1930 2983 omnibus
1957 2927 2082 2985 facit

486 3014 620 3070 falsa
650 3015 870 3070 omnino
894 3029 1014 3071 esse
1037 3059 1052 3082 ,
1080 3031 1302 3086 quorum
1334 3017 1616 3074 christiani
1644 3022 2034 3079 accusabantur
2061 3066 2076 3090 ,

488 3108 736 3174 crimina,
767 3108 1065 3180 horumque
1090 3125 1213 3165 reos
1239 3127 1425 3167 revera
1448 3127 1568 3168 esse
1591 3110 1818 3185 gentiles
1847 3113 1998 3186 (Cap.
2021 3116 2075 3174 9.

2187 535 2237 581 ta
2279 527 2652 582 damnatorum
2701 527 2964 582 sententia
3010 524 3323 581 nominatim
3365 527 3662 582 enuntiare.
3711 526 3788 586 At

2187 621 2317 676 nihil
2342 621 2446 675 tale
2464 621 2514 674 in
2536 620 2951 676 ehristianorum
2974 620 3316 675 damnatione
3337 618 3654 692 factitatum,
3683 635 3781 677 nec

2183 712 2329 767 aliud
2357 727 2542 768 eorum
2569 713 2832 768 sententia
2861 713 3277 783 pronuntiatum,
3306 711 3405 766 nisi
3433 711 3785 774 christianum

2183 819 2402 859 nomen.
2431 804 2614 860 Solum
2659 819 2788 875 ergo
2865 803 3096 860 nominis
3136 805 3338 858 crimen
3387 812 3534 867 erat;
3559 804 3652 860 sed
3681 805 3785 864 hoc

2183 904 2357 966 ipsum
2418 913 2614 952 nomen
2649 897 2780 952 nihil
2826 897 3136 962 barbarum,
3177 896 3484 962 infaustum,
3533 895 3786 956 inliones‘

2183 999 2294 1045 tum
2318 993 2492 1056 sonat,
2517 990 2613 1046 sed
2635 992 2718 1046 vel
2754 991 3082 1058 unctionem,
3107 989 3194 1046 vel
3223 990 3412 1046 saltem
3439 992 3782 1063 suavitatem,

2182 1094 2274 1140 aut
2304 1084 2632 1151 bonitatem,
2664 1084 2879 1155 quando
2911 1085 2979 1139 ab
3025 1084 3158 1154 ipsis
3185 1083 3474 1154 gentilibus
3511 1085 3786 1148 σὴν-σεύαιηέ

2183 1188 2435 1248 corrupte
2463 1178 2792 1234 vocabantur
2827 1180 2963 1248 (cap.
2993 1177 3049 1245 2,
3077 1175 3155 1250 5).

2254 1272 2326 1326 At
2352 1269 2404 1325 hi
2438 1271 2595 1341 plane
2624 1270 2993 1341 desipiebant,
3023 1271 3114 1342 qui
3141 1271 3261 1327 solo
3285 1271 3522 1327 auctoris
3565 1271 3785 1328 nomine

2182 1373 2383 1421 sectam
2407 1364 2823 1420 ehristianorum
2846 1378 2905 1419 se
2925 1363 3105 1420 odisse
3125 1364 3484 1419 causabantur
3522 1363 3675 1435 (cap.
3699 1361 3780 1434 4).

2181 1457 2298 1513 Νοη
2326 1459 2470 1514 enim
2498 1457 2834 1522 Platonicos,
2864 1466 2956 1512 aut
2983 1456 3384 1530 Pythagorzeos,
3419 1457 3489 1512 ob
3520 1455 3783 1527 Platonis,

2182 1560 2274 1604 aut
2322 1549 2640 1622 Pythagora:
2667 1592 2683 1617 ,
2735 1564 2838 1605 nec
2886 1549 3125 1605 medicos
3170 1549 3240 1602 ob
3285 1549 3636 1612 Erasistrati,
3683 1563 3786 1604 nec

2181 1644 2560 1715 grammaticos
2572 1643 2642 1699 ob
2658 1639 2956 1699 Aristarchi
2983 1658 3178 1698 nomen
3194 1642 3441 1698 oderant.
3466 1643 3598 1711 Quis
3621 1644 3784 1701 etiam

2183 1736 2388 1792 nesciat
2411 1738 2559 1793 nefas
2601 1752 2723 1793 esse
2763 1745 2965 1792 sectam
3014 1737 3247 1807 aliquam
3277 1735 3404 1792 odio
3429 1736 3629 1793 habere
3655 1737 3804 1805 nisi,-

2107 1837 2156 1898 B
2187 1830 2314 1901 quid
2347 1831 2400 1886 in
2425 1845 2488 1886 ea
2516 1829 2644 1886 odio
2672 1830 2889 1901 dignum
2919 1830 3026 1897 sit,
3054 1840 3212 1886 antea
3259 1829 3603 1887 advertatur?
3651 1831 3784 1886 Eth-

2187 1923 2294 1978 nici
2319 1930 2496 1977 tamen
2525 1937 2626 1980 nec
2653 1922 2998 1978 Christianam
3031 1931 3230 1978 sectam
3253 1965 3268 1988 ,
3300 1937 3396 1978 nec
3438 1922 3556 1993 ejus
3599 1931 3784 1979 aucto-

2185 2028 2302 2069 rem
2343 2025 2638 2079 noverant,
2687 2029 2788 2069 nec
2831 2013 3081 2069 volebant
3133 2029 3479 2081 cognoscere.
3533 2013 3616 2071 Ad
3670 2014 3784 2073 haec

2185 2121 2318 2162 vero
2339 2149 2355 2174 ,
2387 2122 2482 2176 per
2512 2107 2657 2177 ipsos
2686 2106 2906 2162 cuilibet
2936 2106 3153 2160 cthnico
3185 2107 3410 2172 licebat,
3437 2123 3596 2178 quam
3625 2108 3785 2162 vellet

2185 2201 2668 2270 philosophorum,
2720 2200 2928 2255 tametsi
2987 2200 3293 2270 reipubliere
3343 2215 3409 2255 ac
3455 2201 3784 2273 principibus

2186 2291 2518 2345 infensorum
2542 2333 2556 2356 ,
2592 2300 2795 2346 sectam
2823 2291 3091 2361 amplecti.
3119 2291 3228 2346 Eos
3253 2275 3463 2361 quoque
3489 2293 3634 2346 solos
3659 2293 3782 2363 phi-

2187 2383 2442 2452 losophos
2469 2385 2764 2450 vexabant,
2795 2385 2885 2454 qui
2919 2385 3194 2438 veritatem
3223 2399 3288 2438 ex
3316 2396 3466 2453 parte
3489 2384 3744 2439 docentes
3763 2426 3780 2452 ,

2185 2477 2610 2546 aspernabantur
2665 2477 2874 2530 illorum
2953 2476 3104 2530 deos.
3173 2476 3266 2530 lta-
3307 2491 3437 2530 sane
3503 2476 3783 2532 Socratem

2184 2569 2606 2632 damnaverunt,
2637 2585 2942 2640 quanquam
2973 2569 3238 2639 Apollinis
3277 2569 3495 2624 oraculo
3511 2572 3784 2626 renuntia-

2186 2669 2269 2713 tus
2299 2661 2487 2716 fuisset
2528 2661 2840 2716 mortalium
2883 2661 3122 2715 omnium
3169 2661 3611 2731 sapientissimus.
3665 2661 3780 2719 Non

2185 2755 2379 2808 mirum
2413 2757 2589 2824 itaque
2615 2755 2659 2808 si
2687 2755 2897 2810 illorum
2937 2755 2988 2808 in
3019 2753 3340 2809 christianos
3360 2754 3538 2808 odium
3583 2757 3782 2812 veritas

2185 2849 2470 2917 pepererit.
2503 2847 2608 2903 Sed
2642 2845 2762 2902 vide
2784 2889 2797 2910 ,
2847 2861 3064 2916 quaeso,
3112 2862 3216 2916 quo
3265 2845 3580 2902 insanientis
3616 2847 3782 2904 animi

2183 2938 2383 2995 furore.
2417 2939 2743 2994 Fatebantnr
2783 2953 2876 2992 eos
2902 2951 3088 2992 omnes
3137 2937 3385 2991 meliores
3428 2936 3637 3005 factos,
3689 2929 3781 3009 qui

2183 3030 2391 3101 ejurato
2422 3031 2674 3086 falsorum
2701 3029 2926 3086 deorum
2949 3031 3117 3095 cultu,
3149 3044 3304 3083 suum
3332 3029 3590 3084 dederant
3611 3029 3783 3086 chris-

2184 3124 2340 3179 tiana:
2368 3124 2607 3194 religioni
2637 3138 2851 3178 nomen.
2886 3121 2994 3178 Sed
3027 3122 3079 3176 in
3127 3121 3244 3176 illos
3284 3122 3385 3176 hoc
3411 3122 3528 3176 solo
3564 3123 3782 3179 nomine

479 3209 526 3256 et
567 3201 752 3274 seqq)
784 3201 841 3255 In
884 3203 1052 3273 prima
1075 3213 1252 3260 autem
1285 3205 1504 3260 secundi
1533 3206 1654 3261 libri
1678 3216 1827 3277 parte
1857 3208 2070 3264 demon-

2182 3222 2448 3278 crudelius
2477 3222 2804 3288 saeviebant,
2837 3236 3038 3291 eosque
3087 3229 3342 3275 nocentes
3389 3228 3448 3276 et
3487 3220 3782 3276 sceleratos

475 3300 610 3346 strat
633 3335 646 3357 ,
679 3308 837 3361 quam
871 3309 1002 3348 vana
1033 3305 1088 3350 et
1112 3295 1340 3350 absurda
1363 3297 1431 3352 sit
1475 3296 1593 3352 licia
1638 3313 1667 3352 a
1720 3297 1960 3356 Varrone
1982 3302 2077 3356 tri-

475 3386 597 3456 plex
641 3385 976 3443 ethnicorum
1005 3388 1295 3460 Theologia
1319 3433 1334 3456 ,
1367 3406 1486 3460 qua:
1510 3392 1578 3447 ab
1597 3407 1670 3448 eo
1695 3393 1936 3466 physica,
1961 3411 2077 3467 my-

475 3476 617 3533 thica
641 3519 653 3543 ,
687 3494 750 3534 ac
789 3480 996 3549 plebeia
1041 3481 1152 3537 sive
1194 3482 1409 3553 gentilis
1460 3485 1758 3572 appellatur
1804 3485 1964 3558 (Lib.
2004 3488 2072 3543 ll.

478 3585 593 3641 cap.
627 3572 680 3626 l.
713 3580 760 3625 et
787 3574 974 3644 θείη),
1002 3572 1058 3628 1η
1099 3575 1334 3630 secunda
1362 3585 1538 3632 autem
1565 3588 1714 3646 parte
1740 3579 2074 3636 demonstrat

473 3664 610 3740 (deos
653 3665 1015 3722 Romanorum
1067 3667 1228 3723 falsos
1270 3683 1424 3737 esse,
1457 3670 1725 3742 planeque
1751 3674 2071 3729 commenti-

475 3759 578 3815 tios
605 3759 756 3831 (Cap.
787 3760 841 3818 9.
890 3772 937 3817 et
981 3761 1161 3835 seqq).
1195 3763 1300 3819 Sed
1330 3764 1444 3820 haec
1483 3767 1642 3836 paulo
1666 3767 1947 3824 enodatius
1971 3784 2070 3824 ex~

471 3853 716 3924 plieanda
749 3863 890 3910 sunt.

547 3949 782 4004 Primum
812 3949 990 4020 itaque
1017 3950 1246 4006 ethnicis
1277 3952 1406 4007 vitio
1449 3954 1613 4009 vertit
1643 3991 1659 4020 ,
1711 3952 1854 4023 quod
1885 3953 2070 4025 impla-

474 4040 628 4094 cabili
657 4040 780 4094 odio
806 4042 1125 4099 christianos
1158 4058 1611 4115 persequerentur
1635 4087 1651 4112 ,
1685 4049 1900 4103 tametsi
1930 4048 2020 4119 qui
2051 4091 2065 4118 ,

473 4131 728 4200 qualesve
755 4131 862 4186 sint
893 4135 1104 4202 penitus
1149 4136 1494 4206 ignorarent,
1529 4153 1628 4193 nec
1651 4139 1792 4194 scire
1831 4155 2066 4209 unquam

471 4220 757 4276 voluerint.
789 4222 889 4278 Ubi
920 4226 1146 4294 primum
1172 4227 1314 4282 enim
1341 4227 1463 4282 illos
1485 4240 1855 4299 agnoverant,
1884 4232 2066 4288 statim

471 4313 787 4370 desinebant
819 4318 996 4374 odisse
1020 4361 1035 4384 ,
1067 4320 1523 4394 cliristianamque
1567 4323 1882 4394 religionem
1922 4325 2065 4382 ultro

470 4404 950 4477 amplectebantur.
985 4409 1166 4480 Neque
1196 4411 1249 4466 id
1281 4414 1462 4484 negari
1493 4422 1728 4484 poterat,
1778 4415 1921 4487 quod
1949 4417 2063 4472 cla-

466 4497 647 4554 mabat
671 4498 979 4568 quotidiana
1012 4502 1248 4572 ipsorum
1275 4503 1342 4559 de
1368 4505 1720 4578 multiplicato
1747 4508 2067 4567 christiano-

2181 3328 2300 3371 csse
2331 3314 2596 3370 malebant
2623 3330 2784 3385 quam
2815 3315 3155 3370 christianos.

2249 3406 2445 3462 Contra
2469 3415 2648 3462 tamen
2670 3406 2990 3476 objiciebant
3015 3405 3212 3461 ethnici
3239 3402 3496 3477 quosdam
3523 3421 3587 3462 ex
3609 3407 3776 3463 chris-

2180 3500 2336 3554 tianis
2368 3499 2630 3568 pessimos
2656 3515 2776 3554 esse
2795 3542 2810 3566 ,
2833 3515 2897 3554 ac
2925 3499 3064 3554 vitiis
3101 3498 3498 3568 sceleribusque
3544 3499 3781 3569 perditos

2177 3592 2314 3663 (cap.
2335 3587 2618 3664 5).Verum
2635 3593 2710 3655 hi,
2729 3592 2898 3662 inquit
2914 3590 3292 3656 Tertullianus,
3313 3590 3467 3660 pauci
3483 3589 3774 3647 admodum

2175 3694 2326 3738 erant
2347 3699 2361 3748 ;
2386 3685 2474 3753 qui
2504 3683 2740 3754 quidem,
2774 3682 3340 3752 sicutntevicorpuris,
3366 3682 3433 3736 ita
3465 3691 3628 3744 sectae
3649 3697 3768 3738 sua:

2175 3776 2531 3832 ostendebant
2561 3777 2947 3847 prrestantiam.
2981 3776 3295 3846 Quicunque
3329 3791 3506 3847 porro,
3532 3784 3587 3830 et
3614 3786 3774 3845 quot-

2174 3879 2302 3939 quot
2332 3870 2406 3924 illi
2437 3869 2635 3925 fuerint
2664 3871 2713 3924 bi
2735 3909 2750 3934 ,
2783 3885 2889 3924 non
2917 3885 3072 3925 secus
3101 3885 3164 3924 ac
3188 3867 3483 3938 phil050pbi
3509 3910 3525 3933 ,
3564 3878 3773 3925 sectam

2173 3975 2325 4015 suam
2357 3961 2570 4031 ﬂagitiis
2601 3961 2920 4016 infamantes
2945 4003 2961 4027 ,
2993 3969 3146 4015 erant
3171 3961 3280 4016 veri
3311 3960 3629 4026 desertores,
3677 3974 3779 4016 non

2174 4053 2321 4108 mine
2345 4063 2499 4108 tenus
2531 4053 2846 4120 christiani,
2880 4053 2987 4108 imo
3017 4053 3117 4108 hoc
3149 4053 3346 4123 indigni
3373 4053 3609 4118 nomine.

2247 4145 2518 4216 Urgebant
2568 4148 2792 4218 gentiles
2863 4156 3064 4203 sectam
3117 4147 3530 4202 ehristianorum
3581 4161 3774 4206 revera

2169 4239 2363 4294 malam
2387 4254 2506 4296 esse
2527 4281 2540 4304 ,
2580 4249 2635 4295 ut
2667 4249 2790 4310 pote
2817 4257 2938 4312 qute
2969 4242 3348 4311 imperatorum
3379 4240 3591 4311 legibus
3617 4241 3773 4297 dam-

2169 4342 2292 4389 nata
2334 4333 2403 4389 sit
2427 4333 2565 4406 (mp.
2598 4333 2676 4407 6).
2706 4334 2776 4390 At
2825 4351 3002 4390 nonne
3051 4335 3251 4390 eaedem
3277 4375 3291 4400 ,
3343 4335 3541 4404 regerit
3585 4343 3774 4392 auctor

2169 4435 2352 4481 noster
2374 4467 2388 4494 ,
2422 4425 2806 4497 imperatorum
2841 4427 3182 4498 aliorumque
3209 4427 3366 4495 iustae
3395 4426 3540 4498 leges
3569 4437 3771 4485 statue-

2166 4518 2584 4573 runtneminem
2638 4534 2871 4589 unquam
2918 4517 3424 4586 condemnandum,
3473 4519 3573 4574 nisi
3624 4521 3771 4590 prius

465 4605 584 4645 rum
629 4605 871 4689 numero
898 4595 1251 4689 querimonia.
1303 4597 1418 4653 Non
1461 4602 1589 4656 sinit
1633 4613 1812 4658 autem
1861 4605 2063 4664 Auctor
2085 4629 2138 4689 Β
2165 4610 2404 4665 criminis
2431 4610 2656 4680 alicujus
2683 4611 2752 4665 sit
2780 4611 2880 4666 rite
2904 4611 3180 4666 convictus
3204 4611 3226 4664 ?
3266 4609 3374 4666 Cur
3397 4612 3748 4682 ergoetlinici

461 4694 650 4739 noster
678 4684 780 4740 sibi
823 4684 982 4757 objici
1029 4686 1166 4755 hos,
1211 4698 1269 4743 ut
1321 4691 1433 4746 fieri
1478 4693 1764 4765 aliquando
1807 4697 1976 4766 solet,
2007 4699 2058 4755 in

463 4777 667 4831 malum
690 4792 1000 4836 conversos.
1025 4779 1233 4836 Nullam
1261 4784 1458 4855 quippe
1499 4787 1625 4842 mali
1669 4797 1852 4845 notam
1901 4790 2064 4848 habet

460 4871 769 4929 christiana:
812 4875 1092 4948 religionis
1130 4879 1429 4950 professio,
1476 4885 1627 4956 cujus
1673 4888 1942 4945 nemiuem
1969 4901 2061 4948 aut

458 4964 625 5032 pudet
665 4975 756 5021 aut
816 4969 1078 5038 poenitet,
1128 4987 1191 5028 ac
1234 4973 1301 5028 de
1344 4989 1448 5045 qua
1497 4981 1704 5048 omnesj
1731 4973 2062 5050 gaudent'et

457 5057 754 5125 gloriantur
780 5059 919 5130 (Lib.
951 5062 991 5116 Ι.
1019 5081 1136 5136 cap.
1173 5066 1269 5134 1.).

531 5149 586 5205 Si
619 5167 721 5222 qua
747 5167 876 5207 vero
905 5153 1130 5212 fuissent
1153 5135 1574 5218 ehristianorum
1604 5163 1828 5221 crimina
1855 5207 1871 5234 ,
1904 5167 1972 5224 ad
1991 5184 2054 5225 ea

457 5243 642 5314 utique
669 5243 990 5303 declaranda
1021 5249 1140 5318 illos
1169 5251 1367 5310 ethnici
1396 5256 1693 5325 quaestione
1721 5273 1784 5313 ac
1812 5267 2053 5317 tomen-

455 5337 525 5391 tis
568 5351 762 5408 cogere
811 5341 1094 5399 debebant.
1124 5347 1194 5400 At
1221 5361 1250 5401 e
1279 5349 1550 5404 contrario
1582 5350 1644 5407 iis
1676 5367 1870 5409 nomen
1897 5369 2052 5411 suum

454 5430 541 5486 vel
571 5439 763 5501 sponte
793 5435 1110 5504 negantibus
1135 5477 1151 5503 ,
1184 5440 1265 5494 vel
1313 5456 1512 5511 negare
1537 5443 1739 5499 coactis
1768 5444 2050 5504 confestim

453 5525 771 5589 credentes,
803 5527 952 5584 fateri
981 5545 1192 5603 quoque
1221 5532 1490 5592 debebant
1515 5536 1664 5593 nihil.
1697 5538 1821 5596 mali
1867 5540 1919 5595 in
1948 5555 2046 5596 eo-

448 5633 568 5671 rum
593 5619 846 5690 religione
878 5637 1032 5690 posse
1070 5624 1417 5695 deprehendi.
1447 5629 1568 5686 Suis
1600 5642 1862 5702 prteterea
1915 5633 2047 5705 legi-

446 5710 547 5763 bus
573 5712 797 5780 quilibet
818 5714 1024 5782 jutlices
1048 5719 1362 5775 tenebantur
1389 5727 1700 5794 quarumvis
1747 5728 2038 5785 criminum

443 5823 566 5864 reos
594 5810 926 5886 interrogare
951 5830 1101 5884 quae,
1133 5817 1328 5889 qualia,
1361 5829 1413 5874 et
1442 5830 1637 5892 quanta
1665 5822 1783 5879 haec
1814 5833 1996 5882 essent
2022 5867 2037 5894 ,

2163 4703 2487 4762 christianos
2509 4718 2607 4775 nec
2633 4703 2844 4760 auditos
2876 4719 2976 4758 nec
3005 4704 3280 4760 convictos
3301 4704 3766 4760 condemnabam?-

2161 4795 2350 4851 Nonne
2403 4797 2580 4867 plures
2630 4797 2792 4852 etiam
2836 4796 2973 4852 data:
3001 4807 3124 4852 sunt
3150 4797 3217 4852 ab
3258 4796 3571 4852 eorumdem
3596 4797 3768 4854 ethni-

2161 4905 2350 4946 corum
2413 4889 2808 4960 legislatoribus
2867 4889 3215 4960 iniquissima:
3284 4888 3462 4958 leges,
3518 4897 3764 4960 postmo-

2161 4981 2286 5037 dum
2319 4981 2636 5048 emendam,
2674 4983 2760 5038 vel
2785 4982 3120 5052 antiquata)?
3151 4981 3386 5052 Denique
3413 4981 3613 5050 injusta
3646 4983 3758 5052 lex,

2161 5075 2333 5146 qualis
2365 5075 2418 5129 in
2446 5075 2768 5131 christianos
2796 5075 2898 5130 lata
2932 5074 3122 5142 fuerat,
3154 5073 3357 5130 nullum
3388 5074 3554 5146 exigit
3580 5075 3764 5132 bono-9

2161 5184 2274 5224 rem
2305 5178 2396 5224 aut
2435 5169 2770 5239 obsequium.
3570 5156 3577 5162 ’

2229 5266 2340 5323 Nec
2367 5268 2564 5323 instare
2592 5276 2839 5338 poterant
2858 5267 3059 5324 ethnici
3084 5267 3230 5340 leges
3251 5269 3302 5324 in
3330 5266 3652 5326 christianos
3687 5270 3757 5326 ab

2158 5361 2221 5418 iis
2249 5363 2481 5418 saneitas
2504 5404 2518 5429 ,
2553 5363 2642 5432 qui
2669 5362 2882 5417 illorum
2925 5363 3148 5417 crimina
3175 5363 3448 5418 communi
3489 5362 3758 5432 populari-

2156 5470 2260 5525 que
2290 5455 2429 5510 lama
2459 5465 2857 5525 compererant.
2880 5455 3066 5512 Nonne
3095 5457 3235 5512 enim
3265 5457 3402 5511 fama
3427 5497 3442 5524 ,
3468 5456 3757 5516 fatentibus

2153 5549 2344 5604 iisdem
2372 5549 2630 5614 ethnicis,
2687 5549 2884 5605 malum
2928 5560 3013 5606 est
3062 5565 3169 5620 quo
3217 5549 3418 5605 nullum
3465 5549 3754 5606 velocius?

2153 5641 2257 5697 Sed
2289 5643 2374 5696 illa
2405 5642 2590 5698 tandiu
2639 5651 2844 5698 tantum
2869 5644 3022 5708 vivit,
3051 5642 3284 5712 quandiu
3331 5628 3562 5708 incerta,
3592 5641 3752 5711 falsa,

2149 5744 2202 5790 et
2232 5734 2458 5789 mendax
2484 5746 2585 5791 est.
2617 5734 2717 5792 Ubi
2745 5737 2887 5792 enim
2920 5751 3008 5792 res
3033 5743 3117 5792 est
3139 5743 3285 5791 certa
3309 5777 3322 5799 ,
3356 5734 3428 5790 ibi
3463 5733 3579 5790 hinc
3607 5733 3747 5791 fama

2147 5825 2359 5883 desinit.
2390 5826 2754 5900 lnvestiganda
2782 5827 2940 5900 igitur
2977 5827 3120 5886 illius
3147 5827 3317 5902 origo,
3346 5834 3508 5897 atque
3529 5839 3751 5898 exspec-
