4092 6352
360 374 470 434 ’157

1514 369 1968 428 DISSERTATIO
2006 371 2070 427 ι).
2110 370 2200 428 LE
2237 370 2537 432 NOURRY.

3553 371 3666 431 758

282 508 290 514 ·
320 530 322 533 -
353 489 581 547 tandum
612 495 807 559 tempus
830 527 845 554 ,
878 485 1021 558 quod
1048 487 1220 541 omnia
1249 485 1459 542 revelat.
1487 484 1619 555 Quis
1660 494 1839 542 autem
1885 487 1952 542 ab
1980 487 2033 549 Δ
2059 488 2266 558 posse?
2315 487 2454 556 Quid
2485 489 2658 560 magis
2681 488 3140 561 ignominiosum,
3167 504 3328 562 quam
3373 505 3404 548 a
3453 492 3665 562 privato

359 585 477 654 ipso
499 581 806 638 christiana:
833 579 1104 651 religionis
1130 579 1352 635 exordio
1399 578 1608 649 objecta
1651 577 1958 635 christianis

360 675 687 733 infanticidia
709 717 724 742 ,
754 674 1008 741 incestus,
1042 673 1252 744 aliaque
1281 673 1484 728 scelera
1517 671 1570 727 in
1601 686 1787 727 eorum
1822 686 1956 743 syn-

360 772 552 826 axihus
619 784 852 840 unquam
923 767 1308 838 deprehendit,
1346 767 1633 838 patefecit,
1683 766 1958 837 prodidit?

359 863 627 934 Numquid
659 863 872 934 ipsimet
901 861 1220 916 christiani?
1251 860 1356 916 Sed
1383 876 1591 915 summo
1621 860 1836 916 silentio
1862 876 1956 917 sua

357 959 613 1032 mysteria
643 951 925 1027 tegebant,
955 971 1054 1011 nec
1096 964 1345 1025 poterant
1391 965 1494 1010 tam
1544 954 1808 1010 horrenda
1851 955 1954 1010 cri-

357 1053 524 1120 mina,
547 1054 590 1107 si
618 1051 828 1106 illorum
848 1048 1048 1105 conscii
1080 1048 1328 1114 fuissent,
1357 1048 1474 1103 sine
1500 1048 1692 1119 capitis
1720 1049 1956 1119 periculo

357 1147 605 1221 prodere.
648 1145 915 1216 Numquid
944 1145 1211 1216 gentiles?
1241 1143 1459 1198 Minime
1488 1143 1724 1214 quidem.
1752 1143 1957 1211 Quam-

356 1241 438 1296 vis
468 1241 611 1296 enim
643 1238 968 1293 christianos
998 1238 1049 1292 in
1078 1238 1188 1292 suis
1214 1236 1505 1307 synaxihus
1545 1235 1781 1306 quotidie
1807 1236 1955 1290 obsi-

358 1333 546 1388 derent
570 1374 584 1398 ,
615 1345 776 1385 nemo
802 1340 979 1385 tamen
1010 1329 1126 1384 haec
1154 1327 1574 1399 deprehendisse
1601 1369 1614 1392 ,
1666 1341 1766 1382 nec
1815 1328 1956 1383 ullus

357 1423 686 1482 domesticus
714 1424 886 1494 pretio
915 1433 1200 1494 corruptus
1219 1463 1234 1490 ,
1265 1436 1324 1477 se
1353 1430 1443 1475 aut
1466 1421 1668 1476 vidisse
1691 1463 1706 1487 ,
1739 1429 1830 1476 aut
1867 1435 1956 1477 ce-

359 1517 556 1573 lavisse
587 1531 817 1587 unquam
852 1515 1164 1570 testiﬁcatus
1188 1521 1291 1570 est.

427 1609 696 1664 Praeterea
719 1605 996 1662 christiani
1020 1603 1372 1660 sectatoribus
1423 1604 1536 1658 suis
1585 1604 1730 1674 leges
1755 1602 1954 1659 Christi

354 1702 540 1760 scdulo
566 1699 976 1756 observantibus
1004 1697 1397 1768 pollicebantur
1436 1705 1693 1750 aeternam
1724 1695 1952 1750 felicita-

355 1805 484 1852 tem.
519 1796 586 1849 At
612 1793 696 1848 dic
721 1834 736 1860 ,
767 1807 948 1863 quaeso
969 1833 984 1857 ,
1015 1798 1192 1845 utrum
1222 1804 1331 1845 non
1361 1789 1549 1843 insano
1595 1789 1808 1858 penitus
1852 1787 1952 1842 ho-

2061 580 2295 652 quolibet
2327 580 2543 638 homine
2565 581 2894 644 domesticos
2916 584 3187 654 pignorari
3221 585 3351 641 deos
3375 626 3390 649 ,
3418 585 3662 657 publicos

2060 687 2190 727 vero
2220 673 2272 727 in
2305 672 2544 729 hastario
2564 674 2827 730 venditari
2855 676 2878 729 i
2916 674 3056 743 Quid
3085 677 3321 748 turpius,
3360 693 3520 749 quam
3564 694 3661 749 pro

2060 764 2247 834 templi
2274 765 2423 832 solo,
2446 765 2617 831 aditu,
2643 766 2931 836 stipitibus,
2962 768 3114 824 ostiis
3143 770 3282 839 exigi
3311 771 3660 826 mercedem?

2059 854 2198 938 Qua:~
2217 857 2390 928 major
2415 857 2638 913 deorum
2670 857 2908 923 infamia,
2932 874 3091 929 quam
3112 849 3296 916 senem
3327 862 3380 917 in
3404 861 3658 930 Saturno,

2058 953 2356 1009 imberbem
2384 953 2437 1008 in
2469 954 2719 1026 Apolline
2741 997 2757 1023 ,
2787 955 2840 1009 in
2867 954 3036 1011 Marte
3064 957 3312 1024 militem,
3341 957 3398 1013 in
3421 941 3660 1015 Vulcano

2059 1035 2266 1104 fabrum
2292 1050 2604 1106 consecrari
2627 1091 2642 1116 ,
2675 1063 2836 1121 quam
2869 1049 2972 1104 diis
2999 1051 3259 1106 maximis.
3302 1052 3534 1122 aequales
3577 1050 3660 1107 fa-

2058 1157 2184 1198 cere
2213 1152 2454 1199 mortuos
2481 1142 2730 1199 homines
2755 1185 2770 1210 ,
2801 1158 2959 1214 quam
2990 1144 3178 1213 punire
3227 1159 3322 1214 per
3349 1144 3478 1201 deos
3505 1187 3520 1211 ,
3553 1160 3660 1201 non

2057 1250 2186 1290 vero
2214 1250 2310 1306 per
2337 1236 2551 1306 genium
2578 1235 2805 1291 Caesaris
2827 1235 3163 1306 dejerantes,
3193 1251 3355 1306 quam
3400 1237 3662 1306 pessimas

2057 1342 2298 1399 quasque
2327 1330 2662 1384 victimarum
2691 1338 2871 1399 partes
2898 1328 2962 1384 iis
2991 1328 3335 1385 sacriﬁcam?
3363 1329 3501 1399 Quid
3546 1340 3662 1386 tan-

2059 1419 2180 1475 dem
2211 1421 2438 1476 dcorum
2487 1420 2765 1492 majestate
2819 1421 2991 1491 magis
3032 1421 3340 1492 indignum,
3385 1438 3548 1494 quam
3594 1425 3662 1480 ab

2058 1511 2294 1569 Homero
2337 1513 2563 1584 aliisque
2612 1513 2786 1583 poetis
2833 1513 3051 1584 impune
3079 1513 3355 1569 decantari
3399 1515 3661 1572 Venerem

2057 1607 2346 1662 sauciatam
2369 1649 2381 1672 ,
2417 1595 2652 1662 vinctum
2682 1607 2903 1662 Martem
2927 1649 2942 1675 ,
2970 1605 3155 1662 Jovem
3195 1607 3263 1662 ab
3291 1607 3411 1676 aliis
3455 1609 3558 1664 diis
3585 1609 3664 1664 la-

2060 1699 2353 1765 cessitum,
2405 1697 2661 1764 flentem,
2704 1697 3100 1766 luxuriantem,
3143 1712 3346 1769 suaque
3395 1698 3659 1756 adulteria

2057 1789 2526 1846 dinumerantem?
2549 1790 2685 1859 Quid
2716 1791 2904 1862 plura?
2930 1790 3119 1846 Nonne
3149 1791 3312 1846 iidem
3342 1792 3413 1847 dii
3445 1793 3658 1850 derideo

354 1887 482 1943 mini
510 1885 770 1941 credibile
812 1885 901 1938 tiat
931 1883 1072 1937 illam
1101 1881 1387 1952 aliquando
1419 1881 1735 1952 promissam
1783 1879 1950 1935 fuisse
1980 1899 2026 1959 Β
2058 1884 2256 1940 bantur
2290 1884 2342 1936 in
2375 1883 2623 1950 theatris,
2653 1893 2706 1938 et
2732 1883 3084 1939 Lentulorum
3111 1925 3128 1951 ,
3161 1892 3320 1955 atque
3347 1882 3656 1942 Hostiarum

353 1981 453 2050 iis,
509 1980 598 2051 qui
649 1986 793 2033 tanta
842 1977 1048 2032 scelera
1095 1975 1532 2046 perpetrassent?
1575 1973 1745 2028 Nemo
1785 1973 1946 2028 etiam

352 2073 588 2144 gentilis,
607 2072 692 2127 vel
729 2071 954 2126 minimo
991 2067 1339 2123 humanitatis
1367 2082 1528 2123 sensu
1559 2065 1816 2136 praeditus
1838 2105 1853 2129 ,
1883 2079 1944 2120 ea

354 2162 662 2239 perpetrare
680 2179 845 2220 ausus
886 2178 1118 2234 unquam
1139 2161 1346 2216 fuisset.
1372 2160 1512 2231 Ergo
1544 2174 1641 2214 nec
1672 2158 1759 2212 ulli
1784 2157 1952 2213 chris-

352 2263 512 2327 tiani,
560 2275 784 2330 quorum
833 2257 1022 2312 eadem
1066 2270 1130 2310 ac
1174 2263 1492 2308 cmterorum
1543 2252 1818 2306 hominum
1846 2265 1948 2305 na-

351 2361 463 2407 tura
491 2395 505 2420 ,
537 2367 635 2406 nec
658 2349 1000 2423 Cynopennae
1027 2354 1216 2410 erant,
1250 2360 1348 2399 nec
1377 2344 1669 2414 Sciapodes
1688 2384 1702 2408 ,
1728 2356 1828 2397 nec
1852 2357 1950 2396 au-

353 2448 558 2519 tipodes
589 2446 728 2518 (cap.
762 2443 844 2516 7).

417 2541 548 2608 Quis
571 2547 748 2592 autem
775 2551 880 2590 non
908 2533 1081 2609 rideat
1105 2532 1372 2597 ethnicos,
1399 2531 1491 2601 qui
1523 2529 1746 2585 ridiculo
1771 2529 1946 2599 pueri,

348 2647 377 2688 a
407 2642 552 2686 muta
580 2629 784 2684 nutrice
809 2628 1048 2691 educati,
1074 2627 1355 2695 primoque
1381 2622 1527 2677 vocis
1577 2635 1712 2676 sono
1749 2627 1947 2693 βεκκοισ

351 2723 743 2796 pronuntiantis
777 2761 792 2784 .
880 2727 1184 2774 commento
1261 2715 1489 2784 probare
1549 2714 1949 2768 contendebant

349 2819 669 2875 christianos
700 2814 997 2886 Phrygibus
1022 2812 1248 2881 aliisque
1271 2808 1576 2864 nationibus
1599 2821 1722 2862 esse
1759 2815 1946 2876 poste-

348 2911 557 2966 riores“?
581 2908 712 2977 Quis
743 2906 884 2961 enim
926 2905 1131 2960 nesciat
1171 2902 1520 2968 christianam
1548 2908 1795 2971 gentem,
1825 2913 1948 2969 quae

349 3019 376 3058 a
421 3001 620 3075 Judarjs
667 3008 841 3054 ortum
887 2997 1061 3063 duxit,
1111 3011 1232 3051 esse
1284 2995 1494 3050 caeteris
1545 2991 1946 3064 antiquiorem?

347 3095 600 3164 Quamvis
648 3102 825 3148 autem
868 3091 987 3145 aliis
1035 3087 1301 3145 recentior
1351 3087 1521 3150 foret.
1563 3087 1720 3141 tertia
1764 3096 1945 3140 tamen

345 3186 693 3260 postGrzecos
713 3195 764 3239 et
791 3185 1058 3238 Romanos
1074 3181 1218 3236 natio
1245 3177 1706 3256 inhumanissimis
1757 3193 1945 3248 super-

277 3261 282 3265 .
349 3279 655 3336 stitionibus
686 3275 894 3330 addicta
925 3291 1034 3329 non
1063 3281 1178 3328 erat
1207 3273 1345 3342 (cap.
1379 3269 1462 3341 8).

414 3371 685 3426 [astabant
713 3368 912 3424 ethnici
940 3366 1263 3422 christianos
1289 3407 1305 3432 ,
1337 3363 1407 3418 ob
1435 3363 1664 3420 deorum
1689 3371 1939 3418 eontem-

349 3475 496 3537 pttun
515 3507 528 3529 ,
553 3463 792 3519 omnium
819 3461 1052 3518 cladium
1095 3474 1214 3514 esse
1235 3468 1510 3520 auctores,
1540 3467 1699 3526 atque
1741 3456 1944 3513 idcirco

342 3556 780 3614 cxterminandos
831 3554 983 3626 (cap.
1052 3551 1131 3625 9).
1183 3551 1288 3608 Sed
1366 3551 1527 3605 variis
1583 3550 1940 3607 Tertullianus

344 3649 601 3720 exemplis
621 3648 956 3704 demonstrat
981 3645 1236 3701 mundum
1265 3643 1600 3715 gravissimis
1624 3643 1941 3729 calamitati-

343 3742 442 3798 bus
465 3782 478 3806 ,
509 3742 582 3797 uti
609 3757 862 3812 aquarum
894 3738 1333 3794 inundationibus
1355 3777 1368 3802 ,
1413 3737 1534 3808 igne
1580 3736 1787 3793 ccelesti
1813 3779 1828 3803 ,
1873 3751 1940 3793 ac

340 3836 577 3908 generali
624 3835 827 3890 diluvio
875 3833 1242 3904 perturbatum
1269 3875 1282 3900 ,
1330 3831 1686 3902 obrutumque
1732 3831 1934 3899 luisse,

341 3937 624 3999 antequam
674 3927 888 3996 ipsimet
935 3924 1135 3981 ethnici
1178 3925 1308 3980 deos
1338 3939 1465 3979 suos
1508 3924 1819 3990 finxissent,
1873 3939 1938 3980 ac

341 4020 572 4075 fundata:
604 4029 788 4074 essent
819 4019 1006 4086 urbes,
1039 4019 1092 4072 in
1133 4017 1326 4090 quibus
1371 4018 1480 4072 nati
1511 4059 1526 4082 ,
1574 4018 1931 4085 commorati,

341 4123 395 4170 et
437 4115 631 4184 sepulti
666 4122 810 4168 sunt.
857 4112 994 4181 Quid
1040 4129 1203 4178 vero,
1252 4111 1396 4183 quod
1437 4122 1618 4182 postea
1651 4111 1703 4166 hi
1754 4113 1934 4182 eximii

341 4206 411 4261 dii
442 4221 546 4260 non
580 4215 866 4278 potuerunt
894 4205 961 4261 ab
985 4206 1104 4261 aliis
1133 4205 1372 4261 cladibus
1415 4220 1542 4261 suos
1584 4207 1795 4278 eripere
1823 4207 1937 4262 cul-

341 4310 485 4355 tores
498 4301 522 4353 ?
1431 4312 1439 4320 ’

409 4393 652 4450 Secunda
680 4393 837 4464 hujus
865 4394 986 4448 libri
1018 4394 1072 4448 in
1099 4402 1248 4464 parte
1296 4395 1500 4474 Auctor
1527 4403 1713 4450 noster
1756 4402 1936 4450 osten-

339 4487 418 4542 dit
447 4487 702 4556 ipsosmet
749 4486 976 4556 gentiles
993 4487 1304 4541 eorntndem
1333 4489 1616 4543 criminum
1647 4504 1768 4546 esse
1806 4505 1935 4544 con-

340 4583 504 4646 scios,
521 4595 748 4650 quorum
763 4581 1084 4635 christianos
1111 4597 1338 4656 arguere
1360 4582 1556 4637 frustra
1579 4585 1930 4640 conabantur.

339 4674 471 4730 Nam
525 4673 577 4727 hi
629 4675 719 4760 qui
774 4674 1054 4760 antiquos,
1084 4673 1178 4730 sed
1230 4675 1421 4760 impios
1461 4676 1595 4730 ritus
1620 4691 1650 4730 a
1682 4676 1932 4733 christia-
1959 4695 2017 4760 Ι)

340 4762 424 4817 nis
475 4759 784 4829 rcpudiatos
839 4759 1106 4814 immerito
1171 4759 1568 4830 querebantur,
1603 4761 1678 4816 illi
1745 4762 1846 4832 ipsi
1904 4778 1933 4818 a

339 4857 601 4928 majorum
654 4871 870 4911 suorum
918 4853 1156 4924 legibus,
1192 4855 1446 4909 institutis
1493 4857 1734 4913 moribus
1763 4858 1935 4913 desci-

339 4959 528 5004 verant
554 4950 697 5004 cultu
721 4991 735 5014 ,
770 4949 948 5016 victu,
981 4948 1205 5020 ipsoque
1253 4963 1524 5016 sermone,
1571 4965 1635 5007 ac
1662 4967 1933 5024 nunquam

339 5045 470 5099 satis
495 5060 525 5098 a
551 5060 609 5099 se
637 5044 876 5099 laudatas
904 5044 1204 5115 rejcccrant
1233 5053 1545 5101 vetustates.
1661 5043 1664 5046 ’

414 5136 614 5191 Deinde
646 5153 771 5192 vero
797 5136 1072 5192 christiani
1100 5138 1232 5193 deos
1257 5180 1270 5204 ,
1295 5153 1430 5209 quos
1459 5139 1635 5196 nullos
1671 5153 1792 5196 esse
1829 5156 1931 5197 no-

340 5238 549 5293 verant,
571 5237 914 5285 contemnere
945 5247 1051 5284 non
1071 5241 1380 5301 potuerunt.
1411 5231 1621 5289 Ethnici
1651 5249 1778 5292 vero
1800 5251 1934 5308 quos

339 5335 498 5377 veros
529 5335 648 5376 esse
670 5361 685 5387 ,
715 5335 778 5377 ac
827 5336 888 5378 se
913 5323 1093 5380 colere
1131 5324 1477 5382 venditabant
1505 5368 1519 5390 ,
1575 5329 1788 5398 penitus
1833 5331 1933 5385 ad-

337 5411 746 5483 spernabantur.
780 5413 1028 5470 Pluribus
1053 5415 1318 5488 siquidem
1346 5421 1541 5488 spretis
1565 5462 1578 5488 ,
1610 5431 1661 5476 et
1693 5425 1934 5494 repudia.

337 5506 447 5572 tis,
508 5507 765 5576 quosdam
824 5517 1027 5562 tantum
1086 5523 1112 5560 a
1171 5525 1228 5565 se
1283 5511 1527 5578 selectos,
1575 5513 1930 5573 honorabant.

335 5599 523 5655 Nonne
547 5601 707 5654 etiam
735 5601 1124 5656 contumeliose
1155 5617 1182 5654 a
1224 5615 1414 5660 senatu
1447 5606 1600 5676 ejecti
1630 5620 1753 5664 sunt
1800 5610 1934 5666 deus

336 5693 610 5748 Alburnus
631 5734 646 5759 ,
680 5692 858 5759 Liber,
893 5695 1109 5764 Serapis
1132 5738 1145 5760 ,
1167 5693 1519 5766 Harpocrates
1540 5742 1554 5766 ,
1611 5702 1852 5769 Anubis,
1881 5713 1935 5759 et

338 5789 529 5840 stature
568 5786 779 5842 illorum
825 5789 1065 5845 eversae?
1089 5788 1225 5855 Quid
1277 5789 1380 5845 diis
1422 5792 1596 5850 adhuc
1623 5799 1794 5868 magis
1844 5799 1933 5854 in-

333 5879 598 5951 juriosum
626 5923 640 5949 ,
671 5897 833 5954 quam
863 5881 980 5939 sine
1026 5886 1496 5942 senatusconsulto
1537 5903 1632 5946 eos
1675 5894 1777 5950 coli
1825 5909 1933 5953 non

2051 1976 2353 2043 eommdiis,
2383 1976 2494 2044 ubi,
2518 1977 2726 2033 cunctis
2751 1975 3151 2047 plaudentibus,
3180 1976 3328 2030 mimi
3352 1986 3408 2032 et
3433 1976 3657 2034 histrio-

2051 2083 2150 2126 nes
2175 2068 2454 2124 ridiculam
2487 2068 2644 2139 plane
2664 2068 2894 2139 agebant
2922 2067 3151 2140 Cybeles
3191 2078 3463 2139 pastorem
3522 2085 3649 2126 sus-

2051 2160 2280 2231 pirantis
2323 2175 2644 2231 personam,
2688 2161 2780 2214 vel
2831 2159 2979 2215 Jovis
3021 2161 3191 2232 elogia
3236 2171 3292 2216 et
3329 2161 3646 2232 ignominias

2049 2253 2455 2307 decantabant‘l
2476 2251 2666 2307 Nonne
2692 2251 2766 2306 dii
2797 2251 3192 2306 infamahantur
3231 2267 3260 2307 a
3288 2253 3513 2324 perditis
3543 2254 3646 2310 ho-

2049 2347 2318 2412 minibus,
2355 2347 2443 2417 qui
2475 2346 2527 2401 in
2559 2361 2722 2401 cavea
2754 2346 3216 2416 repnesentabant
3256 2348 3415 2417 Atym
3442 2358 3651 2404 castra-

2051 2448 2165 2492 tum
2190 2478 2206 2504 ,
2251 2447 2552 2492 crematum
2595 2437 2878 2492 Herculem
2903 2478 2920 2504 ,
2972 2437 3148 2492 Ditem
3173 2437 3535 2507 gladiatorum
3558 2441 3650 2497 de-

2050 2529 2335 2586 ducentem
2362 2529 2671 2600 exsequias,
2715 2543 2777 2583 ae
2803 2527 3126 2583 Mercurium
3169 2538 3416 2584 mortuos
3457 2531 3664 2586 exami-

2049 2623 2306 2678 nantem?
2330 2622 2462 2692 Quis
2489 2638 2619 2692 ergo
2670 2622 2992 2678 diffitebitur
3018 2622 3325 2693 hujusmodi
3372 2624 3509 2680 deos
3531 2666 3547 2691 ,
3589 2626 3659 2681 ab

2053 2713 2320 2784 hisipsis,
2351 2715 2442 2784 qui
2466 2729 2562 2769 eos
2589 2714 2892 2782 tinxerant,
2918 2715 3207 2784 gentilibus
3241 2715 3402 2786 longe
3442 2717 3614 2787 magis
3634 2757 3652 2786 ,

2047 2824 2208 2881 quam
2227 2824 2255 2862 a
2281 2808 2589 2864 christianis
2616 2811 2891 2864 contemni
2912 2818 2967 2864 et
2989 2808 3219 2865 derideri
3248 2811 3387 2883 (cap.
3418 2810 3552 2882 10)?

2126 2905 2238 2973 Age
2265 2917 2424 2966 vero,
2454 2901 2652 2958 ethnici
2677 2917 2708 2956 a
2740 2893 3002 2958 mendace
3027 2902 3213 2958 Tacito
3239 2903 3449 2976 decepti
3469 2945 3486 2972 ,
3505 2905 3654 2962 falso

2047 2995 2430 3051 asseverabant
2471 3011 2502 3051 a
2529 2995 2839 3051 Christianis
2865 2997 3080 3052 adorari
3117 2998 3265 3070 (asini
3295 3009 3454 3070 caput
3493 3001 3654 3072 (cap.

2049 3089 2164 3160 Η).
2195 3089 2301 3146 Sed
2334 3091 2434 3161 ipsi
2460 3090 2690 3161 gentiles
2721 3105 2904 3146 revera
2949 3101 3090 3148 totos
3131 3093 3426 3149 adorabant
3470 3095 3654 3154 asinos

2045 3199 2170 3239 cum
2199 3200 2291 3240 sua
2321 3180 2538 3255 Epona,
2587 3185 2805 3256 suisque
2833 3201 2954 3241 cum
2985 3186 3319 3257 praesepibus
3361 3201 3649 3244 consecra-

1967 3297 2012 3360 ρ
2045 3279 2174 3334 bant
2221 3279 2439 3334 bestias.
2487 3281 2602 3346 Qua
2651 3295 2783 3336 vero
2831 3281 3039 3336 ratione
3085 3281 3394 3336 christianis
3431 3281 3647 3337 crimini

2045 3369 2242 3426 dabant
2261 3413 2274 3436 ,
2305 3371 2446 3441 quod
2469 3387 2686 3428 crucem
2715 3371 2916 3428 Christi
2941 3373 3206 3436 colerent,
3231 3387 3356 3428 cum
3380 3373 3483 3442 ipsi
3511 3375 3650 3428 Atti-

2044 3476 2162 3516 cam
2192 3463 2461 3518 Palladem
2486 3473 2538 3518 ct
2559 3463 2809 3520 Cererem
2826 3464 3072 3518 Phariam
3092 3477 3119 3516 a
3138 3463 3314 3519 crucis
3331 3465 3512 3534 stipite
3533 3479 3644 3521 non

2041 3555 2442 3626 discrepantem
2471 3556 2908 3611 venerabantur?
2935 3556 3126 3612 Nonne
3151 3557 3314 3611 etiam
3343 3564 3504 3611 recta:
3523 3572 3648 3612 cru-

2041 3647 2120 3702 cis
2150 3648 2288 3718 parti
2318 3649 2763 3718 superstruebaut
2790 3649 2920 3705 deos
2947 3664 3110 3716 suos;
3141 3659 3192 3704 et
3221 3649 3444 3721 integris
3465 3651 3642 3705 cruci-

2042 3741 2144 3795 bus
2172 3741 2424 3796 victorias
2444 3782 2460 3808 ,
2485 3741 2741 3797 cantabra
2766 3784 2780 3810 ,
2811 3741 3026 3813 siphara
3053 3784 3068 3808 ,
3093 3743 3318 3814 etsigna
3345 3743 3595 3798 militaria
3618 3783 3640 3812 ,

2040 3849 2158 3904 quae
2182 3837 2420 3890 maximo
2442 3834 2711 3890 habebant
2735 3834 2790 3889 in
2816 3835 3020 3889 honore
3049 3833 3203 3905 (cap.
3236 3833 3369 3903 ﬁt?

2111 3926 2340 3994 Quidam
2366 3942 2496 3982 vero
2526 3941 2591 3982 ex
2623 3925 2724 3980 illis
2754 3940 3034 3996 perperam
3063 3925 3262 3996 opinati
3303 3933 3428 3979 sunt
3453 3924 3641 3982 Solem

2039 4033 2070 4073 a
2097 4015 2404 4074 christianis
2429 4019 2670 4086 adorari,
2701 4019 2824 4089 quia
2866 4033 3053 4074 verum
3083 4018 3250 4073 Deum
3281 4033 3454 4086 suum,
3502 4019 3643 4076 faeie

2039 4112 2107 4166 ad
2141 4112 2392 4166 eumdem
2440 4111 2620 4168 Solem
2670 4126 2966 4179 conversa,
3015 4111 3399 4181 precabantur,
3445 4126 3508 4177 ac
3549 4111 3640 4168 die

2048 4203 2328 4260 Dominico
2350 4203 2579 4274 spiritali
2610 4202 2957 4274 indulgebant
2980 4203 3175 4258 laetitia:
3199 4203 3337 4276 (cap.
3387 4203 3500 4276 15).
3533 4204 3641 4261 Ve-

2038 4313 2157 4354 rum
2187 4297 2415 4368 improbi
2448 4297 2532 4352 iati
2559 4296 2979 4352 calumniatores
3000 4312 3196 4367 negare
3218 4311 3324 4351 non
3353 4305 3642 4367 potuerant

2038 4404 2246 4446 morem
2278 4389 2619 4445 ethnicorum
2650 4388 2816 4446 fuisse
2843 4389 3002 4444 simili
3034 4371 3196 4446 modo
3235 4391 3465 4456 laetitias
3505 4391 3640 4448 deos

2038 4497 2166 4538 suos
2194 4483 2482 4553 precandi,
2515 4492 2676 4554 atque
2702 4483 2808 4540 illis
2834 4483 3048 4539 dicundi
3078 4500 3242 4540 unum
3283 4484 3638 4548 hebdomadis

2038 4576 2200 4640 diem,
2235 4592 2393 4646 quem
2422 4575 2701 4632 Dominico
2732 4578 3035 4648 proximum
3059 4617 3074 4645 ,
3108 4578 3268 4648 longe
3313 4577 3536 4634 diverso
3568 4591 3636 4634 ac

2039 4668 2206 4723 Judaei
2247 4670 2374 4736 ritu,
2407 4669 2770 4726 celebrabant.

2112 4761 2250 4816 Tum
2275 4760 2470 4817 deinde
2500 4761 2864 4817 Tertullianus
2885 4762 3082 4818 acriter
3103 4802 3120 4829 ,
3149 4760 3417 4817 invehitur
3434 4761 3484 4815 in
3511 4759 3635 4816 bes-

2039 4851 2253 4908 tiarium
2281 4853 2566 4924 quemdam
2595 4897 2609 4922 ,
2652 4853 2891 4910 Judaica:
2940 4854 3212 4925 religionis
3252 4853 3584 4909 desertorem
3615 4894 3632 4919 ,

2036 4947 2126 5016 qui
2151 4947 2204 5000 in
2232 4945 2390 5001 Circo
2415 4946 2680 5017 picturam
2726 4947 2818 5003 Dei
2865 4947 3278 5002 ehristianorum
3319 4945 3420 5001 sub
3463 4943 3634 5000 forma

2034 5039 2170 5094 asini
2199 5038 2598 5095 circumtulerat
2634 5055 2758 5095 cum
2799 5040 2901 5095 hac
2943 5039 3293 5110 inscriptione
3321 5056 3336 5093 :
3363 5035 3634 5094 Onocltoe-

2035 5142 2110 5189 tes
2155 5131 2312 5205 (cap.
2365 5134 2475 5204 Μ).
2510 5133 2644 5190 Nam
2674 5142 2874 5206 quanto
2902 5135 3126 5205 longius,
3157 5133 3301 5190 istud
3342 5149 3373 5189 a
3411 5114 3640 5192 veritate

2037 5225 2403 5294 abhorrebat,
2433 5236 2586 5283 tanto
2623 5229 2822 5283 certius
2867 5234 2988 5283 erat
3028 5227 3098 5283 ab
3139 5226 3374 5283 ethnicis
3421 5226 3638 5283 adorari

2035 5317 2170 5373 deos
2195 5330 2450 5376 cornutos
2470 5362 2484 5388 ,
2513 5321 2829 5392 caprigenas
2849 5335 2960 5387 ,-ac
2989 5322 3244 5377 monstris
3288 5321 3512 5380 omnino
3557 5320 3634 5377 si-

2036 5411 2210 5466 miles.

2114 5503 2256 5559 Nihil
2286 5521 2499 5576 quoque
2529 5504 2713 5562 falsius
2742 5505 2866 5577 fingi
2911 5515 3121 5578 poterat
3153 5550 3166 5573 ,
3211 5524 3367 5578 quam
3398 5523 3425 5562 a
3455 5507 3634 5564 chris-

2037 5595 2194 5651 tianis
2218 5612 2368 5653 sacra
2401 5599 2536 5654 inter
2562 5599 2816 5670 mysteria
2845 5599 3018 5655 occidi
3068 5600 3324 5656 infantem
3345 5643 3360 5668 ,
3409 5603 3636 5672 ejusque

2037 5693 2352 5762 sanguinem
2384 5694 2576 5763 potari.
2623 5699 2691 5749 At
2758 5695 2916 5766 plane
2958 5697 3238 5753 constabat
3278 5696 3344 5752 sb
3406 5696 3641 5753 ethnicis

2038 5795 2226 5840 contra
2277 5786 2424 5858 leges
2481 5802 2607 5844 snas
2656 5805 2850 5847 recens
2887 5800 3040 5847 natos
3081 5792 3339 5848 trucidari
3385 5793 3643 5864 infantes,

2037 5886 2137 5934 aut
2155 5893 2360 5935 summa
2392 5881 2707 5940 crudelitate
2734 5885 2944 5958 injuriis
2971 5885 3112 5944 aeris
3133 5885 3403 5946 necandos
3415 5887 3647 5960 exponi,
