4092 6352
516 304 627 364 759

1601 305 1672 362 ΙΝ
1707 303 2169 369 τεκτυιιιΑΝι
2205 308 2734 375 APOLOGETICUM

3709 333 3838 398 760

525 434 619 482 aut
647 426 765 483 elici
806 440 990 482 eorum
1016 424 1362 496 sanguinem,
1389 430 1640 498 talosque
1671 442 1981 501 prtecoquos
2031 429 2124 486 de-
2149 437 2203 498 Α
2301 432 2582 492 Postremo
2606 436 2968 496 Tertullianus
2989 455 3055 498 ex
3097 439 3357 502 hactenus
3381 445 3668 518 disputatis
3690 465 3836 508 con-

524 521 701 575 vorari
732 520 883 592 (cap.
918 521 1054 590 15.).

600 610 736 680 Quid
785 627 915 666 vero
965 610 1330 682 impudentius
1382 627 1540 683 quam
1603 612 1928 672 christianos
1999 616 2120 673 falsi

525 705 748 759 omnino
803 705 1048 760 nocturni
1080 706 1316 761 incestus
1344 708 1412 761 ah
1443 707 1506 761 iis
1534 711 1771 764 accusari
1799 752 1813 774 ,
1853 711 1942 781 qui
1992 712 2117 767 inii-

520 798 633 853 cias
660 797 736 853 ire
763 797 1053 868 nequibant
1080 801 1308 869 gentiles
1335 799 1528 855 Persas
1571 816 1692 856 cum
1722 804 1982 860 matribus
2006 806 2118 862 suis

526 892 699 962 palam
722 891 899 956 coire,
931 891 1127 962 quique
1152 890 1418 964 OEdipum
1448 893 1622 950 scelus
1649 895 1778 949 illud
1822 897 1874 952 in
1907 898 2118 954 theatro

523 991 1000 1052 reprmsentantcm
1047 999 1242 1053 magno
1269 999 1389 1039 cum
1420 986 1678 1056 applausu
1721 987 2009 1044 laudabant
2037 988 2119 1044 in-

518 1074 881 1145 citabantque.
926 1075 1064 1143 Quin
1109 1074 1269 1132 etiam
1312 1077 1399 1131 isti
1431 1078 1531 1148 ipsi
1573 1094 1693 1134 cum
1741 1079 1924 1136 liberis
1963 1082 2114 1150 suis,

519 1182 656 1237 quos
676 1209 690 1230 ,
721 1167 858 1222 sicut
885 1167 1149 1233 diximus,
1181 1181 1542 1238 exposuerunt
1567 1170 1828 1238 infantes,
1863 1187 1961 1229 nec
1999 1189 2116 1228 am-

521 1259 664 1328 plius
687 1259 1085 1329 agnoscebant,
1131 1261 1326 1330 smpius
1384 1261 1567 1316 infami
1614 1262 1818 1318 incestu
1860 1264 2115 1319 commis-

519 1351 782 1406 cebantur
809 1351 828 1423 (
855 1369 972 1422 cap.
1003 1351 1209 1422 16).Ne
1228 1355 1348 1423 quis
1374 1363 1552 1410 autem
1586 1355 1715 1411 illud
1738 1359 1900 1428 gratis
1932 1358 2115 1417 fictum

517 1443 816 1514 objicerct,
867 1444 945 1498 ab'
987 1455 1207 1500 auctore
1272 1455 1459 1500 nostra
1522 1450 1870 1504 confirmatur
1916 1452 2114 1509 celebri

517 1536 766 1608 exemplo
796 1577 810 1602 ,
856 1536 996 1608 quod
1041 1536 1289 1592 Fusciaui
1350 1538 1509 1594 Urbis
1547 1541 1783 1612 praefecti
1827 1553 2068 1613 tempore
2095 1587 2111 1614 ,

518 1645 622 1686 nec
651 1629 813 1701 paulo
839 1638 964 1685 ante
988 1629 1255 1686 acciderat
1281 1672 1294 1697 ,
1328 1647 1485 1703 quam
1519 1632 1618 1688 bos
1647 1635 1812 1690 libros
1863 1637 2113 1708 scripsis-

514 1732 616 1779 εει.

585 1815 766 1886 Pergit
793 1814 913 1896 ille,
945 1816 1233 1888 palamque
1261 1816 1385 1873 facit
1409 1817 1733 1876 christianos
1763 1820 1960 1878 frustra
2008 1838 2109 1894 pu-

513 1909 684 1966 blicos
710 1910 890 1964 hostes
928 1910 996 1964 ab
1017 1911 1248 1967 ethnicis
1280 1913 1400 1968 ideo
1429 1914 1746 1984 proclamari
1769 1957 1784 1982 ,
1830 1921 1952 1988 quia
2001 1933 2108 1972 non

515 2004 814 2060 adorabant
834 2005 1093 2076 imagines
1110 2004 1405 2073 Cresarum,
1433 2023 1530 2062 nec
1562 2023 1659 2078 per
1677 2025 1862 2064 eorum
1892 2010 2107 2080 genium

518 2097 772 2170 jurabant
819 2096 956 2170 (cap.
994 2098 1104 2172 l7).
1137 2099 1301 2154 Plane
1328 2100 1472 2155 enim
1515 2101 1748 2156 oatendit
1791 2101 1893 2157 hoc
1934 2103 2108 2173 ipsum

513 2193 568 2247 in
597 2191 799 2246 crimen
833 2191 1025 2245 merito
1051 2193 1228 2246 vocari
1270 2191 1498 2247 rebelles
1526 2191 1644 2246 illas
1672 2194 1920 2249 nationes
1931 2237 1953 2270 ι
1987 2209 2108 2266 quae

510 2283 578 2338 ab
599 2283 1010 2354 imperatoribus
1037 2283 1336 2351 debellatae,
1364 2284 1759 2352 Parthicarum,
1785 2283 2060 2343 Medorum
2088 2329 2105 2355 ,

513 2377 957 2434 Germanicorum
989 2377 1309 2448 cognomina
1353 2378 1433 2432 eis
1461 2389 1801 2448 pepererant.
1830 2379 2016 2436 Nonne
2043 2397 2105 2436 e-

510 2470 639 2524 tiam
665 2467 860 2539 publici
893 2469 1077 2524 hostes
1105 2467 1319 2523 fuerunt
1348 2468 1610 2534 Romani,
1640 2471 1730 2540 qui
1757 2473 2106 2543 conspirave-

516 2569 647 2617 runt
673 2560 930 2632 adversus
962 2561 1309 2630 imperatores
1340 2574 1499 2628 suos,
1545 2576 1745 2633 eosque
1793 2563 1849 2617 in
1895 2564 2106 2634 palatiis
2169 2567 2173 2575 '

513 2652 628 2707 suis
651 2666 822 2722 nuper
851 2651 904 2705 in
934 2649 1104 2707 Gallia
1131 2650 1469 2707 occiderunt?
1498 2652 1686 2708 Nonne
1714 2653 1877 2708 etiam
1905 2655 2104 2724 publici

505 2743 689 2800 hostes
717 2742 928 2812 dicendi
954 2752 1108 2810 sunt,
1125 2743 1213 2812 qui
1243 2743 1363 2798 illos
1388 2755 1718 2800 vexaverunt
1745 2747 1890 2802 omni
1915 2756 2107 2830 contu-

510 2836 796 2892 meliarum
825 2851 1026 2907 genere
1052 2837 1104 2890 in
1149 2835 1288 2892 ludis
1335 2837 1698 2906 circensibus,
1757 2841 1840 2896 vel
1885 2840 2105 2897 famosis

508 2931 708 2987 libellis
734 2930 798 2985 ad
827 2947 1013 2986 eorum
1040 2939 1246 2986 statuas
1275 2932 1572 3002 appensis?
1616 2932 1855 3004 Denique
1883 2937 2100 3004 quinam

506 3021 706 3094 publici
737 3021 920 3076 hostes
944 3063 959 3088 ,
988 3036 1115 3076 num
1141 3020 1452 3088 christiani,
1502 3023 1592 3094 qui
1639 3023 1898 3080 nolebant
1939 3025 2100 3083 deum

512 3128 709 3170 vocare
757 3112 1141 3183 Imperatorem
1167 3131 1182 3178 ;
1216 3113 1302 3168 vel
1327 3114 1554 3184 gentiles
1581 3155 1596 3179 ,
1625 3116 1714 3185 qui
1760 3128 1943 3172 contra
1969 3132 2102 3172 can-

513 3206 790 3262 scientiam
817 3206 964 3261 illum
993 3220 1099 3260 non
1126 3205 1244 3261 sine
1275 3205 1525 3262 irrisione
1552 3207 2060 3278 appellabantdeum
2079 3251 2096 3277 ,

517 3313 582 3354 ac
608 3313 707 3369 per
753 3297 872 3369 ejus
899 3299 1115 3369 genium
1138 3298 1441 3369 dcjerautes
1461 3340 1478 3367 ,
1523 3299 1768 3370 peierare
1803 3318 1910 3358 non
1940 3319 2095 3362 vere-
2123 3284 2168 3348 Ο

499 3391 694 3447 bantur
716 3392 741 3446 ἲ

575 3485 779 3540 Novum
808 3500 970 3554 porro
999 3485 1053 3541 hi
1085 3486 1260 3542 scelus
1283 3485 1590 3543 christianis
1620 3488 1924 3548 inferebant
1952 3534 1968 3560 ,
1998 3495 2096 3550 mi-

501 3577 730 3634 rabilem
757 3577 1007 3634 videlicet
1040 3579 1093 3633 in
1123 3579 1446 3651 quibuslibet
1470 3582 1793 3640 cruciatibus
1831 3599 1930 3655 pro
1970 3588 2097 3642 reli-

502 3671 679 3742 gionis
725 3685 836 3725 sua:
865 3671 1092 3726 veritate
1134 3671 1473 3742 perferendis
1531 3676 1886 3731 constantiam
1933 3679 2090 3750 (cap.

498 3753 616 3838 t8).
645 3765 753 3822 Sed
778 3770 919 3837 qua',
944 3780 1128 3836 quteso
1147 3809 1162 3831 ,
1191 3765 1382 3830 ,fronte
1425 3777 1480 3822 et
1523 3768 1785 3825 audacia?
1827 3770 1961 3826 Nam
1994 3773 2092 3843 ipsi

499 3858 750 3914 maximis
789 3858 1037 3912 laudibus
1062 3857 1359 3913 efferebant
1406 3858 1703 3929 Regulum,
1751 3863 1841 3933 qui
1890 3865 2094 3933 primus

499 3949 679 4005 crucis
729 3949 1029 4020 supplicia;
1062 3950 1301 4020 reginam
1345 3949 1593 4022 Egypti,
1642 3969 1762 4023 quae
1797 3954 2090 4011 bestiarum

497 4058 715 4109 morsu;
742 4059 963 4099 uxorem
991 4043 1270 4099 Annibalis
1293 4085 1308 4108 ,
1336 4060 1457 4115 qum
1475 4087 1490 4112 ,
1517 4046 1675 4102 sicuti
1701 4047 1834 4103 Dido
1857 4090 1872 4116 ,
1904 4049 2093 4104 volun-

498 4136 636 4192 tario
675 4137 796 4205 igne
832 4137 994 4190 vitam
1035 4136 1329 4192 finierunt?
1371 4136 1558 4193 Nonne
1597 4141 1756 4195 etiam
1802 4141 2092 4200 laudabant

495 4225 712 4280 atticam
753 4226 1030 4282 mulierem
1057 4268 1072 4290 ,
1124 4242 1242 4298 quae
1289 4236 1407 4297 post
1446 4229 1791 4285 acerbissima
1821 4239 2086 4290 tormenta

493 4317 728 4387 linguam
757 4331 907 4372 suam
929 4359 944 4383 ,
977 4333 1046 4373 ne
1073 4328 1340 4373 secretum
1371 4318 1623 4386 proderet
1650 4363 1665 4388 ,
1718 4325 1770 4376 in
1805 4331 2085 4394 tyrannum

493 4409 742 4479 exspuit?
769 4407 956 4463 Nonne
983 4408 1142 4464 etiam
1167 4410 1553 4480 gladiatoribus
1575 4412 1717 4468 laudi
1743 4415 2082 4486 tribuebant,

492 4499 691 4574 quoda
719 4514 778 4555 se
803 4500 1029 4556 invicem
1051 4539 1066 4566 ,
1095 4509 1188 4555 aut
1213 4517 1240 4555 a
1268 4501 1453 4562 bestiis
1475 4505 1676 4572 necari,
1695 4507 1837 4577 quod
1865 4510 2083 4579 quidam

490 4598 642 4653 vivos
661 4612 721 4653 se
741 4595 977 4652 comburi
1003 4637 1018 4661 ,
1048 4596 1191 4667 quod
1214 4596 1452 4655 Lacones
1473 4613 1532 4656 se
1552 4600 1733 4673 ﬂagris
1753 4603 1887 4660 caedi
1919 4605 2079 4662 lania-

486 4688 641 4761 riqttc
669 4699 978 4745 constanter
1006 4691 1352 4760 paterentur?

485 4807 524 4846 ,ιτ
559 4784 627 4838 At
649 4792 797 4838 certe
817 4797 881 4836 eo
907 4784 1078 4853 magis
1106 4782 1368 4840 laudanda
1395 4795 1512 4842 erat
1531 4787 1730 4846 invicta
1755 4790 2080 4850 christiana-

487 4889 607 4932 rum
637 4876 689 4931 in
715 4875 1000 4932 horrendis
1027 4876 1356 4932 cruciatibus
1395 4877 1683 4947 fortitudo,
1732 4884 1874 4953 quod
1917 4886 2037 4942 illos
2059 4928 2076 4954 ,

483 4985 592 5025 non
614 4969 748 5024 sicut
776 4969 1011 5039 ethnici,
1045 4969 1111 5025 ad
1157 4973 1526 5042 aucupaudam
1554 4975 1764 5032 inanem
1798 4977 2075 5035 hominum

484 5062 709 5132 gloriam
737 5062 1038 5119 tolerabant
1059 5106 1075 5130 ,
1103 5062 1198 5118 sed
1222 5065 1346 5135 quia
1365 5066 1664 5122 certissime
1691 5073 2078 5140 exspectabant

482 5154 716 5210 futuram
746 5170 1033 5225 corporum
1064 5160 1513 5214 resurrectionem
1539 5201 1554 5225 ,
1582 5161 1830 5218 ultimum
1862 5164 1957 5221 Dei
1979 5167 2070 5237 ju-

480 5250 680 5306 dicium
703 5292 720 5318 ,
750 5261 912 5323 atque
938 5262 1192 5306 aeternam
1222 5267 1322 5323 pro
1344 5254 1554 5310 meritis
1576 5257 1882 5313 mercedem
1928 5259 2066 5333 (cap.

479 5342 598 5413 19).
626 5342 810 5413 Neque
838 5343 974 5398 hanc
1019 5353 1240 5415 propter
1263 5349 1721 5416 exspectationem
1748 5351 2069 5410 exsibilandi

477 5445 636 5491 erant
667 5436 736 5491 ab
764 5435 992 5491 ethnicis
1017 5477 1031 5502 ,
1063 5438 1151 5506 qui
1203 5439 1513 5495 asserebant
1543 5441 1750 5496 animas
1792 5441 2066 5502 hominum

477 5531 532 5587 in
555 5528 660 5586 alia
683 5527 843 5584 etiam
875 5527 1163 5583 bestiarum
1192 5545 1417 5602 corpora
1449 5531 1788 5603 migraturus,
1828 5534 2063 5593 futurum

474 5622 672 5680 Minois
697 5637 760 5677 ac
799 5620 1194 5677 Rhadamanthi
1211 5622 1502 5694 judicium,
1532 5639 1597 5680 ac
1637 5636 1824 5696 postea
1874 5629 2068 5700 impias

471 5726 676 5772 aeterno
706 5716 825 5786 igne
848 5757 864 5782 ,
896 5714 1014 5785 pios
1040 5724 1220 5772 autem
1247 5717 1300 5772 in
1327 5733 1540 5777 amoeno
1562 5719 1682 5778 loco
1707 5722 1871 5779 vitam
1901 5732 2064 5781 teter-

467 5822 610 5880 nam,
625 5816 1006 5864 transacturos.

2221 524 2390 581 cludit
2431 527 2755 586 christianos
2779 573 2794 597 ,
2843 532 3054 588 etiamsi
3101 537 3383 605 omnium,
3415 554 3640 610 quorum
3686 542 3836 598 falso

2221 621 2609 678 accusabantur
2633 665 2648 689 ,
2678 624 2960 682 criminum
2987 629 3063 684 rei
3095 629 3353 699 fuissent,
3385 649 3490 691 nou
3521 636 3834 706 puniendos

2223 720 2400 769 tamen
2431 715 2808 788 vexandosque
2851 718 2920 773 ah
2949 719 3216 789 ethnicis,
3260 726 3349 793 qui
3392 725 3580 782 eadem
3625 744 3832 799 perpe-

2222 813 2396 863 trasse
2416 823 2604 864 revera
2626 811 3015 867 convincuntur
3057 814 3079 885 (
3104 831 3222 886 cap.
3244 816 3363 888 20).
3389 818 3626 892 Denique
3641 802 3834 894 ψιλῶς

2220 897 2305 953 vis
2327 898 2603 955 christiani
2634 917 2693 958 se
2719 905 3005 961 criminum
3034 923 3156 963 reas
3177 924 3298 965 esse
3323 899 3617 980 dixissent,
3651 919 3834 972 maxio

2220 1005 2304 1044 ma
2334 989 2683 1049 nihilominus
2712 994 2986 1068 diligentia
3027 997 3227 1056 ethnici
3273 1002 3602 1072 investigare
3648 1006 3830 1064 debe-

2219 1080 2350 1138 bant
2377 1099 2442 1139 au
2475 1085 2591 1144 haec
2619 1103 2744 1144 vera
2771 1102 2976 1159 essent,
3001 1107 3065 1148 ac
3091 1091 3358 1166 legitimas
3380 1097 3590 1165 audire,
3617 1103 3830 1158 exami-

2219 1188 2348 1230 nare
2378 1175 2570 1234 borum
2595 1181 2876 1236 criminum
2911 1192 3075 1240 testes
3099 1202 3162 1242 ac
3199 1193 3467 1245 conscias.
3510 1191 3618 1249 Sed
3666 1196 3827 1252 nole-

2218 1269 2346 1325 bant
2368 1272 2483 1329 btec
2506 1291 2533 1329 a
2558 1276 2764 1348 legibus
2796 1280 2909 1336 suis
2935 1292 3131 1338 statuta
3160 1284 3454 1345 observare
3478 1331 3492 1354 ,
3526 1306 3595 1347 ne
3631 1294 3818 1363 agnita

2218 1363 2630 1423 Christianorum
2655 1370 2958 1428 innocentia
2985 1415 3000 1440 ,
3028 1389 3123 1431 eos
3152 1390 3397 1435 amarent
3426 1421 3442 1446 ,
3474 1398 3611 1453 quos
3638 1386 3827 1445 odisse

2218 1472 2280 1512 ac
2308 1458 2376 1514 de
2416 1463 2594 1518 medio
2639 1467 2828 1523 tollere
2871 1469 3242 1528 decreverant.
3291 1475 3599 1536 Voluntaria
3654 1483 3822 1554 igitur

2217 1550 2514 1623 ignorantia
2545 1575 2756 1618 errores
2781 1578 2910 1620 suos
2937 1565 3224 1635 amabant,
3259 1569 3592 1646 aderantque
3616 1550 3821 1634 verita-

2217 1655 2347 1704 tem.

2821 1790 3115 1833 Ακτιουιυε
3141 1793 3200 1834 ll.

2705 1889 2942 1963 Analyst's
2968 1891 3085 1946 libri
3111 1893 3344 1948 secundi.

2285 2020 2532 2078 Secundo
2560 2024 2610 2079 in
2643 2024 2816 2093 libro,
2848 2026 2983 2082 duas
3022 2043 3236 2101 quoque
3281 2031 3334 2086 in
3377 2039 3558 2103 partes
3596 2035 3774 2091 diviso
3797 2079 3812 2106 ,

2212 2113 2445 2168 ostendit
2470 2114 2828 2172 Tertullianus
2855 2117 3020 2174 falsos
3045 2135 3167 2176 esse
3187 2122 3474 2192 gentilium
3501 2125 3654 2193 deos,
3683 2143 3815 2197 pra-

2211 2219 2411 2275 vosque
2437 2221 2500 2263 ac
2544 2209 2864 2278 rejiciendas
2899 2227 3085 2267 eorum
3111 2215 3287 2270 cultus
3339 2214 3448 2286 (lib.
3477 2215 3540 2272 Il.
3573 2235 3691 2290 cap.
3723 2221 3813 2291 1).

2209 2298 2556 2372 Quacumque
2623 2305 2765 2360 enim
2845 2307 3108 2375 majorum
3186 2311 3500 2366 auctoritate
3587 2313 3811 2372 stabiliti

2207 2395 2508 2460 videantur,
2569 2397 2778 2454 illorum
2835 2399 3042 2456 falsitas
3098 2402 3232 2458 adeo
3286 2405 3563 2461 manifesta
3616 2416 3724 2472 est,
3749 2421 3805 2464 ut

2209 2490 2487 2554 omnibus,
2517 2493 2603 2562 qui
2650 2507 2710 2548 se
2757 2504 2948 2563 sponte
2994 2512 3101 2551 non
3141 2500 3554 2572 excmcaverint.
3615 2503 3802 2558 facilli-

2208 2597 2296 2638 me
2344 2595 2692 2654 agnascatur.
2741 2587 3059 2644 Indomitam
3102 2591 3284 2661 itaque
3331 2592 3520 2650 borum
3559 2595 3804 2652 obstina-

2207 2673 2408 2730 tionem
2440 2683 2496 2729 ut
2525 2677 2729 2748 frangat
2755 2679 3154 2749 Tertullianus,
3193 2697 3256 2737 ea
3303 2684 3532 2754 primum
3563 2688 3800 2754 refellit,

2205 2780 2327 2836 qua:
2355 2766 2564 2831 Varro,
2597 2771 2834 2826 omnium
2879 2775 2959 2827 sui
3028 2776 3287 2847 temporis
3330 2778 3566 2834 virorum
3619 2781 3802 2836 erudi-

2205 2856 2408 2914 ditione
2458 2862 2825 2930 praestantium
2878 2863 3034 2921 facile
3065 2868 3312 2939 princeps
3336 2880 3370 2935 ,‘
3391 2869 3443 2924 in
3474 2873 3588 2928 suis
3613 2871 3681 2927 de
3710 2889 3802 2931 re-

2205 2949 2400 3021 ligione
2434 2953 2585 3008 libris
2619 2955 2930 3013 tradiderat.
2966 2959 3180 3030 Triplex
3221 2973 3400 3019 autem
3447 2964 3517 3019 ibi
3565 2966 3658 3021 ille
3685 2966 3800 3021 dis-

2204 3043 2396 3115 tinguit
2422 3046 2647 3102 deorum
2678 3064 2847 3119 genus
2873 3069 2888 3106 :
2915 3052 3147 3122 primum
3177 3053 3452 3127 physicum
3471 3099 3487 3123 ,
3536 3059 3648 3112 sive
3673 3059 3800 3130 phi-

2202 3137 2585 3208 losophorum;
2617 3145 2912 3199 secundum
2958 3144 3275 3218 mythicam,
3327 3164 3420 3204 seu
3469 3159 3795 3218 poetarum;

2202 3231 2418 3286 tertium
2444 3234 2643 3304 gentile
2671 3251 2766 3291 seu
2794 3237 3131 3306 populorum.
3162 3237 3269 3293 Sed
3323 3240 3581 3309 primum,
3627 3241 3800 3314 inquit

2211 3333 2397 3378 auctor
2437 3335 2641 3392 noster,
2672 3327 2891 3383 incertis
2917 3330 3102 3384 nititur
3126 3330 3450 3401 conjecturis
3470 3374 3484 3396 ,
3505 3335 3796 3392 secundum

2201 3416 2363 3469 meris
2387 3413 2600 3481 fabulis,
2622 3418 2838 3474 tertium
2871 3420 3109 3476 ridiculis
3140 3421 3362 3476 deorum
3390 3422 3788 3494 adoptionibus,

2198 3508 2451 3574 cultuque
2480 3509 2672 3565 insano
2715 3521 2764 3566 et
2815 3513 3144 3584 turpissimo.
3195 3514 3270 3569 Ea
3299 3530 3429 3586 ergo
3474 3517 3653 3571 omnia
3684 3525 3793 3572 tam

2199 3598 2329 3654 falsa
2357 3610 2513 3664 sunt,
2544 3618 2706 3674 quam
2736 3605 3040 3660 communis
3069 3621 3280 3676 unaque
3307 3622 3427 3663 esse
3472 3608 3632 3664 debet
3672 3623 3794 3664 om-

2196 3691 2343 3746 nium
2364 3691 2433 3747 de
2461 3709 2591 3747 vero
2633 3693 2744 3748 Deo
2773 3696 3058 3759 sententia,
3083 3697 3454 3768 unanimisque
3469 3713 3790 3755 consensus.

2267 3784 2488 3840 Summa
2519 3787 2715 3856 quippe
2743 3797 2858 3842 erat
2905 3789 3246 3860 physicorum
3296 3804 3390 3844 seu
3437 3790 3792 3861 philosOpho-

2194 3889 2313 3929 rum
2340 3875 2409 3932 de
2437 3877 2526 3932 Dei
2551 3885 2738 3934 natura
2768 3879 3055 3947 dissensio,
3079 3896 3196 3952 qua:
3223 3896 3327 3936 non
3357 3883 3573 3938 aliunde
3591 3926 3605 3948 ,
3631 3899 3790 3956 quam

2193 3981 2259 4023 ex
2291 3969 2456 4039 ipsius
2481 3971 2776 4039 ignorantia
2805 3973 3078 4028 oriebatur
3136 3974 3282 4046 (cap.
3329 3974 3409 4043 2).
3458 3975 3788 4048 Sapientiam

2194 4060 2374 4132 itaque
2403 4061 2598 4119 frustra
2639 4065 3030 4134 profitebantur
3053 4107 3069 4134 ,
3101 4067 3271 4138 'cujus
3299 4069 3508 4125 initium
3561 4081 3643 4128 est
3691 4073 3787 4129 Dei

2194 4155 2374 4210 timor.
2398 4156 2682 4224 Quomodo
2702 4167 2880 4216 autem
2902 4175 3026 4216 eum
3051 4161 3240 4217 timere
3262 4163 3578 4233 potuissent,
3601 4181 3785 4235 quem.

2189 4251 2310 4319 quis
2338 4252 2614 4323 qualisque
2652 4254 2722 4308 sit
2755 4254 3112 4326 ignorabant?
3154 4256 3462 4328 Promptum
3513 4268 3693 4316 tamen
3726 4261 3786 4315 il-

2189 4345 2258 4401 lis
2287 4355 2403 4402 erat
2429 4346 2571 4402 hunc
2597 4365 2785 4404 verum
2817 4349 2982 4405 Deum
3012 4366 3078 4406 ex
3105 4353 3274 4409 sacris
3299 4354 3499 4409 nostris
3539 4354 3782 4424 Scriptuo

2189 4437 2264 4492 ris
2290 4452 2642 4510 cognoscere.
2684 4440 2790 4497 Sed
2811 4457 2931 4514 quae
2957 4457 3023 4498 ex
3053 4443 3201 4513 puris
3231 4443 3380 4500 hisce
3409 4444 3640 4501 fontibus
3661 4446 3784 4502 hau-

2187 4540 2399 4600 serant,
2431 4547 2571 4587 cmca
2608 4533 2792 4602 gloriae
2838 4533 3062 4590 libidine
3089 4534 3234 4592 ducti
3263 4578 3277 4602 ,
3326 4537 3489 4593 variis
3521 4553 3781 4609 corrupe-

2185 4634 2314 4679 runt
2339 4627 2562 4697 argutiis
2587 4670 2603 4694 ,
2631 4638 2687 4685 et
2716 4629 2914 4686 exinde
2943 4631 3118 4687 varias
3143 4631 3294 4688 scissi
3325 4642 3450 4686 sunt
3480 4633 3531 4688 in
3581 4644 3775 4701 partes.

2188 4715 2444 4772 Platonici
2471 4718 2733 4790 siquidem
2780 4721 3048 4777 docebant
3097 4723 3187 4777 Dei
3234 4725 3564 4793 providentia
3597 4727 3775 4782 omnia

2184 4808 2542 4866 administrari
2577 4828 2591 4877 ;
2624 4822 2809 4867 contra
2858 4813 3103 4884 Epicurei
3154 4814 3206 4872 id
3253 4816 3412 4887 plane
3461 4818 3780 4890 penitusque

2153 4895 2468 4971 negabant.
2515 4905 2848 4960 Asserebant
2894 4907 3054 4962 iidem
3097 4907 3352 4964 Platonici
3395 4909 3558 4966 Deum
3587 4911 3723 4966 intra
3757 4953 3774 4980 ,

2181 4993 2345 5051 Stoici
2372 5011 2502 5052 vero
2549 5007 2704 5053 extra
2735 5000 2992 5056 mundum
3039 5015 3160 5057 esse
3195 5003 3451 5074 positum.
3483 5002 3777 5060 Fatebatur

2181 5084 2448 5155 Diogenes
2475 5103 2534 5142 sc
2565 5090 2776 5145 nescire
2819 5091 2945 5160 quid
2985 5091 3038 5146 in
3061 5091 3202 5148 caelo
3230 5103 3454 5163 agatur,
3501 5095 3661 5164 quive
3697 5094 3774 5153 dii

2165 5179 2285 5233 sint
2313 5197 2326 5235 :
2358 5181 2508 5252 prius
2535 5197 2663 5237 vero
2694 5183 2892 5240 Thales
2915 5184 3156 5240 Milesius
3181 5186 3370 5243 Crtesa
3393 5187 3461 5243 de
3484 5188 3587 5244 diis
3622 5189 3772 5245 illum

2175 5271 2525 5344 interroganti
2558 5274 2687 5330 nihil
2717 5290 2933 5344 prorsus
2971 5278 3304 5347 respondere
3347 5280 3539 5350 potuit.
3587 5281 3772 5338 Sacra.

2175 5371 2258 5418 tes
2300 5379 2431 5418 vero
2481 5365 2604 5420 illas
2660 5367 2893 5424 existere
2918 5384 3038 5424 -non
3085 5371 3300 5442 quidem
3347 5373 3640 5441 credebat,
3671 5376 3785 5434 sed

2167 5453 2327 5524 jussit
2352 5462 2530 5510 tamen
2555 5457 2752 5525 gallum
2767 5459 3120 5529 gallinaceum
3145 5462 3456 5534 )Esculapio
3477 5465 3764 5525 immolari.

2243 5546 2380 5616 Quid
2410 5551 2602 5619 plura?
2633 5552 2915 5626 Dionysius
2936 5554 3073 5611 deos
3101 5557 3361 5612 trifariam
3398 5558 3618 5618 divisit:
3649 5563 3762 5631 pri-

2171 5654 2261 5695 mo
2287 5641 2339 5697 in
2363 5657 2461 5698 eos
2483 5685 2497 5708 ,
2529 5645 2618 5716 qui
2645 5646 2745 5701 sub
2787 5647 3098 5720 adspeetum
3139 5659 3382 5706 nostrum
3431 5652 3625 5709 cadunt
3653 5695 3668 5718 ,
3699 5661 3763 5711 ut

2163 5735 2245 5790 sui
2285 5745 2339 5792 et
2369 5737 2531 5804 luna;
2560 5739 2799 5797 secundo
2835 5741 2889 5796 iu
2948 5741 3083 5797 alios
3115 5743 3204 5812 qui
3245 5759 3351 5799 non
3385 5746 3670 5813 videntur,
3704 5755 3764 5803 ut

2163 5825 2486 5898 Neptunus;
2553 5833 2710 5888 tertio
2763 5832 2818 5888 in
2869 5832 3038 5901 alios,
3087 5833 3177 5904 qui
3217 5836 3478 5908 assumpti
3517 5849 3641 5894 sunt
3686 5854 3757 5894 ex
