4092 6352
345 357 448 416 781
463 372 466 374 ⁷

1493 349 1948 413 DISSERTATIO
1983 350 2048 414 D,
2088 349 2176 408 LE
2211 348 2516 411 NOURRY.

3539 347 3662 412 τθε

349 471 660 529 hominibus
679 513 693 535 ,
724 469 881 528 sicuti
928 466 1190 526 Hercules
1229 475 1285 525 et
1327 467 1703 539 Amphiaraus.
1733 469 1948 540 Triplex
1975 473 2026 532 Α
2057 485 2284 542 rumque
2307 470 2496 537 Deum,
2524 468 2610 526 cui
2635 470 2908 537 serviunt,
2936 483 3058 528 esse
3098 471 3314 528 illarum
3342 481 3642 532 auctorem.

351 568 512 624 etiam
537 609 552 632 ,
585 566 680 622 sed
703 566 977 624 diversum
1009 565 1234 621 deorum
1273 580 1445 638 genus
1490 565 1811 636 excogitavit
1851 566 1952 619 Ar-

352 658 583 716 cesilans
611 700 629 724 ,
679 656 932 712 nimirum
979 655 1293 729 Olympios,
1346 660 1527 722 Astra,
1573 667 1626 712 et
1676 654 1948 712 Titaneos.

355 750 688 806 Posteriores
718 765 845 804 vero
892 758 1096 804 tantum
1145 748 1280 803 duos
1318 747 1648 804 Xenocrates
1695 747 1947 814 admisit,

351 842 803 915 quemadmodum
844 842 1085 913 plerique
1114 841 1352 913 Egyptii
1402 858 1506 897 non
1540 842 1719 913 plures
1743 884 1757 904 ,
1790 857 1949 913 quam

310 998 314 1001 _
349 937 518 992 solem
549 943 606 991 et
645 937 822 989 lunam
848 976 862 999 ,
891 935 1087 990 caalum
1113 945 1168 991 et
1197 944 1418 990 terram.
1452 933 1837 1000 Suspicabatur
1857 949 1951 990 au-

350 1034 460 1082 tem
492 1025 827 1081 Democritus
851 1026 985 1082 deos
1004 1041 1194 1082 omnes
1221 1038 1369 1081 ortos
1405 1041 1526 1082 esse
1549 1041 1670 1082 cum
1717 1041 1951 1098 superno

349 1118 508 1189 igne,
537 1119 692 1188 cujus
717 1119 883 1175 instar
936 1117 1086 1175 Zeno
1125 1127 1368 1174 naturam
1414 1134 1535 1175 esse
1579 1119 1768 1175 voluit.
1797 1118 1950 1176 Unde

351 1209 524 1266 Varro
543 1211 728 1266 docuit
753 1210 934 1265 mundi
961 1211 1200 1266 animum
1228 1225 1348 1267 esse
1373 1211 1584 1282 ignem,
1621 1226 1729 1283 quo
1751 1212 1951 1283 quippe

356 1304 620 1361 exstincto
641 1346 658 1371 ,
690 1305 970 1360 morimur.

423 1398 503 1454 Ad
535 1398 585 1453 id
610 1409 784 1454 tamen
815 1413 977 1453 unum
1003 1402 1085 1454 hac
1108 1398 1676 1469 omnes,quantnmvis
1700 1397 1946 1467 diversa,

358 1490 642 1562 Opinioiies
685 1492 998 1560 conspirare
1027 1491 1298 1558 videntur,
1325 1500 1382 1545 nt
1410 1507 1514 1545 non
1531 1492 1664 1547 alios
1684 1492 1951 1547 Philoso-

348 1587 440 1658 phi
469 1587 543 1642 illi
574 1587 712 1643 deos
730 1603 852 1643 esse
873 1589 1216 1657 putaverint,
1247 1603 1406 1658 quam
1434 1586 1620 1641 mundi
1642 1588 1908 1642 elementa
1929 1628 1946 1653 ,

348 1689 439 1733 aut
466 1693 586 1750 quae
614 1694 680 1733 ex
713 1678 778 1733 iis
807 1678 1054 1734 oriuntur
1087 1678 1242 1750 (cap.
1274 1677 1560 1745 3).\'erum
1590 1677 1950 1734 Tertullianus

348 1769 465 1826 hazc
488 1770 820 1840 vigilantium
865 1769 1142 1825 hominum
1197 1770 1404 1825 somnia
1440 1785 1559 1826 esse
1592 1770 1945 1828 demonstrat.

2053 561 2186 617 Nam
2235 563 2388 618 sicuti
2436 563 2626 634 aegroti
2669 563 2875 619 sanatio
2907 579 3012 618 non
3047 565 3460 620 medicamentis
3486 607 3502 632 ,
3553 565 3650 622 scd

2054 654 2293 719 medico,
2317 664 2374 710 et
2399 671 2547 712 mors
2573 655 2806 712 hominis
2833 673 2939 712 non
2966 656 3144 728 gladio
3170 667 3262 712 ant
3287 658 3516 724 lanceae,
3551 658 3647 714 sed

2053 749 2245 806 latroni
2286 759 2380 803 aut
2418 748 2560 804 hosti
2589 749 2905 816 tribuendze,
2935 750 3015 806 sic
3057 765 3311 820 prospera
3343 759 3398 805 et
3423 751 3650 806 adversa

2055 856 2161 896 non
2187 840 2471 896 elementis
2489 881 2502 903 ,
2528 839 2622 896 sed
2651 840 2782 904 Deo,
2813 856 2969 910 aequo
3000 841 3311 896 meritorum
3336 841 3526 912 judici,
3550 841 3650 898 ad-

2053 934 2334 992 scribenda
2387 942 2535 990 sunt.
2578 933 2802 990 Constat
2850 943 3110 1004 przeterea
3139 936 3405 992 elementa
3438 938 3648 1006 minui,

2053 1027 2400 1093 intercidere,
2423 1042 2488 1082 ac
2508 1027 2618 1098 regi
2640 1026 2708 1081 ah
2737 1027 2918 1100 aliquo
2939 1028 3093 1099 (cap.
3123 1029 3202 1093 6).
3230 1030 3297 1084 At
3328 1045 3486 1084 verus
3511 1031 3655 1086 Deus

2053 1137 2154 1178 nec
2179 1122 2344 1176 minui
2369 1161 2386 1186 ,
2418 1134 2517 1175 nec
2545 1118 2653 1191 pati
2683 1119 2882 1191 aliquid
2915 1128 3132 1190 potest,
3164 1121 3451 1192 omniaque
3480 1122 3650 1194 regit,

2051 1229 2115 1269 ac
2144 1213 2471 1270 moderatur.

2124 1309 2339 1365 Transit
2352 1307 2476 1363 inde
2488 1303 2940 1363 Tertullianus'ad'
2941 1305 3235 1362 secundum
3249 1306 3471 1362 deorum
3485 1322 3655 1378 genus

2052 1403 2194 1474 quod
2227 1402 2452 1457 Varroni
2485 1400 2782 1474 mythicam
2814 1416 2908 1456 seu
2941 1411 3221 1471 poetarum
3275 1403 3656 1472 cognominare

2052 1499 2248 1569 placuit
2271 1498 2426 1569 (cap.
2455 1495 2531 1569 7).
2549 1497 2837 1551 Finxerunt
2861 1507 3038 1550 autem
3069 1506 3238 1566 poetae
3267 1494 3364 1550 hos
3385 1495 3515 1551 deos
3537 1511 3657 1552 esse

2053 1590 2248 1647 heroas
2267 1632 2283 1656 ,
2311 1591 2401 1660 qui
2430 1598 2553 1660 post
2581 1595 2903 1643 transactam
2945 1587 3222 1642 mortalem
3265 1587 3542 1642 hominum
3573 1587 3656 1641 vi-

2054 1693 2184 1751 tam,
2240 1681 2517 1754 przeclaris
2568 1681 2726 1736 factis
2773 1678 2954 1751 adepti
3004 1689 3127 1734 sum
3170 1679 3467 1736 divinitatis
3521 1696 3658 1750 pra:-

2053 1777 2240 1832 mium.
2296 1775 2540 1830 Pessimo
2589 1782 2768 1828 autem
2819 1772 2922 1827 hoc
2964 1771 3212 1842 exemplo
3255 1771 3484 1827 Romani
3529 1785 3658 1827 suos

348 1861 481 1918 Nam
503 1863 644 1918 Deus
662 1864 930 1934 exseipso
950 1873 1053 1927 est,
1071 1864 1358 1934 ingenitus,
1383 1873 1438 1920 et
1457 1875 1716 1932 aeternus,
1738 1865 1830 1936 qui
1852 1880 1950 1922 nec
1978 1870 2026 1931 Β
2053 1883 2230 1940 rcges,
2263 1868 2384 1922 aliis
2411 1865 2800 1938 pejerantibtts,
2831 1863 2965 1918 deos
2989 1865 3237 1921 similiter
3262 1865 3654 1921 renuntiarunt,

348 1956 558 2028 initium
589 1955 770 2022 habet,
803 1971 902 2011 nec
927 1955 1084 2011 linem
1111 1972 1348 2026 unquam
1386 1957 1622 2013 habebit.
1655 1957 1814 2028 Atqui
1841 1957 1951 2013 ele-

349 2057 532 2104 menta
562 2056 742 2120 partes
775 2057 904 2103 sunt
929 2049 1137 2112 mundi,
1172 2065 1333 2120 quem
1378 2049 1530 2105 Plato
1557 2059 1798 2106 creatum
1828 2065 1954 2107 esse

348 2140 569 2200 fatetur.
587 2150 642 2196 et
659 2142 806 2198 solus
833 2143 1096 2213 Epicurus
1113 2145 1412 2199 increatum
1430 2159 1551 2200 esse
1565 2145 1947 2201 somni’averat.

422 2237 502 2292 Ad
526 2236 644 2292 haec
673 2253 823 2305 vero,
856 2239 900 2294 si
934 2239 1166 2294 nnindus
1189 2249 1243 2296 et
1271 2239 1541 2296 elementa
1575 2238 1648 2294 dii
1677 2239 1808 2304 sint,
1831 2239 1949 2294 ani-

347 2330 508 2387 malia
531 2345 651 2386 esse
675 2329 912 2398 debent,
940 2341 1100 2402 atque
1126 2331 1228 2388 hoc
1270 2333 1388 2402 ipso
1419 2333 1664 2388 mortalia
1691 2343 1854 2402 sunt,
1887 2349 1952 2391 ac

347 2420 629 2478 divinitate
657 2424 915 2478 carentia.
945 2423 1054 2480 Nec
1078 2424 1380 2480 audiendus
1403 2435 1484 2479 est
1505 2424 1692 2492 Varro,
1718 2427 1806 2498 qui
1831 2441 1957 2496 gar-

347 2515 528 2574 riebat
563 2531 625 2570 ea
655 2530 777 2572 esse
816 2517 1032 2588 quidem
1055 2518 1328 2583 animalia,
1371 2517 1464 2572 sed
1495 2535 1613 2590 qua:
1635 2533 1702 2575 ex
1731 2534 1790 2575 se
1822 2519 1954 2590 ipsis

348 2615 657 2672 moventur,
687 2617 742 2663 et
772 2608 973 2664 idcirco
1021 2609 1356 2664 immortales
1407 2608 1482 2664 dii
1511 2610 1769 2666 censendi
1805 2619 1950 2666 sunt.

353 2697 487 2754 Nam
532 2713 765 2769 quoquo
791 2699 952 2754 modo
1001 2699 1117 2756 haec
1159 2701 1429 2756 elementa
1460 2713 1796 2768 moveantur,
1829 2712 1956 2758 sunt

354 2791 598 2864 profecto
624 2807 884 2863 corporea
909 2835 923 2858 ,
952 2809 1016 2850 ac
1047 2794 1276 2865 proinde
1300 2793 1502 2850 destrui
1544 2810 1666 2850 cum
1706 2797 1952 2867 possint,

347 2885 422 2940 dii
452 2901 572 2943 esse
597 2897 892 2956 nequeunt.
937 2886 1141 2943 Deinde
1171 2903 1323 2952 vero,
1351 2888 1451 2943 etsi
1485 2902 1608 2943 sese
1636 2900 1952 2958 moverent,

349 2987 528 3034 motus
557 2988 732 3034 tamen
761 2979 842 3034 sui
875 2980 1197 3052 principium
1221 2991 1548 3052 acceperunt
1574 2983 1644 3037 ab
1672 2982 1782 3038 alio
1805 3024 1820 3046 ,
1863 2999 1958 3055 qui

349 3073 596 3143 quamvis
628 3089 731 3128 non
758 3073 1027 3139 videatur,
1058 3075 1296 3130 omnium
1336 3085 1578 3130 motuum
1605 3075 1812 3146 primus
1831 3093 1957 3136 auc-

355 3174 440 3220 tor
467 3175 572 3230 est,
596 3175 649 3220 et
679 3165 878 3220 idcirco
899 3180 1060 3221 verus
1084 3166 1336 3237 solusque
1364 3167 1525 3222 Deus.

2055 1963 2122 2017 At
2153 1961 2389 2030 quinam,
2425 1959 2618 2014 amabo
2649 1969 2722 2025 te,
2759 1956 2970 2014 fuerant
2996 1957 3068 2012 illi
3093 1966 3374 2029 poetarum
3403 1957 3522 2012 dii?
3549 1957 3657 2012 l-lo-

2055 2056 2233 2112 mines
2263 2056 2448 2126 utique
2474 2053 2690 2108 sordida
2719 2062 2810 2108 aut
2836 2053 3096 2109 scelerata
3125 2052 3331 2122 origine
3359 2051 3653 2124 procreati,

2054 2147 2143 2219 qui
2193 2162 2292 2218 per
2333 2147 2459 2200 vita:
2485 2161 2596 2200 sum
2621 2145 3041 2201 curriculum‘in
3087 2144 3232 2197 omni
3273 2159 3394 2200 sese
3446 2143 3656 2199 voluta-

2054 2248 2181 2296 runt
2208 2254 2407 2311 genere
2434 2239 2724 2297 scelerum.
2773 2239 3137 2307 Quamobrem
3177 2238 3328 2292 i'lato
3355 2247 3542 2310 poetas
3572 2239 3656 2310 ip-

2055 2347 2283 2402 sumque
2304 2330 2616 2395 Homerum,
2643 2339 2894 2400 tanquam
2919 2330 3192 2400 improbos
3220 2329 3442 2386 deorum
3475 2331 3656 2386 crimi-

2055 2434 2294 2490 natores,
2319 2422 2534 2478 civitate
2578 2422 2855 2493 pellendos
2883 2437 3006 2477 esse
3046 2425 3277 2478 censuit.
3309 2423 3448 2490 Quin
3491 2425 3653 2480 etiam

2054 2515 2279 2582 ethnici,
2312 2515 2705 2584 quantumlibet
2731 2516 3089 2586 impudentes,
3121 2515 3432 2572 christianis
3454 2528 3654 2575 tantam

2055 2608 2280 2664 deorum
2328 2606 2602 2663 infamiam
2654 2608 3110 2676 ertprobrantibns
3140 2650 3156 2674 ,
3213 2609 3344 2664 nihil
3391 2609 3532 2664 aliud
3567 2626 3654 2668 re-

2054 2700 2414 2769 Spondebant,
2439 2701 2541 2754 nisi
2569 2715 2746 2756 meras
2763 2717 2882 2756 esse
2901 2701 3106 2756 fabulas
3135 2712 3434 2772 poetarum.
3457 2702 3658 2758 Verum

2056 2793 2158 2848 etsi
2200 2793 2370 2860 poetis
2397 2807 2456 2848 se
2483 2807 2590 2846 non
2647 2793 2873 2848 credere
2901 2794 3233 2859 clamarent;
3282 2794 3434 2850 fictos
3479 2806 3656 2851 tamen

2057 2886 2127 2938 ab
2166 2884 2273 2938 illis
2314 2884 2448 2939 deos
2495 2882 2745 2940 Cererem
2769 2926 2784 2952 ,
2815 2885 3008 2940 Idaeam
3038 2895 3263 2942 matrem
3289 2928 3304 2952 ,
3334 2887 3650 2954 Saturnum,

2057 2975 2344 3032 Herculem
2393 2992 2498 3031 non
2545 2977 2717 3031 solum
2759 2977 3190 3043 venerabantur,
3240 2978 3334 3033 sed
3389 2979 3658 3036 horrenda

2058 3083 2272 3139 quoque
2313 3069 2392 3123 eis
2436 3068 2696 3124 sacriﬁcia
2727 3067 3016 3126 faciebant.
3045 3069 3178 3139 Quis
3208 3070 3370 3141 igitur
3401 3071 3498 3126 hos
3527 3089 3657 3142 pne-

2063 3172 2237 3216 tarum
2279 3160 2413 3216 deos
2444 3176 2550 3216 non
2599 3175 2806 3215 summa
2851 3161 2970 3217 sine
3017 3162 3288 3233 impietate
3333 3163 3401 3220 ab
3428 3165 3661 3222 ethnicis

421 3256 532 3314 Nec
561 3257 688 3312 sinit
740 3257 1103 3314 Tertullianus
1130 3259 1234 3314 sibi
1283 3259 1464 3330 objici,
1487 3275 1682 3314 nomen
1721 3276 1951 3332 grmcum

2061 3255 2165 3310 coli
2192 3263 2247 3310 et
2268 3254 2532 3309 venditari
2565 3269 2671 3309 non
2700 3253 2988 3310 fatebitur?

349 3352 462 3411 Θιες
488 3365 518 3405 a
545 3364 707 3405 cursu
760 3365 824 3406 ac
877 3364 1054 3414 mom,
1100 3367 1209 3422 quo
1237 3352 1502 3408 elementa
1531 3351 1756 3422 praedita
1790 3362 1951 3420 sunt,

350 3443 524 3514 reipsa
545 3441 776 3498 derivari
806 3444 949 3516 (cap.
966 3444 1048 3514 ὁ).
1063 3443 1196 3500 Nam
1210 3460 1335 3499 vera
1353 3445 1442 3500 Dei
1459 3443 1830 3500 denominatio
1845 3459 1952 3500 non

352 3535 612 3606 aliquam,
633 3553 753 3606 qua:
773 3537 945 3593 oculis
972 3539 1174 3592 nostris
1198 3536 1579 3605 conspiciatur,
1600 3551 1704 3592 non
1717 3551 1875 3592 secus
1889 3551 1954 3592 ac

352 3646 546 3686 cursus
567 3640 620 3686 et
644 3641 842 3695 motus,
864 3631 1174 3701 qualitatem
1204 3631 1491 3701 signiﬁcat,
1518 3630 1612 3686 sed
1645 3642 1960 3700 supremam

353 3724 689 3795 maiestatem
717 3741 782 3781 ac
811 3725 1184 3782 substantiam.
1217 3724 1354 3792 Quid
1386 3741 1516 3780 vero
1539 3766 1554 3791 ,
1584 3725 1738 3796 quod
1771 3726 1951 3795 plures

353 3815 554 3872 ethnici
585 3817 716 3872 deos
756 3832 886 3873 suos
929 3818 1067 3873 bene
1097 3819 1294 3874 multos
1322 3817 1626 3874 immobiles
1654 3833 1778 3874 esse
1811 3834 1951 3887 pra:-

353 3907 624 3962 dicabant.
650 3908 822 3965 Nemo
844 3910 1062 3980 insuper
1084 3909 1293 3965 inficias
1308 3924 1539 3981 unquam
1567 3909 1665 3966 ibit
1684 3911 1951 3967 elementa

351 4002 600 4073 componi
630 4003 876 4068 materia,
905 4019 1064 4074 quam
1087 4004 1480 4075 simplicissima
1509 4004 1602 4062 Dei
1630 4015 1817 4061 natura
1842 4007 1950 4076 pati

353 4108 460 4148 non
485 4104 681 4162 potest.
712 4096 778 4150 Et
807 4105 953 4151 certe
981 4096 1126 4152 Zeno
1151 4096 1430 4152 materiam
1459 4098 1641 4153 mundi
1670 4114 1701 4152 a
1737 4099 1846 4154 Deo
1873 4114 1954 4154 se-

349 4185 546 4255 junxit,
569 4203 798 4259 eumque
821 4205 915 4257 per
930 4189 1094 4254 illam,
1112 4198 1362 4260 tanquam
1380 4191 1482 4246 mel
1506 4205 1600 4261 per
1611 4190 1762 4246 favos
1779 4201 1952 4247 trans-

354 4277 435 4333 ire
454 4278 744 4334 arbitratus
773 4289 874 4335 est.
923 4267 1029 4336 Sed
1053 4282 1200 4336 dicas
1223 4283 1401 4345 velim,
1432 4298 1541 4353 quo
1567 4283 1769 4356 physici
1792 4293 1952 4356 pacto

354 4363 633 4426 mundum,
668 4379 731 4417 ac
769 4366 1156 4434 comprehensa
1199 4367 1251 4420 in
1283 4382 1348 4422 eo
1377 4366 1642 4423 elementa
1670 4368 1802 4424 deos
1831 4384 1952 4425 ease

354 4455 707 4508 asseverant?
735 4455 887 4509 Plato
925 4455 1066 4510 enim
1097 4458 1268 4527 ipsum
1298 4457 1439 4512 hunc
1481 4459 1740 4514 mundum
1765 4470 1953 4518 censet

355 4561 477 4601 esse
497 4545 807 4612 retundum,
838 4547 1119 4617 capiteque
1148 4560 1443 4605 carentem.
1476 4549 1744 4619 Epicurus
1774 4569 1903 4607 vero
1935 4572 1947 4608 :

2131 3344 2242 3402 Nec
2270 3347 2449 3401 minus
2486 3354 2636 3400 certe
2676 3345 2936 3400 insulsum
2987 3353 3107 3402 erat
3152 3346 3367 3402 tertium
3430 3347 3656 3405 deorum

2057 3454 2246 3510 genus.
2279 3437 2425 3510 quod
2459 3439 2627 3493 Varro
2652 3440 2878 3509 gentile,
2908 3455 3003 3495 seu
3036 3439 3303 3508 plebeium
3351 3456 3471 3496 esse
3497 3441 3663 3500 doce-

2057 3531 2148 3586 bat
2176 3531 2314 3604 (cap.
2345 3532 2423 3600 8).
2453 3531 2568 3588 Non
2615 3532 2704 3586 alii
2745 3532 2942 3603 quippe
2967 3543 3122 3587 erant
3149 3533 3199 3586 hi
3227 3533 3321 3599 dii,
3351 3549 3511 3604 quam
3541 3535 3614 3588 illi
3639 3577 3657 3603 ,

2055 3639 2194 3696 quos
2225 3623 2454 3695 quidam
2484 3623 2664 3694 populi
2693 3624 2758 3678 ad
2787 3624 3068 3680 arbitrium
3090 3640 3152 3678 ac
3180 3625 3454 3682 libidinem
3495 3625 3662 3696 adop-

2057 3725 2233 3784 tatos,
2280 3716 2348 3772 ab
2387 3716 2508 3772 aliis
2548 3730 2649 3772 nec
2677 3717 2792 3771 visu
2816 3758 2831 3780 ,
2865 3731 2965 3772 nec
2995 3713 3208 3781 auditu,
3243 3732 3308 3774 ac
3336 3733 3404 3773 ne
3438 3718 3659 3774 nomine

2053 3809 2270 3878 quidem
2320 3807 2718 3864 discernebant.
2801 3807 2956 3863 Tales
3009 3807 3370 3864 Tertullianns
3444 3823 3657 3864 memo-

2055 3907 2141 3954 rat
2185 3900 2510 3970 Atargartim
2541 3942 2555 3965 ,
2599 3899 2890 3956 Caelestem
2917 3941 2931 3964 ,
2956 3899 3296 3955 Versutinam
3319 3941 3336 3967 ,
3374 3898 3617 3955 Obodam
3638 3941 3656 3968 ,

2057 3993 2329 4060 Dusaren,
2361 3992 2656 4056 Belenum,
2689 3992 3061 4049 Delventiuum
3087 4031 3101 4057 ,
3134 3991 3468 4046 Visidianum
3497 4033 3511 4057 ,
3542 3991 3657 4047 Nu-

2055 4088 2351 4142 mentinum
2372 4127 2387 4151 ,
2425 4085 2751 4141 Anchariam
2771 4127 2786 4150 ,
2821 4085 3107 4139 Prmverim
3133 4126 3148 4151 ,
3180 4095 3235 4140 et
3261 4084 3522 4141 Nortiam.
3554 4086 3660 4142 Ea-

2053 4178 2178 4233 dem
2203 4193 2336 4234 vero
2366 4179 2588 4233 licentia
2611 4177 2810 4233 factum
2843 4177 2930 4233 ille
2959 4189 3144 4246 putat,
3172 4188 3228 4232 ut
3258 4177 3494 4250 Egyptii
3516 4221 3531 4246 ,
3565 4180 3657 4249 qui

2055 4271 2255 4328 bestias
2283 4271 2574 4338 colebant,
2622 4271 2980 4340 patriarcham
3008 4270 3208 4342 Joseph
3247 4270 3525 4341 Serapidis
3554 4289 3657 4328 no-

2055 4367 2200 4421 mine
2246 4365 2406 4421 deum
2455 4364 2743 4421 habuerint
2766 4373 2821 4418 et
2853 4363 3256 4419 Inmoraverint.
3304 4364 3468 4420 liecte
3501 4366 3660 4436 igitur

2055 4479 2122 4518 ex
2147 4463 2306 4519 dictis
2331 4463 2607 4518 concludit
2633 4463 2952 4519 falsissimos
2990 4479 3114 4520 esse
3161 4465 3283 4520 illos
3335 4463 3655 4534 pepulorum

2054 4556 2184 4611 deos
2211 4572 2225 4621 ;
2255 4555 2470 4625 quando
2495 4555 2711 4626 quidem
2742 4555 2895 4610 solus
2920 4571 3078 4610 verus
3120 4555 3261 4611 Deus
3293 4555 3488 4624 ubique
3521 4567 3658 4622 prm-

357 4637 490 4705 Qure
529 4655 688 4708 supra
714 4656 807 4694 nos
831 4679 847 4703 ,
893 4638 1202 4709 inquiebat,
1249 4641 1379 4694 nihil
1407 4642 1476 4694 ad
1503 4659 1593 4696 nos
1614 4643 1640 4696 ?
1665 4645 1942 4714 solemque
1971 4657 2024 4716 υ
2054 4665 2180 4703 sens
2205 4659 2260 4704 et
2287 4649 2527 4703 omnium
2557 4649 2826 4714 dominus,
2861 4651 2931 4705 ab
2955 4651 3211 4726 omnibus
3243 4649 3443 4720 pariter
3469 4647 3659 4703 colen-

362 4733 624 4790 duntaxat
655 4733 897 4799 pedalem
928 4749 1050 4789 esse
1091 4733 1364 4790 eﬂ'nticbat
1394 4755 1409 4788 :
1443 4746 1630 4792 contra
1677 4737 1953 4808 Peripate-

356 4828 446 4885 tici
496 4827 648 4882 illum
695 4835 810 4881 toto
863 4837 1123 4881 terrarum
1155 4809 1289 4882 orbe
1321 4827 1478 4898 longe
1523 4829 1784 4896 majorem
1831 4847 1954 4888 esse

355 4922 734 4993 upinabantur.
761 4918 952 4976 Nonne
991 4934 1123 4990 ergo
1165 4920 1299 4976 tales
1337 4919 1471 4975 deos
1511 4920 1716 4992 lingere
1744 4937 1952 4979 summa

355 5015 624 5070 dementia
670 5014 793 5070 cst?
843 5013 1081 5086 Denique
1125 5013 1322 5070 Thales
1363 5013 1601 5070 Milesius
1641 5017 1836 5072 calum
1882 5015 1955 5072 ri-

358 5107 555 5162 mando
581 5106 634 5162 in
664 5115 882 5180 puteum
910 5106 1124 5162 cecidit.
1157 5105 1294 5174 Quid
1339 5086 1518 5162 autem
1565 5121 1724 5163 casus
1755 5108 1843 5163 ille
1874 5108 1954 5164 in-

357 5199 540 5264 dicat,
583 5199 683 5254 nisi
719 5215 912 5254 vanam
964 5199 1130 5256 fuisse
1173 5201 1538 5257 curiositatem
1582 5201 1951 5275 physicorum,

327 5293 450 5364 .qui
480 5307 663 5350 rerum
693 5302 936 5348 naturam
966 5291 1165 5350 frustra
1191 5294 1416 5351 scrutati
1448 5310 1633 5350 verum
1658 5296 1800 5351 illius
1825 5298 1954 5352 arti-

357 5388 513 5445 ficem
541 5388 706 5443 Deum
733 5389 1155 5460 omnipotentem
1187 5405 1292 5445 non
1319 5393 1723 5464 cognoverunt?

428 5484 667 5541 Instabat
738 5483 905 5540 Varro
978 5485 1312 5540 tribuendam
1366 5487 1650 5544 elementis
1694 5488 1947 5544 divinita-

357 5585 468 5633 tem
488 5616 502 5634 .
536 5591 640 5646 qua
669 5575 915 5631 homines
942 5587 1033 5630 aut
1060 5578 1286 5632 summis
1321 5577 1599 5634 beneficiis
1627 5579 1730 5635 sibi
1755 5580 1948 5637 devin-

355 5670 526 5736 ciunt,
552 5681 643 5726 aut
673 5681 924 5740 premunt
950 5671 1304 5727 incommodis
1331 5671 1489 5746 (cap.
1514 5675 1593 5746 5).
1621 5675 1817 5731 Verum
1862 5691 1950 5732 re-

359 5761 588 5833 spondet
643 5763 1006 5820 Tertullianus
1045 5765 1314 5822 elementa
1345 5783 1526 5824 rerum
1571 5784 1946 5840 proSperarum

361 5859 451 5918 Vel
479 5856 825 5916 adversarum
867 5874 990 5916 esse
1027 5859 1397 5916 tantummodo
1423 5861 1822 5932 instrumenta',
1854 5878 1947 5920 ve-

2059 4741 2160 4794 dus
2178 4749 2234 4795 et
2253 4739 2558 4797 adorandus
2586 4751 2689 4798 est.

2131 4835 2376 4891 Secunda
2423 4835 2582 4904 hujus
2624 4836 2744 4891 libri
2795 4846 2947 4907 parte
2998 4836 3366 4890 Romanorum
3396 4832 3527 4888 deos
3570 4833 3659 4889 ille

2057 4929 2336 5000 speciatim
2382 4929 2624 5000 explodit
2666 4940 2721 4985 et
2767 4931 2958 4985 evertit
3010 4933 3167 5000 (cap.
3213 4929 3293 5001 9).
3341 4929 3452 4985 Eos
3479 4927 3657 4984 autem

2055 5022 2228 5078 Varro
2255 5031 2582 5093 przepostere
2607 5022 2790 5078 divisit
2833 5024 2885 5078 in
2931 5022 3159 5090 dubios,
3191 5033 3371 5077 certos
3393 5063 3410 5090 ,
3435 5029 3490 5079 et
3510 5022 3658 5078 elcc-

2059 5124 2161 5171 tos.
2192 5115 2325 5172 Nam
2353 5117 2494 5186 quis,
2528 5116 2703 5188 inquit
2727 5125 2915 5171 auctor
2944 5124 3153 5181 noster,
3187 5114 3291 5169 nisi
3323 5130 3534 5178 amens.
3570 5117 3656 5169 in-

2056 5219 2264 5266 certum
2317 5209 2646 5280 dubiumque
2676 5210 2836 5265 deum
2870 5211 3117 5264 honorat.
3147 5209 3342 5265 Certos
3365 5225 3496 5267 vero
3521 5210 3656 5265 deos

2057 5314 2112 5359 et
2138 5304 2368 5361 selectos
2398 5304 2487 5374 qui
2529 5303 2689 5360 habet
2726 5319 2792 5360 ac
2830 5315 3138 5371 veneratur,
3173 5303 3218 5359 is
3250 5305 3385 5359 alios
3415 5304 3657 5375 profecto

2053 5398 2258 5468 spernit
2307 5413 2370 5453 ac
2419 5397 2692 5467 reprobat.
2747 5396 2927 5467 Inepta
2979 5407 3062 5453 est
3112 5398 3273 5469 igitur
3322 5398 3413 5454 illa
3457 5397 3655 5454 divisio

2055 5493 2279 5550 deorum
2302 5535 2318 5558 ,
2350 5493 2439 5565 qui
2472 5492 2628 5563 paulo
2657 5492 2849 5546 melius
2869 5491 3126 5562 distingui
3155 5501 3402 5563 poterant
3429 5493 3480 5548 in
3507 5507 3651 5547 com-

2053 5601 2246 5642 munes
2294 5595 2350 5640 et
2397 5584 2661 5656 proprios.
2691 5583 2888 5640 Verum
2940 5585 3122 5654 primi,
3149 5587 3264 5640 sive
3310 5599 3647 5649 communes,

2053 5679 2214 5735 iidem
2235 5687 2357 5733 sunt
2378 5693 2440 5732 ar
2463 5677 2658 5748 publici
2683 5685 2738 5734 et
2763 5677 3068 5744 adventitii,
3096 5679 3185 5748 qui
3215 5677 3374 5748 paulo
3395 5687 3520 5734 ante
3541 5693 3649 5735 mc-

2051 5781 2263 5828 morato
2293 5786 2321 5824 a
2350 5770 2508 5826 nobis
2530 5781 2584 5825 et
2611 5770 2890 5826 confutato
2913 5770 3140 5825 deorum
3174 5769 3396 5842 physico
3422 5769 3504 5824 vel
3534 5785 3650 5841 my-

2053 5865 2200 5921 tliico
2253 5877 2450 5936 genere
2501 5860 3052 5934 comprehenduntur.
3111 5859 3413 5932 Supersunt
3462 5860 3642 5931 itaque
