4090 6358
343 335 345 337 ·
442 301 556 369 τω

1512 300 1580 361 ΙΝ
1615 297 2083 360 TERTULLIANI
2116 299 2646 363 APOLOGETICUM
3639 306 3751 366 764

389 467 392 471 .
446 431 654 489 tantum
685 421 888 496 proprii
922 419 1288 478 Romanorum
1325 417 1438 488 dii,
1467 419 1562 491 qui
1587 419 1674 476 vel
1695 422 1778 488 ζει
1815 418 2047 476 devictis
2070 419 2273 482 Adem
2317 422 2526 489 ﬁxerat,
2568 437 2631 479 ac
2675 422 2775 480 toti
2811 422 2978 480 Italiai
3019 437 3173 480 suum
3220 421 3477 496 imposuit
3521 438 3740 482 nomen.

451 517 700 576 hostibus
725 515 885 586 rapti,
937 524 992 570 et
1017 513 1245 570 Romam
1262 515 1521 583 asportati
1565 523 1736 580 erant,
1768 512 1855 568 vel
1884 527 2046 584 pena-
2149 516 2281 585 Quia
2313 531 2440 573 vero
2466 517 2556 573 ille
2586 528 2837 589 tanquam
2878 533 2944 574 ex
2987 518 3262 588 inopinato
3295 518 3609 588 appulerat,
3642 532 3743 575 nec

446 621 532 670 tes
581 621 636 669 et
683 610 862 676 lares,
905 621 1047 679 quos
1111 607 1480 678 unusquisque
1532 606 1738 676 privata
1776 604 1832 660 in
1882 604 2048 661 domo
2148 609 2347 680 cogniti
2373 611 2665 680 erantejus
2692 618 2966 681 parentes,
2989 612 3056 668 de
3078 612 3218 668 coelo
3241 612 3426 683 lapsus
3450 612 3738 668 ferebatur.

447 722 542 764 sua
593 703 954 777 peculiarique
1000 702 1106 758 ritu
1147 700 1377 758 colebat.
1426 702 1496 755 At
1547 698 1606 755 hi
1647 712 1838 755 omnes
1874 698 2046 754 homi-

2147 699 2227 757 Ne
2251 703 2377 773 quid
2407 713 2585 758 autem
2614 705 2812 759 ethnici
2845 706 3040 761 mutire
3076 706 3356 772 auderent,
3389 706 3494 778 hoc
3527 715 3746 778 recepto

446 813 545 857 nes
599 798 848 865 fuerunt,
903 797 994 869 qui
1052 796 1123 851 ob
1164 793 1381 866 egregia
1423 792 1668 865 quaedam
1701 792 1941 848 facinora
1972 792 2046 847 dii
2147 795 2353 851 abillis
2380 796 2600 870 Sibylla:
2627 799 2938 854 testimonio
2959 799 3264 855 conﬁrmat.

446 901 571 966 post
610 901 841 948 mortem
879 888 1087 946 insulsa
1113 887 1273 958 plane
1300 885 1708 943 consecratione
1746 885 1874 940 facti
1900 894 2045 940 sunt.

447 987 520 1044 At
545 999 789 1058 quaenam
816 1024 834 1052 ,
879 983 956 1038 ait
997 981 1364 1039 Tertullianus
1389 1023 1405 1050 ,
1439 980 1596 1036 unius
1623 995 1690 1036 ex
1722 979 1804 1036 eis
1828 1019 1844 1046 ,
1887 980 2042 1037 verbi

448 1077 622 1153 gratia
654 1076 845 1134 dinem
868 1118 884 1144 ,
916 1083 1074 1132 erant
1102 1074 1333 1130 merita?
1358 1071 1496 1128 Num
1525 1074 1698 1144 pietas
1737 1072 1794 1128 in
1839 1082 2046 1143 patrem

451 1181 508 1232 et
537 1170 746 1227 ﬁlium?
768 1169 875 1227 Sed
919 1170 964 1226 is
995 1169 1080 1224 vel
1107 1183 1259 1224 suam
1279 1209 1295 1236 ,
1344 1168 1481 1223 sicut
1507 1168 1772 1234 Antenor,
1817 1168 2051 1238 prodidit

449 1267 702 1340 patriam,
729 1267 814 1320 vel
841 1279 984 1330 eam,
1015 1261 1207 1318 relicto
1237 1261 1448 1317 Priamo
1473 1270 1528 1316 et
1558 1248 1884 1333 Astyanacte
1902 1301 1919 1328 ,
1946 1261 2048 1316 fla-

450 1370 695 1434 grantem
720 1356 1043 1442 deserendo,
1074 1371 1178 1411 non
1210 1355 1446 1411 imitatus
1467 1354 1853 1422 estfmminam
1879 1354 2050 1410 Puni-

453 1468 595 1518 cam,
635 1467 756 1523 quae
781 1464 842 1506 se
868 1464 988 1504 cum
1014 1447 1137 1504 filiis
1165 1448 1217 1502 in
1239 1447 1480 1503 ardentis
1505 1447 1694 1518 patriae
1729 1446 1883 1518 ignes
1909 1446 2050 1518 inje-

435 1547 548 1602 .cit.
575 1543 843 1616 Numquid
872 1540 1063 1598 melior
1088 1541 1367 1607 Romanis,
1401 1542 1489 1610 qui
1524 1555 1620 1611 pro
1646 1539 1819 1596 salute
1850 1539 2051 1610 princi-

454 1653 581 1710 pum
608 1636 883 1707 gadversus
914 1635 1114 1690 liberos
1142 1637 1197 1689 et
1219 1633 1477 1704 conjuges
1509 1631 1803 1703 iurabant?
1827 1631 1883 1689 Si
1924 1632 2054 1704 quid

453 1739 619 1801 porro
649 1735 855 1799 patrem
876 1726 1117 1782 humeris
1146 1725 1406 1796 gestando
1433 1723 1732 1794 promeruit
1757 1737 1942 1780 nonne
1959 1728 2057 1780 Ar-

2220 885 2404 958 ltaque
2432 903 2553 944 cum
2579 889 2758 944 nullus
2777 889 3080 962 ambigendi
3105 891 3257 947 locus
3275 891 3455 959 detur,
3481 892 3609 964 quin
3644 892 3744 949 Sa-

2151 990 2342 1039 turnus
2372 984 2532 1039 homo
2555 983 2734 1050 fuerit,
2756 985 2879 1040 inde
2902 995 3051 1041 certo
3077 987 3367 1058 colligitur,
3393 1003 3527 1058 quos
3541 987 3742 1046 ethnici

2150 1085 2296 1132 ortos
2318 1091 2383 1132 ex
2410 1076 2518 1143 illo,
2549 1093 2610 1133 ac
2637 1087 2818 1148 postea
2845 1087 3086 1136 mortuos
3117 1080 3462 1152 sepultusque
3511 1081 3744 1137 fateban-

2152 1178 2257 1234 tur,
2287 1169 2387 1224 hos
2410 1171 2583 1241 reipsa
2601 1169 2762 1227 fuisse
2777 1171 3060 1244 homines(
3076 1190 3192 1244 cap.
3219 1175 3333 1245 l5).
3357 1174 3516 1246 Atqui
3548 1174 3744 1230 mortui

2151 1261 2398 1318 homines
2422 1279 2526 1319 non
2555 1274 2780 1335 possunt
2815 1280 2936 1322 esse
2970 1267 3066 1334 dii,
3098 1267 3200 1322 nisi
3230 1268 3315 1322 vel
3350 1283 3380 1323 a
3412 1269 3625 1340 seipsis,
3657 1270 3745 1326 vel

2150 1355 2220 1411 ab
2239 1355 2358 1412 aliis
2386 1371 2537 1411 suam
2563 1359 2868 1429 acceperint
2889 1358 3244 1414 divinitatem.
3269 1362 3307 1414 A
3333 1376 3392 1416 se
3413 1370 3595 1418 autem
3619 1361 3746 1432 ipsis

2152 1461 2272 1503 eam
2326 1462 2435 1504 non
2481 1449 2698 1506 habent.
2749 1450 2866 1506 Non
2915 1453 3058 1506 enim
3103 1446 3356 1508 siv'issent
3402 1469 3461 1508 se
3517 1454 3745 1524 primum

2152 1536 2320 1594 fuisse
2349 1538 2596 1596 homines
2617 1582 2633 1610 ,
2662 1549 2738 1597 tot
2767 1543 3038 1614 tantisque
3065 1542 3316 1599 humanis
3347 1543 3750 1601 inﬁrmitatibus

2154 1630 2435 1687 obnoxios.
2483 1632 2666 1706 Neque
2715 1636 2878 1692 etiam
2922 1653 3176 1708 suprema
3220 1637 3508 1694 divinitate
3548 1639 3617 1694 ab
3645 1640 3751 1696 alio

2154 1722 2336 1795 aliquo
2356 1724 2537 1780 donati
2556 1736 2701 1795 sunt,
2733 1729 2832 1784 nisi
2858 1731 3069 1786 caeteris
3099 1731 3346 1786 omnibus
3377 1731 3518 1788 ﬁctis
3535 1732 3636 1789 diis
3657 1747 3751 1805 po-

453 1824 561 1896 givi
588 1823 828 1893 {iuvenes
876 1827 1102 1875 matrem
1152 1833 1326 1885 suam,
1373 1831 1443 1872 ne
1481 1817 1535 1871 in
1575 1817 1745 1872 sacris
1789 1816 2056 1887 piaculum
2085 1826 2134 1887 Β
2163 1819 2416 1885 tectiore,
2459 1820 2548 1890 qui
2596 1821 2825 1891 proinde
2864 1824 3012 1878 solus
3043 1839 3203 1880 verus
3241 1825 3383 1881 Dens
3421 1825 3528 1880 dici
3566 1825 3748 1881 debet.

454 1917 690 1982 faceret,
732 1924 984 1986 tanquam
1011 1913 1223 1985 iugales
1251 1911 1555 1968 vexerunt?
1575 1910 1630 1967 Si
1660 1926 1816 1967 suum
1845 1911 1934 1967 ille
1956 1923 2052 1982 pa-

455 2021 592 2069 trem
620 2009 787 2074 aluit,
833 2021 1014 2064 nonne
1043 2004 1416 2090 ﬁlia.quzedam
1460 2002 1651 2074 majori
1688 2005 1889 2074 pietate
1917 2003 2052 2074 patri

456 2119 556 2162 suo
576 2148 590 2172 ,
621 2105 674 2159 in
703 2118 922 2159 carcere
965 2101 1146 2172 posito
1167 2141 1182 2166 ,
1227 2098 1467 2154 admovit
1498 2097 1704 2154 ubera?
1727 2095 1899 2168 Magis
1923 2112 2053 2168 ergo

457 2198 532 2254 illi
556 2196 756 2252 divinis
778 2193 1074 2248 honoribus
1093 2190 1240 2262 digni
1260 2200 1436 2255 erant,
1464 2200 1624 2258 quam
1653 2189 1874 2260 ignavus
1903 2189 2052 2244 timi-

456 2289 662 2358 dusque
675 2286 928 2356 ’Eneas,
961 2285 1053 2355 qui
1083 2292 1208 2353 post
1235 2282 1479 2352 praelium
1504 2280 1889 2336 Laurentinum
1915 2295 2056 2334 nun-

454 2397 613 2453 quam
636 2379 958 2450 comparuit.
978 2375 1247 2446 Numquid
1276 2375 1439 2430 etiam
1468 2371 1766 2428 divinitatis
1793 2372 2055 2427 honorem

456 2475 652 2534 meruit
679 2473 944 2528 Romulus
965 2512 980 2538 ,
1022 2472 1110 2540 qui
1140 2469 1408 2524 interfecit
1443 2468 1662 2523 fratrem
1693 2481 1852 2520 suum
1874 2506 1891 2532 ,
1923 2466 2054 2522 alie-

457 2584 662 2639 nasque
707 2566 888 2638 rapuit
917 2564 1190 2636 virgines?
1219 2559 1484 2634 Numquid
1535 2561 1791 2616 Hercules
1837 2568 2059 2631 propter

457 2662 652 2732 Augiat
670 2658 854 2715 ﬁmum
887 2659 1140 2728 ejectum,
1173 2656 1448 2725 Penelope
1484 2663 1705 2725 propter
1731 2654 2054 2721 castitatem,

458 2754 692 2812 Sanctus
721 2755 944 2824 propter
965 2749 1516 2821 hospitalitatem'jura
1537 2745 1830 2803 divinitatis
1857 2747 2054 2818 potius,

457 2862 619 2919 quam
640 2843 938 2911 Sterculus,
962 2857 1124 2914 quam
1154 2841 1261 2897 ﬁlia
1293 2840 1485 2909 Fauni,
1517 2855 1679 2912 quam
1707 2839 1906 2912 Ulyxes
1921 2854 2056 2896 eon-

459 2940 612 3014 sequi
639 2939 948 2997 debebant?

528 3033 666 3103 Quid
699 3047 827 3087 vero
865 3032 932 3087 de
975 3029 1095 3088 aliis
1141 3030 1298 3102 longe
1343 3028 1670 3100 turpioribus
1721 3022 1824 3084 dii's
1870 3027 2058 3083 dicen-

460 3127 622 3185 dum?
671 3125 837 3195 Quid,
887 3125 1115 3181 obsecro
1165 3133 1246 3192 te,
1280 3122 1576 3178 divinitatis
1631 3130 1716 3177 est
1767 3126 1818 3175 in
1857 3119 2059 3176 Laren-

2155 1911 2360 1968 Deinde
2392 1913 2535 1969 nulla
2565 1932 2786 1986 prorsus
2817 1918 3084 1988 assignari
3112 1934 3271 1974 causa
3303 1928 3502 1990 potest,
3533 1934 3630 1975 cur
3654 1934 3752 1976 ve-

2155 2020 2248 2060 rus
2306 2006 2447 2062 Deus
2493 2007 2629 2064 alios
2682 2008 2869 2089 fecerit
2916 2012 3067 2066 deos.
3117 2012 3232 2068 Non
3284 2013 3500 2083 quidem
3547 2022 3606 2067 ut
3651 2012 3756 2068 sibi

2155 2096 2355 2152 auxilio
2382 2107 2598 2164 essent,
2629 2100 2712 2155 vel
2740 2112 3080 2158 ornamento.
3129 2103 3274 2158 Deus
3316 2105 3460 2159 enim
3503 2104 3756 2174 omnipo-

2156 2197 2278 2244 tens
2307 2189 2504 2245 nullius
2533 2207 2635 2262 ope
2675 2193 2762 2246 vel
2805 2203 2999 2249 ornatu
3045 2193 3266 2265 indiget.
3314 2194 3498 2265 Neque
3545 2195 3758 2266 aliquos

2157 2281 2406 2337 homines
2430 2295 2650 2354 propter
2675 2300 2863 2340 eorum
2888 2287 3076 2341 merita
3101 2287 3236 2342 deos
3268 2287 3410 2343 fecit.
3440 2287 3578 2354 Quid
3601 2303 3759 2341 nam-

2157 2390 2265 2446 que
2311 2378 2618 2433 merebatur
2662 2378 2952 2445 Saturnus,
3003 2379 3235 2435 ﬁliorum
3277 2397 3495 2435 suorum
3525 2382 3760 2436 devora-

2158 2480 2279 2538 tor;
2301 2483 2388 2526 aut
2412 2471 2622 2542 Jupiter
2641 2466 2809 2543 patris
2835 2474 3129 2529 subductus
3157 2475 3344 2539 furori,
3375 2476 3579 2530 sororis
3597 2475 3755 2528 adul-

2159 2574 2263 2632 ter,
2291 2567 2382 2637 qui
2417 2575 2476 2620 ut
2515 2567 2617 2621 alia
2657 2578 2840 2638 stupra
2871 2576 2928 2624 et
2955 2568 3217 2623 adulteria
3248 2569 3494 2624 securius
3520 2569 3758 2635 faceret,

2158 2659 2335 2730 bovis,
2368 2661 2558 2718 imbris
2585 2661 2732 2716 aurei
2757 2704 2771 2730 ,
2799 2663 2981 2734 cygni,
3021 2662 3262 2732 aliasque
3290 2661 3491 2718 formas
3520 2662 3762 2718 induisse

2159 2753 2512 2824 perhibetur?
2543 2753 2675 2811 Tam
2717 2754 2868 2825 impii
2899 2769 3029 2826 ergo
3063 2763 3118 2810 et
3155 2755 3404 2810 scelerati
3455 2753 3761 2825 hujnsmodi

2161 2845 2407 2902 homines
2432 2847 2766 2903 divinitatem
2801 2863 3074 2919 nunquam
3102 2857 3434 2903 meruerunt.

2195 2939 2200 2949 '
2232 2937 2416 3010 Neque
2443 2940 2476 2995 ii
2504 2940 2664 2994 etiam
2695 2939 2768 2995 dii
2795 2952 2940 3008 sunt,
2970 2956 3106 3012 quos
3134 2940 3422 3012 Dionysius
3448 2941 3664 2997 Stoicus
3693 2941 3749 2997 in

2161 3033 2373 3089 nativos
2411 3042 2466 3089 et
2506 3033 2679 3090 factos
2720 3034 3000 3105 distinguit
3047 3036 3202 3104 (cap.
3237 3032 3345 3105 M).
3395 3034 3760 3090 Tcrtullianus

2163 3125 2425 3197 siquidem
2455 3125 2536 3180 vel
2567 3126 2726 3180 unico
2755 3125 2998 3180 Herculis
3028 3125 3297 3196 exemplo,
3325 3125 3420 3179 sed
3443 3124 3583 3195 quod
3605 3125 3761 3195 plane

463 3223 571 3277 una
602 3219 884 3276 meretrice
923 3204 1156 3290 publica,
1183 3226 1237 3272 et
1273 3215 1487 3272 Romuli
1519 3213 1768 3269 nutrice?
1787 3211 1928 3280 Quid
1953 3211 2055 3268 ΐω·
2083 3219 2129 3284 C
2161 3219 2375 3283 sufﬁcit,
2402 3219 2815 3274 insulsissimam
2839 3217 3041 3274 hancce
3066 3217 3375 3287 Opinionem
3397 3221 3616 3275 evertit.
3637 3217 3757 3274 Non

461 3314 642 3381 mina,
696 3327 818 3384 quae
865 3313 918 3366 in
971 3311 1040 3366 ab
1091 3309 1338 3366 Herculis
1375 3308 1574 3364 redimo
1617 3315 1740 3378 post
1767 3306 2054 3363 ridiculum

459 3407 643 3463 ludum
701 3407 918 3472 vitiata,
976 3405 1092 3476 ipso
1140 3403 1366 3460 Hercule
1413 3403 1524 3470 jam
1564 3411 1777 3456 mortuo
1815 3415 1876 3457 se
1902 3415 2054 3456 com-

458 3513 700 3570 pressam
756 3497 922 3552 fuisse
976 3497 1303 3566 gloriabatur
1333 3495 1378 3564 ?._
1403 3494 1534 3563 Quis
1588 3493 1853 3564 patienter
1919 3493 2058 3549 ferat

459 3591 716 3649 infantem
788 3589 1078 3645 Antinoum
1133 3603 1162 3643 a
1240 3587 1500 3643 Romanis
1563 3587 1722 3642 deum
1791 3588 1980 3644 haberi
2033 3588 2058 3642 ?

463 3687 615 3743 Alios
659 3693 839 3742 tamen
881 3699 987 3740 non
1033 3685 1214 3739 minus
1263 3694 1449 3755 turpes
1498 3681 1631 3739 deos
1675 3681 1728 3738 hi
1767 3683 2058 3739 commenti

467 3790 614 3847 sunt,
667 3793 804 3851 quos
852 3779 1057 3849 nuptiis
1103 3793 1168 3834 ac
1207 3776 1556 3849 procreandis
1596 3776 1780 3832 liberis
1808 3789 2059 3848 jpracesso

470 3874 786 3931 stultissime
819 3871 1199 3944 pratdicabant.
1240 3869 1398 3926 Tales
1426 3879 1552 3925 sunt
1582 3867 1899 3934 Consevius,
1926 3868 2056 3950 Flu-

468 3967 673 4035 vionia,
707 3965 1020 4032 Vitumnus,
1051 3964 1325 4028 Sentinus,
1358 3963 1646 4034 Diespiter,
1673 3961 2014 4018 Candelifera
2039 4003 2055 4028 ,

463 4062 630 4118 Prosa
652 4104 667 4128 ,
698 4061 922 4118 Farmus
946 4103 966 4130 ,
992 4056 1197 4116 Albana
1218 4101 1233 4127 ,
1257 4059 1524 4115 Runcinia
1540 4101 1554 4124 ,
1591 4060 1779 4114 Potina
1798 4102 1814 4126 ,
1849 4059 2019 4115 Edula
2040 4100 2057 4128 ,

460 4155 707 4222 Aheona,
738 4154 1030 4210 Domiduca
1051 4196 1066 4221 ,
1097 4153 1399 4210 Volumnus
1423 4195 1440 4220 ,
1470 4152 1657 4208 Voleta
1678 4195 1694 4220 ,
1723 4153 2018 4209 Paventina
2039 4196 2055 4223 ,

463 4249 698 4315 Venilia,
757 4248 1020 4319 Volupia,
1073 4248 1374 4312 Przestitia,
1427 4247 1753 4316 Peragcnor,
1808 4247 2056 4315 Consus,

463 4340 712 4407 Juventa,
764 4339 1024 4405 Fortuna,
1083 4339 1344 4406 Barbata,
1400 4337 1724 4406 Aﬁ'erenda,
1782 4337 2053 4406 Mutunus,

463 4432 730 4496 Tutunus,
763 4431 1057 4501 Pertunda,
1081 4431 1335 4503 Subigus,
1369 4431 1596 4500 Prema,
1629 4440 1685 4488 et
1708 4431 1796 4487 alii
1829 4447 2056 4502 quorum

462 4528 641 4584 ofﬁcia
671 4527 977 4584 nominibus
1006 4530 1118 4584 suis
1145 4529 1419 4599 appellare
1448 4529 1533 4584 vel
1561 4528 1814 4584 minimus
1836 4528 2057 4600 pudoris

461 4639 656 4681 sensus
678 4623 929 4697 prohibet
955 4623 1098 4696 (cap.
1130 4623 1214 4688 l0,
1250 4624 1370 4695 11).

533 4715 734 4772 Omnes
761 4731 922 4785 porro
950 4715 1317 4772 Romanorum
1345 4715 1504 4786 deos,
1532 4725 1590 4771 ut
1617 4716 1777 4771 simul
1805 4726 1860 4773 et
1889 4717 2057 4773 semel

460 4810 825 4867 Tcrtullianus
851 4810 1127 4882 praecidat,
1162 4810 1330 4881 ipsam
1360 4810 1494 4882 petit
1518 4810 1731 4865 illorum
1761 4811 2018 4883 originem
2039 4853 2053 4878 ,

462 4921 624 4976 quam
652 4905 825 4962 Varro
858 4920 886 4960 a
929 4905 1079 4971 Jove,
1104 4905 1315 4962 lunone
1341 4915 1396 4962 et
1419 4906 1654 4961 Minerva
1682 4907 1891 4961 orditur
1918 4925 1931 4961 :
1961 4905 2057 4962 sed

462 4999 868 5069 quteaSaturno
886 4999 1098 5054 illorum
1119 5008 1339 5070 parente
1360 4998 1649 5069 repetenda
1672 5006 1754 5053 est
1775 4997 1794 5070 (
1812 4998 2056 5070 capJZ).

461 5091 579 5148 Non
617 5092 702 5147 hic
730 5102 907 5149 autem
933 5133 948 5159 ,
975 5093 1145 5147 multo
1173 5092 1350 5147 minus
1370 5092 1487 5161 ejus
1517 5089 1634 5157 ﬁlii,
1657 5090 1790 5146 deus
1821 5105 2054 5162 unquam

462 5201 584 5244 esse
607 5188 796 5261 potuit,
815 5187 903 5257 qui
927 5202 960 5243 e
984 5180 1134 5242 Caelo
1161 5201 1254 5241 seu
1275 5175 1492 5242 Clu-ouo
1517 5194 1572 5240 et
1605 5183 1772 5240 Terra
1799 5184 2011 5255 genitus
2029 5224 2046 5251 ,

462 5290 668 5353 patrem
717 5296 870 5336 suum
919 5290 1184 5336 castrasse
1230 5279 1561 5351 perhibetur.
1611 5279 1721 5334 Nec
1769 5278 2056 5335 dicendum

461 5374 582 5431 haec
599 5373 886 5445 allegorice
913 5373 982 5429 de
1013 5383 1254 5444 tempore
1284 5383 1550 5444 terrmque
1583 5372 1930 5429 fmcunditatc
1959 5389 2057 5428 cx-
2107 5431 2109 5433 .

463 5467 670 5538 plicari.
703 5465 1002 5522 Clarissimi
1033 5467 1298 5538 siquidem
1325 5467 1617 5539 scriptores
1642 5467 1859 5523 Cassius
1888 5467 2056 5523 Seve-

461 5572 577 5626 rus,
604 5558 886 5614 Cornelius
913 5555 1112 5629 Nepos.
1143 5558 1382 5625 Tacitus,
1417 5558 1680 5613 Diodorus
1704 5601 1717 5624 ,
1747 5568 1802 5614 et
1839 5559 1926 5614 alii
1968 5559 2052 5615 di-

462 5651 761 5710 sertissime
829 5661 1144 5708 asseverant
1193 5652 1484 5710 Saturnum
1541 5669 1731 5710 revera
1780 5653 2054 5711 hominem

461 5745 649 5812 fuisse,
688 5747 779 5818 qui
817 5747 979 5804 variis
1009 5747 1156 5804 orbis
1185 5755 1341 5804 terra:
1367 5747 1607 5819 partibus
1637 5748 1957 5821 peragratis,
2002 5750 2056 5806 in

456 5839 714 5897 (Enotria
744 5856 838 5898 seu
864 5839 1019 5899 ltalia
1062 5850 1342 5916 exceptus,
1370 5841 1542 5899 monti
1569 5851 1623 5899 et
1663 5843 1804 5913 urbi,
1838 5843 1924 5901 ubi
1955 5859 2047 5902 se-

2159 3313 2302 3368 enim
2332 3311 2611 3368 divinitate
2636 3311 2828 3383 dignus
2849 3319 2967 3367 erat
2991 3310 3274 3378 Hercules,
3311 3310 3436 3381 quia
3477 3309 3620 3367 feras
3670 3311 3759 3365 in-

2161 3409 2378 3465 teremit
2402 3426 2418 3473 ;
2441 3408 2880 3480 quandoquidem
2900 3408 3079 3478 plures
3099 3407 3420 3462 occiduntur
3445 3422 3472 3460 a
3493 3407 3756 3475 gladiato-

2158 3502 2329 3567 ribus,
2349 3516 2524 3572 neque
2539 3501 2700 3556 etiam
2725 3500 2846 3568 quia
2877 3510 3142 3554 terrarum
3174 3499 3510 3570 percucurrit
3533 3499 3753 3566 orbem;

2159 3581 2283 3649 nam
2315 3592 2660 3664 Asclepiades
2698 3593 2958 3664 Cynicus,
2993 3593 3282 3663 pluresque
3312 3592 3617 3663 philosophi
3645 3606 3759 3648 ma-

2156 3687 2262 3758 jori
2301 3687 2662 3743 mendicitatis
2709 3687 2894 3743 labore
2939 3696 3162 3742 cunctas
3199 3673 3567 3741 lustraverunt
3594 3686 3757 3741 totius

2162 3781 2347 3837 mundi
2399 3790 2599 3852 partes.
2653 3780 2922 3852 Numquid
2969 3796 3099 3852 ergo
3134 3781 3268 3836 deus
3297 3789 3400 3848 est,
3430 3781 3554 3852 quia
3582 3781 3673 3837 ille
3697 3795 3757 3836 se

2161 3876 2389 3933 contulit
2414 3875 2480 3931 ad
2511 3875 2752 3931 inferos?
2776 3875 2882 3931 Sed
2912 3877 3235 3946 quibusnam
3265 3889 3451 3931 eorum
3483 3876 3567 3931 via
3588 3877 3758 3946 patet?

2161 3972 2478 4042 Pergamus,
2523 3971 2568 4024 si
2622 3969 2818 4040 placet.
2867 3969 3058 4024 Nonne
3096 3969 3326 4023 eximius
3361 3968 3451 4023 ille
3494 3968 3758 4024 Hercules

2161 4063 2530 4135 constupravit
2579 4062 2868 4119 foeminas?
2894 4063 3082 4118 Nonne
3128 4063 3198 4118 ob
3242 4062 3500 4117 amissum
3534 4077 3755 4132 puerum

2162 4157 2407 4212 militiam
2460 4156 2699 4212 deseruit
2752 4156 3227 4227 Argonautarum?
3282 4154 3472 4210 Nonne
3535 4156 3755 4212 lascivae

2161 4252 2345 4306 uxoris
2371 4251 2596 4305 venenis
2625 4251 3025 4305 circumventus
3047 4290 3060 4314 ,
3093 4263 3322 4304 accenso
3351 4263 3486 4319 rogo
3511 4291 3524 4313 ,
3568 4262 3754 4304 necem

2162 4345 2264 4400 sibi
2311 4346 2425 4415 ipse
2473 4343 2764 4399 conscivit!
2813 4343 2946 4411 Quis
2987 4357 3116 4414 ergo
3159 4343 3355 4399 mentis
3386 4359 3496 4398 suae
3535 4357 3758 4414 compos

2162 4436 2326 4490 homo
2353 4436 2492 4491 hunc
2519 4435 2702 4490 credat
2729 4450 2850 4491 esse
2879 4433 3079 4490 deum?
3103 4435 3225 4502 Quo
3251 4436 3415 4492 etiam
3445 4444 3602 4506 pacto
3629 4434 3757 4490 Es-

2163 4529 2403 4601 culapius
2432 4529 2603 4599 potuit
2627 4527 2763 4583 deus
2793 4528 3114 4594 renuntiari,
3137 4528 3251 4598 qui,
3293 4535 3356 4582 ut
3389 4537 3569 4582 narrat
3607 4528 3756 4600 argi-

2083 4619 2138 4679 D
2165 4639 2262 4678 vus
2287 4622 2555 4687 Socrates,
2583 4630 2734 4691 patre
2761 4620 2970 4676 incerto
2998 4629 3175 4686 natus,
3200 4619 3270 4674 ob
3300 4619 3582 4676 medicina:
3611 4619 3759 4690 peri-

2163 4716 2290 4771 tiam
2347 4713 2571 4767 fulmine
2621 4711 2808 4778 Jovis,
2867 4711 3323 4782 quemadmodum
3371 4713 3489 4782 ejus
3552 4720 3757 4780 mater,

2163 4823 2449 4882 percussus
2489 4806 2604 4884 fuit.
2635 4806 2998 4862 Athenienses
3029 4814 3208 4862 tamen
3240 4806 3390 4862 illum
3422 4815 3757 4877 matremque

2163 4905 2302 4975 ejus,
2327 4903 2466 4959 sicut
2491 4903 2721 4967 Thesea,
2750 4901 2995 4957 adorant.
3504 4943 3517 4953 ,

2232 4996 2344 5071 Nec
2372 4997 2514 5053 coelo
2542 5010 2605 5050 ac
2633 4995 2910 5050 divinitate
2941 4993 3107 5066 magis
3135 4993 3280 5065 digni
3307 4992 3590 5061 Castores,
3624 4994 3756 5050 Pcr-

2164 5105 2310 5157 scus,
2357 5089 2608 5161 Erigone,
2656 5088 2901 5144 exoletus
2932 5085 3099 5156 lovis,
3123 5087 3238 5144 sive
3261 5085 3622 5160 Ganymedes,
3654 5089 3759 5145 sic-

2161 5184 2237 5238 uti
2275 5197 2375 5239 nec
2428 5197 2626 5249 canes,
2695 5180 3009 5252 scorpiones
3050 5189 3105 5235 et
3129 5179 3498 5252 cancri,quos
3549 5182 3759 5238 romani

2160 5279 2214 5333 in
2238 5286 2379 5332 astra
2417 5275 2832 5332 transtulerunt.
2863 5275 2994 5342 Quis
3020 5288 3151 5345 vero
3177 5274 3295 5329 sine
3324 5273 3432 5329 risu
3463 5275 3547 5330 illa
3578 5275 3761 5332 audiet

2159 5372 2378 5430 nomina
2407 5372 2652 5436 deorum,
2681 5384 2816 5440 quos
2842 5367 3072 5424 Romani
3117 5368 3279 5423 certis
3317 5367 3636 5439 quibusdam
3671 5385 3762 5424 ur-

2159 5467 2303 5523 bium
2338 5479 2400 5520 ac
2447 5463 2728 5519 domorum
2772 5459 2907 5516 locis
2960 5461 3278 5532 praepositos
3317 5459 3759 5516 arbitrabantur?

2163 5558 2247 5614 Ab
2276 5557 2340 5612 iis
2381 5556 2576 5628 quippe
2604 5563 2863 5610 vocantur
2910 5553 3153 5620 Viduus,
3198 5552 3467 5614 Caeculus.
3519 5552 3755 5623 Orbana,

2163 5651 2380 5721 Argitis,
2402 5649 2568 5717 Lana,
2597 5651 2886 5715 Ascensus,
2914 5644 3186 5714 Levicola,
3219 5646 3498 5711 Forculus,
3528 5646 3756 5717 Cardca,

2163 5747 2522 5812 Limentinus,
2567 5743 2766 5815 aliique
2815 5743 3042 5814 singulis
3067 5743 3367 5814 quibusque
3409 5742 3535 5796 vita:
3565 5740 3760 5796 ofﬁciis

2161 5839 2419 5917 praefecti.
2450 5838 2557 5922 Sed
2583 5838 2639 5895 hi
2681 5837 2810 5895 solis
2841 5851 2976 5911 pene
3017 5836 3272 5894 Romanis
3318 5833 3566 5910 cogniti,"
3589 5835 3635 5892 si
3681 5835 3759 5893 dii
