4090 6358
299 312 410 378 765

1439 309 1893 374 DISSERTATIO
1927 309 1992 370 Ι).
2031 307 2122 378 LE
2157 307 2461 376 NOURRY.

3489 314 3602 377 πε

300 440 552 510 fuissent,
581 437 794 500 caneris
822 436 1088 508 omnibus
1111 434 1244 493 nihil
1287 448 1423 509 opus
1469 433 1904 509 crat(cap.15).
1931 448 1984 508 Α
2008 434 2082 490 ad
2115 433 2376 492 Nationes
2417 432 2582 490 libros
2621 431 2812 500 citari;
2857 439 2917 489 ut
2965 431 3092 490 inde
3135 432 3349 491 illorum
3395 425 3600 502 textum

373 540 444 593 At
482 536 674 610 ingrati
723 533 882 606 plane
917 547 1138 599 sumus,
1195 530 1508 602 inquiebant
1549 529 1802 594 Romani,
1854 529 1898 586 si

299 631 594 689 divinitatis
623 630 855 690 honores
887 626 954 682 iis
982 626 1335 694 denegemus,
1365 622 1457 695 qui
1496 623 1620 679 vita:
1648 633 1900 679 necessa-

298 725 378 781 ria
410 723 564 779 nobis
594 722 934 779 invenerunt.
967 717 1262 774 Trihucndi
1306 717 1467 789 igitur
1493 723 1638 784 sunt,
1664 716 1738 772 ait
1766 713 1900 770 Ter-

298 817 576 882 tullianus,
607 814 664 870 hi
692 815 924 872 honores
949 811 1161 877 Catoni,
1197 811 1285 882 qui
1335 811 1492 866 ﬁcum
1537 807 1762 864 viridem
1790 849 1804 873 ,
1845 815 1900 866 et

299 909 558 980 Pompeio
596 907 687 979 qui
731 920 916 962 cerasa
962 903 1188 960 Romam
1233 902 1390 972 primi
1436 901 1748 958 attulerunt.
1791 897 1901 956 Sed

299 1003 435 1062 nihil
461 1003 562 1058 hac
584 1000 793 1059 ratione
819 998 1041 1056 iutilius.
1081 995 1201 1052 Non
1228 995 1369 1054 enim
1416 993 1685 1050 fructuum
1713 994 1899 1050 inven-

307 1107 413 1166 tor,
447 1097 540 1153 sed
571 1105 758 1151 auctor
785 1103 840 1149 et
866 1102 1077 1148 creator
1102 1105 1262 1147 verus
1313 1088 1454 1144 Deus
1481 1099 1584 1144 esu
1640 1085 1712 1146 Et
1752 1094 1900 1146 certe

302 1210 454 1250 nova:
485 1202 629 1249 artes
656 1191 724 1246 ab
745 1188 1054 1244 hominibus
1075 1184 1312 1258 quotidie
1345 1183 1716 1248 inveniuntur;
1741 1195 1900 1236 nemo

298 1294 477 1342 tamen
508 1287 694 1339 barum
742 1283 1048 1338 inventores
1072 1277 1203 1334 deos
1232 1290 1353 1333 esse
1378 1273 1614 1344 dixerit(
1643 1289 1755 1344 cap.
1785 1273 1897 1344 l6).

377 1376 650 1432 Instabam
682 1372 910 1430 Romani
939 1387 997 1428 se
1041 1386 1137 1426 sua
1183 1369 1236 1426 in
1269 1367 1402 1424 deos
1447 1368 1644 1438 pietate
1683 1380 1743 1422 ac
1769 1364 1900 1420 reli-

300 1470 460 1541 gione
490 1468 754 1524 meruisse
781 1465 946 1521 totius
973 1463 1157 1519 mundi
1185 1461 1539 1521 dominatum.
1572 1459 1721 1515 itane
1746 1473 1897 1526 vero,

299 1545 470 1632 inquit
500 1557 905 1616 Tertullianus?
950 1554 1218 1626 Numquid
1269 1555 1440 1623 turpis
1483 1551 1760 1608 Sterculus
1787 1549 1900 1608 Ro-

297 1655 443 1712 mani
482 1653 692 1724 imperii
720 1652 856 1708 lines
880 1648 1226 1721 propagavit?
1268 1646 1535 1716 Numquid
1565 1645 1772 1715 Jupiter
1799 1658 1902 1698 an-

299 1747 368 1803 tri
388 1744 537 1811 ldtei,
567 1743 743 1801 Cretae
771 1741 962 1815 patria:
1003 1755 1146 1806 suae,
1174 1753 1240 1794 ac
1259 1735 1634 1808 iucundissimi
1675 1734 1904 1796 nutricis

300 1854 412 1897 sum
440 1837 622 1893 odoris
667 1836 888 1902 oblitus,
938 1833 1024 1890 his
1075 1831 1309 1903 praetulit
1337 1829 1691 1901 capitolium?
1738 1827 1904 1886 Num-

302 1930 428 2004 quid
453 1929 592 1986 Juno
620 1926 992 1997 Carthaginis,
1019 1940 1179 1996 quam
1226 1921 1390 1981 Samo
1432 1922 1558 1978 olim
1590 1935 1903 1992 praeposue-

303 2032 406 2090 rat,
434 2022 648 2092 penitus
676 2019 980 2084 immemor,
1031 2015 1201 2070 voluit
1230 2029 1350 2070 eam
1404 2027 1435 2067 a
1487 2011 1748 2068 Romanis
1771 2011 1902 2066 sub-

300 2115 475 2171 verti?
523 2112 630 2170 Sed
683 2111 897 2177 horum,
947 2109 1286 2177 aliorumque
1332 2105 1630 2160 imbellium
1677 2103 1904 2160 deorum

302 2221 404 2262 nec
443 2204 553 2259 ulla
609 2202 706 2262 fuit
751 2200 1008 2258 adversus
1037 2197 1143 2258 fata
1185 2203 1443 2265 potestas,
1477 2207 1578 2246 nec
1616 2203 1906 2262 potuerunt

302 2315 428 2356 suas
459 2298 622 2355 urbes
659 2294 1067 2367 provinciasque
1113 2289 1374 2344 adversus
1411 2287 1646 2342 hostium
1682 2301 1905 2348 suorum

303 2407 451 2448 arma
495 2389 655 2446 tueri.

372 2486 454 2543 Ad
508 2485 622 2545 hmc
650 2497 781 2538 vero
808 2523 824 2548 ,
868 2480 1234 2536 Romanorum
1262 2475 1544 2548 imperium
1589 2482 1746 2528 antea
1786 2471 1906 2528 luo-

304 2579 486 2635 datum
518 2578 616 2632 iuit
641 2591 799 2646 quam
829 2574 933 2630 ulla
964 2573 1186 2628 deorum
1214 2577 1405 2625 essent
1447 2567 1732 2624 simulacra
1753 2609 1769 2634 ,
1792 2568 1905 2622 cul-

303 2683 390 2729 tus
437 2688 499 2728 ac
526 2687 700 2739 sacra,
720 2685 839 2740 qua:
861 2668 1202 2738 postmodum
1224 2681 1252 2719 a
1270 2665 1441 2726 Numa
1460 2663 1719 2734 Pompilio
1741 2663 1907 2718 intro-

307 2767 468 2823 ducta
509 2774 653 2820 sunt.
711 2761 872 2820 Bellis
917 2762 1096 2832 itaque
1137 2759 1369 2815 accrevit
1417 2757 1550 2812 illud
1596 2757 1906 2828 imperium,

305 2869 468 2930 atque
510 2858 714 2914 idcirco
743 2857 853 2928 pari
895 2853 1232 2911 sacerdotum
1263 2868 1326 2907 ac
1350 2853 1546 2909 civium
1568 2850 1715 2910 crede
1734 2891 1750 2918 ,
1792 2849 1906 2921 pari

309 2967 490 3007 rerum
550 2964 822 3005 sacrarum
872 2959 1033 3018 alque
1078 2944 1425 3017 profanarum
1466 2945 1658 3009 ruina,
1723 2951 1907 3012 totque

308 3043 626 3113 sacrilegiis,
656 3051 788 3112 quot
813 3039 1066 3110 trephmis
1093 3053 1155 3092 ac
1176 3034 1482 3107 triumphis.
1524 3034 1762 3103 Denique
1789 3033 1910 3104 quis

309 3139 481 3195 nescit
511 3136 749 3192 funditus
776 3149 961 3191 eversa
993 3133 1156 3187 fuisse
1196 3145 1360 3202 regna
1394 3126 1758 3200 Assyriorum,
1793 3125 1905 3182 Me-

308 3230 523 3297 dorum,
546 3230 858 3295 Persarum,
886 3225 1284 3297 Egyptiorum,
1308 3221 1398 3292 qui
1429 3220 1779 3314 noniminore
1802 3219 1908 3290 pie-
1935 3249 1982 3314 ρ

310 3331 438 3386 tate.
471 3337 632 3394 quam
676 3320 922 3386 Enniani,
956 3318 1086 3374 deos
1116 3331 1240 3371 suos
1280 3313 1565 3371 colebant?
1595 3313 1754 3368 Solus
1779 3327 1910 3384 ergo

309 3415 472 3480 Deus,
501 3429 644 3469 unus
673 3421 728 3468 et
755 3411 1116 3481 omnipotens,
1146 3423 1314 3478 regna
1363 3405 1661 3476 dispensat,
1691 3405 1912 3464 minime

311 3524 444 3565 vero
471 3507 834 3562 Romanorum
855 3513 946 3559 aut
965 3503 1189 3558 aliorum
1221 3500 1460 3571 gentium
1493 3499 1589 3563 dii,
1619 3513 1756 3569 quos
1799 3507 1908 3556 tam

310 3600 544 3657 faetitios
582 3612 703 3654 esse
740 3606 970 3663 constat,
1003 3611 1161 3667 quam
1189 3594 1425 3658 illorum,
1455 3608 1484 3647 a
1505 3591 1698 3663 quibus
1726 3593 1912 3654 colun-

312 3703 424 3762 tur,
452 3692 613 3749 falsas
632 3706 906 3761 venasque
922 3690 1206 3762 religiones
1245 3687 1264 3759 (
1282 3703 1398 3758 cap.
1425 3687 1515 3758 17)
1528 3728 1541 3743 .

907 3821 1204 3863 Διιτιευιυε
1231 3821 1310 3861 Ill.

325 3903 488 3959 Variis
511 3905 772 3959 rationum
811 3903 1076 3957 momentis
1106 3901 1389 3957 ostenditur
1422 3898 1797 3955 Tertullianum
1823 3898 1915 3953 Ito-

387 4014 500 4050 rum
530 3997 773 4050 librorum
802 4011 908 4050 esse
948 4004 1226 4059 auctorem,
1261 4003 1308 4048 et
1346 4008 1477 4048 noua
1509 3990 1830 4050 Hoernbeelti
1857 3991 1913 4046 id

385 4091 616 4161 negantis
644 4089 816 4162 Opinio
846 4090 1113 4159 refellitur.

390 4185 664 4240 Testatum
696 4183 851 4239 nobis
880 4183 1238 4255 Hieronymus
1267 4180 1392 4236 fecit
1434 4180 1606 4236 editos
1659 4179 1829 4236 fuisse
1880 4195 1912 4235 a

313 4279 654 4336 Tertulliano
689 4287 885 4348 praeter
929 4279 1334 4349 Apologeticum
1363 4275 1500 4331 alios
1528 4276 1596 4330 ad
1636 4274 1822 4331 Gentes
1845 4275 1912 4330 li-

318 4372 467 4438 bros,
494 4373 563 4428 de
603 4371 798 4443 quibus
836 4370 904 4425 ad
943 4370 1190 4442 Magnum
1219 4372 1335 4426 haec
1362 4370 1576 4440 scripsit
1619 4369 1669 4424 in
1701 4369 1862 4425 verba
1895 4385 1909 4423 :

318 4464 454 4531 Quid
485 4462 800 4517 Tertullinus
853 4462 1151 4516 eruditius?
1180 4462 1302 4532 quid
1353 4463 1676 4516 accuratius?
1723 4462 1915 4531 Apolo-

314 4558 502 4628 geticus
530 4558 657 4625 eius,
690 4566 738 4610 et
767 4567 940 4610 contra
963 4554 1147 4610 Gentes
1176 4556 1291 4610 libri
1313 4565 1546 4610 cunctam
1589 4556 1763 4618 saeculi
1787 4557 1916 4610 obti-

2003 528 2200 600 corrigi
2241 527 2530 584 voluerint.
2563 527 2630 583 Et
2675 535 2823 584 certe
2868 535 3053 600 postea
3091 523 3434 586 ostendemus
3485 531 3599 588 Au-

2001 621 2271 691 gustinum
2297 618 2372 676 ibi
2399 620 2466 675 ad
2493 618 2594 676 hos
2625 621 2803 691 potius
2855 621 3159 691 respexisse
3206 625 3441 680 auctoris
3475 638 3602 681 nos-
3641 610 3646 614 ’

2003 711 2070 768 tri
2091 712 2276 776 libros,
2307 726 2466 782 quam
2493 693 2562 766 ad
2602 710 3029 783 Apologeticum.

2074 805 2342 864 Praeterea
2375 803 2430 860 hi
2466 803 2589 860 libri
2619 805 2671 859 in
2712 814 2925 861 vetusto
2957 806 3225 879 Agobardi
3255 809 3442 865 codice
3483 825 3598 866 rna-

2002 896 2279 968 nuscripto
2330 910 2436 952 non
2485 897 2655 952 semel
2705 896 3072 954 inscribuntur
3121 901 3238 972 ipso
3287 903 3601 960 Tertulliani

2003 987 2247 1048 nomine.
2277 987 2531 1046 Secunda
2551 989 2697 1046 enim
2724 989 2864 1046 illius
2892 990 2943 1045 in
2971 991 3161 1062 pagina
3194 993 3309 1050 haec
3334 996 3600 1068 legimus:

2002 1080 2106 1143 Hic
2149 1089 2268 1136 sunt
2293 1080 2596 1138 Tertulliani
2637 1082 2787 1138 libri:
2819 1083 2900 1138 Ad
2949 1085 3175 1146 nationes
3223 1087 3348 1142 liber
3389 1087 3441 1144 I.
3469 1088 3604 1146 Itoni

2004 1173 2087 1229 Ad
2123 1173 2354 1230 nationes
2398 1173 2522 1230 liber
2546 1173 2633 1228 Il.
2676 1174 2734 1231 In
2779 1175 2936 1246 primi
2964 1177 3124 1232 etiam
3155 1179 3272 1234 libri
3301 1181 3443 1236 ﬁne:
3476 1180 3604 1236 Ter-

2004 1267 2207 1326 tulliani
2234 1267 2316 1322 Ad
2358 1268 2588 1324 nationes
2613 1269 2739 1324 liber
2762 1267 2814 1326 1.
2863 1270 3091 1339 explica.
3131 1270 3322 1342 Incipit
3352 1274 3478 1329 liber
3520 1292 3603 1332 se-

2004 1360 2202 1418 cundus
2233 1359 2312 1418 Ad
2362 1344 2610 1417 nationes.
2643 1361 2814 1433 Hujus
2845 1379 3008 1434 porro
3031 1364 3234 1421 codicis
3274 1367 3520 1423 librarius
3550 1370 3604 1426 in

2004 1453 2176 1522 prima
2207 1454 2324 1523 ejus
2350 1454 2541 1525 pagina
2586 1455 2779 1512 litteris
2828 1457 3122 1527 majoribus
3173 1460 3420 1530 scripsit:
3456 1461 3605 1517 Liber

2004 1543 2202 1600 oblatus
2228 1546 2296 1599 ad
2324 1545 2488 1601 altare
2526 1546 2623 1602 Sc?
2647 1547 2900 1618 Stephani
2927 1567 2988 1604 ea:
3028 1561 3143 1604 uoto
3188 1551 3448 1623 Agobardi
3477 1552 3602 1624 Ερῖ,

2005 1635 2059 1694 id
2086 1647 2190 1704 est,
2221 1637 2490 1709 Episcopi.
2533 1641 2670 1704 Atis,
2717 1640 2978 1712 inquiunt,
3029 1643 3143 1712 ipse
3171 1652 3255 1698 est
3289 1645 3606 1715 Agobardns

2004 1727 2354 1800 lugdunensis
2369 1730 2825 1802 archiepiscopus,
2846 1733 2934 1805 qui
2953 1732 3133 1789 Caroli
3153 1735 3322 1807 Magni
3349 1737 3605 1793 ﬁliorum-

1930 1851 1980 1914 Β
2006 1836 2111 1892 que
2133 1821 2250 1893 ejus
2282 1831 2457 1890 astate,
2507 1833 2669 1896 atque
2716 1826 2934 1884 ineunte
2959 1828 3158 1884 saeculo
3185 1845 3330 1886 nono
3355 1831 3602 1890 ﬂorebat.

2009 1915 2144 1975 Tum
2164 1917 2342 1988 itaque
2365 1917 2669 1989 descriptus
2687 1920 2783 1977 fuit
2802 1922 2890 1977 ille
2909 1923 3077 1978 codex
3096 1939 3163 1980 ex
3190 1925 3296 1981 alio
3322 1927 3606 1997 proculdu~

2006 2009 2097 2068 bin
2113 2011 2433 2080 antiquiore,
2456 2013 2510 2067 in
2527 2028 2654 2082 quo,
2674 2024 2832 2086 atque
2847 2015 2967 2072 aliis
2984 2016 3124 2072 haud
3151 2016 3312 2074 dubie
3337 2019 3603 2091 pluribus,

2009 2100 2062 2160 hi
2090 2102 2210 2156 libri
2253 2105 2530 2172 praeﬁxum
2577 2105 2824 2162 similiter
2852 2107 3122 2164 habebant
3154 2107 3464 2166 Tertulliani
3505 2128 3604 2170 nn-

2009 2209 2152 2250 men.
2185 2194 2500 2251 Communis
2526 2197 2690 2268 igitur
2719 2214 2827 2254 non
2852 2213 2918 2255 eo
2947 2199 3155 2256 tantum
3191 2201 3479 2272 Agobardi,
3511 2203 3609 2259 sed

2008 2287 2386 2360 superioribus
2408 2289 2572 2346 etiam
2601 2291 2834 2355 saeculis,
2863 2291 3046 2360 opinio
3067 2301 3185 2348 erat
3218 2291 3606 2356 Tertullianum

2010 2383 2269 2436 horumce
2294 2383 2364 2436 ad
2392 2382 2640 2442 Nationes
2662 2385 2920 2440 librorum
2949 2395 3070 2440 ease
3092 2395 3389 2444 auctorem.

2080 2473 2338 2542 Quamvis
2370 2488 2548 2532 autem
2586 2479 2720 2534 tanti
2760 2480 2970 2535 roboris
3001 2483 3138 2536 ratio
3176 2483 3332 2550 nobis
3363 2483 3607 2551 deesset;

2008 2569 2402 2626 horumtamen
2429 2573 2687 2628 librorum
2718 2583 3114 2646 argumentum,
3170 2586 3322 2646 tetas,
3363 2588 3523 2650 atque
3552 2583 3605 2636 in

2009 2663 2196 2734 primis
2251 2665 2374 2738 styli
2415 2665 2831 2736 scriptionisque
2877 2682 3085 2737 genus,
3123 2682 3188 2724 ac
3231 2683 3443 2727 summa
3482 2686 3607 2730 cum

2009 2757 2360 2828 Apologetieo
2399 2756 2663 2822 allinitas',
2721 2758 2842 2813 illos
2885 2773 2916 2814 a
2966 2758 3294 2816 Tertulliano
3339 2763 3611 2831 protectos

2008 2863 2132 2908 esse
2150 2849 2544 2908 demonstrant.
2577 2851 2659 2912 Ex
2688 2853 2802 2926 ipsa
2847 2853 3110 2925 siquidem
3137 2871 3167 2911 a
3197 2855 3354 2912 nobis
3373 2856 3484 2926 jam
3509 2873 3609 2913 ex-

2011 2941 2177 3008 hibita
2229 2959 2418 3000 eorum
2470 2945 2678 3017 analysi
2744 2946 3145 3004 evidentissime
3203 2957 3350 3020 patet
3397 2948 3608 3011 illorum

2010 3036 2328 3106 scriptorem
2361 3037 2414 3091 in
2439 3036 2543 3094 hoc
2572 3053 2696 3094 esse
2720 3049 2913 3108 totum,
2957 3051 3007 3095 ut
3039 3042 3212 3112 palam
3254 3043 3501 3102 omnibus
3533 3042 3610 3098 ia-

2010 3129 2119 3186 ciat
2155 3128 2480 3186 christianos
2508 3140 2694 3188 contra
2724 3132 2902 3204 legum
2931 3135 3174 3192 omnium
3203 3136 3510 3205 praescripta
3541 3135 3610 3192 ab

2011 3223 2242 3280 ethnicis
2261 3225 2598 3298 iniquissime
2623 3228 2826 3295 vexari,
2855 3231 3148 3298 eorumque
3168 3228 3450 3288 criminum
3476 3227 3610 3284 falso

2016 3319 2280 3386 accusari,
2311 3335 2540 3392 quorum
2572 3335 2758 3378 revera
2789 3323 2992 3380 conscii
3043 3331 3200 3379 erant
3239 3323 3455 3393 ipsimet
3482 3338 3610 3394 gen-

2013 3409 2154 3466 tiles.
2184 3408 2381 3481 Scripti
2401 3421 2525 3467 sunt
2546 3427 2674 3485 ergo
2702 3413 2754 3468 hi
2777 3413 2920 3482 libri,
2947 3414 3064 3485 ipsa
3092 3414 3408 3473 Tertulliani
3430 3423 3608 3482 atate,

2013 3518 2136 3564 Cum
2188 3495 2396 3563 ethnici
2440 3515 2547 3564 tam
2593 3523 2768 3574 caeco,
2810 3525 2970 3580 quam
3013 3507 3273 3570 eil‘renato
3327 3508 3506 3571 lurore.
3555 3510 3611 3572 in

2013 3595 2335 3654 christianos
2355 3597 2532 3655 adhuc
2555 3599 2867 3658 stevicbant.
2907 3601 3147 3674 Denique
3170 3601 3304 3658 nihil
3323 3603 3374 3658 in
3401 3603 3480 3659 eis
3498 3604 3613 3662 sive

2014 3687 2083 3753 de
2134 3689 2465 3758 christianis,
2509 3693 2629 3750 sive
2677 3693 2746 3751 de
2804 3696 3054 3768 gentibus
3097 3697 3301 3768 dictum
3329 3697 3612 3771 est,quod

2015 3782 2328 3843 Tertulliani
2358 3785 2502 3844 aetati
2530 3802 2636 3844 non
2669 3789 2953 3844 conveniat
2973 3830 2988 3854 .
3021 3791 3309 3863 ipsumque
3330 3791 3447 3862 ejus
3475 3802 3612 3850 tem-

2014 3890 2115 3946 pus
2144 3891 2250 3932 non
2278 3876 2495 3934 indicet.

2085 3968 2384 4040 Singularis
2408 3986 2620 4043 quoque
2665 3971 2856 4030 horum
2907 3974 3164 4036 librorum
3202 3977 3374 4050 stylus
3396 4019 3411 4044 ,
3467 3979 3613 4036 inso-

2013 4063 2170 4128 litum
2201 4065 2497 4124 dictionum
2525 4068 2917 4142 verborumque
2935 4087 3126 4144 genus,
3146 4073 3305 4144 plane
3325 4075 3616 4132 ostendunt

2014 4157 2402 4218 Tertullianum
2433 4176 2554 4218 esse
2577 4176 2765 4219 verum
2789 4163 3007 4222 illorum
3040 4176 3336 4236 parentem.
3358 4167 3496 4224 Nam
3513 4183 3612 4240 pe-

2015 4253 2232 4314 culiaris
2277 4257 2396 4325 ejus
2447 4270 2511 4311 ac
2549 4258 2766 4327 propria
2816 4259 3136 4331 creterisque
3175 4259 3456 4318 dissimilis
3495 4263 3616 4334 ejus

2015 4345 2250 4406 elocutio
2277 4348 2327 4402 in
2363 4346 2442 4408 eis
2475 4349 2672 4420 ubique
2701 4353 2901 4421 passim
2937 4352 3150 4418 emicat,
3190 4368 3255 4409 ac
3278 4351 3386 4412 cito
3405 4355 3613 4412 citiusa

2015 4442 2253 4513 quolibet
2280 4442 2482 4501 lectore
2507 4444 2953 4515 deprehenditur.
2986 4445 3068 4502 Ad
3097 4445 3211 4504 haec
3234 4462 3363 4504 vero
3384 4490 3400 4516 ,
3424 4449 3476 4505 in
3508 4448 3616 4506 illis

2016 4537 2214 4608 saepius
2242 4549 2530 4596 occurrunt
2562 4555 2668 4596 non
2697 4542 2872 4598 solum
2904 4541 3092 4598 eadem
3121 4551 3282 4614 atque
3334 4543 3389 4598 in
3416 4544 3618 4614 Apolo-

315 4659 433 4706 nem
504 4650 829 4721 disciplinam
884 4649 1235 4722 (Ilierouynt.
1288 4651 1436 4720 epist.
1508 4651 1596 4706 ss.
1654 4651 1722 4704 ad
1766 4630 2193 4723 uagmsellco
2215 4630 2428 4706 Propria
2460 4630 2779 4703 insolitaque
2819 4631 3131 4694 Tertulliani
3172 4633 3362 4700 verba.
3410 4633 3618 4691 sedili-

315 4761 436 4817 pag.
465 4741 618 4815 656).
680 4742 812 4811 Quis
858 4751 1036 4797 autem
1086 4757 1192 4798 non
1223 4742 1401 4798 videat
1425 4742 1546 4810 hos,
1605 4743 1674 4798 de
1719 4744 1916 4815 quibus

315 4838 564 4908 agimus,
618 4833 887 4905 designari
930 4834 1132 4901 libros,
1181 4843 1238 4890 et
1277 4835 1347 4890 ab
1399 4834 1748 4906 Apologetieo
1797 4835 1915 4890 dis-

317 4927 523 4998 tingui?
554 4927 808 4996 Quamvis
851 4927 994 4982 enim
1045 4927 1099 4981 in
1149 4926 1420 4998 Agobardi
1445 4927 1664 4995 codice,
1715 4926 1784 4983 de
1809 4942 1918 5000 quo

319 5019 455 5074 infra
494 5020 803 5086 dicendum,
840 5019 1208 5076 inscribantur
1251 5019 1333 5072 Ad
1360 5021 1609 5085 nationes,
1666 5019 1917 5076 eumdem

321 5119 500 5166 tamen
531 5122 690 5184 atque
715 5112 796 5166 Ad
822 5123 992 5184 gentes
1022 5112 1235 5167 titulum
1261 5126 1382 5167 esse
1412 5112 1528 5182 quis
1557 5109 1914 5168 difﬂtebiturt

394 5201 510 5257 Huc
537 5204 744 5259 accedit
771 5205 1118 5276 Augustinus,
1152 5203 1244 5276 qui
1271 5202 1585 5260 Tertulliani
1610 5206 1778 5260 nostri
1799 5206 1916 5275 opi-

323 5295 540 5352 nionem
571 5296 889 5364 refellendo,
913 5299 1030 5369 ejus
1060 5298 1278 5355 nomine
1307 5298 1472 5375 hosce
1495 5298 1682 5365 libros,
1707 5299 1918 5354 tametsi

321 5388 482 5461 paulo
509 5389 807 5455 obscurius,
839 5391 1047 5449 citavit:
1082 5391 1202 5448 Non
1245 5392 1380 5456 dico,
1407 5392 1596 5461 inquit,
1619 5391 1754 5462 quod
1777 5395 1916 5462 face-

323 5480 424 5536 tius
449 5478 522 5532 ait
550 5477 895 5534 Tertullianus
923 5481 1160 5551 fortasse,
1192 5500 1344 5554 quant
1373 5483 1538 5538 uerius
1587 5499 1607 5537 :
1656 5481 1718 5537 Si
1745 5482 1816 5536 dii
1841 5497 1921 5537 se-

323 5573 550 5645 liguntur
591 5579 646 5626 ut
698 5571 866 5638 bulbi,
923 5575 1096 5644 utique
1141 5577 1308 5630 elateri
1356 5576 1558 5648 reprobi
1594 5575 1916 5647 judicantur.

322 5665 578 5736 (August.
609 5665 698 5719 lib.
735 5662 844 5719 VII.
871 5663 933 5719 de
958 5663 1110 5722 Civit.
1141 5683 1260 5736 cap.
1290 5670 1339 5722 l.
1367 5687 1485 5742 pag.
1521 5666 1642 5725 162.
1669 5668 1921 5740 )Scimus

321 5757 536 5829 quidem
561 5755 835 5812 nonnullis
857 5755 1028 5812 visum
1055 5757 1124 5812 ibi
1146 5758 1302 5814 citari
1326 5760 1467 5828 illius
1490 5761 1915 5833 Apologetieum.

323 5849 428 5908 Sed
458 5864 770 5924 persuasum
794 5849 886 5907 alii
913 5849 984 5907 ita
1015 5850 1317 5913 habuerunt
1340 5869 1444 5912 non
1471 5853 1604 5913 alios
1633 5855 1727 5925 ibi,
1760 5870 1920 5927 quam

2023 4735 2186 4798 tegrzn
2232 4727 2395 4785 etiam
2439 4725 2646 4784 emdem
2692 4727 2918 4798 periodi.
2955 4727 3137 4799 Neque
3165 4729 3215 4783 id
3245 4730 3400 4800 longa
3423 4728 3616 4786 induo~

2021 4818 2166 4875 tione
2193 4819 2409 4890 probari
2436 4833 2660 4876 necesse
2683 4829 2790 4886 est,
2815 4819 2960 4891 quod
2992 4820 3146 4875 facile
3176 4820 3413 4888 obvium,
3457 4829 3620 4892 atque

2019 4926 2086 4967 ex
2183 4921 2368 4982 postea
2441 4912 2689 4980 dicendis
2756 4912 3099 4974 manifestum
3136 4973 3140 4975 λ
3177 4915 3428 4972 omnibus
3503 4917 3616 4975 llet.

2017 5005 2210 5064 Nonne
2264 5015 2442 5064 autem
2473 5006 2620 5066 tanta
2667 5014 3017 5077 utrorumque
3030 5006 3288 5066 librorum
3307 5007 3541 5065 afﬁnitas
3564 5017 3620 5067 et

2019 5103 2292 5160 connexio
2320 5102 2451 5158 satis
2477 5111 2662 5172 aperte
2678 5101 3015 5159 demonstrat
3039 5099 3161 5157 illos
3186 5101 3258 5158 ab
3279 5117 3385 5160 uno
3400 5101 3619 5159 eodem-

2019 5211 2124 5268 que
2148 5197 2430 5267 scriptore,
2445 5194 2698 5251 nimirum
2725 5192 3085 5260 Tertulliano,
3108 5179 3618 5268 esseicompositost

2093 5289 2348 5346 Miramur
2365 5289 2540 5359 itaque
2558 5286 2914 5344 recentiorem
2937 5286 3244 5358 quemdam,
3269 5290 3452 5360 magni
3472 5298 3623 5349 certe

2023 5384 2162 5458 apud
2205 5398 2333 5439 suos
2357 5382 2594 5441 nominis
2631 5381 2824 5450 virum,
2874 5381 2966 5453 qui
3009 5383 3264 5440 audacter
3310 5387 3622 5455 pronuntiat

2024 5478 2123 5534 sibi
2148 5476 2306 5547 plane
2333 5491 2442 5532 non
2489 5474 2659 5530 videri
2687 5473 3078 5537 Tertullianum
3120 5473 3314 5531 horum
3357 5477 3620 5536 librorum

2021 5586 2210 5627 revera
2242 5585 2362 5627 esse
2399 5576 2692 5627 auctorem.
2738 5568 2843 5626 Sed
2876 5569 3068 5640 utribus
3089 5611 3103 5637 ,
3146 5580 3322 5642 putas,
3351 5572 3621 5629 rationum

2022 5664 2347 5719 momentis?
2376 5663 2490 5718 Non
2531 5661 2652 5718 aliis
2685 5677 2839 5734 pene
2861 5677 3021 5734 quam
3072 5662 3134 5719 iis
3164 5663 3317 5736 ipsis,
3349 5665 3542 5737 quibus
3567 5666 3620 5724 ei

2024 5757 2360 5829 potissimum
2410 5757 2744 5814 vindicatur:
2796 5756 2922 5814 Non
2971 5758 3168 5814 videtur
3210 5761 3374 5830 mihi,
3425 5760 3621 5833 inquit,

2024 5864 2200 5912 auctor
2228 5868 2334 5911 esse
2365 5851 2738 5923 Tertullianus,‘
2771 5869 2874 5908 nou
2920 5855 3033 5924 ejus
3081 5855 3246 5926 stylus
3293 5863 3343 5911 st
3381 5857 3626 5926 materia,
