4092 6352
510 261 618 326 767.

1576 274 1641 331 lN
1677 271 2141 337 TERTULLIANI
2176 277 2706 343 APOLOGETICUM

3705 289 3843 353 768

507 398 622 454 quia
643 387 748 455 fere
793 383 967 440 eadem
995 400 1108 457 quae
1154 386 1208 440 in
1242 386 1546 444 Tertulliani
1595 390 1941 464 Apologrtico,
1983 393 2102 449 inde
2125 395 2179 458 A
2205 413 2350 454 sanie
2381 402 2576 457 mentis
2630 402 2794 459 homo
2833 403 2906 459 ita
2964 419 3197 477 unquam
3243 416 3648 480 argumentatus
3688 411 3843 466 est?

507 479 677 545 potius
703 479 908 544 hausta,
951 489 996 532 et
1041 496 1131 548 per
1176 482 1398 550 aliquem
1446 488 1577 555 forte
1610 483 1913 540 Tertulliani
1943 505 2104 542 temu-

489 567 635 634 ‘lum,
681 578 770 622 aut
820 570 1102 626 studiosum
1150 574 1218 626 ad
1257 590 1374 628 eunt
1413 575 1683 642 elformata
1733 578 2102 650 (IIoornbeek.

505 659 597 714 lib.
630 659 670 714 Ι.
725 661 787 716 de
811 663 1031 735 tlteolog.
1067 663 1214 719 Patr.
1246 683 1364 736 cap.
1398 669 1448 731 1,
1481 669 1508 741 §
1548 671 1629 725 10.
1660 688 1778 742 pag.
1814 674 1913 728 1οϋ
2000 672 2119 729 No?

503 765 630 806 vum
669 767 800 809 sane
823 764 880 810 et
922 756 1116 811 mirum
1151 769 1234 812 est
1279 760 1409 814 illud
1458 765 1862 833 argumentandi
1890 767 2098 835 genus!

508 843 653 901 Idem
683 848 873 919 stylus.
908 848 1083 920 inquit
1100 851 1292 908 doctus
1321 855 1412 909 ille
1438 856 1538 922 vir,
1565 867 1618 911 et
1645 859 1943 931 eademest
1963 862 2106 932 Apo-

504 935 716 1007 logeiici
743 952 798 994 et
841 940 1100 997 librorum
1151 945 1216 999 ad
1265 945 1523 1003 Nationes
1580 951 1841 1017 materia;
1893 968 2021 1024 ergo
2049 954 2104 1010 hi

505 1029 627 1086 libri
682 1048 790 1100 non
837 1049 868 1087 a
930 1035 1280 1104 Tertulliano,
1330 1040 1423 1094 sed
1479 1040 1546 1096 ab
1595 1041 1714 1112 ejus
1778 1045 1972 1099 :cmulo
2014 1056 2107 1103 aut

502 1124 746 1182 studioso
793 1129 1082 1198 compositi
1121 1142 1270 1184 sunt.
1309 1131 1536 1199 Quid.si
1587 1133 1709 1190 inde
1764 1150 1864 1190 nos
1909 1137 2104 1193 simili-

503 1227 586 1274 ter
614 1218 1002 1276 Concludamus
1030 1223 1433 1294 Apologeticum
1485 1241 1594 1280 non
1629 1228 1696 1283 ab
1746 1227 1858 1292 illo.
1892 1230 1987 1285 sed
2035 1230 2103 1287 ab

502 1312 620 1381 ejus
648 1313 844 1368 aemulo
876 1324 968 1369 aut
1020 1317 1259 1372 studioso
1301 1333 1423 1375 esse
1454 1321 1793 1375 confectum?
1835 1322 2102 1396 Numquid

505 1406 855 1475 reSpoudehit
879 1408 1021 1464 hunc
1051 1411 1243 1465 librum
1267 1411 1599 1468 Tertulliano
1624 1415 1692 1469 ab
1717 1417 1835 1472 aliis
1872 1418 2102 1489 scripto-

506 1500 656 1554 ribus
679 1500 1016 1570 adjudicari?
1048 1506 1116 1558 At
1146 1521 1244 1559 nos
1268 1507 1428 1560 etiam
1473 1523 1598 1562 mox
1627 1511 1957 1566 ostendimus
2000 1513 2101 1584 ipsi

507 1611 717 1666 quoque
745 1596 818 1650 nb‘
838 1599 958 1652 aliis
985 1597 1217 1653 adscribi
1242 1601 1361 1654 illos
1391 1602 1455 1656 ad
1487 1602 1740 1659 Nationes
1771 1605 1953 1661 libros.

576 1690 775 1745 Deinde
827 1704 954 1744 vero
1001 1691 1245 1748 eruditus
1286 1693 1373 1748 ille
1422 1695 1503 1748 vir
1543 1696 1821 1751 nobiscum
1869 1699 2097 1768 fatetur,

2209 492 2339 559 Quis
2363 509 2468 548 non
2502 495 2679 550 videat
2707 498 2775 552 ab
2805 498 2996 554 eodem
3025 502 3306 571 scriptore,
3337 501 3834 575 chronographum

2209 601 2315 642 non
2359 596 2570 656 agente,
2610 590 2711 644 dici
2746 607 2931 647 revera
2961 595 3196 662 potuisse
3248 597 3487 651 nondum
3514 613 3545 653 a
3589 598 3838 653 Christo

2208 680 2428 737 ﬂuxisse
2449 682 2558 738 200
2598 699 2787 750 annos,
2817 696 2872 740 et
2898 687 3022 741 alibi
3071 704 3242 744 annos
3265 691 3478 745 circiter
3493 690 3633 746 CLX
3665 693 3839 764 elap-

2207 789 2298 830 sos
2321 777 2485 831 esse?
2511 777 2616 832 Sed
2647 793 2745 832 nos
2773 795 2902 834 sane
2935 780 3180 848 puderet,
3213 782 3540 852 cederetque
3572 794 3677 838 tam
3720 800 3837 837 va-

2208 884 2330 923 nam
2383 871 2814 942 singularemque
2864 874 3173 943 opinionem
3233 875 3483 931 refellere
3511 915 3526 940 ,
3559 877 3659 930 nisi
3690 878 3835 948 qui-

2206 960 2329 1016 dam
2363 971 2544 1031 postea
2595 963 2734 1029 huic,
2777 981 2936 1036 quem
2981 968 3188 1037 magnis
3229 967 3475 1023 laudibus
3516 968 3828 1035 extollunt,

2208 1069 2348 1109 novo
2373 1057 2577 1111 auctori
2605 1059 2986 1129 subscripsisse
3017 1060 3343 1114 viderentur.

2806 1187 3095 1229 ARTICULUS
3149 1189 3222 1228 ιν.

2209 1283 2322 1350 Quo
2361 1296 2584 1359 tempore
2628 1289 2681 1342 hi
2734 1288 2848 1343 libri
2893 1291 3150 1361 publicam
3193 1291 3245 1344 in
3274 1289 3436 1346 lucem
3481 1291 3822 1362 prodierunt.

2275 1420 2392 1489 Quo
2413 1422 2529 1493 ipso
2552 1432 2794 1494 tempore
2822 1407 3183 1479 Tertullianus
3213 1425 3296 1480 his
3333 1426 3402 1480 ad
3449 1425 3703 1481 Nationes
3749 1427 3825 1480 li-

2203 1515 2314 1572 bris
2333 1520 2718 1585 componendis
2743 1535 2960 1588 operam
3004 1521 3234 1587 dederit,
3264 1521 3408 1576 dictu
3456 1537 3556 1578 nec
3583 1538 3823 1594 promp-

2203 1616 2314 1662 tum
2344 1623 2442 1678 nec
2473 1609 2625 1664 facile
2649 1620 2752 1666 est.
2783 1611 3039 1680 Quaadam
3067 1621 3244 1667 tamen
3272 1613 3323 1667 in
3351 1613 3431 1668 eis
3455 1614 3630 1668 aetatis
3659 1623 3822 1669 nota:

2201 1707 2365 1771 atque
2409 1699 2602 1755 indicia
2657 1702 2811 1758 nobis
2858 1717 2982 1759 sese
3010 1702 3259 1759 offerunt.
3292 1703 3474 1760 Primo
3516 1704 3714 1761 etenim
3755 1705 3816 1759 in

500 1782 644 1853 quod
667 1799 864 1855 negare
895 1801 1001 1840 non
1029 1793 1225 1856 potest,
1263 1786 1516 1842 eumdem
1541 1803 1661 1843 csse
1709 1789 1897 1844 horum
1932 1791 2098 1846 lihro-
2129 1800 2176 1861 Β
2205 1792 2340 1848 libro
2367 1792 2590 1864 legimus
2619 1793 2778 1848 latam
2808 1795 2964 1866 paulo
3004 1805 3160 1851 antea
3205 1812 3232 1849 a
3287 1796 3585 1865 Fusciano,
3639 1797 3817 1854 Urbis

499 1890 617 1930 rum
635 1887 689 1932 et
709 1877 1276 1949 Apologeticistylum.
1308 1883 1395 1944 At,
1427 1896 1524 1934 nec
1555 1880 1665 1948 ille,
1697 1897 1797 1937 nec
1835 1883 1972 1938 alius
2002 1899 2101 1938 un-

499 1986 661 2041 quam
702 1973 919 2044 negahit
967 1971 1283 2029 Tertulliani
1313 1975 1508 2047 stylum
1540 1976 1855 2048 dicendique
1882 1979 2098 2036 modum

497 2069 568 2124 ita
611 2069 710 2140 ipsi
767 2071 1040 2142 proprium
1071 2081 1127 2126 et
1174 2072 1503 2141 peculiarem
1535 2087 1689 2140 esse,
1739 2083 1796 2128 ut
1826 2076 1909 2129 vix
1937 2090 2001 2130 ac
2031 2091 2100 2134 ne

497 2162 584 2217 vis
626 2162 842 2233 quidem
885 2164 1026 2219 ullus
1099 2181 1330 2236 unquam
1394 2168 1626 2236 potuerit
1677 2168 1824 2223 illum
1880 2169 2094 2227 imitari.

497 2253 686 2311 Nonne
702 2271 832 2327 ergo
855 2257 999 2325 hinc,
1020 2265 1080 2312 ut
1104 2260 1576 2328 peritiorescritici
1599 2259 1794 2321 solent.
1826 2261 1981 2332 longe
2002 2277 2096 2331 po-

497 2349 618 2403 tiori
663 2349 784 2420 jure
813 2350 1237 2406 concludendum
1282 2359 1367 2407 est
1416 2351 1664 2407 eumdem
1709 2351 2092 2410 Tertullianum

499 2439 691 2496 horum
723 2444 883 2497 trium
911 2444 1167 2497 librorum
1201 2459 1323 2499 esse
1353 2460 1542 2499 revera
1565 2445 1887 2515 parentem?

500 2552 504 2555 ·
569 2532 736 2588 instat
779 2534 1184 2590 lloornbeekius
1211 2535 1462 2595 eamdem
1511 2546 1770 2606 praeterea
1808 2553 1928 2594 esse
1972 2537 2094 2594 illo-

497 2643 614 2683 rum
637 2631 912 2684 materiam
945 2631 1190 2701 idemque
1219 2639 1612 2700 argumentum.
1643 2631 1747 2687 Sed
1771 2633 1895 2701 quid
1925 2632 2049 2687 inde
2069 2633 2094 2684 ?

495 2719 765 2792 Numquid
813 2723 950 2777 idem
982 2721 1307 2777 christianos
1351 2735 1538 2777 auctor
1565 2723 1701 2795 duos
1742 2723 1988 2779 diversos
2025 2724 2094 2781 de

495 2815 684 2868 eodem
711 2825 1047 2884 argumento,
1077 2830 1142 2868 ac
1164 2815 1498 2885 ροιιὶςηεὶιιιιιιιι
1531 2817 1581 2868 in
1627 2815 1933 2870 christiana:
1962 2816 2092 2871 reli-

494 2910 688 2979 gionis,
737 2911 806 2965 ab
833 2911 1061 2966 ethnicis
1108 2922 1250 2966 tanta
1296 2913 1596 2983 iniquitate,
1641 2925 1842 2984 quanta
1890 2914 2091 2969 salvitia

503 3015 738 3072 vesane,
770 3004 1136 3060 defensionem
1165 3006 1331 3060 libros
1370 3005 1638 3061 conficere
1660 3047 1675 3073 ,
1724 3016 1816 3062 aut
1863 3011 2090 3078 scriptos

495 3096 836 3151 retractando
865 3097 1110 3162 reficere,
1151 3099 1444 3168 corrigere,
1473 3114 1692 3171 augere,
1722 3101 1964 3156 minuere
1983 3116 2090 3156 non

2204 1885 2476 1956 praefecto,
2504 1889 2821 1942 sententiam
2851 1889 2900 1942 in
2943 1889 3230 1960 quemdam
3282 1899 3509 1961 patrem,
3537 1890 3628 1961 qui
3674 1904 3810 1944 cum

2203 1979 2368 2034 filium
2399 1997 2551 2035 suum
2586 1996 2778 2036 recens
2817 1991 3000 2037 natum
3055 1983 3421 2054 exposuisset,
3473 1985 3659 2055 elapso
3706 1985 3814 2039 de-

2203 2069 2327 2127 hinc
2378 2081 2640 2143 tempore,
2674 2073 2775 2127 sibi
2817 2075 3043 2144 amplius
3092 2090 3198 2129 non
3247 2076 3540 2146 cognitum,
3570 2091 3600 2131 a
3631 2091 3808 2147 seque

2203 2174 2469 2234 emptum,
2523 2166 3262 2240 eonstupraverat(Tertull.
3315 2170 3404 2224 lib.
3450 2169 3490 2225 l.
3543 2171 3612 2225 ad
3662 2155 3833 2226 Nat.)

2199 2274 2313 2329 cap.
2351 2260 2466 2330 l6).
2495 2260 2654 2331 Atqui
2682 2261 3018 2331 Capitolinus
3048 2262 3294 2318 meminit
3331 2263 3600 2329 Fusciani,
3633 2264 3803 2321 Urbis

2201 2353 2462 2422 prmfeeti,
2493 2356 2578 2408 cui
2608 2355 2856 2409 Pertinax
2886 2355 3135 2425 proxime
3177 2357 3435 2412 successit
3471 2357 3490 2427 (
3513 2358 3796 2428 Capitolia.

2198 2446 2252 2499 in
2275 2445 2378 2500 vita
2410 2445 2695 2501 Pertinacis
2722 2457 2832 2515 post
2863 2448 2977 2500 init.
3004 2448 3222 2520 ).lnitio
3270 2458 3447 2504 autem
3485 2451 3611 2504 anni
3663 2450 3792 2506 195.

2199 2539 2286 2593 hic
2316 2539 2605 2607 imperator
2624 2548 2856 2605 creatus,
2888 2550 3006 2610 post
3037 2549 3144 2596 tres
3171 2542 3387 2597 circiter
3411 2557 3625 2597 menses
3649 2545 3797 2598 occi-

2196 2646 2288 2687 sus
2327 2629 2446 2686 fuit.
2477 2630 2593 2686 Non
2632 2633 2722 2686 diu
2751 2648 2879 2703 ergo
2921 2642 3044 2703 post
3072 2633 3367 2690 Pertinacis
3398 2644 3624 2692 mortem
3657 2637 3792 2692 Ter-

2197 2724 2446 2778 tullianus
2474 2725 2572 2779 hos
2601 2724 2764 2780 libros
2785 2726 3016 2781 edidisse
3044 2726 3303 2781 dicendus
3327 2737 3428 2783 est.

2265 2815 2451 2887 Neque
2495 2817 2718 2885 objicias
2755 2817 2905 2872 illum
2952 2819 3003 2872 in
3041 2819 3230 2874 eodem
3297 2819 3433 2876 libro
3470 2821 3786 2892 scripsisse:

2195 2905 2370 2962 rEtati
2410 2918 2598 2962 nostrae
2641 2908 2864 2962 nondum
2892 2911 3014 2963 anni
3052 2909 3180 2977 250,
3206 2910 3255 2966 id
3282 2923 3383 2975 est,
3426 2927 3455 2966 a
3484 2912 3789 2970 christiana:

2194 3001 2465 3072 religionis
2511 3010 2698 3057 exortu
2750 3001 3008 3068 (Tertull.
3045 3001 3130 3056 lib.
3175 3003 3214 3057 1.
3265 3005 3332 3056 ad
3377 3002 3505 3058 Nat.
3553 3021 3671 3074 cap.
3705 3003 3781 3077 7).

2195 3092 2329 3147 Nam
2381 3103 2566 3164 postea
2610 3093 2789 3149 adhuc
2847 3093 3062 3166 scripsit
3109 3113 3124 3152 :
3182 3095 3250 3150 Ut
3308 3113 3468 3168 supra
3509 3099 3783 3166 edidimus,

499 3191 707 3259 potuit?
751 3189 1030 3263 Nunquam
1061 3180 1207 3247 certe
1234 3193 1278 3247 is
1303 3232 1317 3258 ,
1359 3194 1448 3263 qui
1489 3192 1604 3248 haec
1642 3193 1796 3248 nobis
1837 3195 2090 3265 objectat,

2200 3187 2366 3240 relatis
2423 3197 2608 3241 nostra:
2669 3188 2892 3241 nondum
2971 3191 3096 3243 anni
3153 3192 3356 3244 trecenti
3409 3192 3428 3259 (
3473 3189 3610 3245 Ibid.
3665 3208 3780 3261 cap.

497 3281 630 3338 illud
676 3283 1013 3340 inliciabitur.
1053 3285 1184 3340 Nam
1212 3285 1349 3356 ipse,
1374 3287 1514 3342 sicut
1538 3287 1628 3343 alii
1659 3303 1869 3356 omnes,
1917 3290 2091 3360 palam

493 3379 780 3434 confitetur
825 3379 1212 3435 Tertullianum
1272 3381 1393 3436 libri
1441 3382 1510 3435 ad
1567 3380 1853 3454 Scapulam
1904 3398 2092 3456 verum

491 3488 614 3529 esse
639 3483 936 3534 auctorem.
963 3475 1122 3545 Atqui
1152 3474 1204 3530 in
1235 3474 1336 3531 hoc
1362 3476 1497 3530 libro
1525 3475 1666 3531 idem
1692 3486 1850 3547 atque
1879 3478 1930 3532 in
1954 3478 2093 3550 Apo-

493 3567 730 3641 logetico,
778 3583 832 3627 et
861 3572 1071 3629 duobus
1096 3574 1165 3628 ad
1193 3573 1444 3630 Nationes
1493 3575 1646 3630 libris
1691 3586 2087 3645 argumentum,

491 3661 739 3717 videlicet
759 3662 1173 3720 Christianorum
1197 3666 1528 3737 iniquissime
1542 3676 1852 3722 vexatornm
1878 3682 2085 3734 caussa,

488 3753 584 3808 sed
605 3769 726 3825 quae
754 3755 968 3812 brevius
992 3757 1186 3827 agitur.
1223 3759 1302 3812 Ad
1339 3757 1455 3813 huic
1484 3774 1614 3813 vero
1656 3759 1772 3812 libri
1804 3758 1872 3811 ad
1902 3758 2091 3828 Natio-

490 3864 601 3916 nes,
629 3849 695 3904 ad
729 3849 865 3906 alios
906 3867 1068 3922 quam
1124 3851 1498 3924 Apologeticus,
1533 3863 1586 3907 et
1621 3852 1754 3908 liber
1784 3853 1852 3906 ad
1883 3853 2088 3923 Scapu-

491 3941 596 3994 lam
622 3941 812 3997 directi
833 3951 975 3999 sunt.
1006 3943 1145 4010 Quid
1177 3959 1300 3998 vero
1331 3944 1474 4014 quod
1506 3944 1666 4014 paulo
1692 3953 1811 4016 post
1830 3944 2087 3999 deu'ions-

488 4033 748 4088 trabimus
769 4034 872 4088 alia
918 4036 1070 4106 plura
1102 4037 1154 4090 in
1186 4035 1532 4108 Apologetico,
1567 4053 1725 4107 quam
1757 4038 1809 4091 in
1846 4038 1992 4091 libris
2019 4037 2088 4090 ad

491 4125 765 4192 Nationes,
797 4143 861 4183 ac
898 4131 1016 4186 vice
1048 4146 1200 4186 versa
1251 4132 1607 4201 pertractari?
1638 4131 1877 4202 Denique
1896 4144 2084 4186 osten-

487 4217 679 4272 demus
708 4218 1094 4276 Terlullianum
1122 4221 1313 4277 validis
1357 4223 1655 4278 rationibus
1697 4222 1761 4276 ad
1794 4222 1893 4278 hos
1920 4223 2085 4279 libros

493 4319 614 4380 post
640 4313 1024 4383 Apologeticum
1069 4315 1383 4370 scribendos
1409 4315 1744 4385 compulsum
1790 4315 1974 4371 fuisse.

566 4404 729 4475 Urget
768 4416 943 4460 tamen
993 4406 1400 4463 Hoornbeekius
1447 4419 1719 4464 auctorem
1769 4409 1890 4463 libri
1927 4409 2082 4479 primi

487 4501 555 4554 ad
584 4498 834 4554 Nationes
871 4499 1072 4555 dixisse
1102 4499 1357 4555 nondum
1383 4502 1595 4571 elapsos
1617 4517 1646 4556 a
1693 4501 1911 4558 Christo
1957 4511 2083 4558 nato

2196 3279 2278 3350 5).
2324 3278 2471 3334 Nihil
2512 3295 2642 3350 ergo
2694 3281 2905 3350 penitus
2952 3292 3158 3337 eertum
3208 3291 3263 3337 et
3306 3282 3643 3352 exploratum
3698 3283 3785 3338 in-

2194 3371 2262 3426 de
2326 3372 2579 3428 concludi
2631 3381 2828 3444 potest.
2869 3373 3125 3444 Majorem
3179 3375 3455 3430 enimvero
3519 3389 3785 3431 annorum

2194 3480 2475 3520 numerum
2530 3468 2804 3536 assignare
2854 3465 2944 3522 ille
3009 3465 3194 3536 procul
3246 3465 3409 3520 dubio
3451 3465 3656 3533 maluit,
3716 3483 3786 3524 ne

2193 3559 2424 3616 ethnicis
2450 3559 2617 3615 ullum
2660 3559 2942 3614 cavillandi
2987 3560 3161 3614 locum
3209 3559 3492 3631 praeberet.
3518 3561 3784 3617 Praeterea

2193 3668 2261 3708 ex
2291 3653 2500 3708 duobus
2546 3654 2648 3708 illis
2689 3654 2930 3708 numeris
2955 3693 2971 3719 ,
3012 3654 3240 3708 nondum
3291 3655 3415 3708 anni
3464 3654 3573 3711 250
3600 3665 3652 3710 et
3678 3653 3784 3710 500

2195 3756 2299 3800 tam
2330 3745 2653 3816 disparibus,
2686 3748 2812 3818 quid
2854 3756 3060 3802 certum
3102 3747 3276 3818 eolligi
3321 3749 3534 3820 potest?
3574 3750 3628 3804 Si
3655 3751 3783 3819 quid

2191 3853 2370 3899 autem
2424 3844 2546 3898 inde
2599 3844 2853 3915 colligere
2901 3846 3054 3912 velis,
3102 3846 3251 3916 prius
3285 3845 3648 3902 definiendum
3691 3847 3783 3902 tibi

2191 3936 2314 4002 erit,
2345 3952 2452 4007 quo
2479 3932 2840 3992 Tertulliauus
2877 3952 3020 3992 anno
3061 3937 3415 4008 assignaverit
3443 3954 3567 3994 ierat
3603 3939 3782 3996 chris-

2192 4031 2349 4084 tianic
2376 4031 2605 4086 initium.

2261 4125 2511 4181 Nonnulli
2558 4125 2739 4195 itaque
2773 4125 3087 4182 existimant
3133 4127 3324 4182 horum
3356 4126 3617 4183 librorum
3647 4134 3778 4181 aeta-

2190 4228 2296 4274 tem
2320 4220 2518 4278 certius
2549 4219 2765 4288 aguosci
2806 4233 2962 4286 posse
3004 4236 3068 4273 ex
3113 4221 3231 4273 aliis
3271 4220 3410 4274 illius
3435 4220 3636 4286 verbis,
3659 4222 3781 4289 qui-

2187 4311 2288 4366 bus
2312 4311 2558 4366 ethnicos
2586 4313 2664 4366 sic
2693 4311 3030 4381 adloquitur:
3066 4310 3149 4367 Ea:
3169 4314 3306 4367 vobis
3335 4312 3623 4367 nationibus
3650 4328 3781 4382 quo-

2188 4405 2309 4459 tidie
2347 4404 2602 4471 Ctesares,
2634 4414 2682 4460 et
2741 4405 2991 4472 Parthici,
3045 4416 3091 4460 et
3141 4405 3352 4474 Medici,
3412 4417 3460 4462 et
3491 4407 3782 4463 Germanici

2185 4508 2301 4553 sunt
2351 4496 2537 4572 (Ibid.
2571 4515 2684 4569 cap.
2737 4499 2803 4554 l7
2838 4499 2878 4571 ).
2939 4501 3009 4554 At
3058 4500 3172 4554 haec
3202 4539 3218 4565 ,
3277 4501 3563 4571 inquiunt.
3616 4501 3783 4557 Cara-

483 4610 656 4652 annos
674 4596 965 4652 ducentos:
997 4597 1047 4650 in
1080 4596 1216 4651 libro
1249 4608 1427 4652 autem
1479 4597 1548 4652 de
1596 4597 1930 4669 Monogamia
1973 4599 2078 4652 cir-
2105 4590 2158 4650 D
2185 4591 2377 4646 callam
2407 4601 2672 4661 spectant,
2705 4592 2794 4661 qui
2841 4591 3122 4648 Germanis
3171 4591 3487 4663 Partliisque
3531 4592 3778 4658 devictis,

483 4691 610 4744 citer
653 4701 854 4745 centum
911 4699 955 4744 et
1010 4691 1277 4761 sexaginta
1334 4688 1586 4760 (Tertull.
1629 4691 1718 4745 lib.
1787 4692 1851 4746 de
1889 4689 2079 4746 Mono-

487 4801 626 4856 gam.
680 4799 798 4853 cap.
851 4782 954 4854 3).
1009 4781 1114 4838 Sed
1180 4782 1482 4838 levissimas
1529 4783 1766 4838 rationes
1806 4783 1907 4838 alia
1959 4783 2079 4838 lon-

483 4892 550 4948 ge
578 4878 761 4933 leviori
791 4878 1109 4933 confirmare
1155 4875 1350 4931 frustra
1402 4877 1608 4932 nititur.
1637 4876 1773 4931 Nam
1821 4878 1920 4932 etsi
1948 4893 2082 4932 con-

488 4979 657 5024 staret
700 4970 905 5024 nullum
939 4969 1278 5024 librariorum
1331 4968 1382 5022 in
1429 4969 1667 5024 numeris
1714 4968 2082 5024 describendis

484 5057 710 5117 subesse
737 5078 999 5127 errorem,
1031 5077 1094 5117 ac
1119 5070 1326 5117 certum
1367 5059 1506 5116 foret
1536 5060 1744 5115 initium
1775 5060 1964 5115 borum
1985 5077 2083 5116 an-

484 5170 677 5208 norum
704 5155 771 5209 ab
799 5155 919 5225 ipso
948 5155 1165 5210 Christo
1195 5155 1358 5219 duci;
1414 5171 1521 5209 non
1570 5154 1692 5208 inde
1733 5163 1909 5209 tamen
1948 5170 2078 5210 con-

481 5247 624 5302 cludi
682 5256 855 5314 potest
914 5247 1078 5300 libros
1131 5247 1201 5301 ad
1260 5245 1510 5301 Nationes
1577 5245 1912 5302 Tertulliano
1956 5263 2078 5302 esse

482 5340 887 5411 abjndicandos.
919 5339 974 5395 ιη
1008 5343 1123 5411 ipso
1174 5340 1440 5410 siquidem
1485 5339 1677 5395 horum
1734 5342 1907 5411 primo
1938 5342 2074 5411 legi-

481 5449 632 5488 mus:
671 5431 842 5487 /Etati
893 5443 1082 5487 nostra:
1120 5433 1347 5487 nondum
1375 5435 1496 5486 anni
1526 5433 1652 5488 CCL
1691 5434 1882 5507 (Idem
1908 5435 1996 5490 lib.
2029 5434 2073 5490 Ι.

484 5527 552 5579 ad
605 5525 823 5580 Nation.
873 5541 992 5594 cap.
1020 5526 1050 5580 7
1079 5523 1119 5596 ).
1146 5528 1223 5579 Ac
1273 5541 1381 5580 non
1432 5527 1600 5581 multo
1628 5537 1777 5596 post:
1821 5525 1888 5581 Ut
1917 5544 2076 5594 supra

481 5619 730 5674 edidimus
773 5619 936 5673 artatis
989 5628 1177 5671 nostra:
1203 5618 1428 5671 nondum
1470 5619 1593 5671 anni
1630 5619 1835 5674 trecenti
1893 5619 2072 5687 (Ibid.

480 5729 596 5782 cap.
628 5712 722 5782 9).
761 5710 1024 5780 Numquid
1056 5724 1184 5790 ergo
1239 5709 1378 5764 hunc
1432 5711 1625 5766 librum
1676 5727 1779 5765 non
1847 5711 1916 5766 ab
1969 5728 2076 5766 uno

478 5812 778 5873 eodemque
847 5812 1068 5858 auctore
1139 5799 1340 5856 editum
1413 5816 1532 5858 esse
1604 5802 1857 5859 dixeris?
1939 5803 2069 5867 Quis

2190 4686 2494 4743 Germanici
2549 4685 2888 4756 Parthicique
2917 4684 3208 4755 agnomine
3235 4698 3379 4739 anno
3402 4684 3512 4740 2l6
3558 4685 3782 4756 insigni-

2187 4788 2274 4833 tus
2300 4789 2400 4834 est.
2429 4777 2544 4834 Non
2567 4778 2708 4832 male
2734 4778 2948 4848 quidem
2971 4817 2987 4842 ,
3016 4778 3058 4831 si
3089 4776 3377 4833 Caracallze
3405 4777 3504 4832 soli
3543 4777 3659 4832 lucc
3684 4778 3782 4833 lto-

2188 4877 2334 4930 noris
2362 4874 2678 4943 cognomina
2703 4872 2824 4926 data
2854 4871 3100 4927 fuissent.

2257 4967 2462 5022 Clarius
2489 4982 2616 5036 ergo
2644 4965 2834 5019 horum
2868 4963 3125 5018 librorum
3161 4971 3372 5018 aetatem
3402 4962 3636 5018 indicant
3661 4961 3779 5018 lucc

2186 5059 2563 5129 subsequentia
2602 5057 2856 5111 'Auctoris
2910 5055 3077 5109 nostri
3130 5054 3290 5109 verba
3338 5054 3564 5108 :Adlntc
3607 5054 3778 5124 Syrica

2180 5153 2480 5207 cadauerum
2518 5148 2756 5205 odoribus
2797 5147 3029 5218 spirant;
3071 5147 3238 5201 adhuc
3287 5146 3470 5201 Gallia:
3521 5146 3774 5202 Rhodano

2179 5264 2271 5302 suo
2321 5247 2492 5300 lauant
2557 5243 2740 5312 (Ibid.
2776 5241 2814 5314 ).
2873 5241 3004 5295 Nam
3091 5242 3160 5296 ibi
3216 5241 3559 5311 proculdubio
3624 5241 3772 5296 desi-

2182 5349 2413 5412 gnanlur
2452 5338 2783 5394 Pescennius
2827 5334 3007 5406 Niger,
3054 5345 3108 5390 et
3148 5334 3370 5390 Clodius
3397 5335 3638 5395 Albinus,
3681 5333 3775 5404 qui

2181 5449 2300 5489 cum
2332 5450 2360 5486 a
2390 5430 2589 5486 Severo
2635 5428 2962 5499 imperatore
2989 5426 3332 5491 defecissent,
3380 5425 3469 5481 ille
3515 5427 3564 5479 in
3595 5425 3772 5497 Syria,

2181 5525 2268 5580 hic
2293 5523 2346 5579 in
2377 5522 2567 5583 Gallia,
2595 5536 2714 5576 cum
2745 5521 2856 5576 suis
2890 5519 3057 5588 copiis
3084 5516 3343 5587 profligati
3383 5519 3614 5587 cmsique
3653 5518 3774 5574 fue-

2179 5625 2324 5671 runt.
2349 5614 2509 5685 Atqui
2529 5613 2662 5680 haec,
2683 5628 2804 5683 qua:
2832 5612 2883 5666 in
2905 5609 3143 5680 ejusdem
3169 5608 3478 5663 Tertulliani
3504 5609 3776 5680 Apologe.

2181 5710 2286 5764 tico
2315 5715 2702 5769 memorantur,
2729 5706 3069 5774 contigerunt
3095 5716 3237 5756 anno
3270 5700 3394 5763 194,
3417 5701 3498 5756 vel
3533 5701 3660 5768 195,
3682 5711 3778 5758 aut

2181 5803 2358 5874 potius
2394 5815 2536 5856 anno
2583 5799 2708 5868 l97,
2750 5797 2907 5857 sicuti
2953 5809 3114 5864 supra
3158 5792 3325 5849 fusius
3388 5791 3796 5863 explicavimus-
