4092 6352
312 312 423 372 res
1462 308 1911 370 DISSEBTATIO
1946 308 2010 368 υ.
2050 309 2139 375 LE
2175 308 2477 371 noonnr.
3504 292 3613 374 πο

240 426 243 427 ⁷
314 431 504 502 (Supr.
534 445 651 500 cap.
680 428 733 485 3.
762 434 863 486 art.
892 426 973 499 2).
1008 425 1173 487 Paulo
1198 425 1361 498 igitur
1386 435 1507 498 post
1542 426 1685 484 hunc
1710 443 1910 484 annum
1937 426 1993 488 Α
2014 444 2123 496 vos,
2150 447 2301 501 quant
2327 429 2650 502 insequimini
2673 429 2741 484 ad
2771 428 3190 502 expugnationem
3212 431 3449 499 nominis,
3483 434 3617 489 edite

314 519 417 578 hos
439 520 802 578 Tertullianus
828 520 896 577 ad
932 518 1191 577 Nationes
1219 518 1408 591 libros,
1439 520 1579 577 sicut
1604 520 1914 593 Apologeti-
2017 526 2277 580 rationem
2328 521 2569 596 (Tertull.
2640 524 2728 578 lib.
2771 522 2816 578 Ι.
2871 525 2940 579 ad
2989 523 3117 581 Nat.
3180 543 3298 597 cap.
3342 528 3424 597 3).
3474 527 3617 584 Nihil

312 628 437 672 cum
465 613 770 685 divulgasse
793 612 1056 670 dicendus
1083 622 1187 672 est.

386 707 615 777 Quidam
674 722 804 764 vero
854 723 923 763 ex
975 707 1431 778 subsequentibus
1486 707 1631 763 illius
1677 705 1856 762 verbis
1899 724 1913 761 :

274 788 625 873 'Tentporum
670 801 891 871 qualitas
935 800 1156 859 γοῦνα..
1226 802 1301 857 ris
1368 802 1684 873 antiquitatis
1742 815 1921 872 exege-

316 895 384 951 rit
446 895 653 966 ingenia
705 894 918 950 duriora
960 911 980 949 :
1025 905 1077 949 at
1123 910 1259 949 nunc
1301 894 1644 966 tranquillitas
1680 894 1821 965 pacis
1872 902 1920 948 et

316 988 522 1061 ingenia
561 989 764 1043 mitiora
817 987 980 1060 (Ibid.
1016 1003 1133 1059 cap.
1164 985 1278 1060 18.)
1305 1029 1321 1056 ,
1359 987 1688 1042 arbitrantur
1728 984 1920 1043 conﬁci

316 1093 480 1151 posse
520 1079 638 1135 bare
665 1080 734 1135 ab
762 1080 853 1136 illo
883 1079 1100 1145 tradita,
1140 1095 1262 1135 cum
1288 1078 1582 1135 Christiani
1623 1079 1724 1135 sub
1769 1077 1922 1134 initio

317 1173 530 1245 imperii
555 1173 744 1231 Severi
776 1182 959 1245 optata
986 1174 1136 1246 pacis
1165 1183 1223 1230 et
1245 1174 1342 1230 otii
1372 1172 1758 1245 tranquillitate
1785 1172 1925 1228 fruc-

318 1279 528 1325 reutur.
555 1272 625 1324 At
649 1268 881 1324 Severus
904 1268 996 1326 ille
1023 1270 1452 1339 persecutionem
1481 1268 1533 1323 in
1559 1282 1654 1324 eos
1674 1267 1926 1323 excitavit

320 1357 461 1415 datis
487 1374 628 1414 anno
654 1358 763 1415 202
787 1359 997 1415 edictis.
1024 1360 1198 1416 Antea
1222 1359 1384 1432 igitur
1409 1358 1774 1416 Tcrtullianns
1802 1357 1921 1427 bos,

322 1451 588 1525 inquiunt,
620 1451 786 1507 libros
816 1453 1143 1508 confecerat.

395 1545 502 1602 Sed
521 1545 1053 1602 animadvertendum
1076 1556 1159 1602 est
1185 1545 1332 1602 illum
1353 1546 1437 1603 his
1456 1545 1638 1603 verbis
1653 1544 1927 1602 induxisse

322 1636 591 1706 ethnicos,
625 1653 907 1709 perperam
930 1638 1247 1709 objicientes
1269 1638 1487 1694 duriora
1513 1637 1680 1695 fuisse
1705 1653 1927 1694 suorum

324 1714 554 1803 ingenia
570 1731 857 1801 majorum,
880 1732 967 1801 qui
993 1730 1060 1786 ad
1079 1730 1349 1802 quoslibet
1363 1730 1527 1786 etiam
1551 1729 1928 1787 acerbissimos

2020 616 2161 672 enim
2215 615 2287 671 ibi
2354 616 2554 672 diserte
2606 616 2888 687 pollicetur
2955 633 2983 671 a
3043 634 3103 675 se
3142 618 3396 691 deinceps
3447 637 3615 692 agen-

2019 705 2171 772 dum,
2196 707 2290 763 sed
2312 724 2424 763 rem
2450 708 2618 779 ipsam
2643 724 2674 764 a
2704 723 2763 765 se
2789 708 2920 764 satis
2945 709 3261 781 explicatam
3274 698 3617 784 'signilicasse

2020 800 2177 857 nobis
2201 799 2432 856 videtur.

2093 893 2164 947 At
2190 892 2506 949 clarioribus
2531 893 2769 965 profecto
2797 894 2975 951 verbis
2999 895 3228 968 spondet
3256 896 3368 954 lore
3404 907 3462 954 ut
3491 898 3620 956 alibi

2023 984 2320 1058 longiorem
2344 986 2586 1042 instituat
2607 986 2675 1043 de
2696 986 2870 1042 lutura
2888 1002 3172 1058 corporum
3198 991 3616 1060 resurrectione,

2023 1077 2348 1149 mternisque
2388 1078 2662 1134 hominum
2709 1086 2828 1151 post
2871 1090 3099 1136 mortem
3129 1091 3221 1137 aut
3255 1084 3488 1153 praemiis
3528 1092 3624 1142 aut

2024 1172 2199 1246 pmnis
2241 1171 2678 1243 disputationem.
2728 1172 2881 1230 Hunc
2925 1173 3068 1230 enim
3131 1174 3224 1230 ille
3275 1175 3510 1247 loquitur
3566 1178 3620 1233 in

2026 1267 2244 1323 modum
2279 1284 2294 1322 :
2334 1265 2626 1322 Viderimus
2663 1267 2727 1323 de
2770 1268 2875 1338 ﬁde
2919 1268 3153 1337 istorum,
3200 1272 3323 1324 dum
3350 1287 3464 1335 .suo
3510 1271 3623 1328 loco

2026 1359 2345 1432 digerantur,
2389 1358 2555 1430 (Ibid.
2594 1377 2711 1433 cap.
2777 1360 2898 1432 7),
2952 1360 3005 1417 id
3049 1370 3133 1417 est
3164 1382 3199 1428 ,ί
3229 1363 3444 1433 scriptis
3511 1373 3624 1421 tra-

2027 1452 2201 1511 denda
2260 1454 2617 1526 disponuntur
2671 1464 2726 1510 et
2783 1466 3171 1526 praeparantur.
3214 1455 3441 1513 Ubinam
3495 1472 3626 1513 vero

2029 1547 2133 1604 hoc
2194 1547 2284 1603 ille
2330 1546 2589 1605 adversus
2629 1546 2965 1603 etlmicormn
3016 1548 3244 1617 ineptias
3294 1548 3519 1621 digessit
3563 1563 3627 1605 ac

2030 1638 2284 1695 tradidit?
2320 1636 2437 1695 Non
2480 1640 2532 1694 in
2575 1639 2657 1694 his
2687 1638 2905 1711 quidem
2937 1638 3005 1694 ad
3044 1638 3297 1696 Nationes
3330 1640 3501 1706 libris,
3530 1639 3627 1696 sed

2029 1732 2131 1789 sub
2171 1733 2330 1789 tinem
2358 1731 2688 1805 Apologetici
2729 1732 2832 1798 sui,
2862 1747 3019 1803 quem
3051 1734 3227 1803 potius
3269 1748 3427 1805 quam
3462 1733 3627 1790 alium

324 1826 597 1882 cruciatus
627 1825 886 1896 patienter
914 1823 1168 1880 ferendos
1194 1823 1494 1895 comparati
1538 1823 1710 1893 magis
1751 1831 1927 1891 erant,
1958 1828 2007 1891 Β
2034 1827 2228 1884 librum
2255 1827 2568 1899 designasse
2598 1826 2739 1884 haud
2764 1828 3034 1885 immerito
3058 1826 3626 1903 dixeris(ldem,Apo-

324 1936 484 1992 quam
510 1920 600 1976 alii
630 1920 806 1975 artatis
827 1934 939 1974 sua:
971 1918 1239 1985 homines,
1271 1934 1501 1989 quorum
1542 1918 1754 1989 ingenia
1783 1925 1930 1972 trau-

325 2010 563 2083 quillitas
602 2010 750 2082 pacis
796 2019 851 2066 et
880 2009 975 2066 otii
1011 2009 1221 2064 mitiora
1268 2007 1598 2064 reddiderat.
1648 2006 1707 2064 Si
1753 2016 1931 2063 tamen

327 2101 445 2159 haec
492 2102 606 2174 ipsa
646 2101 898 2158 Auctoris
940 2102 1109 2157 nostri
1153 2100 1313 2158 verba
1355 2100 1422 2157 de
1453 2116 1579 2156 vera
1627 2099 1935 2156 christiana:

327 2194 591 2253 Ecclesia:
619 2210 750 2267 pace
778 2194 1119 2266 intelligenda
1147 2208 1270 2250 esse
1295 2192 1609 2261 contendas,
1640 2207 1706 2249 ac
1734 2192 1934 2264 proba.

329 2290 503 2360 veris,
547 2288 691 2345 ultro
734 2286 830 2344 tibi
870 2287 1248 2344 assentiemur.
1292 2285 1504 2342 lulicias
1544 2301 1704 2343 nemo
1755 2296 1937 2342 tamen

331 2384 430 2442 ibit
458 2401 523 2441 ex
561 2382 811 2455 superius
839 2380 996 2438 dictis
1024 2381 1224 2437 certius
1249 2380 1428 2450 colligi
1456 2379 1558 2435 bos
1583 2380 1652 2434 ad
1684 2377 1937 2434 Nationes

332 2476 502 2534 libros
542 2486 599 2533 et
634 2475 1018 2547 Apologeticam
1056 2489 1164 2529 non
1217 2472 1388 2528 multo
1423 2480 1543 2543 post
1580 2485 1782 2527 annum
1812 2470 1935 2526 197.

332 2570 601 2642 publicam
628 2567 841 2623 venisse
861 2566 913 2621 iu
941 2566 1136 2622 lucem.
1172 2565 1400 2635 Quinam
1433 2573 1619 2620 autem
1646 2579 1713 2620 ex
1742 2564 1809 2619 iis
1831 2564 1942 2635 pri-

336 2677 484 2718 mum
514 2659 833 2733 prodierint,
863 2658 966 2714 alia
991 2668 1074 2715 est
1101 2659 1240 2715 inter
1269 2658 1510 2715 eruditos
1546 2656 1938 2726 controversia,

332 2751 445 2827 jam
473 2770 503 2809 a
534 2755 686 2810 nobis
707 2753 1047 2810 excutienda.

966 2885 1256 2928 Αιιτιςυιυε
1294 2886 1345 2925 V.

340 3007 524 3065 Utrum
545 3006 597 3063 hi
619 3007 720 3063 duo
740 3005 807 3062 ad
836 3004 1085 3085 Nationes
1104 3005 1220 3061 libri
1240 3022 1358 3062 ante
1378 3006 1454 3060 vel
1483 3014 1598 3077 post
1629 3003 1944 3061 Tertulliani

730 3100 769 3154 Α
778 3097 1117 3171 pologcticum
1139 3099 1317 3169 scripti
1340 3097 1552 3169 fuerint.

2035 1922 2188 1995 leget.
2218 1939 2337 1992 cap.
2369 1920 2439 1978 48
2474 1932 2522 1978 et
2551 1922 2664 1993 49).

2107 2015 2243 2072 Tum
2292 2015 2512 2084 deinde,
2545 2016 2634 2073 ubi
2685 2015 2820 2073 alias
2873 2017 3252 2084 ethnicorum,
3308 2017 3631 2076 christianos

2034 2108 2211 2165 omnis
2259 2108 2488 2180 publica:
2525 2108 2693 2165 cladis
2738 2125 2986 2166 caussam
3037 2126 3160 2167 esse
3207 2111 3630 2181 clamitantium,

2036 2201 2330 2258 calumnias
2396 2201 2594 2259 refellit
2644 2220 2658 2257 :
2707 2201 3079 2270 Postmodum,
3137 2204 3243 2271 ait,
3296 2203 3635 2260 obtundentur

2038 2295 2352 2365 expositione
2380 2297 2530 2352 totius
2569 2307 2757 2352 nostra
2785 2297 3073 2369 disciplinae
3115 2296 3311 2369 (Idem,
3357 2298 3474 2353 libr.
3505 2297 3545 2373 ι,
3567 2298 3636 2352 ad

2042 2387 2259 2444 Nation.
2321 2406 2438 2461 cap.
2510 2390 2625 2462 10).
2676 2389 2771 2468 Dic
2825 2400 3047 2459 autem,
3100 2392 3326 2449 obsecro
3358 2435 3375 2461 ,
3420 2392 3638 2449 ubinam

2042 2480 2134 2537 ille
2162 2480 2228 2537 ad
2271 2481 2552 2540 dilu‘eudas
2578 2484 2740 2540 hasce
2762 2477 3041 2556 gentilium
3073 2485 3474 2542 criminationes
3502 2486 3641 2543 hanc

2042 2570 2388 2631 christianum
2419 2574 2720 2632 doctrinam
2754 2578 3024 2648 exposuit.
3052 2577 3170 2634 Non
3200 2580 3251 2655 in
3276 2577 3359 2651 his
3387 2589 3536 2636 certe
3572 2579 3640 2636 ad

2042 2665 2302 2724 Nationes
2332 2668 2502 2734 libris,
2534 2670 2628 2726 sed
2653 2670 2704 2725 in
2736 2670 2978 2742 pluribus
3007 2671 3344 2743 Apologetici
3369 2672 3640 2745 capitulis,

2047 2761 2124 2815 uti
2147 2761 2228 2815 vel
2250 2777 2317 2815 ex
2342 2760 2455 2815 sola
2479 2770 2643 2834 patet.
2674 2778 2832 2834 quam
2857 2779 3017 2834 supra
3048 2765 3315 2832 dedimus,
3343 2764 3502 2837 hujus
3520 2764 3644 2824 libri

2046 2853 2248 2925 analysi
2279 2852 2470 2925 (Idem,
2511 2853 2780 2928 Apologet.
2806 2872 2923 2927 cap.
2958 2857 3048 2924 l7,
3079 2857 3149 2913 18
3196 2866 3242 2912 et
3267 2856 3429 2931 seqq).

2119 2943 2386 3001 Prmterea
2416 2945 2699 3017 pollicetur
2724 2962 2783 3004 se
2809 2947 3098 3019 aliquando
3128 2949 3480 3022 probaturum
3511 2951 3645 3009 falsa

2047 3051 2170 3093 esse
2198 3037 2266 3093 de
2312 3038 2422 3094 Deo
2468 3054 2576 3095 non
2617 3039 2778 3095 modo
2821 3042 3160 3098 ethnicorum
3202 3054 3502 3114 poetarum,
3548 3044 3646 3117 sed

2049 3130 2321 3187 divinandi
2342 3134 2503 3188 etiam
2530 3141 2701 3189 artem
2728 3136 3093 3206 prolitentium
3120 3136 3442 3193 documenta
3466 3156 3481 3193 :
3508 3137 3649 3195 Deli-

408 3239 512 3308 Qui
557 3237 692 3293 duos
729 3235 796 3292 ad
846 3235 1101 3292 Nationes
1146 3236 1317 3301 libros
1368 3245 1489 3306 post
1533 3230 1935 3306 Apologeticum
1962 3222 2009 3288 C
2040 3214 2212 3277 bunda
2246 3224 2400 3291 enim,
2445 3225 2615 3296 inquit
2653 3226 2764 3292 ille,
2783 3244 2919 3283 nunc
2938 3216 3009 3283 est
3034 3230 3226 3300 species
3247 3232 3368 3297 ista,
3385 3232 3532 3302 cujus
3553 3247 3646 3287 suo

338 3332 571 3401 scriptos
591 3328 755 3384 fuisse
773 3338 1072 3394 autumant,
1103 3327 1155 3382 hi
1177 3326 1388 3381 ratione
1415 3325 1610 3396 triplici
1632 3325 1939 3395 Opinionem

339 3437 493 3478 suam
536 3420 776 3476 stabilire
822 3429 1105 3475 conantur.
1139 3417 1319 3473 l’rimo
1344 3416 1486 3472 enim
1532 3416 1939 3487 Apologoticum

340 3529 485 3570 anno
508 3512 722 3569 circiter
757 3509 1148 3575 ducentesimo,
1180 3518 1342 3580 atque
1374 3509 1526 3565 initio
1554 3520 1838 3565 commota:
1871 3508 1940 3565 ab

341 3610 665 3676 imperatore
681 3603 883 3661 Severo
900 3600 1502 3660 adversustristianos
1529 3598 1938 3673 persecutionis,

342 3700 543 3757 editum
585 3701 962 3772 suSpicantur;
1006 3698 1174 3755 libros
1220 3708 1400 3754 autem
1447 3699 1513 3754 ad
1540 3696 1795 3754 Nationes
1829 3698 1943 3769 jam

343 3804 596 3867 provecto
619 3790 906 3850 Caracallae
958 3793 1206 3864 imperio,
1235 3802 1288 3848 et
1326 3802 1606 3863 postquam
1636 3791 1725 3847 hic
1768 3792 1960 3863 impe—‘

336 3898 490 3944 rator
554 3885 786 3942 Parthici
863 3884 1275 3955 Germanicique
1365 3890 1560 3941 nomen
1626 3886 1944 3956 accepisset.

345 3981 543 4038 Verum
570 3983 678 4054 jam
707 3981 1035 4039 ostendimus
1060 3990 1249 4036 nutare
1278 3980 1487 4051 penitus
1514 3979 1735 4050 hujusce
1764 3987 1945 4051 poste-

344 4077 503 4134 rioris
526 4076 595 4133 de
623 4075 895 4133 Caracalla
925 4074 1239 4132 assertionis
1270 4074 1705 4131 fundamentum.

416 4170 659 4226 Secunda
688 4170 897 4225 illorum
925 4170 1061 4226 ratio
1087 4180 1191 4232 est,
1215 4168 1642 4225 Christianorum
1674 4167 1945 4224 defensio-

344 4276 492 4329 nem,
524 4277 644 4332 qna:
673 4269 840 4315 totum
866 4270 921 4315 et
948 4260 1288 4331 Apologetici
1312 4269 1368 4317 et
1393 4259 1655 4315 librorum
1678 4259 1743 4315 ad
1770 4256 1949 4315 Natio-

346 4369 445 4411 nes
483 4353 858 4424 complectitur
886 4362 1286 4422 argumentum,
1337 4352 1549 4423 plenius
1590 4353 1643 4408 in
1677 4352 1760 4407 his
1787 4368 1947 4424 quam

347 4447 404 4502 iu
429 4445 522 4501 illo
546 4446 880 4515 pertramari.
913 4445 1018 4501 Sed
1048 4461 1075 4498 a
1100 4445 1252 4501 nobis
1282 4456 1470 4518 postea
1494 4445 1951 4502 demonstrabitur

348 4554 509 4612 quam
536 4553 664 4593 vero
695 4553 881 4607 parum
913 4538 1102 4593 similis
1129 4540 1198 4593 sit
1225 4538 1342 4594 [nec
1370 4539 1699 4609 conjectura.

2043 3315 2154 3371 loco
2196 3316 2329 3371 ratio
2381 3318 2621 3374 reddetur
2645 3318 2837 3393 (Idem,
2861 3321 2948 3377 lib.
2980 3321 3046 3377 Il.
3097 3322 3166 3377 ad
3216 3321 3370 3386 Nat..
3399 3341 3517 3395 cap.
3551 3325 3634 3396 5).

2042 3407 2161 3477 Quo
2192 3425 2322 3483 ergo
2370 3410 2423 3466 iu
2473 3411 2609 3467 libro
2654 3413 2819 3480 illam,
2866 3430 2967 3485 qua
3015 3415 3289 3487 gentilium
3331 3417 3525 3488 ineptae
3552 3433 3644 3474 ac-

2044 3502 2349 3559 cusationes
2374 3496 2765 3577 redarguantur
2794 3507 3027 3563 reddidit
3050 3510 3351 3565 rationem?
3374 3509 3560 3567 Nonne
3589 3512 3641 3569 in

2045 3596 2414 3668 Apologetico,
2446 3599 2536 3653 ubi
2562 3614 2680 3654 eam
2709 3599 2826 3656 l‘use
2850 3603 3170 3674 esplicatam
3200 3603 3431 3676 legimus
3453 3603 3646 3676 (Idem,

2045 3687 2336 3761 Apologct.,
2363 3706 2481 3761 cap.
2521 3691 2584 3746 2|
2618 3703 2663 3746 et
2688 3691 2827 3764 2:)?

2118 3782 2256 3850 Quid
2284 3776 2478 3853 plura?
2508 3782 2606 3840 Ubi
2636 3785 2725 3842 ille
2752 3802 2940 3843 rursus
2967 3787 3264 3858 gentilium.
3294 3788 3385 3862 qui
3415 3787 3598 3845 infanti
3620 3818 3647 3831 -

2047 3876 2172 3932 cidii
2205 3876 2538 3933 Christianos
2568 3878 3032 3949 impudentissime
3070 3883 3435 3952 postulabant,
3484 3884 3651 3941 auda-

2048 3971 2186 4027 ciam
2229 3973 2484 4038 retundit,
2518 3974 2635 4030 illos
2672 3974 2758 4032 his
2782 3976 3073 4046 compellat
3114 3977 3294 4033 verbis
3326 3993 3342 4037 :
3387 3976 3484 4035 Vos
3512 3980 3557 4035 si
3587 3986 3650 4037 de

2049 4067 2291 4122 memoria
2312 4068 2542 4123 abierunt
2561 4071 3071 4146 quwcrcdeltominis.
3089 4087 3299 4145 quaeque
3316 4073 3654 4146 infanticidiis

2051 4161 2373 4234 transegisse,
2405 4166 2774 4234 recognoscatis
2798 4182 2895 4220 suo
2923 4140 3122 4222 ordt’ne.
3157 4165 3207 4221 Ν
3214 4184 3314 4222 unc
3339 4170 3472 4223 enim
3502 4167 3653 4237 diﬁc.

2050 4258 2211 4311 rimus
2250 4258 2507 4331 pleraque,
2550 4275 2612 4314 ne
2651 4261 2827 4315 eadem
2869 4260 3133 4316 videantur
3155 4263 3340 4332 ubique
3369 4271 3653 4319 retractare
3730 4290 3737 4291 ί

2051 4347 2192 4420 (Lib.
2276 4349 2339 4407 ll.
2411 4352 2482 4405 ad
2555 4351 2797 4421 Nation.,
2838 4360 2970 4426 ‘cap.
3030 4354 3146 4426 l5).
3197 4355 3363 4413 Vides
3414 4358 3656 4430 profecto

2054 4441 2126 4498 ibi
2175 4443 2282 4499 duo
2310 4445 2379 4499 ab
2408 4438 2640 4503 AuctOre
2681 4459 2865 4504 nostro
2908 4448 3110 4506 diserte
3137 4451 3424 4507 enuntiari.
3476 4451 3655 4508 Primo

2053 4533 2518 4606 quidem'plenius
2560 4553 2590 4592 a
2625 4552 2685 4593 se
2723 4539 2842 4617 ipso
2890 4540 3367 4598 demonstrandum
3416 4544 3645 4615 gentiles

368 4706 371 4710 π
420 4630 659 4689 Tertiam
702 4629 965 4685 rationem
1009 4640 1229 4687 sumunt
1269 4647 1338 4687 ex
1383 4633 1560 4688 verbis
1598 4643 1651 4689 et
1694 4631 1947 4703 periodis,
1972 4622 2028 4683 D
2056 4625 2327 4683 homicidii
2364 4637 2524 4698 atque
2562 4628 2879 4687 infanticidii
2909 4646 3030 4688 esse
3076 4649 3220 4689 reos.
3255 4635 3413 4705 Atqui
3465 4634 3517 4690 id
3563 4635 3652 4694 ille

351 4723 443 4796 qui
481 4721 602 4778 aliis
644 4730 936 4777 occurrunt
978 4723 1031 4776 in
1070 4721 1240 4788 libris,
1276 4737 1412 4792 quos
1448 4721 1809 4778 Tertulliauus
1835 4731 1957 4792 post

349 4832 505 4873 suam
551 4813 619 4871 ad
644 4814 995 4870 Moutanistas
1043 4807 1398 4871 deiectionem
1443 4814 1751 4887 divulgavit.
1791 4816 1955 4884 Quasi

352 4927 480 4967 vero
505 4927 604 4968 nec
630 4909 733 4966 alia
775 4910 859 4965 his
898 4925 1115 4982 quoque
1152 4909 1347 4965 similia
1374 4911 1712 4980 reperiantur
1753 4911 1807 4967 in
1837 4911 1958 4968 aliis

353 5002 472 5075 ejus
498 5003 675 5072 libris,
701 5018 763 5059 ac
788 5003 1083 5074 prmsertim
1104 5002 1483 5074 Apologetieo,
1512 5002 1600 5057 ubi
1624 5002 1781 5075 longe
1805 5004 1957 5077 plura

354 5095 545 5153 eadem
566 5107 725 5167 atque
746 5096 799 5152 iu
829 5096 980 5153 libris
1007 5096 1072 5152 ad
1099 5095 1356 5153 Nationes
1384 5112 1672 5154 occurrere
1700 5099 1956 5155 fatentur.

427 5188 597 5259 Quam
625 5188 835 5245 inﬁrma
860 5198 1037 5245 autem
1076 5188 1197 5246 hmo
1226 5189 1494 5246 rationum
1526 5199 1818 5258 momenta,
1850 5199 1957 5246 tam

353 5279 532 5338 valida
550 5280 703 5336 nobis
720 5280 965 5338 videntur
982 5282 1108 5351 alia,
1139 5298 1256 5354 quae
1277 5298 1339 5337 ex
1362 5280 1447 5337 his
1474 5282 1603 5352 ipsis
1619 5281 1684 5336 ad
1702 5281 1960 5339 Nationes

354 5375 506 5433 libris
523 5374 635 5431 erui
660 5385 902 5446 possunt.
928 5374 986 5430 lu
1010 5375 1094 5430 his
1123 5374 1387 5445 siquidem
1420 5391 1525 5431 nun
1552 5375 1717 5430 semel
1744 5373 1959 5431 Tertul-

353 5470 528 5526 lianus
557 5469 818 5541 promittit
846 5469 1010 5525 multa
1038 5484 1098 5526 se
1124 5468 1252 5524 alibi
1282 5468 1701 5540 explicaturum.
1731 5466 1809 5525 Ne
1827 5483 1957 5525 vero

352 5561 555 5634 aliquid
579 5561 727 5618 dubii
754 5572 809 5618 et
838 5562 1027 5617 incerti
1051 5560 1279 5631 proferri
1310 5562 1525 5633 quidam
1553 5571 1871 5639 causentur,
1892 5577 1957 5618 ea

354 5670 462 5711 non
490 5655 818 5726 urgebimus,
850 5670 971 5726 quae
998 5653 1378 5721 Tertulliauus,
1403 5664 1685 5727 postquam
1715 5654 1960 5726 probavit

355 5745 689 5804 Christianos
720 5748 792 5805 ob
821 5763 977 5804 suum
1016 5747 1275 5803 duntaxat
1316 5763 1511 5804 nomen
1543 5749 1750 5814 vexari,
1783 5749 1957 5805 conti-

354 5826 547 5899 nenter
562 5839 768 5902 addidit
792 5858 804 5898 :
830 5838 937 5898 Sed
962 5840 1211 5901 dunth
1242 5845 1375 5900 ratio
1396 5858 1489 5902 suo
1517 5840 1629 5900 loco
1654 5841 1957 5915 ostenditur,

1966 6016 2021 6045 χ

2059 4719 2247 4776 nullibi
2320 4720 2488 4776 fusius
2544 4738 2703 4793 quam
2786 4723 2839 4779 iu
2894 4724 3248 4797 Apologetico
3298 4726 3655 4784 demonstrat.

2059 4810 2306 4868 Secundo
2349 4813 2528 4883 palam
2559 4814 2799 4871 declarat
2835 4816 3001 4873 multa
3038 4831 3099 4874 se
3126 4818 3422 4887 distulisse,
3458 4818 3585 4876 alibi
3628 4837 3660 4877 a

2060 4920 2121 4962 se
2145 4904 2314 4982 fusius
2339 4905 2690 4977 ettucleanda,
2721 4925 2790 4965 ne
2812 4909 3003 4965 eadem
3032 4909 3152 4964 aliis
3181 4910 3234 4966 in
3267 4909 3414 4967 libris
3442 4925 3659 4984 repete.

2059 5008 2162 5064 ret,
2207 5012 2271 5055 ac
2311 5008 2651 5057 retractaret.
2699 5001 2805 5058 Sed
2845 5001 2958 5069 ubi,
3002 5016 3205 5073 quaeso,
3248 5002 3363 5060 haec
3401 5003 3661 5062 adversus

2060 5091 2286 5165 gentiles
2312 5093 2551 5160 uberius,
2579 5108 2739 5164 quam
2766 5096 2819 5150 in
2847 5094 3197 5166 Apologetico
3224 5094 3557 5166 disputavit?

2133 5186 2265 5254 Quis
2291 5201 2441 5258 ergo,
2480 5187 2546 5243 iis
2593 5186 2864 5250 omnibus,
2907 5202 3029 5257 qua:
3071 5187 3374 5251 retulimus,
3415 5200 3664 5247 accurate

2062 5282 2334 5349 expensis,
2368 5297 2475 5336 non
2507 5281 2760 5338 fatebitur
2802 5279 3190 5337 Tertullianum
3213 5324 3230 5350 ,
3259 5298 3381 5338 cum
3436 5283 3538 5339 hos
3596 5282 3666 5339 ad

2061 5374 2318 5432 Nationes
2348 5375 2515 5431 libros
2543 5374 2817 5442 exorabat,
2862 5389 2961 5430 nos
2998 5375 3067 5431 ad
3092 5391 3246 5431 suum
3276 5377 3490 5433 misisse
3518 5379 3665 5449 Apo-

2057 5468 2341 5541 logeticum
2388 5483 2547 5539 quem
2592 5478 2702 5523 tum
2746 5466 3011 5524 coniicere
3062 5468 3421 5524 meditabatur
3454 5468 3474 5543 (
3499 5468 3663 5540 Supr.

2061 5578 2177 5634 cap.
2209 5563 2263 5618 5.
2308 5569 2406 5614 art.
2440 5558 2536 5631 l)?
2566 5559 2722 5615 Prius
2752 5559 2912 5630 igitur
2946 5559 3067 5616 libri
3101 5561 3168 5616 ad
3198 5560 3476 5621 Nationes.
3505 5577 3665 5631 quant

2061 5655 2441 5727 Apologeticus
2486 5653 2554 5710 ab
2609 5653 2702 5708 illo
2741 5652 2873 5710 editi
2914 5663 3055 5710 sunt.
3106 5656 3180 5711 At
3220 5671 3289 5712 ex
3338 5657 3605 5727 assignata
3634 5672 3665 5712 a

2061 5748 2219 5804 nobis
2246 5747 2401 5818 hujus
2431 5755 2590 5803 actate
2615 5746 2748 5802 satis
2777 5756 2963 5818 aperte
2987 5747 3168 5821 colligi
3192 5757 3367 5820 potest
3397 5748 3566 5814 illum,
3595 5750 3664 5808 ad

2060 5841 2243 5903 datam
2268 5839 2536 5899 scribendi
2563 5839 2898 5914 Apologetici
2944 5839 3108 5900 tidem
3151 5839 3510 5915 liberandam,
3555 5856 3664 5901 non
