4092 6352
475 303 582 368 77!

1543 312 1614 372 IN
1631 309 2112 378 'TERTULLIANI
2150 315 2684 382 APOLOGETICUM

3661 329 3772 391 772

475 428 694 501 longum
725 430 1110 502 interposuisse
1149 432 1403 503 temporis
1438 435 1691 506 spatium,
1722 452 1822 494 nec
1857 452 2062 498 moram
2089 440 2145 503 Α
2168 440 2392 498 cordare
2419 443 2648 512 primum
2670 441 2736 498 ad
2757 440 3011 498 Nationes
3033 442 3246 510 librum,
3275 444 3319 500 si
3345 446 3506 517 hujus
3528 448 3768 518 excipias

476 524 584 594 pati
619 523 874 593 potuisse,
902 525 1028 594 quin
1055 524 1479 582 Christianorum
1507 543 1714 591 caussa,
1743 530 1899 586 sicuti
1927 530 2068 602 apud

477 617 754 674 universas
801 620 1064 684 nationes,
1090 619 1159 675 ita
1187 620 1327 692 apud
1353 636 1536 678 eorum
1554 624 1834 694 praesides,
1859 623 2069 696 iudices

473 724 539 766 ac
576 711 919 781 magistratus
945 723 1216 783 perorata,
1245 713 1456 769 illorum
1499 714 1861 771 innocentiam
1884 718 2068 773 omni-

473 802 575 858 bus
619 803 964 874 patefaceret.
1017 805 1073 862 Si
1129 822 1258 878 ergo
1315 809 1690 881 Apologeticus
1737 811 1875 867 iiber
1925 813 2069 869 circa

473 910 672 951 annum
691 894 886 952 Christi
903 896 1029 966 200,
1053 899 1506 970 quemadmodum
1525 902 1779 968 diximus,
1798 904 2069 975 publicam

474 985 526 1040 in
553 986 728 1043 lucem
773 990 1004 1046 emissus
1033 998 1137 1058 est,
1167 991 1219 1046 hi
1245 991 1352 1047 duo
1381 992 1446 1048 ad
1473 992 1729 1052 Nationes
1755 995 1877 1053 libri
1909 997 2069 1069 paulo

472 1087 598 1134 ante
625 1077 880 1152 divulgati
908 1079 1122 1138 fuerant
1163 1082 1373 1155 (Ibid.)'.

1075 1235 1368 1279 ARTICULUS
1407 1238 1480 1278 νι.

473 1355 552 1414 De
579 1357 762 1414 horum
789 1359 1034 1416 librorum
1071 1371 1391 1432 argumento,
1421 1370 1466 1416 et
1501 1371 1672 1416 utrum
1713 1363 1844 1418 illud
1873 1364 2071 1436 plenius

545 1453 913 1522 perfectiusque
933 1454 985 1509 in
1005 1454 1097 1520 eis,
1115 1470 1269 1524 quam
1288 1455 1340 1508 in
1361 1454 1692 1527 Apologetico
1710 1453 2065 1527 pertractetur.

545 1589 701 1646 Plura
728 1591 944 1662 quidem
983 1593 1036 1648 in
1063 1593 1331 1665 superiori
1361 1595 1587 1652 articulo
1627 1596 1908 1653 retulimus
1935 1595 2068 1654 Ter-

472 1681 678 1738 tulliani
727 1684 914 1752 verba,
955 1685 1149 1756 quibus
1197 1695 1425 1742 testatur
1473 1703 1531 1742 se
1584 1688 1732 1758 plura
1774 1689 1827 1742 in
1867 1687 1951 1743 liis
1999 1685 2066 1744 ad

470 1770 722 1830 Natidnes
772 1775 922 1831 libris
971 1777 1414 1846 praetermisisse,
1457 1795 1576 1850 qua:
1621 1781 1671 1833 in
1718 1777 2065 1852 Apologetico

2169 543 2330 604 caput
2372 535 2636 606 quintmu,
2674 535 2727 589 in
2761 551 2866 606 quo
2894 536 3059 607 petita
3100 537 3168 592 ab
3213 537 3444 593 ethnicis
3495 555 3561 595 ex
3609 540 3767 596 malis

2170 625 2488 696 quibusdam
2510 626 2818 684 christianis
2838 628 3230 699 argumentatio
3251 628 3474 686 diluitur
3496 647 3511 696 ;
3536 640 3589 687 et
3609 639 3768 702 caput

2173 717 2440 788 ultimum,
2488 719 2632 792 quod
2680 721 2843 778 totius
2885 720 3006 777 libri
3049 721 3326 778 conclusio
3354 732 3457 779 est.
3487 722 3771 781 Secundus

2171 825 2350 871 autem
2400 815 2538 871 liber
2588 815 2656 872 ad
2701 817 2949 872 nationes
2994 819 3048 872 in
3101 817 3487 888 septemdecim
3537 819 3770 889 capitula

2171 905 2374 962 divisus
2395 915 2500 976 est,
2522 922 2748 978 quorum
2780 907 3084 980 quindedm
3113 907 3243 965 nihil
3266 923 3389 965 cum
3419 909 3773 982 Apologetico‘

2171 1012 2457 1056 commune
2499 998 2717 1056 habent.
2767 1001 2826 1056 ln
2870 1013 2992 1056 octo
3035 1010 3216 1057 autem
3262 1001 3641 1073 prioribusex
3683 1001 3769 1059 his

2171 1094 2474 1165 quindecim
2519 1094 2768 1174 capitulis
2809 1093 3174 1178 Tertullianus
3215 1094 3401 1151 ﬁctum
3443 1110 3476 1151 a
3521 1095 3770 1154 Varrone

2171 1187 2367 1258 triplex
2385 1187 2607 1244 deorum
2629 1201 2799 1260 genus
2815 1188 3122 1261 physicum,
3138 1188 3457 1262 mythicum,
3472 1187 3763 1261 plebeium,
3851 1214 3862 1219 -

2174 1280 2226 1337 in
2253 1292 2458 1354 septem
2492 1297 2625 1340 vero
2651 1282 3041 1356 posterioribus
3072 1283 3372 1340 venditatos
3401 1283 3766 1341 Romanorum

2172 1375 2303 1433 deos
2331 1377 2563 1449 exagitat
2597 1387 2657 1434 et
2685 1377 2969 1449 explodit,

2245 1471 2321 1525 Ex
2347 1471 2730 1551 quinquaginta
2755 1488 2882 1528 vero
2897 1473 3216 1545 Apologetici
3236 1472 3485 1545 capitulis
3501 1489 3568 1530 ne
3590 1473 3766 1530 media

2171 1563 2386 1636 quidem
2414 1581 2538 1638 pars
2559 1583 2682 1623 cum
2704 1567 2915 1624 duobus
2945 1569 3014 1622 ad
3040 1567 3294 1625 Nationes
3317 1568 3470 1626 libris
3497 1567 3763 1643 congruit.

2169 1655 2302 1712 Cum
2332 1659 2544 1714 caeteris
2573 1668 2750 1715 autem
2779 1659 3022 1728 dissidet,
3078 1661 3132 1717 in
3184 1661 3379 1733 quibus
3397 1657 3772 1721 Tertullianus'

2169 1749 2401 1820 explicat
2444 1753 2743 1823 asseritque
2793 1767 2955 1824 quam
3009 1767 3134 1808 vera
3184 1754 3293 1809 sint
3339 1753 3765 1812 Christianorum

470 1867 639 1924 fusius
668 1869 934 1944 explicare
971 1845 1303 1927 decreverat.
1338 1873 1406 1927 At
1437 1845 1552 1928 haec
1583 1872 1740 1943 plane
1768 1845 2066 1944 repugnant
2096 1845 2143 1909 Β
2171 1845 2514 1944 d‘“°“.'“°_'_“"»
2547 1863 2704 1944 quam
2733 1850 2865 1944 ea?“
2887 1860 2939 1904 θί
2965 1849 3262 1921 incorrupti
3309 1849 3527 1907 morum
3556 1864 3760 1921 mores'

469 1961 683 2035 illorum
716 1962 975 2035 opinioni,
1013 1965 1104 2035 qui
1134 1965 1468 2022 contendunt
1503 1965 1760 2023 harumce
1787 1983 2065 2026 commen-

469 2053 730 2110 tationum
759 2066 1132 2127 argumentum
1178 2057 1230 2112 in
1261 2058 1408 2114 libris
1437 2059 1506 2113 ad
1537 2058 1790 2116 Nationes
1823 2061 2063 2132 uberius,

470 2145 780 2216 perfectius,
827 2149 1146 2220 meliorique
1189 2147 1400 2218 ordine,
1445 2169 1603 2223 quam
1636 2156 1687 2208 in
1713 2151 2066 2228 Apologetico

468 2243 801 2309 pertractari.
831 2239 1081 2297 Animum
1109 2245 1252 2299 enim
1275 2246 1456 2300 nescio
1473 2261 1580 2317 qua
1608 2245 1814 2303 ratione
1840 2248 2066 2306 induxe-

467 2340 588 2385 rant
634 2345 796 2399 acre,
842 2332 1172 2403 vehemens,
1214 2346 1431 2392 acutum
1479 2338 1716 2396 auctoris
1765 2340 2062 2411 ingenium,

467 2423 791 2496 igncuntque
817 2427 958 2482 illius
983 2443 1207 2516 acumep
1231 2431 1429 2501 passim
1448 2431 1646 2504 ubique
1676 2433 1728 2489 in
1751 2432 1834 2490 bis
1864 2435 2065 2492 micare

465 2518 639 2585 libris,
665 2519 758 2575 sed
802 2536 926 2576 eum
959 2522 1190 2578 violento
1231 2523 1373 2580 illius
1403 2525 1602 2596 impetu
1643 2536 1876 2600 raptum,
1905 2530 2063 2599 plura

466 2611 767 2681 scripsisse,
801 2628 921 2682 quae
945 2628 1051 2669 non
1081 2615 1214 2670 satis
1245 2615 1521 2684 meditata,
1553 2619 1740 2691 polita,
1772 2620 2062 2694 limataque

464 2710 607 2758 sunt.
643 2703 838 2760 Verum
869 2705 976 2760 ruit
1003 2706 1163 2777 plane
1208 2706 1322 2765 haec
1359 2710 1566 2782 opinio,
1609 2714 1653 2767 si
1680 2713 2061 2786 Apologcticus

464 2804 586 2866 post
607 2796 771 2854 libros
787 2799 855 2854 ad
875 2797 1128 2856 Nationes
1145 2800 1214 2876 ab
1235 2816 1322 2870 eo,
1346 2803 1500 2860 sicuti
1521 2803 1770 2875 vidimus,
1788 2803 2060 2875 profectus

463 2892 645 2946 fuerit.

535 2977 803 3040 Praeterea
837 2991 1052 3040 constat
1101 2985 1251 3058 plura
1307 2987 1483 3059 magni
1523 3001 1653 3045 sane
1697 2991 1956 3046 momenti
2003 2993 2060 3049 in

461 3075 816 3146 Apologetico
859 3075 1158 3148 disputari,
1207 3095 1328 3150 quae
1376 3081 1429 3135 in
1481 3079 1635 3137 libris
1686 3081 1755 3136 ad
1801 3081 2056 3141 Nationes

462 3172 658 3226 omissa
690 3179 834 3239 sunt,
879 3173 1091 3228 tametsi
1123 3172 1382 3229 nonnulla
1409 3171 1462 3229 in
1505 3174 1588 3229 his
1615 3173 1851 3230 vicissim
1879 3175 2055 3246 libris,

460 3275 517 3323 et
558 3267 866 3337 neutiquam
909 3266 962 3321 in
991 3265 1085 3322 illo
1113 3267 1377 3338 legantur.
1407 3267 1626 3324 Cunctis
1650 3277 1831 3325 autem
1858 3281 1914 3325 ut
1943 3271 2058 3328 haec
2083 3255 2128 3320 (ἶ

355 3392 367 3406 ο
460 3361 631 3433 magis
657 3361 812 3434 plana
853 3375 916 3417 ac
939 3362 1223 3432 perspicua
1255 3362 1404 3429 ﬂant,
1444 3362 1807 3420 exhibendum
1837 3363 2053 3420 censui-

461 3467 580 3512 mus
601 3455 832 3512 indicem
859 3455 1115 3528 capitum,
1136 3457 1188 3511 in
1215 3455 1409 3529 quibus
1436 3457 1624 3519 eadem
1653 3469 1900 3530 aguntur.
1927 3457 2058 3516 inde

461 3551 604 3608 enim
646 3549 1009 3621 unusquisque
1041 3547 1197 3607 facile
1221 3549 1503 3622 iudicabit,
1551 3551 1610 3627 in
1629 3550 1824 3626 quibus
1854 3551 1910 3609 hi
1937 3551 2058 3611 libri

461 3656 493 3698 ι
516 3655 578 3699 se
605 3641 836 3698 invicem
861 3641 1187 3712 discrepant.
1626 3675 1638 3688 ι
1779 3639 1781 3646 ’

982 3777 1196 3836 INDEX
1232 3778 1538 3839 CAPITUM

462 3914 530 3974 In
552 3915 734 3989 quibus
766 3915 1138 3988 Apologeticus
1177 3922 1224 3972 el
1264 3916 1380 3972 libri
1425 3918 1493 3976 ad
1540 3917 1817 3990 Nationes,
1849 3919 1984 3977 inter
2005 3937 2058 3979 se

1098 4013 1420 4069 conueniunt.

461 4125 623 4185 Liber
654 4127 857 4199 primus
886 4125 953 4184 ad
979 4125 1254 4185 Nationes.
1436 4127 1839 4202 Apologeticus.

463 4244 723 4317 Caputi.
820 4284 835 4300 .
929 4283 945 4299 .
1023 4283 1039 4298 .
1117 4283 1133 4300 .
1215 4282 1233 4300 .
1310 4283 1325 4300 .
1401 4243 1598 4314 Capi.

461 4358 722 4429 Caputﬂ.
817 4398 832 4416 .
926 4396 942 4413 .
1022 4399 1038 4414 .
1119 4401 1134 4416 .
1212 4397 1228 4414 .
1308 4400 1322 4416 .
1397 4358 1616 4429 σαμε.

460 4453 724 4528 (ἓψυιό.
821 4494 835 4510 .
927 4491 943 4508 .
1020 4489 1036 4508 ι
1115 4490 1131 4508 .
1208 4489 1226 4506 .
1305 4489 1321 4508 .
1393 4450 1752 4525 Cap.2et3.

460 4546 724 4617 Caputd.
816 4584 831 4602 .
925 4582 940 4600 .
1019 4583 1033 4600 .
1114 4585 1128 4602 .
1207 4588 1224 4604 .
1303 4586 1317 4602 .
1393 4546 1836 4624 Cap.5etd6._

461 4639 634 4710 Caput
671 4639 726 4696 6.
819 4677 834 4695 .
925 4676 942 4695 .
1020 4678 1036 4696 .
1115 4677 1130 4695 .
1209 4677 1225 4697 .
1304 4681 1318 4694 .
1395 4640 1610 4711 Cap.4.

461 4734 726 4805 Caput7.
817 4773 835 4792 .
925 4770 942 4790 .
1019 4773 1037 4789 .
1115 4769 1131 4788 .
1211 4774 1227 4788 .
1305 4773 1321 4790 .
1398 4732 1746 4806 Cap.7et8.

461 4825 633 4897 Caput
669 4827 724 4884 8.
816 4861 831 4882 .
927 4867 942 4884 .
1021 4866 1036 4882 .
1117 4867 1131 4883 .
1210 4865 1227 4884 .
1306 4866 1319 4881 .
1393 4825 1526 4898 Cap.
1553 4827 1609 4896 8,
1638 4843 1746 4884 non
1774 4837 1966 4885 totum.

462 4917 632 4990 Caput
669 4918 724 4976 9.
817 4959 834 4976 .
926 4958 942 4976 .
1017 4951 1035 4977 ~.
1115 4958 1130 4975 .
1205 4957 1224 4975 .
1301 4959 1318 4976 .
1393 4908 1822 4991 (ςαρλοθιιι.

461 5011 635 5082 Caput
673 5013 759 5069 10.
807 5053 824 5070 .
913 5051 931 5069 .
1020 5051 1037 5069 .
1116 5054 1132 5070 .
1210 5052 1226 5069 .
1303 5055 1319 5072 .
1394 5014 1526 5088 Cap.
1562 5014 2053 5084 12,15,14ο115.

461 5104 635 5178 Caput
673 5107 764 5176 ιι,
799 5107 888 5177 is,
949 5109 1019 5165 is
1043 5118 1098 5166 et
1122 5109 1210 5166 ιι.

1313 5147 1328 5166 .
1403 5110 1533 5183 Cap.
1561 5109 1648 5166 16.
1741 5118 1744 5122 ’

462 5201 636 5273 Caput
674 5203 1051 5270 14,15ει“16.
1131 5245 1146 5260 .
1228 5247 1243 5262 .
1321 5245 1335 5263 .
1411 5203 1544 5278 Cap.
1574 5203 1628 5260 9.

463 5297 634 5368 Caput
672 5297 759 5354 17.
840 5338 857 5356 .
937 5339 951 5356 .
1033 5340 1048 5358 .
1126 5341 1142 5357 .
1222 5343 1235 5358 .
1316 5340 1332 5357 .
1409 5300 1540 5370 Cap.
1575 5301 1666 5356 55.

461 5390 634 5462 Caput
672 5391 762 5448 is.
838 5429 856 5450 .
934 5433 950 5450 .
1028 5435 1046 5455 .
1126 5431 1142 5452 .
1224 5439 1238 5453 .
1317 5437 1332 5452 .
1408 5394 1541 5467 Cap.
1574 5397 1663 5454 δι).

462 5485 633 5557 Caput
671 5487 757 5545 i9.
840 5527 854 5546 ,
935 5528 947 5546 _
1027 5531 1042 5546 .
1121 5529 1136 5545 .
1218 5530 1232 5547 .
1314 5531 1328 5550 .
1403 5489 1794 5562 Cap.47,£8,
1841 5490 1930 5552 49.

459 5580 624 5648 Liber
651 5585 919 5644 secundus
947 5585 1014 5643 ad
1042 5583 1318 5644 Nationes.
1418 5585 1816 5660 Apologeticus.

459 5676 632 5749 Caput
670 5679 758 5735 19.
837 5720 852 5735 .
934 5723 948 5738 .
1030 5721 1044 5736 .
1124 5721 1140 5736 .
1219 5721 1236 5741 .
1314 5723 1328 5738 .
1405 5680 1538 5753 Cap.
1573 5681 1662 5738 10.

459 5770 632 5848 Caput
670 5775 762 5832 17.
841 5811 856 5829 .
933 5813 950 5830 .
1030 5814 1044 5829 .
1124 5813 1139 5830 .
1217 5814 1231 5830 .
1312 5813 1328 5830 .
1401 5774 1660 5847 Cap.25.

533 5868 695 5930 Vides
722 5881 854 5940 sane
879 5881 949 5928 ex
993 5867 1095 5928 hoc
1135 5867 1311 5927 iudice
1355 5879 1476 5928 cum
1518 5868 1868 5944 Apotogetico
1912 5884 2051 5935 cott-

2169 1930 2326 2009 quam
2357 1939 2425 2009 pii
2451 1949 2505 1995 et
2532 1942 2700 1996 sancti
2729 1941 3000 1998 solemnes
3029 1957 3218 1998 eorum
3261 1952 3454 2011 coctus,
3504 1959 3567 1999 ac
3603 1958 3762 2015 quam

2169 2029 2436 2100 religiosa:
2453 2045 2702 2102 synaxes.
2724 2033 2792 2089 At
2813 2033 2880 2088 de
2898 2033 2981 2089 his
2994 2033 3134 2090 nihil
3159 2036 3208 2089 in
3228 2035 3380 2091 libris
3400 2035 3468 2090 ad
3491 2033 3759 2092 Nationes.

2169 2119 2287 2178 Uno
2308 2123 2472 2180 verbo
2499 2123 2549 2178 in
2580 2123 2726 2182 hisce
2747 2126 2899 2182 libris
2925 2127 3322 2184 demonstratur
3338 2126 3766 2188 Christianorum

2168 2215 2472 2272 innocentia
2495 2217 2825 2288 iniquissime
2847 2229 3053 2286 vexata,
3084 2221 3418 2277 ethnicorum
3443 2236 3571 2278 vero
3591 2221 3764 2292 inius-

2169 2305 2305 2372 tilia,
2355 2308 2688 2378 depravatio,
2745 2311 3046 2382 corruptela
3096 2321 3150 2368 et
3197 2313 3470 2386 religionis
3508 2313 3761 2384 pravitas,

2166 2399 2405 2471 nihilque
2431 2401 2681 2472 amplius.
2717 2402 2914 2460 Verum
2958 2405 3011 2460 in
3046 2406 3381 2479 Apologetico
3412 2407 3527 2463 hmc
3549 2408 3767 2479 quidem

2165 2493 2368 2562 omnia,
2415 2501 2471 2549 et
2519 2495 2737 2566 insuper
2768 2497 3083 2554 christiana:
3112 2500 3388 2572 religionis
3417 2503 3674 2558 sanctitas
3703 2515 3768 2557 ac

2165 2587 2383 2641 veritas.
2401 2586 2532 2653 Quis
2553 2603 2682 2660 ergo
2703 2603 2771 2646 ex
2793 2590 2892 2647 hac
2914 2592 3169 2649 horumce
3190 2592 3454 2651 librorum
3477 2595 3765 2652 collatione

2164 2694 2362 2750 negare
2387 2682 2581 2750 poterit
2611 2681 2825 2738 illorum
2859 2694 3235 2755 argumentum
3265 2687 3428 2759 longe
3470 2687 3679 2760 plenius
3704 2702 3766 2744 ac

2163 2772 2452 2842 perfectius
2480 2773 2532 2828 in
2558 2774 2904 2861 Apologetico,
2934 2794 3095 2850 quam
3140 2777 3195 2836 in
3239 2779 3392 2838 libris
3418 2780 3487 2835 ad
3511 2778 3762 2838 Nationes

2161 2865 2419 2937 explicari
2445 2881 2510 2923 ac
2533 2866 2893 2924 demonstrari
2915 2869 2940 2923 ἲ

2748 3000 3044 3044 Αιιτιαυιυε
3082 3003 3177 3045 VII.

2160 3118 2240 3175 De
2291 3121 2535 3176 librorum
2578 3121 2648 3176 ad
2697 3119 2946 3178 Nationes
2989 3125 3167 3191 titulo;
3217 3140 3309 3178 cur
3361 3141 3394 3180 a
3440 3121 3760 3182 Tertulliano

2230 3214 2427 3284 scripti,
2473 3231 2534 3269 ac
2572 3213 2747 3286 quibus
2778 3215 2955 3270 directi
3000 3217 3231 3288 fuerint;
3261 3217 3325 3272 de
3364 3219 3514 3273 unico
3557 3215 3764 3273 illorum

2231 3305 2575 3378 manuscripto
2597 3309 2790 3376 codice,
2813 3310 2967 3365 variis
2995 3310 3316 3382 editionibsts,
3343 3328 3405 3367 ac
3423 3314 3763 3384 quorumdam

2229 3400 2285 3455 in
2309 3417 2394 3456 eos
2423 3401 2554 3457 notis
2578 3410 2626 3456 et
2654 3401 3112 3460 obseruationibus.

2231 3528 2588 3585 Observatum
2628 3545 2659 3586 a
2700 3529 2856 3588 nobis
2899 3531 2998 3588 fuit
3041 3532 3142 3592 bos
3187 3531 3354 3592 libros
3392 3537 3444 3593 in
3485 3536 3759 3610 Agobardi

2161 3620 2347 3677 codice
2390 3621 2608 3678 inscribi
2651 3623 2720 3676 ad
2761 3623 3010 3681 Nationes
3031 3625 3219 3698 (Supr.
3251 3628 3347 3683 hoc
3371 3647 3489 3701 cap.
3523 3639 3622 3688 art.
3654 3632 3709 3702 5)
3740 3649 3757 3700 ;

2161 3715 2229 3770 ab
2269 3713 2594 3786 ilieronymo
2643 3724 2820 3772 autem
2875 3717 3133 3774 librorqu
3200 3720 3269 3775 ad
3320 3732 3491 3794 gentes
3541 3723 3763 3780 nomine

2161 3807 2336 3874 citari,
2384 3807 2478 3862 sed
2507 3808 2781 3878 utriusque
2808 3810 2942 3866 tituli
2970 3811 3214 3867 eamdem
3239 3828 3362 3869 esse
3402 3813 3756 3886 significatio-

2163 3912 2308 3952 nem.
2342 3899 2475 3965 Quia
2504 3908 2683 3954 tamen
2714 3901 2787 3955 illi
2816 3902 2882 3956 ad
2909 3916 3043 3972 quos
3071 3903 3124 3958 hi
3162 3904 3287 3959 libri
3315 3903 3506 3960 directi
3535 3914 3663 3961 sunt
3689 3905 3760 3962 ab

2163 3993 2280 4065 ipso
2307 3992 2641 4056 Tertulliano
2680 3993 2927 4051 Nationes
2970 4003 3065 4052 aut
3111 3997 3310 4053 misera:
3335 4006 3427 4053 aut
3456 3998 3760 4055 miseranda:

2163 4089 2393 4142 nationes
2420 4090 2776 4160 appellantur,
2800 4089 2924 4145 hinc
2944 4099 3091 4147 certe
3110 4093 3286 4164 potior
3306 4091 3520 4149 videtur
3539 4093 3760 4164 praaﬂxa

2163 4180 2218 4235 in
2248 4179 2517 4252 Agobardi
2545 4180 2731 4238 codice
2758 4181 3037 4254 inscriptio
3065 4181 3313 4254 (Tertull.
3342 4183 3429 4240 lib.
3461 4183 3502 4240 l.
3525 4185 3596 4238 ad
3621 4182 3754 4242 Nat.

2163 4292 2279 4351 cap.
2311 4281 2362 4336 1.
2384 4288 2432 4334 et
2451 4279 2540 4337 lib.
2572 4277 2639 4348 ll,
2669 4295 2785 4353 cap.
2811 4279 2886 4352 1).

2233 4373 2461 4444 Quidam
2514 4384 2694 4429 autem
2747 4389 2822 4450 ex,
2865 4373 2966 4430 hac
3021 4373 3315 4446 cpigraphe
3365 4373 3544 4445 colligi
3595 4385 3760 4444 posse

2162 4478 2443 4525 autumant
2466 4469 2566 4525 hos
2587 4468 2750 4525 libros
2772 4467 2839 4525 ad
2861 4467 3202 4526 ethnicorum
3234 4467 3487 4538 populum
3515 4465 3760 4537 plebem-

2162 4580 2266 4637 que
2294 4563 2548 4631 directos,
2585 4565 2988 4637 Apologeticum
3019 4577 3149 4620 vero
3189 4562 3256 4618 ad
3289 4563 3528 4635 ipsorum
3559 4558 3759 4631 magise

2083 4663 2136 4728 D
2163 4669 2354 4726 tratus,
2381 4659 2591 4731 iudices
2634 4674 2698 4716 ac
2726 4661 3014 4732 principes.
3046 4660 3117 4715 At
3143 4658 3212 4715 de
3238 4658 3342 4713 hoc
3369 4657 3589 4728 quidem
3615 4657 3760 4726 Apo-

2159 4756 2388 4828 logetico
2411 4764 2557 4811 certa
2582 4769 2691 4823 res,
2735 4763 2790 4812 et
2810 4766 2961 4810 extra
2991 4754 3410 4810 controversiam
3442 4750 3617 4823 posita
3652 4758 3758 4804 est.

2160 4849 2298 4916 Quid
2345 4857 2522 4904 tamen
2570 4855 2714 4904 vetat
2758 4848 3044 4920 quominus
3086 4845 3192 4903 duo
3222 4846 3290 4900 ad
3330 4841 3582 4899 Nationes
3632 4839 3760 4897 libri

2160 4942 2410 4998 omnibus
2435 4941 2655 4997 omnino
2670 4940 2919 5009 ethnicis,
2949 4955 3069 4996 cum
3091 4939 3326 5010 populis,
3351 4946 3461 4994 tum
3483 4933 3759 5006 iudicibus

2161 5045 2216 5092 et
2240 5036 2575 5108 przesidibus,
2595 5035 2776 5107 scripti
2800 5033 3038 5091 fuerint?
3067 5031 3256 5090 Nonne
3282 5034 3336 5088 in
3360 5032 3438 5088 eis
3460 5026 3760 5087 Tertullia-

2161 5142 2262 5186 nus
2292 5144 2399 5185 non
2448 5128 2622 5185 solum
2671 5128 2723 5183 in
2769 5127 2977 5199 plebem
3017 5126 3294 5200 gentilium
3337 5123 3627 5188 invehitur,
3660 5116 3762 5177 sed

2163 5223 2323 5279 etiam
2365 5221 2418 5276 in
2444 5211 2673 5292 iudices,
2706 5221 2797 5292 qui
2843 5231 3032 5277 contra
3077 5220 3446 5292 praescriptam
3487 5213 3758 5289 aequitatis

2163 5316 2447 5387 legumque
2473 5323 2782 5370 cunctarum
2813 5312 3038 5370 formam
3065 5311 3401 5370 Christianos
3446 5307 3760 5366 indefensos

2163 5418 2217 5466 et
2239 5407 2505 5463 inauditos
2532 5406 3006 5463 condemnabam?
3048 5405 3238 5462 Nonne
3273 5419 3403 5476 ergo
3443 5401 3551 5458 dici
3576 5407 3760 5473 potest

2162 5487 2586 5566 Tertullianum,
2655 5515 2775 5557 cum
2829 5499 2970 5556 hanc
3036 5499 3374 5556 ethnicorum
3435 5493 3757 5567 iniustitiam

2161 5607 2534 5666 summamque
2573 5592 2946 5650 crudelitatem
2975 5602 3241 5660 cerneret,
3291 5591 3391 5647 hos
3418 5590 3649 5661 primum
3686 5583 3759 5640 ad

2163 5683 2433 5754 Nationes,
2456 5684 2508 5742 id
2528 5692 2632 5756 est,
2655 5701 3019 5760 quoscumque
3035 5684 3260 5757 gentiles
3279 5683 3542 5740 direxisse
3563 5681 3754 5752 libros,

2160 5789 2326 5838 uteos
2353 5779 2421 5838 ad
2443 5779 2734 5852 saniorem,
2759 5779 2806 5837 si
2827 5780 2941 5839 ﬁeri
2961 5788 3164 5855 posset,
3188 5783 3469 5836 revocaret
3487 5784 3752 5834 mentem;

2156 5871 2264 5936 Sed
2299 5874 2423 5949 quia
2464 5871 2600 5938 nihil
2623 5879 2716 5936 aut
2742 5889 2928 5949 parum
2971 5879 3120 5939 certe
3149 5869 3474 5946 proiecerat,
3521 5877 3636 5930 tum
3671 5861 3746 5925 ad
