4092 6352
330 275 442 338 775
1473 289 1880 356 DISSERTATI

1975 295 2023 354 Β.
2063 297 2152 358 LE
2188 297 2500 363 NOURRY.

323 395 534 466 iudices
565 398 878 456 nominatim
897 401 1260 486 praesidesque
1305 419 1459 463 suum
1481 409 1713 478 misisse}
1734 413 1934 483 Apoio-
1957 415 2012 478 Α
2035 414 2237 473 nititur.
2256 417 2544 478 Pauciores
2567 435 2697 480 vero
2719 435 2750 479 a
2772 423 3004 497 Rigaltio
3028 443 3182 487 more
3203 431 3478 506 modoque
3500 452 3618 508 suo,

328 488 559 558 geticum
585 533 600 558 ,
653 509 762 563 quo
813 495 931 550 illos
979 497 1334 569 compelleret
1389 500 1456 556 ad
1512 505 1930 562 examinandam
2036 507 2105 564 de
2130 524 2236 579 quo
2264 513 2396 568 satis
2421 529 2581 584 supra
2610 515 2862 586 diximus,
2886 520 3100 592 scriptae
3125 534 3268 590 sunt,
3297 542 3430 597 quas
3457 529 3612 586 Prio-
3646 530 3648 533 ’

326 583 754 642 Christianorum
787 604 1056 659 caussam,
1079 595 1478 650 neeainaudita
1508 597 1932 656 condemnarent
2033 603 2147 660 rius
2176 607 2384 662 curavit
2426 611 2566 680 typis
2605 611 2810 681 recudi,
2858 615 3045 687 eisque
3075 633 3237 674 unam
3260 635 3326 676 ex
3355 621 3614 692 Pamelio,

326 675 660 735 innocentes.
694 681 887 748 Quanti
914 699 1042 740 vero
1087 685 1169 740 hae
1195 687 1432 744 rationes
1474 691 1742 765 momenti
1778 692 1925 762 sint,
2029 705 2085 752 et
2123 698 2257 754 alias
2289 703 2510 771 proprio
2546 703 2762 774 ingenio
2796 699 3012 778 adjecit.
3055 707 3248 776 Quanti
3287 722 3466 771 autem
3515 717 3626 776 sint

324 771 636 840 expcndant
666 776 804 844 aequi
832 791 1012 832 rerum
1043 780 1419 850 aestimatores,
1453 798 1515 837 ac
1556 789 1923 855 pronuntient.
2025 790 2309 862 momenti,
2333 793 2530 850 eruditi
2558 796 2658 852 viri
2681 813 2789 853 non
2814 801 2979 857 semel
3008 805 3441 874 pronuntiarunt.

393 861 564 929 Quam
607 865 755 919 multi
803 881 880 921 ac
909 868 1217 939 frequentes
1261 871 1383 928 libri
1413 874 1771 946 Apologetici,
1816 887 1924 935 tam
2295 861 2300 862 7
2648 911 2879 971 CAPUT
2918 915 2986 973 γ,

320 954 428 1057 rari
458 964 584 1058 sunt
610 954 802 1012 horum
828 959 896 1012 ad
947 958 1195 1016 Nationes
1215 963 1475 1068 librorum
1496 967 1708 1072 codices
1735 986 1922 1074 manu-
2310 1022 2389 1080 De
2427 954 2883 1087 Tertulli;li.li;r;
2923 954 2993 1088 ἑά
3030 1035 3331 1110 Scapulam.

320 1056 503 1110 scripti
533 1047 716 1110 (Supr.
746 1067 861 1110 can.
887 1051 940 1106 2.
965 1063 1067 1108 art.
1103 1055 1176 1110 ll.
1204 1055 1406 1110 Unicus
1458 1076 1601 1110 enim
1642 1063 1796 1110 nobis
1824 1078 1920 1110 sn-

317 1047 503 1116 scripti
533 1047 716 1119 (Supr.
746 1067 861 1122 cap.
887 1051 940 1106 2.
965 1063 1067 1108 art.
1103 1055 1176 1125 1).
1204 1055 1406 1115 Unicus
1458 1061 1602 1116 enim
1640 1063 1796 1118 nobis
1824 1078 1920 1121 su-

317 1151 520 1210 perest,
570 1159 730 1213 quem
762 1145 1100 1217 Agobardus,
1132 1152 1206 1206 uti
1263 1153 1413 1208 aiunt
1442 1164 1497 1210 et
1542 1171 1572 1211 a
1617 1157 1770 1214 nobis
1805 1159 1917 1229 jam

316 1241 629 1316 anxietatum
663 1244 766 1304 est,
793 1239 1235 1312 archiepisc0pus
1281 1243 1629 1316 lugdunensis
1655 1245 1721 1304 ad
1745 1251 1917 1307 sancti
2203 1278 2214 1284 -
2515 1259 2756 1333 Analysis
2793 1265 2947 1336 hujus
2985 1268 3120 1324 libri.

1345 1313 1360 1316 ,
2516 1313 2754 1333 ε-ηη-σ-νν
2793 1313 2945 1336 πιπ-

313 1313 776 1396 Stephani-altare
811 1331 1101 1390 obtulerat.
1126 1335 1324 1391 Verum
1357 1339 1530 1396 codex
1561 1341 1652 1398 ille
1683 1344 1734 1400 in
1765 1361 1913 1400 mar-
2087 1367 2307 1426 Librum
2340 1371 2503 1439 hunc,
2531 1376 2646 1433 sive
2672 1379 2852 1450 potius
2881 1382 3175 1454 supplicem
3208 1384 3446 1445 “bellum
3474 1387 3612 1447 Ter.
3643 1432 3649 1440 _

315 1417 526 1454 ainilma
573 1420 848 1454 nimi-lanna
889 1424 955 1454 :ln
997 1426 1100 1454 οι...
1155 1429 1400 1454 munt“...
1574 1449 1696 1454 ---η
1735 1437 1783 1454 ,ξι
1866 1435 1899 1454 -,

313 1417 529 1488 ginibus
573 1420 848 1492 plerisque
887 1424 958 1479 ita
996 1426 1122 1494 situ,
1154 1429 1423 1498 squalore,
1453 1443 1546 1488 aut
1569 1449 1704 1505 aqua
1735 1435 1880 1507 pluvi

309 1519 593 1545 nnrrnnlnc
650 1523 727 1545 ocl
823 1523 875 1545 nl
925 1526 1184 1545 ΛνΙ-ιιιιιιυι
1238 1521 1492 1545 ΙΖ-.-Λ..--...
1553 1525 1694 1545 Ius-“
1729 1544 1734 1545 ,
1810 1529 1821 1545 I

2087 1417 2206 1425 _.--
2223 1417 2307 1426 ...υ
2343 1417 2503 1439 ......ν,
2533 1417 2646 1433 ...νυ
2672 1417 2852 1450 rum...)
2881 1417 3175 1454 ουνμιιυειιι
3209 1417 3446 1445 ιιυυιιυιιι
3485 1417 3606 1447 xcr-

2017 1455 2268 1512 tullianus
2308 1457 2376 1514 ad
2405 1459 2689 1531 Scapulam
2733 1466 2929 1522 Africae
2971 1473 3346 1538 proconsulem
3385 1475 3606 1545 direxit,

309 1519 596 1580 corruptus
649 1523 768 1580 est,
823 1523 879 1571 ut
923 1526 1186 1576 extremm
1235 1521 1495 1578 linearum
1550 1525 1745 1583 litterae
1808 1529 1880 1600 leg

313 1603 538 1634 σιω-νικω-
585 1617 851 1634 ﬁmum...”
919 1610 1126 1634 ex.._:_:_
1179 1614 1349 1634 s.__,,,
1419 1617 1434 1634 ι
1641 1622 1672 1634 -.
1753 1623 1766 1634 .
1841 1625 1853 1634 .

2512 1519 2524 1531 ,
2971 1519 3346 1538 r--_----_.-...
3388 1519 3606 1545 .....,....,

2013 1560 2120 1616 quo
2147 1563 2293 1617 eum,
2324 1551 2368 1606 si
2393 1553 2507 1608 fieri
2558 1569 2791 1626 unquam
2820 1568 3049 1628 poterat,
3082 1577 3113 1616 a
3133 1561 3455 1622 Christianis
3475 1581 3611 1626 cou-
3695 1631 3698 1634 ,

2475 1202 2484 1208 _
2540 1162 2830 1206 Αιιτιουιυε
2866 1167 3078 1212 HUIUS.

3523 317 3633 385 τη
3704 343 3706 345 ,

310 1603 541 1674 amplius
585 1617 870 1678 nequeant.
919 1610 1128 1682 Saepius
1177 1614 1358 1687 itaque
1399 1617 1705 1689 depravatis
1753 1623 1904 1693 locis,

309 1697 413 1752 nisi
438 1700 774 1757 emendatior
801 1704 973 1760 codex
1005 1709 1327 1777 reperiatur,
1354 1712 1559 1768 medica
1589 1731 1782 1772 manus
1823 1717 1907 1774 ηἰ-

304 1788 432 1846 ferri
454 1807 558 1847 non
582 1805 778 1864 potest,
805 1813 903 1868 nec
925 1801 1158 1856 auctoris
1189 1815 1380 1860 sensus
1403 1807 1558 1876 plane
1586 1810 1807 1881 percipi.

375 1881 434 1939 ln
468 1887 635 1941 veteri
661 1897 840 1944 autem
861 1890 953 1945 illo
977 1892 1164 1949 codice
1197 1904 1365 1951 totum
1396 1912 1532 1969 opus
1561 1915 1670 1958 uno
1697 1911 1900 1975 tenore,

303 1988 358 2033 et
387 1979 728 2051 absque-ulla
756 1986 990 2056 capitum
1035 1987 1298 2046 divisione
1335 1981 1614 2052 exaratum
1659 2007 1761 2053 est.
1795 1999 1903 2055 Sed

300 2072 534 2134 Jacobus
573 2077 939 2138 Gothofredus
968 2084 1100 2139 illud
1147 2086 1199 2141 in
1241 2089 1387 2162 varia
1433 2092 1608 2162 capita
1635 2092 1898 2163 distinxit,

298 2166 601 2242 adiecitque
665 2175 898 2245 capitum
961 2191 1272 2249 argumenta
1333 2199 1397 2239 ac
1453 2189 1764 2243 summat-ia.
1831 2189 1902 2245 At

298 2258 580 2334 Rigaitius,
605 2266 690 2322 his
712 2270 947 2338 omissis,
975 2273 1194 2330 retinuit
1213 2275 1382 2332 solam
1402 2281 1636 2350 capitum
1658 2275 1899 2352 partitio.

296 2368 441 2424 nem,
488 2358 540 2412 in
583 2363 824 2433 margine
865 2364 977 2419 suis
1019 2365 1277 2424 duntaxat
1317 2374 1554 2429 numeris
1584 2375 1892 2433 iudicatam.

295 2448 524 2507 Cuilibet
565 2453 745 2525 itaque
779 2457 1046 2528 integrum
1077 2470 1161 2516 est
1188 2461 1347 2533 hanc,
1382 2466 1426 2521 si
1458 2467 1526 2521 ita
1550 2468 1892 2539 judicaverit,

295 2543 697 2604 distinctionem
744 2552 1016 2622 capitum,
1062 2553 1362 2630 horumque
1410 2561 1694 2620 immutare
1732 2579 1891 2638 argu-

291 2647 496 2692 menta.

365 2728 618 2785 Omnium
646 2748 775 2789 vero
807 2737 1010 2805 primus
1041 2738 1183 2796 idem
1207 2741 1571 2802 Gothofredus
1597 2749 1696 2806 hos
1725 2750 1890 2808 libros

291 2835 438 2876 anno
485 2822 659 2892 i625,
715 2826 849 2884 tales
893 2833 1179 2901 separatim
1230 2837 1368 2908 typis
1416 2841 1610 2896 excudi
1660 2846 1886 2914 curavit,

291 2916 479 2988 quales
506 2919 558 2973 in
587 2932 884 2980 memorato
928 2927 1198 2998 Agobardi
1225 2918 1410 2989 codice
1445 2934 1696 3009 descripti
1741 2949 1884 2997 sunt.

289 3005 480 3063 Postea
511 3008 774 3083 Rigaltius
802 3015 923 3072 illos
949 3032 1070 3072 cum
1116 3021 1238 3076 aliis
1275 3022 1588 3084 Tertulliani
1624 3005 1886 3102 veperibus

287 3097 600 3172 divulgavit,
628 3121 764 3175 quos
785 3111 1090 3181 septuagies
1114 3114 1283 3170 octies
1308 3131 1368 3171 se
1397 3121 1701 3178 correxisse
1730 3138 1882 3180 asse-

2013 1647 2092 1695 tra
2118 1640 2207 1711 jus
2259 1657 2421 1700 omne
2449 1655 2504 1702 et
2543 1645 2623 1703 fas
2649 1651 3029 1736 excruciandis
3059 1657 3606 1732 excarnificandisque

2009 1731 2310 1791 deterreret
2357 1735 2598 1808 (Tertull.
2653 1741 2742 1798 tib.
2796 1745 2863 1797 ad
2899 1731 3118 1817 ’.ςσαριιι⁸
3160 1764 3277 1820 cap.
3345 1751 3421 1822 4).
3485 1731 3608 1810 pa-

1931 1826 1979 1887 R
2007 1841 2152 1882 mum
2194 1841 2374 1885 autem
2416 1831 2653 1890 declarat
2693 1836 2835 1893 hunc
2872 1838 3112 1898 libellum
3151 1857 3182 1898 a
3212 1858 3272 1899 se
3310 1846 3595 1917 scriptum,

2007 1933 2114 1975 non
2135 1922 2276 1991 quod
2289 1921 2629 1998 Christianis,
2654 1930 2912 2001 supplicia
2931 1932 3136 1991 lubenti
3157 1945 3211 1992 et
3233 1939 3395 1996 alacri
3422 1942 3605 1999 animo

2005 2015 2416 2085 perferentibus,
2442 2018 2675 2090 timeret,
2701 2024 2794 2079 sed
2811 2028 3097 2096 gentilibus
3116 2031 3329 2088 illorum
3346 2035 3602 2109 inimicis,

2003 2121 2138 2175 quos
2167 2108 2254 2163 vel
2298 2108 2401 2164 hoc
2425 2111 2542 2167 solo
2569 2116 2787 2172 nomine
2823 2118 3066 2190 diligere,
3109 2138 3173 2178 ac
3195 2141 3292 2196 pro
3323 2129 3402 2184 eis
3429 2130 3600 2189 Deum

2000 2212 2158 2256 orare
2184 2200 2343 2258 iidem
2371 2202 2664 2263 Christiani
2693 2210 3028 2268 tenebantur.
3055 2214 3415 2283 Quamobrem
3435 2223 3602 2281 officii

2000 2294 2080 2348 sui
2111 2309 2230 2351 esse
2257 2297 2409 2354 duxit
2435 2300 2610 2370 palam
2640 2305 2891 2362 omnibus
2917 2307 3094 2365 facere
3135 2312 3448 2373 innocentes
3480 2333 3588 2375 om-

1999 2387 2126 2442 nino
2155 2405 2276 2446 csse
2301 2390 2654 2465 Christianos,
2684 2412 2747 2452 ac
2785 2400 3012 2469 gentiles
3039 2402 3090 2458 in
3132 2404 3235 2461 hoc
3265 2407 3382 2478 ipso
3411 2411 3594 2466 crimi.

1997 2493 2124 2535 num
2176 2497 2375 2552 genere
2443 2501 2629 2544 revera
2683 2489 3074 2562 oll‘endcre,in
3129 2511 3236 2567 quo
3286 2497 3408 2556 illos
3459 2503 3596 2561 falSo

1995 2573 2488 2644 reprehendebant.
2996 2589 3013 2603 ·’

2069 2662 2184 2722 Non
2216 2667 2436 2727 ﬁctitios
2465 2673 2730 2744 siquidem
2762 2675 2911 2747 deos,
2945 2681 3086 2737 sicut
3124 2683 3221 2752 illi,
3260 2686 3462 2756 colunt,
3496 2690 3593 2747 sed

1993 2775 2179 2817 verum
2227 2767 2550 2838 unicumque
2597 2769 2782 2837 Deum,
2831 2789 2990 2844 quem
3037 2782 3593 2842 omnesnaturaliter.

1995 2865 2379 2926 cognoscunt,
2445 2873 2509 2915 ac
2579 2874 2848 2920 verentur.
2928 2867 3217 2928 Christiani
3287 2874 3448 2946 igitur
3522 2880 3592 2936 ad

1988 2945 2150 3002 alium
2197 2948 2480 3007 colendum
2529 2955 2647 3025 cogi
2698 2969 2804 3012 non
2851 2957 3081 3030 debent;
3129 2945 3344 3036 quando
3369 2969 3586 3040 quidem

1987 3040 2263 3114 religionis
2308 3059 2414 3100 non
2460 3057 2542 3103 est
2569 3063 2762 3121 cogere
2806 3051 3144 3126 religionem.
3195 3058 3379 3133 Neque
3420 3065 3584 3122 etiam

1986 3136 2308 3210 quicumque
2335 3139 2606 3212 finguntur
2629 3146 2726 3214 dii,
2755 3160 2979 3217 possunt
3017 3152 3085 3207 ab
3107 3152 3287 3212 invitis
3322 3160 3585 3219 sacrificia

2003 3193 2020 3207 ι
2223 3193 2260 3210 |’
2289 3193 2303 3195 '
2337 3193 2596 3212 ""U"""“
2633 3193 2726 3214 ""1
2755 3193 2979 3217 r'VV“---
3017 3193 3084 3207 “II
3107 3193 3287 3212 ιιινιιιῠ
3322 3193 3578 3219 οαιιιιιυια

287 3205 457 3248 verat.
485 3193 588 3250 Sed
609 3206 819 3266 gratum
846 3201 1089 3270 profectu
1117 3206 1272 3262 nobis
1302 3208 1539 3278 fecisset,
1564 3213 1610 3267 si
1635 3213 1883 3286 dignatus
1909 3227 1952 3292 ρ
1987 3227 2315 3288 desiderare.
2347 3231 2642 3304 impietatis
2672 3238 2851 3311 itaque
2880 3252 2970 3298 aut
2999 3245 3283 3320 sacrilegii,
3312 3262 3402 3307 aut
3428 3251 3578 3324 furti,

288 3281 472 3324 “liccat
502 3285 684 3324 (“noro
705 3291 846 3324 ηηδη
875 3292 967 3324 “an
992 3310 1177 3324 Λευὶ-ΑΛ-
1209 3305 1566 3324 Αη-..--ι2-..--
1597 3322 1610 3324 -
1636 3321 1650 3324 -
1671 3323 1680 3324 η
1821 3311 1853 3324 ι-
2199 3321 2207 3324 μ

285 3281 476 3340 fuisset
502 3285 684 3344 dicere
705 3291 846 3346 unde
873 3292 970 3350 has
991 3310 1178 3354 omnes
1205 3305 1570 3360 correctiones
1593 3311 1880 3379 acceperit.

284 3374 496 3432 Etenim
527 3379 647 3436 illas
674 3397 779 3438 non
809 3384 1066 3443 delibavit
1091 3406 1157 3447 ex
1187 3394 1347 3449 unico
1377 3396 1645 3467 Agobardi
1671 3374 1879 3470 codice,

283 3482 465 3538 quem,
481 3472 680 3541 optima
699 3474 803 3532 [ide
827 3492 858 3531 a
886 3477 1216 3539 Gothofredo
1238 3487 1376 3565 typis
1397 3503 1671 3559 excusum,
1703 3493 1882 3565 Rigal-

285 3561 390 3618 tius
422 3579 692 3637 nunquam
713 3569 907 3641 legisse
924 3574 1154 3631 videtur.
1175 3564 1307 3633 Nam
1334 3591 1390 3636 ut
1413 3582 1566 3652 plura
1583 3561 1874 3660 taceamus,

282 3655 423 3712 inter
462 3662 575 3716 lucc
615 3663 793 3732 verba,
843 3683 935 3722 suo
963 3673 1181 3726 amatori
1220 3676 1360 3744 apud
1388 3691 1493 3744 vos,
1528 3679 1622 3737 ille
1649 3695 1876 3740 vacuum

280 3748 439 3804 sicuti
468 3750 825 3813 Gothofredus
850 3760 1082 3830 spatium
1115 3765 1330 3836 reliquit
1369 3777 1623 3841 tanquam
1674 3775 1874 3847 aliquid
1933 3766 1935 3768 ’

279 3838 492 3898 deesset
533 3845 772 3915 (Tertull.
819 3850 908 3906 lib.
940 3851 1004 3909 ll.
1035 3857 1104 3909 ad
1142 3855 1294 3925 Nal.,
1349 3838 1496 3934 cap:
1534 3865 1646 3938 i0).
1703 3838 1778 3924 At
1819 3869 1874 3926 in

185 3939 192 3943 '
277 3938 641 4010 manuscripto
700 3942 886 4000 codice
938 3946 1068 4002 nihil
1122 3950 1318 4022 deest,
1394 3965 1449 4012 et
1509 3961 1688 4014 omnia
1744 3977 1873 4022 sana

276 4032 436 4097 atque
465 4028 674 4103 integra
705 4045 846 4090 sunt.
879 4036 996 4093 Non
1029 4038 1170 4097 hunc
1197 4043 1359 4114 igitur
1385 4047 1628 4106 codicem
1661 4053 1871 4122 perlus-

277 4121 456 4191 travit,
485 4124 584 4180 sed
615 4127 787 4184 solam
819 4130 1058 4201 ejusdem
1094 4135 1409 4195 Gothofredi
1449 4121 1760 4201 editionem.
1791 4149 1870 4204 Ex

274 4209 434 4282 hujus
459 4216 638 4287 itaque
670 4222 1015 4293 coniecturis,
1063 4230 1196 4298 quas
1236 4232 1288 4286 in
1317 4235 1459 4292 notis
1480 4239 1593 4294 suis
1621 4242 1871 4299 consulto

272 4303 562 4376 adiecerat,
592 4311 690 4366 has
721 4313 1001 4386 lligaltius,
1033 4336 1168 4390 quas
1188 4336 1362 4394 vocat,
1395 4326 1573 4386 hausit
1609 4335 1868 4391 emenda-

269 4397 462 4467 tiones,
516 4417 714 4474 easque
769 4417 824 4462 et
878 4409 1011 4464 alias
1052 4414 1235 4482 plures
1281 4433 1312 4472 a
1353 4433 1432 4486 se,
1461 4423 1546 4478 vel
1591 4425 1749 4496 bene,
1782 4429 1870 4486 vel

267 4491 465 4563 saepius
482 4495 622 4550 male
647 4501 993 4570 excogitatas,
1015 4503 1066 4558 in
1094 4515 1293 4563 textum
1315 4510 1570 4571 horumce
1587 4517 1863 4592 librorum,

265 4583 492 4655 perinde
518 4601 582 4642 ac
626 4589 672 4643 si
699 4590 778 4644 sui
815 4603 1019 4662 essent,
1066 4598 1321 4656 audacter
1365 4604 1600 4662 intrusit.
1633 4583 1866 4685 Longius
1890 4629 1943 4691 Ῑ)

265 4689 397 4732 sane
419 4677 555 4733 foret
568 4679 686 4736 illas
702 4695 889 4738 omnes
903 4683 990 4740 hic
1003 4687 1421 4764 exbibere,quas
1435 4711 1572 4755 unus
1583 4717 1646 4756 ex
1665 4677 1865 4765 nostris

266 4780 390 4824 cum
418 4784 558 4827 nova
600 4786 824 4842 operum
854 4774 1168 4835 Tertulliani
1199 4783 1436 4843 editione
1466 4806 1860 4862 repraesentare

265 4862 410 4918 serio
433 4865 742 4924 meditatur.
771 4869 960 4928 Plures
988 4882 1185 4943 tamen,
1219 4894 1339 4948 quae
1361 4885 1579 4955 majoris
1599 4895 1862 4950 momenti

264 4967 408 5025 sunt,
435 4964 807 5031 opportuniori
833 4967 1115 5024 locoinfra
1138 4973 1463 5035 notabimus.
1491 4981 1568 5038 De
1588 4993 1858 5054 postrema

265 5049 480 5107 tandem
509 5054 697 5111 horum
723 5056 982 5116 librorum
1005 5063 1261 5136 editione,
1286 5081 1315 5121 a
1339 5070 1546 5129 Priorio
1575 5049 1854 5151 adornata,

263 5139 396 5196 nihil
423 5147 576 5201 nobis
601 5151 831 5220 amplius
860 5152 1143 5212 dicendum
1171 5163 1445 5232 suppetit;
1493 5169 1708 5237 quando
1733 5139 1854 5243 qui;

260 5231 382 5290 dem
414 5234 505 5292 ille
530 5237 886 5310 Rigaltianam
912 5252 1041 5305 κατὰ
1063 5253 1216 5314 πόδας
1243 5231 1462 5311 secutus
1488 5231 1594 5315 est.

329 5328 510 5384 Athis
534 5345 717 5402 porro,
760 5351 893 5407 quos
935 5340 1151 5398 illorum
1181 5346 1252 5400 ad
1295 5345 1548 5409 Nationes
1593 5353 1853 5416 librorum

257 5419 584 5481 editionibus
607 5427 895 5497 praefectos
922 5438 1365 5510 memoravimus,
1397 5445 1614 5517 scripta:
1641 5458 1766 5506 sunt
1796 5452 1850 5510 in

256 5514 375 5571 illos
397 5528 538 5574 notae
563 5530 616 5576 et
636 5521 1062 5584 observationes.
1088 5529 1450 5604 Gothofredus
1469 5514 1648 5597 autem
1668 5544 1848 5615 plures

255 5620 411 5678 quam
440 5609 532 5665 alii
553 5611 740 5681 edidit,
765 5615 958 5686 quibus
987 5621 1181 5677 menda
1221 5625 1421 5683 librarii
1447 5639 1508 5686 et
1534 5609 1851 5696 Tertulliani

253 5700 437 5770 verba,
459 5708 681 5788 tametsi
715 5709 1037 5784 quandoque
1065 5731 1170 5770 non
1202 5717 1338 5778 adeo
1377 5722 1625 5797 obscura,
1659 5733 1848 5804 expla-

254 5803 404 5865 nare,
429 5793 525 5854 aut
537 5797 806 5860 similibus
826 5800 996 5874 ipsius
1008 5815 1065 5865 et
1083 5808 1315 5871 aliorum
1339 5813 1500 5876 dictis
1521 5793 1846 5886 confirmaro

1985 3331 2076 3376 aut
2116 3321 2397 3381 seditionis
2433 3327 2764 3400 Christiani,
2813 3333 2944 3391 deos
2995 3337 3176 3396 colere
3227 3321 3578 3418 recusantes,

1983 3413 2143 3484 plane
2189 3416 2460 3475 immerito
2514 3435 2856 3481 accusantur.
2912 3425 3128 3487 Ethnici
3181 3449 3311 3490 vero
3359 3437 3576 3510 impune
3637 3477 3644 3509 ς

1980 3509 2273 3579 spoliantes
2317 3512 2540 3570 deorum
2569 3529 2790 3575 suorum
2837 3522 3033 3594 templa
3062 3524 3184 3584 illos
3223 3509 3579 3596 contemnunt

1980 3615 2044 3658 ac
2071 3602 2337 3662 derident.

2050 3697 2187 3764 Quid
2213 3713 2364 3767 vero,
2396 3702 2538 3774 quod
2567 3705 2620 3760 hi
2647 3707 2744 3762 soli
2774 3710 2826 3764 in
2854 3711 3174 3788 Albinianis,
3201 3701 3492 3795 Nigrianis,
3516 3737 3572 3786 et

1979 3787 2250 3848 Cassianis
2276 3793 2633 3854 seditionibus
2656 3816 2723 3856 eo
2761 3802 2876 3874 ipso
2905 3787 3166 3881 tempore
3193 3820 3394 3887 reperti
3424 3832 3570 3893 sunt,

1977 3882 2067 3954 qui
2100 3900 2194 3954 per
2236 3884 2622 3959 imperatorum
2643 3894 2897 3965 iurabant
2937 3904 3144 3975 genios,
3173 3917 3228 3964 et
3253 3882 3353 3982 pro
3382 3882 3569 3974 eorum

1975 3973 2148 4031 salute
2175 3976 2524 4038 immolabant
2555 3981 2776 4054 hostias,
2806 4001 2862 4046 et
2890 3973 3150 4058 sacriﬁcia
3180 3973 3463 4062 faciebant.
3495 3973 3567 4065 At

1975 4067 2263 4128 Christiani
2293 4077 2492 4146 nullius
2519 4079 2679 4149 plane
2710 4072 2892 4142 hostes
2933 4087 3078 4158 Sunt,
3115 4095 3313 4152 nedum
3341 4100 3573 4173 impera-

1975 4163 2126 4232 toris,
2158 4180 2312 4237 quem
2342 4185 2372 4224 a
2402 4171 2512 4227 Deo
2530 4177 2882 4235 constitutum
2912 4185 3109 4250 sciunt,
3142 4197 3197 4245 et
3223 4163 3434 4250 idcirco
3450 4198 3567 4254 sin-

1973 4351 2177 4406 salvum
2201 4367 2320 4410 esse
2339 4367 2395 4412 et
2419 4355 2762 4422 incolumem.
2780 4366 2894 4425 Non
2916 4375 3197 4443 gentilium
3220 4389 3397 4440 tamen
3413 4351 3568 4445 more

1975 4441 2121 4498 illum
2172 4461 2516 4520 venerantur,
2565 4464 2816 4528 tanquam
2869 4441 3064 4537 deum,
3114 4473 3208 4530 sed
3250 4479 3373 4548 quia
3419 4479 3567 4537 falsis

1972 4535 2223 4594 omnibus
2269 4539 2372 4596 diis
2418 4554 2502 4599 est
2546 4551 2738 4620 major,
2787 4557 3068 4631 minorque
3110 4565 3226 4622 solo
3255 4535 3384 4625 vero
3422 4572 3557 4644 Deo,

1970 4639 2128 4696 quem
2182 4629 2384 4688 idcirco
2428 4651 2528 4706 pro
2572 4639 2716 4704 illius
2763 4646 2935 4705 salute
2977 4629 3286 4723 quotidiano
3334 4629 3555 4731 precum

1967 4721 2234 4778 sacrificio
2263 4737 2508 4787 exorant.
2539 4731 2804 4793 Caeterum
2837 4721 3047 4801 tametsi
3093 4721 3426 4811 maxima-sit
3464 4771 3562 4815 eo-

1966 4812 2208 4871 rumdem
2231 4815 2981 4905 Christianorummultitudo,
3006 4839 3200 4913 singuli
3217 4846 3563 4912 nihilominus

1962 4904 2050 4960 vix
2078 4908 2233 4964 aliter
2271 4927 2653 4989 agnoscuntur,
2703 4939 2862 4996 quam
2892 4931 3175 5005 modestia,
3224 4939 3438 5001 silentio
3489 4961 3553 5005 ac
3648 4997 3650 4999 .

1965 5000 2314 5070 pristinorum
2347 5005 2594 5068 vitiorum
2624 5019 2998 5081 emendatione
3019 5000 3170 5099 (cap.
3190 5012 3277 5104 2)..

2031 5090 2140 5150 Nec
2175 5095 2413 5170 inquieto
2439 5114 2535 5160 aut
2572 5107 2871 5180 impatienti
2900 5090 3080 5176 animo
3104 5090 3336 5196 irrogata
3361 5129 3462 5188 sibi
3488 5133 3559 5191 ab

1959 5185 2189 5244 ethnicis
2215 5232 2229 5257 ,
2285 5193 2361 5249 ait
2427 5193 2804 5273 Tertullianus,
2851 5207 3031 5267 ferunt
3073 5185 3372 5291 supplicia,
3415 5240 3552 5296 quo-

1888 5283 1893 5287 '
1957 5294 2076 5335 rum
2107 5297 2138 5336 a
2191 5282 2301 5341 Deo
2325 5299 2644 5360 exspectant
2673 5294 2949 5358 ultionem.
2999 5305 3105 5363 Sed
3142 5282 3333 5372 dolent
3357 5282 3554 5392 vutique

1948 5370 2061 5442 jam
2103 5377 2383 5446 praemissa
2422 5382 2586 5441 fuisse
2629 5387 2771 5446 illius
2809 5393 2922 5463 jam
2961 5397 3289 5464 imminentis
3334 5370 3552 5484 indidia,

1956 5478 2160 5523 messes
2186 5469 2460 5541 nimirum,
2507 5475 2783 5538 llilariano
2809 5497 2980 5558 nuper
3008 5497 3257 5570 praeside,
3303 5469 3550 5576 amissas;

1954 5555 2150 5615 nimios
2200 5571 2255 5618 et
2302 5560 2712 5638 intempeStivos
2763 5555 3195 5660 imbrem-ignes
3243 5555 3543 5656 nocturnos;

1952 5663 2115 5721 super
2133 5652 2469 5728 Carthaginis
2488 5663 2684 5720 moenia
2704 5669 3019 5749 pendentes,
3041 5652 3273 5744 tonitrua
3300 5688 3536 5765 insolita,
3581 5687 3589 5693 ’

1951 5749 2111 5842 atque
2165 5749 2645 5811 extraordinariam
2707 5773 2928 5831 prorsus
2985 5775 3114 5832 solis
3164 5749 3542 5842 defectionem:

1951 5829 2209 5905 Visellius
2233 5853 2362 5899 vero
2386 5829 2727 5931 Saturninus,
2752 5856 2842 5928 qui
2868 5829 3149 5932 primus—in
