  <div class='ocr_page' id='page_1' title='image "/cluster/home/n/w/nwhite01/storage/ocr_20150623/1/hvd.32044015466733/413.png"; bbox 0 0 4092 6352; ppageno 0'>
   <div class='ocr_carea' id='block_1_1' title="bbox 508 302 620 361">
    <p class='ocr_par' dir='ltr' id='par_1_1' title="bbox 508 302 620 361">
     <span class='ocr_line' id='line_1_1' title="bbox 508 302 620 361; baseline 0.009 -1"><span class='ocrx_word' id='word_1_1' title='bbox 508 302 620 361; x_wconf 81' lang='lat'><strong>775</strong></span> 
     </span>
    </p>
   </div>
   <div class='ocr_carea' id='block_1_2' title="bbox 1549 279 2690 355">
    <p class='ocr_par' dir='ltr' id='par_1_2' title="bbox 1549 279 2690 355">
     <span class='ocr_line' id='line_1_2' title="bbox 1549 279 2690 355; baseline -0.007 -9"><span class='ocrx_word' id='word_1_2' title='bbox 1549 287 1617 347; x_wconf 80' lang='lat' dir='ltr'><strong>IN</strong></span> <span class='ocrx_word' id='word_1_3' title='bbox 1653 282 2118 355; x_wconf 76' lang='lat' dir='ltr'><strong>TERTULLIANI</strong></span> <span class='ocrx_word' id='word_1_4' title='bbox 2153 279 2690 344; x_wconf 78' lang='lat' dir='ltr'><strong>APOLOGETICUM</strong></span> 
     </span>
    </p>
   </div>
   <div class='ocr_carea' id='block_1_3' title="bbox 3695 273 3808 336">
    <p class='ocr_par' dir='ltr' id='par_1_3' title="bbox 3695 273 3808 336">
     <span class='ocr_line' id='line_1_3' title="bbox 3695 273 3808 336; baseline 0.018 -3"><span class='ocrx_word' id='word_1_5' title='bbox 3695 273 3808 336; x_wconf 75' lang='lat'><strong>776</strong></span> 
     </span>
    </p>
   </div>
   <div class='ocr_carea' id='block_1_4' title="bbox 512 363 3808 485">
    <p class='ocr_par' dir='ltr' id='par_1_4' title="bbox 512 363 3808 485">
     <span class='ocr_line' id='line_1_4' title="bbox 512 363 3808 485; baseline -0.01 -4"><span class='ocrx_word' id='word_1_6' title='bbox 512 425 688 481; x_wconf 87' lang='lat' dir='ltr'><strong>tianos</strong></span> <span class='ocrx_word' id='word_1_7' title='bbox 731 415 958 476; x_wconf 78' lang='lat' dir='ltr'><strong>interﬁci</strong></span> <span class='ocrx_word' id='word_1_8' title='bbox 997 414 1255 485; x_wconf 80' lang='lat' dir='ltr'><strong>jusserat,</strong></span> <span class='ocrx_word' id='word_1_9' title='bbox 1298 406 1576 464; x_wconf 89' lang='lat' dir='ltr'><strong>oculorum</strong></span> <span class='ocrx_word' id='word_1_10' title='bbox 1624 405 1828 461; x_wconf 83' lang='lat' dir='ltr'><strong>lumine</strong></span> <span class='ocrx_word' id='word_1_11' title='bbox 1868 405 2107 476; x_wconf 86' lang='lat' dir='ltr'><strong>privatus</strong></span> <span class='ocrx_word' id='word_1_12' title='bbox 2133 401 2186 462; x_wconf 83' lang='lat' dir='ltr'><strong>A</strong></span> <span class='ocrx_word' id='word_1_13' title='bbox 2213 401 2502 472; x_wconf 88' lang='lat' dir='ltr'><strong>patiantur,</strong></span> <span class='ocrx_word' id='word_1_14' title='bbox 2551 397 2640 453; x_wconf 88' lang='lat' dir='ltr'><strong>hic</strong></span> <span class='ocrx_word' id='word_1_15' title='bbox 2665 406 2791 453; x_wconf 90' lang='lat' dir='ltr'><strong>tunc</strong></span> <span class='ocrx_word' id='word_1_16' title='bbox 2814 395 3098 454; x_wconf 86' lang='lat' dir='ltr'><strong>veritatem</strong></span> <span class='ocrx_word' id='word_1_17' title='bbox 3141 363 3440 466; x_wconf 84' lang='lat' dir='ltr'><strong>cognoscit,</strong></span> <span class='ocrx_word' id='word_1_18' title='bbox 3485 399 3544 451; x_wconf 85' lang='lat' dir='ltr'><strong>et</strong></span> <span class='ocrx_word' id='word_1_19' title='bbox 3590 389 3808 449; x_wconf 88' lang='lat' dir='ltr'><strong>illorum</strong></span> 
     </span>
    </p>
   </div>
   <div class='ocr_carea' id='block_1_5' title="bbox 514 499 2110 583">
    <p class='ocr_par' dir='ltr' id='par_1_5' title="bbox 514 499 2110 583">
     <span class='ocr_line' id='line_1_5' title="bbox 514 499 2110 583; baseline -0.013 -9"><span class='ocrx_word' id='word_1_20' title='bbox 514 529 618 574; x_wconf 88' lang='lat' dir='ltr'><strong>est.</strong></span> <span class='ocrx_word' id='word_1_21' title='bbox 666 515 720 570; x_wconf 90' lang='lat' dir='ltr'><strong>In</strong></span> <span class='ocrx_word' id='word_1_22' title='bbox 747 509 1078 583; x_wconf 78' lang='lat' dir='ltr'><strong>Cappadocia</strong></span> <span class='ocrx_word' id='word_1_23' title='bbox 1107 519 1319 576; x_wconf 90' lang='lat' dir='ltr'><strong>quoque</strong></span> <span class='ocrx_word' id='word_1_24' title='bbox 1362 501 1684 558; x_wconf 81' lang='lat' dir='ltr'><strong>Claudianus</strong></span> <span class='ocrx_word' id='word_1_25' title='bbox 1730 499 2110 556; x_wconf 89' lang='lat' dir='ltr'><strong>llerminiantts</strong></span> 
     </span>
    </p>
   </div>
   <div class='ocr_carea' id='block_1_6' title="bbox 517 593 2111 682">
    <p class='ocr_par' dir='ltr' id='par_1_6' title="bbox 517 593 2111 682">
     <span class='ocr_line' id='line_1_6' title="bbox 517 593 2111 682; baseline -0.012 -15"><span class='ocrx_word' id='word_1_26' title='bbox 517 619 669 682; x_wconf 87' lang='lat' dir='ltr'><strong>peste</strong></span> <span class='ocrx_word' id='word_1_27' title='bbox 701 605 1081 673; x_wconf 90' lang='lat' dir='ltr'><strong>vermibusque</strong></span> <span class='ocrx_word' id='word_1_28' title='bbox 1107 596 1489 655; x_wconf 88' lang='lat' dir='ltr'><strong>ebullient-ibus</strong></span> <span class='ocrx_word' id='word_1_29' title='bbox 1530 595 1683 663; x_wconf 85' lang='lat' dir='ltr'><strong>obiit,</strong></span> <span class='ocrx_word' id='word_1_30' title='bbox 1733 593 1942 651; x_wconf 90' lang='lat' dir='ltr'><strong>etiamsi</strong></span> <span class='ocrx_word' id='word_1_31' title='bbox 1988 607 2111 649; x_wconf 88' lang='lat' dir='ltr'><strong>sera</strong></span> 
     </span>
    </p>
   </div>
   <div class='ocr_carea' id='block_1_7' title="bbox 514 686 2108 771">
    <p class='ocr_par' dir='ltr' id='par_1_7' title="bbox 514 686 2108 771">
     <span class='ocr_line' id='line_1_7' title="bbox 514 686 2108 771; baseline -0.013 -12"><span class='ocrx_word' id='word_1_32' title='bbox 514 703 679 760; x_wconf 86' lang='lat' dir='ltr'><strong>nimis</strong></span> <span class='ocrx_word' id='word_1_33' title='bbox 741 695 1052 771; x_wconf 65' lang='lat' dir='ltr'><strong>pauitantia</strong></span> <span class='ocrx_word' id='word_1_34' title='bbox 1103 691 1428 748; x_wconf 86' lang='lat' dir='ltr'><strong>christianos</strong></span> <span class='ocrx_word' id='word_1_35' title='bbox 1491 704 1628 760; x_wconf 89' lang='lat' dir='ltr'><strong>pene</strong></span> <span class='ocrx_word' id='word_1_36' title='bbox 1680 687 1850 743; x_wconf 89' lang='lat' dir='ltr'><strong>factus</strong></span> <span class='ocrx_word' id='word_1_37' title='bbox 1902 686 2108 742; x_wconf 87' lang='lat' dir='ltr'><strong>fuisset.</strong></span> 
     </span>
    </p>
   </div>
   <div class='ocr_carea' id='block_1_8' title="bbox 519 777 2114 866">
    <p class='ocr_par' dir='ltr' id='par_1_8' title="bbox 519 777 2114 866">
     <span class='ocr_line' id='line_1_8' title="bbox 519 777 2114 866; baseline -0.012 -15"><span class='ocrx_word' id='word_1_38' title='bbox 519 795 760 866; x_wconf 80' lang='lat' dir='ltr'><strong>Denique</strong></span> <span class='ocrx_word' id='word_1_39' title='bbox 783 790 1029 848; x_wconf 69' lang='lat' dir='ltr'><strong>Caecilius</strong></span> <span class='ocrx_word' id='word_1_40' title='bbox 1053 785 1272 857; x_wconf 83' lang='lat' dir='ltr'><strong>Capella</strong></span> <span class='ocrx_word' id='word_1_41' title='bbox 1298 799 1419 838; x_wconf 84' lang='lat' dir='ltr'><strong>cum</strong></span> <span class='ocrx_word' id='word_1_42' title='bbox 1455 783 1509 837; x_wconf 88' lang='lat' dir='ltr'><strong>in</strong></span> <span class='ocrx_word' id='word_1_43' title='bbox 1533 782 1671 836; x_wconf 79' lang='lat' dir='ltr'><strong>exitu</strong></span> <span class='ocrx_word' id='word_1_44' title='bbox 1697 781 1809 836; x_wconf 85' lang='lat' dir='ltr'><strong>sive</strong></span> <span class='ocrx_word' id='word_1_45' title='bbox 1836 779 2000 836; x_wconf 82' lang='lat' dir='ltr'><strong>exitio</strong></span> <span class='ocrx_word' id='word_1_46' title='bbox 2018 777 2114 850; x_wconf 78' lang='lat' dir='ltr'><strong>By-</strong></span> 
     </span>
    </p>
   </div>
   <div class='ocr_carea' id='block_1_9' title="bbox 522 867 2109 944">
    <p class='ocr_par' dir='ltr' id='par_1_9' title="bbox 522 867 2109 944">
     <span class='ocr_line' id='line_1_9' title="bbox 522 867 2109 944; baseline -0.014 0"><span class='ocrx_word' id='word_1_47' title='bbox 522 887 736 944; x_wconf 70' lang='lat' dir='ltr'><strong>santino</strong></span> <span class='ocrx_word' id='word_1_48' title='bbox 752 880 1070 938; x_wconf 86' lang='lat' dir='ltr'><strong>Christianis</strong></span> <span class='ocrx_word' id='word_1_49' title='bbox 1101 874 1406 933; x_wconf 80' lang='lat' dir='ltr'><strong>insultando</strong></span> <span class='ocrx_word' id='word_1_50' title='bbox 1434 873 1787 930; x_wconf 80' lang='lat' dir='ltr'><strong>exclamasset</strong></span> <span class='ocrx_word' id='word_1_51' title='bbox 1821 890 1834 926; x_wconf 90' lang='lat'><strong>:</strong></span> <span class='ocrx_word' id='word_1_52' title='bbox 1862 867 2109 935; x_wconf 78' lang='lat' dir='ltr'><strong>Gaudete,</strong></span> 
     </span>
    </p>
   </div>
   <div class='ocr_carea' id='block_1_10' title="bbox 519 960 2111 1051">
    <p class='ocr_par' dir='ltr' id='par_1_10' title="bbox 519 960 2111 1051">
     <span class='ocr_line' id='line_1_10' title="bbox 519 960 2111 1051; baseline -0.014 -15"><span class='ocrx_word' id='word_1_53' title='bbox 519 977 863 1051; x_wconf 72' lang='lat' dir='ltr'><strong>impudentiae</strong></span> <span class='ocrx_word' id='word_1_54' title='bbox 891 971 1333 1040; x_wconf 83' lang='lat' dir='ltr'><strong>crudelitatisque</strong></span> <span class='ocrx_word' id='word_1_55' title='bbox 1365 983 1476 1023; x_wconf 74' lang='lat' dir='ltr'><strong>sua:</strong></span> <span class='ocrx_word' id='word_1_56' title='bbox 1508 980 1695 1036; x_wconf 76' lang='lat' dir='ltr'><strong>ptenas</strong></span> <span class='ocrx_word' id='word_1_57' title='bbox 1723 963 1905 1018; x_wconf 85' lang='lat' dir='ltr'><strong>solvit.</strong></span> <span class='ocrx_word' id='word_1_58' title='bbox 1938 960 1995 1016; x_wconf 90' lang='lat' dir='ltr'><strong>Si</strong></span> <span class='ocrx_word' id='word_1_59' title='bbox 2023 960 2111 1029; x_wconf 85' lang='lat' dir='ltr'><strong>qui</strong></span> 
     </span>
    </p>
   </div>
   <div class='ocr_carea' id='block_1_11' title="bbox 518 1054 2115 1140">
    <p class='ocr_par' dir='ltr' id='par_1_11' title="bbox 518 1054 2115 1140">
     <span class='ocr_line' id='line_1_11' title="bbox 518 1054 2115 1140; baseline -0.013 -13"><span class='ocrx_word' id='word_1_60' title='bbox 518 1085 648 1128; x_wconf 83' lang='lat' dir='ltr'><strong>vero</strong></span> <span class='ocrx_word' id='word_1_61' title='bbox 691 1065 958 1140; x_wconf 83' lang='lat' dir='ltr'><strong>ejusmodi</strong></span> <span class='ocrx_word' id='word_1_62' title='bbox 1011 1061 1266 1134; x_wconf 82' lang='lat' dir='ltr'><strong>praesides</strong></span> <span class='ocrx_word' id='word_1_63' title='bbox 1314 1060 1532 1131; x_wconf 90' lang='lat' dir='ltr'><strong>impune</strong></span> <span class='ocrx_word' id='word_1_64' title='bbox 1569 1063 1877 1122; x_wconf 82' lang='lat' dir='ltr'><strong>evaserunt,</strong></span> <span class='ocrx_word' id='word_1_65' title='bbox 1927 1054 2115 1108; x_wconf 89' lang='lat' dir='ltr'><strong>ultimo</strong></span> 
     </span>
    </p>
   </div>
   <div class='ocr_carea' id='block_1_12' title="bbox 525 1147 2116 1235">
    <p class='ocr_par' dir='ltr' id='par_1_12' title="bbox 525 1147 2116 1235">
     <span class='ocr_line' id='line_1_12' title="bbox 525 1147 2116 1235; baseline -0.015 -13"><span class='ocrx_word' id='word_1_66' title='bbox 525 1163 622 1221; x_wconf 88' lang='lat' dir='ltr'><strong>Dei</strong></span> <span class='ocrx_word' id='word_1_67' title='bbox 657 1159 861 1232; x_wconf 80' lang='lat' dir='ltr'><strong>judicio</strong></span> <span class='ocrx_word' id='word_1_68' title='bbox 907 1157 1216 1235; x_wconf 75' lang='lat' dir='ltr'><strong>punientur.</strong></span> <span class='ocrx_word' id='word_1_69' title='bbox 1245 1151 1490 1222; x_wconf 77' lang='lat' dir='ltr'><strong>Scapula:</strong></span> <span class='ocrx_word' id='word_1_70' title='bbox 1521 1165 1672 1220; x_wconf 87' lang='lat' dir='ltr'><strong>ergo,</strong></span> <span class='ocrx_word' id='word_1_71' title='bbox 1717 1147 1892 1216; x_wconf 88' lang='lat' dir='ltr'><strong>inquit</strong></span> <span class='ocrx_word' id='word_1_72' title='bbox 1929 1155 2116 1200; x_wconf 87' lang='lat' dir='ltr'><strong>auctor</strong></span> 
     </span>
    </p>
   </div>
   <div class='ocr_carea' id='block_1_13' title="bbox 521 1238 2114 1319">
    <p class='ocr_par' dir='ltr' id='par_1_13' title="bbox 521 1238 2114 1319">
     <span class='ocr_line' id='line_1_13' title="bbox 521 1238 2114 1319; baseline -0.014 -5"><span class='ocrx_word' id='word_1_73' title='bbox 521 1266 728 1319; x_wconf 81' lang='lat' dir='ltr'><strong>uoster,</strong></span> <span class='ocrx_word' id='word_1_74' title='bbox 749 1253 870 1309; x_wconf 88' lang='lat' dir='ltr'><strong>ideo</strong></span> <span class='ocrx_word' id='word_1_75' title='bbox 895 1259 1012 1306; x_wconf 91' lang='lat' dir='ltr'><strong>erat</strong></span> <span class='ocrx_word' id='word_1_76' title='bbox 1052 1247 1348 1305; x_wconf 90' lang='lat' dir='ltr'><strong>timendum</strong></span> <span class='ocrx_word' id='word_1_77' title='bbox 1369 1287 1385 1312; x_wconf 96' lang='lat'><strong>,</strong></span> <span class='ocrx_word' id='word_1_78' title='bbox 1416 1244 1538 1312; x_wconf 85' lang='lat' dir='ltr'><strong>quia</strong></span> <span class='ocrx_word' id='word_1_79' title='bbox 1567 1241 1971 1297; x_wconf 82' lang='lat' dir='ltr'><strong>Adrumeticmn</strong></span> <span class='ocrx_word' id='word_1_80' title='bbox 2002 1238 2114 1293; x_wconf 76' lang='lat' dir='ltr'><strong>Ma-</strong></span> 
     </span>
    </p>
   </div>
   <div class='ocr_carea' id='block_1_14' title="bbox 525 1331 2117 1420">
    <p class='ocr_par' dir='ltr' id='par_1_14' title="bbox 525 1331 2117 1420">
     <span class='ocr_line' id='line_1_14' title="bbox 525 1331 2117 1420; baseline -0.01 -16"><span class='ocrx_word' id='word_1_81' title='bbox 525 1351 710 1407; x_wconf 88' lang='lat' dir='ltr'><strong>villum</strong></span> <span class='ocrx_word' id='word_1_82' title='bbox 733 1347 1028 1420; x_wconf 88' lang='lat' dir='ltr'><strong>pauloante</strong></span> <span class='ocrx_word' id='word_1_83' title='bbox 1056 1342 1182 1398; x_wconf 89' lang='lat' dir='ltr'><strong>illud</strong></span> <span class='ocrx_word' id='word_1_84' title='bbox 1199 1339 1424 1398; x_wconf 76' lang='lat' dir='ltr'><strong>exitium</strong></span> <span class='ocrx_word' id='word_1_85' title='bbox 1443 1337 1798 1409; x_wconf 73' lang='lat' dir='ltr'><strong>Byzantiuum</strong></span> <span class='ocrx_word' id='word_1_86' title='bbox 1824 1332 1893 1388; x_wconf 90' lang='lat' dir='ltr'><strong>ad</strong></span> <span class='ocrx_word' id='word_1_87' title='bbox 1918 1331 2117 1388; x_wconf 81' lang='lat' dir='ltr'><strong>bestias</strong></span> 
     </span>
    </p>
   </div>
   <div class='ocr_carea' id='block_1_15' title="bbox 525 1437 1153 1516">
    <p class='ocr_par' dir='ltr' id='par_1_15' title="bbox 525 1437 1153 1516">
     <span class='ocr_line' id='line_1_15' title="bbox 525 1437 1153 1516; baseline -0.022 -13"><span class='ocrx_word' id='word_1_88' title='bbox 525 1446 876 1504; x_wconf 83' lang='lat' dir='ltr'><strong>damnaverat</strong></span> <span class='ocrx_word' id='word_1_89' title='bbox 899 1439 1041 1516; x_wconf 84' lang='lat' dir='ltr'><strong>(cap.</strong></span> <span class='ocrx_word' id='word_1_90' title='bbox 1075 1437 1153 1508; x_wconf 77' lang='lat'><strong>3).</strong></span> 
     </span>
    </p>
   </div>
   <div class='ocr_carea' id='block_1_16' title="bbox 595 1518 2118 1595">
    <p class='ocr_par' dir='ltr' id='par_1_16' title="bbox 595 1518 2118 1595">
     <span class='ocr_line' id='line_1_16' title="bbox 595 1518 2118 1595; baseline -0.016 0"><span class='ocrx_word' id='word_1_91' title='bbox 595 1538 748 1595; x_wconf 82' lang='lat' dir='ltr'><strong>Serio</strong></span> <span class='ocrx_word' id='word_1_92' title='bbox 766 1546 942 1592; x_wconf 89' lang='lat' dir='ltr'><strong>tamen</strong></span> <span class='ocrx_word' id='word_1_93' title='bbox 968 1532 1114 1587; x_wconf 90' lang='lat' dir='ltr'><strong>illum</strong></span> <span class='ocrx_word' id='word_1_94' title='bbox 1134 1528 1387 1585; x_wconf 85' lang='lat' dir='ltr'><strong>admonet</strong></span> <span class='ocrx_word' id='word_1_95' title='bbox 1406 1529 1521 1580; x_wconf 57' lang='lat' dir='ltr'><strong>haec</strong></span> <span class='ocrx_word' id='word_1_96' title='bbox 1543 1539 1574 1578; x_wconf 91' lang='lat' dir='ltr'><strong>a</strong></span> <span class='ocrx_word' id='word_1_97' title='bbox 1599 1538 1658 1579; x_wconf 91' lang='lat' dir='ltr'><strong>se</strong></span> <span class='ocrx_word' id='word_1_98' title='bbox 1703 1518 2118 1577; x_wconf 90' lang='lat' dir='ltr'><strong>commemorari</strong></span> 
     </span>
    </p>
   </div>
   <div class='ocr_carea' id='block_1_17' title="bbox 529 1611 2120 1700">
    <p class='ocr_par' dir='ltr' id='par_1_17' title="bbox 529 1611 2120 1700">
     <span class='ocr_line' id='line_1_17' title="bbox 529 1611 2120 1700; baseline -0.015 -12"><span class='ocrx_word' id='word_1_99' title='bbox 529 1647 639 1689; x_wconf 85' lang='lat' dir='ltr'><strong>non</strong></span> <span class='ocrx_word' id='word_1_100' title='bbox 663 1638 940 1700; x_wconf 85' lang='lat' dir='ltr'><strong>propterea</strong></span> <span class='ocrx_word' id='word_1_101' title='bbox 963 1622 1178 1695; x_wconf 84' lang='lat' dir='ltr'><strong>quidem</strong></span> <span class='ocrx_word' id='word_1_102' title='bbox 1209 1617 1351 1691; x_wconf 89' lang='lat' dir='ltr'><strong>quod</strong></span> <span class='ocrx_word' id='word_1_103' title='bbox 1372 1619 1486 1688; x_wconf 90' lang='lat' dir='ltr'><strong>ipse</strong></span> <span class='ocrx_word' id='word_1_104' title='bbox 1512 1613 1712 1686; x_wconf 87' lang='lat' dir='ltr'><strong>aliquid</strong></span> <span class='ocrx_word' id='word_1_105' title='bbox 1739 1611 2009 1678; x_wconf 90' lang='lat' dir='ltr'><strong>formidet,</strong></span> <span class='ocrx_word' id='word_1_106' title='bbox 2029 1620 2120 1665; x_wconf 92' lang='lat' dir='ltr'><strong>aut</strong></span> 
     </span>
    </p>
   </div>
   <div class='ocr_carea' id='block_1_18' title="bbox 530 1705 2122 1787">
    <p class='ocr_par' dir='ltr' id='par_1_18' title="bbox 530 1705 2122 1787">
     <span class='ocr_line' id='line_1_18' title="bbox 530 1705 2122 1787; baseline -0.015 -6"><span class='ocrx_word' id='word_1_107' title='bbox 530 1734 592 1780; x_wconf 92' lang='lat' dir='ltr'><strong>ut</strong></span> <span class='ocrx_word' id='word_1_108' title='bbox 617 1721 864 1779; x_wconf 90' lang='lat' dir='ltr'><strong>eumdem</strong></span> <span class='ocrx_word' id='word_1_109' title='bbox 907 1715 1192 1787; x_wconf 86' lang='lat' dir='ltr'><strong>Scapulam</strong></span> <span class='ocrx_word' id='word_1_110' title='bbox 1225 1719 1423 1768; x_wconf 88' lang='lat' dir='ltr'><strong>terreat</strong></span> <span class='ocrx_word' id='word_1_111' title='bbox 1450 1726 1466 1775; x_wconf 85' lang='lat'><strong>;</strong></span> <span class='ocrx_word' id='word_1_112' title='bbox 1499 1707 1594 1763; x_wconf 89' lang='lat' dir='ltr'><strong>sed</strong></span> <span class='ocrx_word' id='word_1_113' title='bbox 1625 1706 1749 1778; x_wconf 83' lang='lat' dir='ltr'><strong>quia</strong></span> <span class='ocrx_word' id='word_1_114' title='bbox 1779 1705 1888 1758; x_wconf 76' lang='lat' dir='ltr'><strong>vult</strong></span> <span class='ocrx_word' id='word_1_115' title='bbox 1931 1717 2122 1758; x_wconf 89' lang='lat' dir='ltr'><strong>omnes</strong></span> 
     </span>
    </p>
   </div>
   <div class='ocr_carea' id='block_1_19' title="bbox 528 1817 707 1874">
    <p class='ocr_par' dir='ltr' id='par_1_19' title="bbox 528 1817 707 1874">
     <span class='ocr_line' id='line_1_19' title="bbox 528 1817 707 1874; baseline -0.022 0"><span class='ocrx_word' id='word_1_116' title='bbox 528 1817 707 1874; x_wconf 85' lang='lat' dir='ltr'><strong>salvos</strong></span> 
     </span>
    </p>
   </div>
   <div class='ocr_carea' id='block_1_20' title="bbox 529 1889 2121 1978">
    <p class='ocr_par' dir='ltr' id='par_1_20' title="bbox 529 1889 2121 1978">
     <span class='ocr_line' id='line_1_20' title="bbox 529 1889 2121 1978; baseline -0.017 -11"><span class='ocrx_word' id='word_1_117' title='bbox 529 1925 734 1967; x_wconf 90' lang='lat' dir='ltr'><strong>morem</strong></span> <span class='ocrx_word' id='word_1_118' title='bbox 762 1916 912 1978; x_wconf 91' lang='lat' dir='ltr'><strong>gerat</strong></span> <span class='ocrx_word' id='word_1_119' title='bbox 935 1903 1160 1977; x_wconf 80' lang='lat' dir='ltr'><strong>legibus,</strong></span> <span class='ocrx_word' id='word_1_120' title='bbox 1186 1913 1306 1970; x_wconf 71' lang='lat' dir='ltr'><strong>quae</strong></span> <span class='ocrx_word' id='word_1_121' title='bbox 1337 1896 1540 1954; x_wconf 90' lang='lat' dir='ltr'><strong>nullum</strong></span> <span class='ocrx_word' id='word_1_122' title='bbox 1569 1908 1744 1957; x_wconf 90' lang='lat' dir='ltr'><strong>reum,</strong></span> <span class='ocrx_word' id='word_1_123' title='bbox 1774 1891 1873 1945; x_wconf 91' lang='lat' dir='ltr'><strong>nisi</strong></span> <span class='ocrx_word' id='word_1_124' title='bbox 1896 1889 2121 1944; x_wconf 84' lang='lat' dir='ltr'><strong>crimina</strong></span> 
     </span>
    </p>
   </div>
   <div class='ocr_carea' id='block_1_21' title="bbox 529 1981 2118 2066">
    <p class='ocr_par' dir='ltr' id='par_1_21' title="bbox 529 1981 2118 2066">
     <span class='ocr_line' id='line_1_21' title="bbox 529 1981 2118 2066; baseline -0.018 -6"><span class='ocrx_word' id='word_1_125' title='bbox 529 2003 858 2066; x_wconf 74' lang='lat' dir='ltr'><strong>confessum,</strong></span> <span class='ocrx_word' id='word_1_126' title='bbox 890 2006 982 2052; x_wconf 89' lang='lat' dir='ltr'><strong>aut</strong></span> <span class='ocrx_word' id='word_1_127' title='bbox 1017 2011 1204 2052; x_wconf 90' lang='lat' dir='ltr'><strong>eorum</strong></span> <span class='ocrx_word' id='word_1_128' title='bbox 1231 1991 1536 2047; x_wconf 90' lang='lat' dir='ltr'><strong>convictum</strong></span> <span class='ocrx_word' id='word_1_129' title='bbox 1572 1985 1732 2057; x_wconf 84' lang='lat' dir='ltr'><strong>plceti</strong></span> <span class='ocrx_word' id='word_1_130' title='bbox 1780 1981 2118 2054; x_wconf 77' lang='lat' dir='ltr'><strong>pra-cipiunt.</strong></span> 
     </span>
    </p>
   </div>
   <div class='ocr_carea' id='block_1_22' title="bbox 534 2072 2124 2164">
    <p class='ocr_par' dir='ltr' id='par_1_22' title="bbox 534 2072 2124 2164">
     <span class='ocr_line' id='line_1_22' title="bbox 534 2072 2124 2164; baseline -0.018 -11"><span class='ocrx_word' id='word_1_131' title='bbox 534 2093 797 2164; x_wconf 85' lang='lat' dir='ltr'><strong>Exempla</strong></span> <span class='ocrx_word' id='word_1_132' title='bbox 817 2089 1012 2147; x_wconf 89' lang='lat' dir='ltr'><strong>deinde</strong></span> <span class='ocrx_word' id='word_1_133' title='bbox 1037 2090 1085 2145; x_wconf 89' lang='lat' dir='ltr'><strong>ei</strong></span> <span class='ocrx_word' id='word_1_134' title='bbox 1123 2084 1374 2159; x_wconf 87' lang='lat' dir='ltr'><strong>proponit</strong></span> <span class='ocrx_word' id='word_1_135' title='bbox 1397 2079 1564 2137; x_wconf 90' lang='lat' dir='ltr'><strong>Cincii</strong></span> <span class='ocrx_word' id='word_1_136' title='bbox 1596 2075 1807 2142; x_wconf 87' lang='lat' dir='ltr'><strong>Severi,</strong></span> <span class='ocrx_word' id='word_1_137' title='bbox 1838 2072 2124 2144; x_wconf 81' lang='lat' dir='ltr'><strong>Vesprouii</strong></span> 
     </span>
    </p>
   </div>
   <div class='ocr_carea' id='block_1_23' title="bbox 530 2165 2127 2252">
    <p class='ocr_par' dir='ltr' id='par_1_23' title="bbox 530 2165 2127 2252">
     <span class='ocr_line' id='line_1_23' title="bbox 530 2165 2127 2252; baseline -0.014 -9"><span class='ocrx_word' id='word_1_138' title='bbox 530 2185 776 2250; x_wconf 89' lang='lat' dir='ltr'><strong>Candidi,</strong></span> <span class='ocrx_word' id='word_1_139' title='bbox 801 2181 1017 2252; x_wconf 82' lang='lat' dir='ltr'><strong>Asperi,</strong></span> <span class='ocrx_word' id='word_1_140' title='bbox 1040 2177 1318 2242; x_wconf 85' lang='lat' dir='ltr'><strong>Pudentis,</strong></span> <span class='ocrx_word' id='word_1_141' title='bbox 1341 2174 1433 2245; x_wconf 89' lang='lat' dir='ltr'><strong>qui</strong></span> <span class='ocrx_word' id='word_1_142' title='bbox 1462 2172 1776 2227; x_wconf 87' lang='lat' dir='ltr'><strong>innocentes</strong></span> <span class='ocrx_word' id='word_1_143' title='bbox 1791 2165 2127 2222; x_wconf 86' lang='lat' dir='ltr'><strong>Christianos</strong></span> 
     </span>
    </p>
   </div>
   <div class='ocr_carea' id='block_1_24' title="bbox 475 2257 2128 2336">
    <p class='ocr_par' dir='ltr' id='par_1_24' title="bbox 475 2257 2128 2336">
     <span class='ocr_line' id='line_1_24' title="bbox 475 2257 2128 2336; baseline -0.014 -2"><span class='ocrx_word' id='word_1_144' title='bbox 475 2261 482 2280; x_wconf 65' lang='grc'><strong><em>⁸</em></strong></span> <span class='ocrx_word' id='word_1_145' title='bbox 532 2273 893 2334; x_wconf 77' lang='lat' dir='ltr'><strong>coddemuare</strong></span> <span class='ocrx_word' id='word_1_146' title='bbox 922 2272 1222 2327; x_wconf 90' lang='lat' dir='ltr'><strong>noluerant.</strong></span> <span class='ocrx_word' id='word_1_147' title='bbox 1247 2263 1530 2336; x_wconf 87' lang='lat' dir='ltr'><strong>Quomodo</strong></span> <span class='ocrx_word' id='word_1_148' title='bbox 1558 2269 1737 2317; x_wconf 85' lang='lat' dir='ltr'><strong>autem</strong></span> <span class='ocrx_word' id='word_1_149' title='bbox 1766 2260 1864 2314; x_wconf 87' lang='lat' dir='ltr'><strong>hos</strong></span> <span class='ocrx_word' id='word_1_150' title='bbox 1894 2257 2128 2312; x_wconf 86' lang='lat' dir='ltr'><strong>imitare-</strong></span> 
     </span>
    </p>
   </div>
   <div class='ocr_carea' id='block_1_25' title="bbox 535 2349 2128 2439">
    <p class='ocr_par' dir='ltr' id='par_1_25' title="bbox 535 2349 2128 2439">
     <span class='ocr_line' id='line_1_25' title="bbox 535 2349 2128 2439; baseline -0.013 -14"><span class='ocrx_word' id='word_1_151' title='bbox 535 2380 643 2438; x_wconf 91' lang='lat' dir='ltr'><strong>tur,</strong></span> <span class='ocrx_word' id='word_1_152' title='bbox 666 2382 951 2439; x_wconf 84' lang='lat' dir='ltr'><strong>suggerere</strong></span> <span class='ocrx_word' id='word_1_153' title='bbox 979 2363 1028 2420; x_wconf 90' lang='lat' dir='ltr'><strong>ei</strong></span> <span class='ocrx_word' id='word_1_154' title='bbox 1059 2370 1304 2434; x_wconf 86' lang='lat' dir='ltr'><strong>poterant</strong></span> <span class='ocrx_word' id='word_1_155' title='bbox 1332 2356 1596 2420; x_wconf 86' lang='lat' dir='ltr'><strong>advocati,</strong></span> <span class='ocrx_word' id='word_1_156' title='bbox 1625 2353 1818 2426; x_wconf 85' lang='lat' dir='ltr'><strong>quibus</strong></span> <span class='ocrx_word' id='word_1_157' title='bbox 1837 2349 2128 2408; x_wconf 81' lang='lat' dir='ltr'><strong>Christiani</strong></span> 
     </span>
    </p>
   </div>
   <div class='ocr_carea' id='block_1_26' title="bbox 454 2443 2126 2522">
    <p class='ocr_par' dir='ltr' id='par_1_26' title="bbox 454 2443 2126 2522">
     <span class='ocr_line' id='line_1_26' title="bbox 454 2443 2126 2522; baseline -0.012 -6"><span class='ocrx_word' id='word_1_158' title='bbox 454 2514 457 2516; x_wconf 84' lang='lat'><strong>.</strong></span> <span class='ocrx_word' id='word_1_159' title='bbox 535 2479 643 2522; x_wconf 87' lang='lat' dir='ltr'><strong>non</strong></span> <span class='ocrx_word' id='word_1_160' title='bbox 676 2462 895 2516; x_wconf 89' lang='lat' dir='ltr'><strong>minima</strong></span> <span class='ocrx_word' id='word_1_161' title='bbox 921 2472 1051 2512; x_wconf 90' lang='lat' dir='ltr'><strong>sane</strong></span> <span class='ocrx_word' id='word_1_162' title='bbox 1087 2452 1347 2510; x_wconf 87' lang='lat' dir='ltr'><strong>beneficia</strong></span> <span class='ocrx_word' id='word_1_163' title='bbox 1387 2449 1752 2506; x_wconf 86' lang='lat' dir='ltr'><strong>contulerant.</strong></span> <span class='ocrx_word' id='word_1_164' title='bbox 1791 2443 1910 2500; x_wconf 79' lang='lat' dir='ltr'><strong>Non</strong></span> <span class='ocrx_word' id='word_1_165' title='bbox 1953 2443 2126 2499; x_wconf 89' lang='lat' dir='ltr'><strong>solum</strong></span> 
     </span>
    </p>
   </div>
   <div class='ocr_carea' id='block_1_27' title="bbox 536 2536 2130 2630">
    <p class='ocr_par' dir='ltr' id='par_1_27' title="bbox 536 2536 2130 2630">
     <span class='ocr_line' id='line_1_27' title="bbox 536 2536 2130 2630; baseline -0.015 -16"><span class='ocrx_word' id='word_1_166' title='bbox 536 2559 682 2630; x_wconf 75' lang='lat' dir='ltr'><strong>enim</strong></span> <span class='ocrx_word' id='word_1_167' title='bbox 710 2557 985 2624; x_wconf 88' lang='lat' dir='ltr'><strong>ejecerant</strong></span> <span class='ocrx_word' id='word_1_168' title='bbox 1007 2547 1272 2606; x_wconf 67' lang='lat' dir='ltr'><strong>dmmonia</strong></span> <span class='ocrx_word' id='word_1_169' title='bbox 1297 2562 1363 2602; x_wconf 78' lang='lat' dir='ltr'><strong>ex</strong></span> <span class='ocrx_word' id='word_1_170' title='bbox 1403 2544 1619 2600; x_wconf 89' lang='lat' dir='ltr'><strong>illorum</strong></span> <span class='ocrx_word' id='word_1_171' title='bbox 1664 2539 1896 2604; x_wconf 88' lang='lat' dir='ltr'><strong>notario,</strong></span> <span class='ocrx_word' id='word_1_172' title='bbox 1943 2548 1998 2592; x_wconf 89' lang='lat' dir='ltr'><strong>et</strong></span> <span class='ocrx_word' id='word_1_173' title='bbox 2025 2536 2130 2591; x_wconf 89' lang='lat' dir='ltr'><strong>alio</strong></span> 
     </span>
    </p>
   </div>
   <div class='ocr_carea' id='block_1_28' title="bbox 537 2629 2131 2720">
    <p class='ocr_par' dir='ltr' id='par_1_28' title="bbox 537 2629 2131 2720">
     <span class='ocr_line' id='line_1_28' title="bbox 537 2629 2131 2720; baseline -0.016 -11"><span class='ocrx_word' id='word_1_174' title='bbox 537 2629 726 2709; x_wconf 87' lang='lat' dir='ltr'><strong>eorum</strong></span> <span class='ocrx_word' id='word_1_175' title='bbox 749 2647 1053 2720; x_wconf 85' lang='lat' dir='ltr'><strong>propinquo</strong></span> <span class='ocrx_word' id='word_1_176' title='bbox 1085 2661 1099 2697; x_wconf 89' lang='lat'><strong>:</strong></span> <span class='ocrx_word' id='word_1_177' title='bbox 1138 2641 1233 2698; x_wconf 89' lang='lat' dir='ltr'><strong>sed</strong></span> <span class='ocrx_word' id='word_1_178' title='bbox 1275 2638 1411 2695; x_wconf 89' lang='lat' dir='ltr'><strong>alios</strong></span> <span class='ocrx_word' id='word_1_179' title='bbox 1451 2637 1613 2694; x_wconf 90' lang='lat' dir='ltr'><strong>etiam</strong></span> <span class='ocrx_word' id='word_1_180' title='bbox 1646 2631 1854 2691; x_wconf 86' lang='lat' dir='ltr'><strong>morbis</strong></span> <span class='ocrx_word' id='word_1_181' title='bbox 1897 2629 2131 2687; x_wconf 81' lang='lat' dir='ltr'><strong>afﬂictos</strong></span> 
     </span>
    </p>
   </div>
   <div class='ocr_carea' id='block_1_29' title="bbox 537 2742 1225 2803">
    <p class='ocr_par' dir='ltr' id='par_1_29' title="bbox 537 2742 1225 2803">
     <span class='ocr_line' id='line_1_29' title="bbox 537 2742 1225 2803; baseline -0.02 0"><span class='ocrx_word' id='word_1_182' title='bbox 537 2742 855 2803; x_wconf 84' lang='lat' dir='ltr'><strong>mirabiliter</strong></span> <span class='ocrx_word' id='word_1_183' title='bbox 881 2743 1225 2794; x_wconf 86' lang='lat' dir='ltr'><strong>sanaverant.</strong></span> 
     </span>
    </p>
   </div>
   <div class='ocr_carea' id='block_1_30' title="bbox 611 2819 2135 2904">
    <p class='ocr_par' dir='ltr' id='par_1_30' title="bbox 611 2819 2135 2904">
     <span class='ocr_line' id='line_1_30' title="bbox 611 2819 2135 2904; baseline -0.012 -13"><span class='ocrx_word' id='word_1_184' title='bbox 611 2835 749 2904; x_wconf 91' lang='lat' dir='ltr'><strong>Quin</strong></span> <span class='ocrx_word' id='word_1_185' title='bbox 771 2836 932 2890; x_wconf 88' lang='lat' dir='ltr'><strong>etiam</strong></span> <span class='ocrx_word' id='word_1_186' title='bbox 961 2831 1194 2887; x_wconf 85' lang='lat' dir='ltr'><strong>Severus</strong></span> <span class='ocrx_word' id='word_1_187' title='bbox 1215 2829 1532 2896; x_wconf 86' lang='lat' dir='ltr'><strong>imperator,</strong></span> <span class='ocrx_word' id='word_1_188' title='bbox 1558 2819 1814 2878; x_wconf 81' lang='lat' dir='ltr'><strong>Antonini</strong></span> <span class='ocrx_word' id='word_1_189' title='bbox 1841 2819 2135 2875; x_wconf 89' lang='lat' dir='ltr'><strong>christiano</strong></span> 
     </span>
    </p>
   </div>
   <div class='ocr_carea' id='block_1_31' title="bbox 2211 487 3166 564">
    <p class='ocr_par' dir='ltr' id='par_1_31' title="bbox 2211 487 3166 564">
     <span class='ocr_line' id='line_1_31' title="bbox 2211 487 3166 564; baseline -0.005 -15"><span class='ocrx_word' id='word_1_190' title='bbox 2211 492 2554 564; x_wconf 85' lang='lat' dir='ltr'><strong>amplectitur</strong></span> <span class='ocrx_word' id='word_1_191' title='bbox 2582 489 2897 563; x_wconf 76' lang='lat' dir='ltr'><strong>religionem</strong></span> <span class='ocrx_word' id='word_1_192' title='bbox 2921 488 3058 562; x_wconf 84' lang='lat' dir='ltr'><strong>(cap.</strong></span> <span class='ocrx_word' id='word_1_193' title='bbox 3085 487 3166 558; x_wconf 72' lang='grc'><strong>4).</strong></span> 
     </span>
    </p>
   </div>
   <div class='ocr_carea' id='block_1_32' title="bbox 2813 621 3200 664">
    <p class='ocr_par' dir='ltr' id='par_1_32' title="bbox 2813 621 3200 664">
     <span class='ocr_line' id='line_1_32' title="bbox 2813 621 3200 664; baseline -0.003 -1"><span class='ocrx_word' id='word_1_194' title='bbox 2813 622 3103 664; x_wconf 67' lang='grc' dir='ltr'><strong>Λιιτιευιυς</strong></span> <span class='ocrx_word' id='word_1_195' title='bbox 3141 621 3200 663; x_wconf 82' lang='lat' dir='ltr'><strong>ll.</strong></span> 
     </span>
    </p>
   </div>
   <div class='ocr_carea' id='block_1_33' title="bbox 2217 720 3814 794">
    <p class='ocr_par' dir='ltr' id='par_1_33' title="bbox 2217 720 3814 794">
     <span class='ocr_line' id='line_1_33' title="bbox 2217 720 3814 794; baseline -0.004 -15"><span class='ocrx_word' id='word_1_196' title='bbox 2217 722 2516 779; x_wconf 82' lang='lat' dir='ltr'><strong>Ostenditur</strong></span> <span class='ocrx_word' id='word_1_197' title='bbox 2559 720 2939 778; x_wconf 84' lang='lat' dir='ltr'><strong>Tertullianunt</strong></span> <span class='ocrx_word' id='word_1_198' title='bbox 2993 723 3148 794; x_wconf 83' lang='lat' dir='ltr'><strong>hujus</strong></span> <span class='ocrx_word' id='word_1_199' title='bbox 3191 720 3307 779; x_wconf 87' lang='lat' dir='ltr'><strong>libri</strong></span> <span class='ocrx_word' id='word_1_200' title='bbox 3354 738 3462 777; x_wconf 84' lang='lat' dir='ltr'><strong>esse</strong></span> <span class='ocrx_word' id='word_1_201' title='bbox 3505 725 3814 787; x_wconf 82' lang='lat' dir='ltr'><strong>auctorem;</strong></span> 
     </span>
    </p>
   </div>
   <div class='ocr_carea' id='block_1_34' title="bbox 2286 811 3816 888">
    <p class='ocr_par' dir='ltr' id='par_1_34' title="bbox 2286 811 3816 888">
     <span class='ocr_line' id='line_1_34' title="bbox 2286 811 3816 888; baseline -0.002 -18"><span class='ocrx_word' id='word_1_202' title='bbox 2286 817 2466 888; x_wconf 81' lang='lat' dir='ltr'><strong>quibus</strong></span> <span class='ocrx_word' id='word_1_203' title='bbox 2531 815 2814 870; x_wconf 88' lang='lat' dir='ltr'><strong>rationibus</strong></span> <span class='ocrx_word' id='word_1_204' title='bbox 2853 815 2922 869; x_wconf 84' lang='lat' dir='ltr'><strong>ad</strong></span> <span class='ocrx_word' id='word_1_205' title='bbox 2961 813 3110 870; x_wconf 86' lang='lat' dir='ltr'><strong>illum</strong></span> <span class='ocrx_word' id='word_1_206' title='bbox 3161 825 3272 886; x_wconf 60' lang='lat' dir='ltr'><strong>post</strong></span> <span class='ocrx_word' id='word_1_207' title='bbox 3317 811 3720 885; x_wconf 81' lang='lat' dir='ltr'><strong>Apologeticum</strong></span> <span class='ocrx_word' id='word_1_208' title='bbox 3767 823 3816 868; x_wconf 82' lang='lat' dir='ltr'><strong>et</strong></span> 
     </span>
    </p>
   </div>
   <div class='ocr_carea' id='block_1_35' title="bbox 2287 904 3817 977">
    <p class='ocr_par' dir='ltr' id='par_1_35' title="bbox 2287 904 3817 977">
     <span class='ocr_line' id='line_1_35' title="bbox 2287 904 3817 977; baseline -0.001 -15"><span class='ocrx_word' id='word_1_209' title='bbox 2287 909 2443 962; x_wconf 87' lang='lat' dir='ltr'><strong>libros</strong></span> <span class='ocrx_word' id='word_1_210' title='bbox 2488 907 2553 962; x_wconf 87' lang='lat' dir='ltr'><strong>ad</strong></span> <span class='ocrx_word' id='word_1_211' title='bbox 2592 907 2848 963; x_wconf 81' lang='lat' dir='ltr'><strong>Nationes</strong></span> <span class='ocrx_word' id='word_1_212' title='bbox 2892 907 3144 962; x_wconf 81' lang='lat' dir='ltr'><strong>edendum</strong></span> <span class='ocrx_word' id='word_1_213' title='bbox 3178 904 3430 977; x_wconf 75' lang='lat' dir='ltr'><strong>impulsus</strong></span> <span class='ocrx_word' id='word_1_214' title='bbox 3473 906 3668 976; x_wconf 73' lang='lat' dir='ltr'><strong>fuerit;</strong></span> <span class='ocrx_word' id='word_1_215' title='bbox 3717 922 3817 976; x_wconf 85' lang='lat' dir='ltr'><strong>quo</strong></span> 
     </span>
    </p>
   </div>
   <div class='ocr_carea' id='block_1_36' title="bbox 2289 997 3818 1073">
    <p class='ocr_par' dir='ltr' id='par_1_36' title="bbox 2289 997 3818 1073">
     <span class='ocr_line' id='line_1_36' title="bbox 2289 997 3818 1073; baseline -0.001 -18"><span class='ocrx_word' id='word_1_216' title='bbox 2289 1011 2512 1071; x_wconf 84' lang='lat' dir='ltr'><strong>tempore</strong></span> <span class='ocrx_word' id='word_1_217' title='bbox 2550 1003 2695 1056; x_wconf 86' lang='lat' dir='ltr'><strong>illum</strong></span> <span class='ocrx_word' id='word_1_218' title='bbox 2733 1002 3010 1073; x_wconf 72' lang='lat' dir='ltr'><strong>scripserit,</strong></span> <span class='ocrx_word' id='word_1_219' title='bbox 3052 1018 3114 1054; x_wconf 90' lang='lat' dir='ltr'><strong>ac</strong></span> <span class='ocrx_word' id='word_1_220' title='bbox 3162 1000 3226 1055; x_wconf 86' lang='lat' dir='ltr'><strong>de</strong></span> <span class='ocrx_word' id='word_1_221' title='bbox 3263 999 3566 1070; x_wconf 75' lang='lat' dir='ltr'><strong>quibusdam</strong></span> <span class='ocrx_word' id='word_1_222' title='bbox 3602 997 3818 1054; x_wconf 75' lang='lat' dir='ltr'><strong>ethnicis</strong></span> 
     </span>
    </p>
   </div>
   <div class='ocr_carea' id='block_1_37' title="bbox 2291 1091 3820 1166">
    <p class='ocr_par' dir='ltr' id='par_1_37' title="bbox 2291 1091 3820 1166">
     <span class='ocr_line' id='line_1_37' title="bbox 2291 1091 3820 1166; baseline 0.001 -19"><span class='ocrx_word' id='word_1_223' title='bbox 2291 1095 2676 1165; x_wconf 80' lang='lat' dir='ltr'><strong>proconsulibus</strong></span> <span class='ocrx_word' id='word_1_224' title='bbox 2725 1111 2786 1149; x_wconf 88' lang='lat' dir='ltr'><strong>ac</strong></span> <span class='ocrx_word' id='word_1_225' title='bbox 2826 1095 3104 1166; x_wconf 75' lang='lat' dir='ltr'><strong>prwfectis,</strong></span> <span class='ocrx_word' id='word_1_226' title='bbox 3147 1093 3233 1165; x_wconf 86' lang='lat' dir='ltr'><strong>qui</strong></span> <span class='ocrx_word' id='word_1_227' title='bbox 3285 1101 3372 1147; x_wconf 87' lang='lat' dir='ltr'><strong>aut</strong></span> <span class='ocrx_word' id='word_1_228' title='bbox 3419 1091 3680 1147; x_wconf 79' lang='lat' dir='ltr'><strong>crudelius</strong></span> <span class='ocrx_word' id='word_1_229' title='bbox 3727 1100 3820 1148; x_wconf 76' lang='lat' dir='ltr'><strong>aut</strong></span> 
     </span>
    </p>
   </div>
   <div class='ocr_carea' id='block_1_38' title="bbox 2290 1185 3187 1260">
    <p class='ocr_par' dir='ltr' id='par_1_38' title="bbox 2290 1185 3187 1260">
     <span class='ocr_line' id='line_1_38' title="bbox 2290 1185 3187 1260; baseline 0.001 -19"><span class='ocrx_word' id='word_1_230' title='bbox 2290 1187 2459 1242; x_wconf 79' lang='lat' dir='ltr'><strong>mitius</strong></span> <span class='ocrx_word' id='word_1_231' title='bbox 2484 1204 2600 1241; x_wconf 87' lang='lat' dir='ltr'><strong>cum</strong></span> <span class='ocrx_word' id='word_1_232' title='bbox 2625 1185 2928 1243; x_wconf 84' lang='lat' dir='ltr'><strong>Christianis</strong></span> <span class='ocrx_word' id='word_1_233' title='bbox 2957 1197 3187 1260; x_wconf 84' lang='lat' dir='ltr'><strong>egerunt.</strong></span> 
     </span>
    </p>
   </div>
   <div class='ocr_carea' id='block_1_39' title="bbox 2290 1322 3821 1396">
    <p class='ocr_par' dir='ltr' id='par_1_39' title="bbox 2290 1322 3821 1396">
     <span class='ocr_line' id='line_1_39' title="bbox 2290 1322 3821 1396; baseline 0.001 -18"><span class='ocrx_word' id='word_1_234' title='bbox 2290 1322 2492 1378; x_wconf 84' lang='lat' dir='ltr'><strong>Omnes</strong></span> <span class='ocrx_word' id='word_1_235' title='bbox 2529 1338 2721 1394; x_wconf 88' lang='lat' dir='ltr'><strong>magno</strong></span> <span class='ocrx_word' id='word_1_236' title='bbox 2750 1322 2881 1380; x_wconf 78' lang='lat' dir='ltr'><strong>Sane</strong></span> <span class='ocrx_word' id='word_1_237' title='bbox 2925 1324 3268 1396; x_wconf 87' lang='lat' dir='ltr'><strong>unanimique</strong></span> <span class='ocrx_word' id='word_1_238' title='bbox 3289 1338 3558 1380; x_wconf 87' lang='lat' dir='ltr'><strong>consensu</strong></span> <span class='ocrx_word' id='word_1_239' title='bbox 3587 1323 3821 1382; x_wconf 92' lang='lat' dir='ltr'><strong>fatentur</strong></span> 
     </span>
    </p>
   </div>
   <div class='ocr_carea' id='block_1_40' title="bbox 2220 1415 3821 1488">
    <p class='ocr_par' dir='ltr' id='par_1_40' title="bbox 2220 1415 3821 1488">
     <span class='ocr_line' id='line_1_40' title="bbox 2220 1415 3821 1488; baseline 0 -16"><span class='ocrx_word' id='word_1_240' title='bbox 2220 1415 2608 1472; x_wconf 83' lang='lat' dir='ltr'><strong>Tertullianum</strong></span> <span class='ocrx_word' id='word_1_241' title='bbox 2628 1416 2786 1487; x_wconf 89' lang='lat' dir='ltr'><strong>hujus</strong></span> <span class='ocrx_word' id='word_1_242' title='bbox 2811 1416 2929 1471; x_wconf 90' lang='lat' dir='ltr'><strong>libri</strong></span> <span class='ocrx_word' id='word_1_243' title='bbox 2948 1432 3134 1472; x_wconf 89' lang='lat' dir='ltr'><strong>verum</strong></span> <span class='ocrx_word' id='word_1_244' title='bbox 3155 1432 3276 1480; x_wconf 83' lang='lat' dir='ltr'><strong>esse</strong></span> <span class='ocrx_word' id='word_1_245' title='bbox 3295 1426 3593 1488; x_wconf 87' lang='lat' dir='ltr'><strong>parentem.</strong></span> <span class='ocrx_word' id='word_1_246' title='bbox 3621 1415 3821 1488; x_wconf 83' lang='lat' dir='ltr'><strong>Ecquis</strong></span> 
     </span>
    </p>
   </div>
   <div class='ocr_carea' id='block_1_41' title="bbox 2221 1509 3821 1582">
    <p class='ocr_par' dir='ltr' id='par_1_41' title="bbox 2221 1509 3821 1582">
     <span class='ocr_line' id='line_1_41' title="bbox 2221 1509 3821 1582; baseline 0.001 -18"><span class='ocrx_word' id='word_1_247' title='bbox 2221 1524 2351 1575; x_wconf 81' lang='lat' dir='ltr'><strong>vero</strong></span> <span class='ocrx_word' id='word_1_248' title='bbox 2399 1509 2451 1564; x_wconf 89' lang='lat' dir='ltr'><strong>id</strong></span> <span class='ocrx_word' id='word_1_249' title='bbox 2493 1525 2690 1582; x_wconf 82' lang='lat' dir='ltr'><strong>negare</strong></span> <span class='ocrx_word' id='word_1_250' title='bbox 2735 1509 2950 1574; x_wconf 87' lang='lat' dir='ltr'><strong>audeat,</strong></span> <span class='ocrx_word' id='word_1_251' title='bbox 3007 1509 3152 1582; x_wconf 92' lang='lat' dir='ltr'><strong>quod</strong></span> <span class='ocrx_word' id='word_1_252' title='bbox 3197 1510 3421 1580; x_wconf 87' lang='lat' dir='ltr'><strong>ipsemet</strong></span> <span class='ocrx_word' id='word_1_253' title='bbox 3473 1510 3628 1576; x_wconf 88' lang='lat' dir='ltr'><strong>liber,</strong></span> <span class='ocrx_word' id='word_1_254' title='bbox 3679 1518 3821 1565; x_wconf 83' lang='lat' dir='ltr'><strong>totus</strong></span> 
     </span>
    </p>
   </div>
   <div class='ocr_carea' id='block_1_42' title="bbox 2221 1599 3820 1673">
    <p class='ocr_par' dir='ltr' id='par_1_42' title="bbox 2221 1599 3820 1673">
     <span class='ocr_line' id='line_1_42' title="bbox 2221 1599 3820 1673; baseline 0.001 -17"><span class='ocrx_word' id='word_1_255' title='bbox 2221 1612 2455 1673; x_wconf 87' lang='lat' dir='ltr'><strong>quantus</strong></span> <span class='ocrx_word' id='word_1_256' title='bbox 2485 1610 2589 1660; x_wconf 88' lang='lat' dir='ltr'><strong>est.</strong></span> <span class='ocrx_word' id='word_1_257' title='bbox 2614 1600 2789 1673; x_wconf 89' lang='lat' dir='ltr'><strong>palam</strong></span> <span class='ocrx_word' id='word_1_258' title='bbox 2811 1602 3135 1657; x_wconf 85' lang='lat' dir='ltr'><strong>attestatur?</strong></span> <span class='ocrx_word' id='word_1_259' title='bbox 3162 1599 3295 1657; x_wconf 86' lang='lat' dir='ltr'><strong>Nam</strong></span> <span class='ocrx_word' id='word_1_260' title='bbox 3321 1600 3462 1656; x_wconf 90' lang='lat' dir='ltr'><strong>idem</strong></span> <span class='ocrx_word' id='word_1_261' title='bbox 3492 1601 3544 1656; x_wconf 90' lang='lat' dir='ltr'><strong>in</strong></span> <span class='ocrx_word' id='word_1_262' title='bbox 3571 1616 3637 1657; x_wconf 88' lang='lat' dir='ltr'><strong>eo</strong></span> <span class='ocrx_word' id='word_1_263' title='bbox 3659 1610 3820 1672; x_wconf 88' lang='lat' dir='ltr'><strong>atque</strong></span> 
     </span>
    </p>
   </div>
   <div class='ocr_carea' id='block_1_43' title="bbox 2226 1692 3818 1765">
    <p class='ocr_par' dir='ltr' id='par_1_43' title="bbox 2226 1692 3818 1765">
     <span class='ocr_line' id='line_1_43' title="bbox 2226 1692 3818 1765; baseline -0.001 -17"><span class='ocrx_word' id='word_1_264' title='bbox 2226 1693 2280 1748; x_wconf 89' lang='lat' dir='ltr'><strong>in</strong></span> <span class='ocrx_word' id='word_1_265' title='bbox 2316 1693 2645 1765; x_wconf 81' lang='lat' dir='ltr'><strong>Apologetico</strong></span> <span class='ocrx_word' id='word_1_266' title='bbox 2692 1703 2748 1749; x_wconf 91' lang='lat' dir='ltr'><strong>et</strong></span> <span class='ocrx_word' id='word_1_267' title='bbox 2773 1693 2843 1748; x_wconf 86' lang='lat' dir='ltr'><strong>ad</strong></span> <span class='ocrx_word' id='word_1_268' title='bbox 2893 1692 3141 1749; x_wconf 83' lang='lat' dir='ltr'><strong>Nationes</strong></span> <span class='ocrx_word' id='word_1_269' title='bbox 3179 1694 3332 1750; x_wconf 87' lang='lat' dir='ltr'><strong>libris</strong></span> <span class='ocrx_word' id='word_1_270' title='bbox 3378 1694 3589 1750; x_wconf 88' lang='lat' dir='ltr'><strong>dicendi</strong></span> <span class='ocrx_word' id='word_1_271' title='bbox 3630 1707 3818 1765; x_wconf 90' lang='lat' dir='ltr'><strong>genus,</strong></span> 
     </span>
    </p>
   </div>
   <div class='ocr_carea' id='block_1_44' title="bbox 775 1783 3820 1879">
    <p class='ocr_par' dir='ltr' id='par_1_44' title="bbox 775 1783 3820 1879">
     <span class='ocr_line' id='line_1_44' title="bbox 775 1783 3820 1879; baseline -0.009 -14"><span class='ocrx_word' id='word_1_272' title='bbox 775 1812 915 1871; x_wconf 74' lang='lat' dir='ltr'><strong>fleri.</strong></span> <span class='ocrx_word' id='word_1_273' title='bbox 982 1783 1319 1879; x_wconf 80' lang='lat' dir='ltr'><strong>Quapropter</strong></span> <span class='ocrx_word' id='word_1_274' title='bbox 1397 1802 1545 1858; x_wconf 92' lang='lat' dir='ltr'><strong>illum</strong></span> <span class='ocrx_word' id='word_1_275' title='bbox 1632 1797 1945 1854; x_wconf 84' lang='lat' dir='ltr'><strong>adhortatur</strong></span> <span class='ocrx_word' id='word_1_276' title='bbox 1978 1837 1994 1864; x_wconf 92' lang='lat'><strong>,</strong></span> <span class='ocrx_word' id='word_1_277' title='bbox 2067 1808 2121 1852; x_wconf 81' lang='lat' dir='ltr'><strong>ut</strong></span> <span class='ocrx_word' id='word_1_278' title='bbox 2153 1805 2200 1865; x_wconf 78' lang='grc' dir='ltr'>Β</span> <span class='ocrx_word' id='word_1_279' title='bbox 2227 1784 2429 1840; x_wconf 57' lang='lat' dir='ltr'><strong>eadem</strong></span> <span class='ocrx_word' id='word_1_280' title='bbox 2460 1785 2753 1855; x_wconf 86' lang='lat' dir='ltr'><strong>peculiares</strong></span> <span class='ocrx_word' id='word_1_281' title='bbox 2796 1799 2859 1841; x_wconf 91' lang='lat' dir='ltr'><strong>ac</strong></span> <span class='ocrx_word' id='word_1_282' title='bbox 2901 1783 3234 1842; x_wconf 86' lang='lat' dir='ltr'><strong>Tertulliano</strong></span> <span class='ocrx_word' id='word_1_283' title='bbox 3275 1786 3508 1856; x_wconf 75' lang='lat' dir='ltr'><strong>propria:</strong></span> <span class='ocrx_word' id='word_1_284' title='bbox 3537 1783 3820 1850; x_wconf 87' lang='lat' dir='ltr'><strong>dictiones,</strong></span> 
     </span>
    </p>
   </div>
   <div class='ocr_carea' id='block_1_45' title="bbox 2228 1875 3823 1949">
    <p class='ocr_par' dir='ltr' id='par_1_45' title="bbox 2228 1875 3823 1949">
     <span class='ocr_line' id='line_1_45' title="bbox 2228 1875 3823 1949; baseline 0.001 -19"><span class='ocrx_word' id='word_1_285' title='bbox 2228 1875 2414 1930; x_wconf 89' lang='lat' dir='ltr'><strong>eadem</strong></span> <span class='ocrx_word' id='word_1_286' title='bbox 2447 1876 2606 1932; x_wconf 89' lang='lat' dir='ltr'><strong>verba</strong></span> <span class='ocrx_word' id='word_1_287' title='bbox 2635 1877 2950 1949; x_wconf 81' lang='lat' dir='ltr'><strong>singularia,</strong></span> <span class='ocrx_word' id='word_1_288' title='bbox 2981 1877 3185 1933; x_wconf 62' lang='lat' dir='ltr'><strong>easdem</strong></span> <span class='ocrx_word' id='word_1_289' title='bbox 3215 1878 3532 1949; x_wconf 90' lang='lat' dir='ltr'><strong>plerumque</strong></span> <span class='ocrx_word' id='word_1_290' title='bbox 3559 1879 3612 1931; x_wconf 92' lang='lat' dir='ltr'><strong>in</strong></span> <span class='ocrx_word' id='word_1_291' title='bbox 3637 1875 3823 1933; x_wconf 88' lang='lat' dir='ltr'><strong>Chris-</strong></span> 
     </span>
    </p>
   </div>
   <div class='ocr_carea' id='block_1_46' title="bbox 2229 1969 3816 2042">
    <p class='ocr_par' dir='ltr' id='par_1_46' title="bbox 2229 1969 3816 2042">
     <span class='ocr_line' id='line_1_46' title="bbox 2229 1969 3816 2042; baseline 0.001 -17"><span class='ocrx_word' id='word_1_292' title='bbox 2229 1970 2492 2026; x_wconf 85' lang='lat' dir='ltr'><strong>tianorum</strong></span> <span class='ocrx_word' id='word_1_293' title='bbox 2523 1969 2782 2027; x_wconf 85' lang='lat' dir='ltr'><strong>adversus</strong></span> <span class='ocrx_word' id='word_1_294' title='bbox 2805 1971 3054 2027; x_wconf 81' lang='lat' dir='ltr'><strong>ethnicos</strong></span> <span class='ocrx_word' id='word_1_295' title='bbox 3079 1970 3446 2027; x_wconf 86' lang='lat' dir='ltr'><strong>defensionem</strong></span> <span class='ocrx_word' id='word_1_296' title='bbox 3473 1981 3816 2042; x_wconf 83' lang='lat' dir='ltr'><strong>argumenta-</strong></span> 
     </span>
    </p>
   </div>
   <div class='ocr_carea' id='block_1_47' title="bbox 2229 2065 3828 2138">
    <p class='ocr_par' dir='ltr' id='par_1_47' title="bbox 2229 2065 3828 2138">
     <span class='ocr_line' id='line_1_47' title="bbox 2229 2065 3828 2138; baseline 0 -18"><span class='ocrx_word' id='word_1_297' title='bbox 2229 2065 2422 2121; x_wconf 88' lang='lat' dir='ltr'><strong>tiones.</strong></span> <span class='ocrx_word' id='word_1_298' title='bbox 2450 2065 2918 2132; x_wconf 87' lang='lat' dir='ltr'><strong>Quemadmodum</strong></span> <span class='ocrx_word' id='word_1_299' title='bbox 2943 2067 3104 2122; x_wconf 89' lang='lat' dir='ltr'><strong>etiam</strong></span> <span class='ocrx_word' id='word_1_300' title='bbox 3137 2066 3498 2138; x_wconf 80' lang='lat' dir='ltr'><strong>Apologeticus</strong></span> <span class='ocrx_word' id='word_1_301' title='bbox 3533 2075 3586 2122; x_wconf 91' lang='lat' dir='ltr'><strong>et</strong></span> <span class='ocrx_word' id='word_1_302' title='bbox 3607 2065 3722 2121; x_wconf 72' lang='lat' dir='ltr'><strong>libri</strong></span> <span class='ocrx_word' id='word_1_303' title='bbox 3760 2066 3828 2120; x_wconf 81' lang='lat' dir='ltr'><strong>ad</strong></span> 
     </span>
    </p>
   </div>
   <div class='ocr_carea' id='block_1_48' title="bbox 2230 2157 3830 2230">
    <p class='ocr_par' dir='ltr' id='par_1_48' title="bbox 2230 2157 3830 2230">
     <span class='ocr_line' id='line_1_48' title="bbox 2230 2157 3830 2230; baseline 0.001 -18"><span class='ocrx_word' id='word_1_304' title='bbox 2230 2157 2482 2214; x_wconf 78' lang='lat' dir='ltr'><strong>Nationes</strong></span> <span class='ocrx_word' id='word_1_305' title='bbox 2503 2171 2595 2214; x_wconf 90' lang='lat' dir='ltr'><strong>aut</strong></span> <span class='ocrx_word' id='word_1_306' title='bbox 2624 2159 2875 2216; x_wconf 90' lang='lat' dir='ltr'><strong>omnibus</strong></span> <span class='ocrx_word' id='word_1_307' title='bbox 2901 2159 3136 2216; x_wconf 86' lang='lat' dir='ltr'><strong>ethnicis</strong></span> <span class='ocrx_word' id='word_1_308' title='bbox 3164 2170 3258 2215; x_wconf 91' lang='lat' dir='ltr'><strong>aut</strong></span> <span class='ocrx_word' id='word_1_309' title='bbox 3285 2175 3469 2214; x_wconf 88' lang='lat' dir='ltr'><strong>eorum</strong></span> <span class='ocrx_word' id='word_1_310' title='bbox 3514 2159 3830 2230; x_wconf 71' lang='lat' dir='ltr'><strong>praesidibus</strong></span> 
     </span>
    </p>
   </div>
   <div class='ocr_carea' id='block_1_49' title="bbox 2231 2251 3831 2322">
    <p class='ocr_par' dir='ltr' id='par_1_49' title="bbox 2231 2251 3831 2322">
     <span class='ocr_line' id='line_1_49' title="bbox 2231 2251 3831 2322; baseline 0.001 -16"><span class='ocrx_word' id='word_1_311' title='bbox 2231 2251 2384 2306; x_wconf 87' lang='lat' dir='ltr'><strong>missi</strong></span> <span class='ocrx_word' id='word_1_312' title='bbox 2411 2261 2555 2316; x_wconf 86' lang='lat' dir='ltr'><strong>sunt,</strong></span> <span class='ocrx_word' id='word_1_313' title='bbox 2584 2253 2655 2307; x_wconf 88' lang='lat' dir='ltr'><strong>ita</strong></span> <span class='ocrx_word' id='word_1_314' title='bbox 2702 2251 2860 2322; x_wconf 86' lang='lat' dir='ltr'><strong>plane</strong></span> <span class='ocrx_word' id='word_1_315' title='bbox 2887 2261 3101 2308; x_wconf 86' lang='lat' dir='ltr'><strong>constat</strong></span> <span class='ocrx_word' id='word_1_316' title='bbox 3148 2253 3290 2308; x_wconf 90' lang='lat' dir='ltr'><strong>hunc</strong></span> <span class='ocrx_word' id='word_1_317' title='bbox 3333 2253 3526 2307; x_wconf 80' lang='lat' dir='ltr'><strong>librum</strong></span> <span class='ocrx_word' id='word_1_318' title='bbox 3565 2251 3831 2308; x_wconf 87' lang='lat' dir='ltr'><strong>directum</strong></span> 
     </span>
    </p>
   </div>
   <div class='ocr_carea' id='block_1_50' title="bbox 2232 2342 3830 2417">
    <p class='ocr_par' dir='ltr' id='par_1_50' title="bbox 2232 2342 3830 2417">
     <span class='ocr_line' id='line_1_50' title="bbox 2232 2342 3830 2417; baseline 0 -19"><span class='ocrx_word' id='word_1_319' title='bbox 2232 2342 2398 2400; x_wconf 88' lang='lat' dir='ltr'><strong>fuisse</strong></span> <span class='ocrx_word' id='word_1_320' title='bbox 2408 2344 2674 2416; x_wconf 79' lang='lat' dir='ltr'><strong>Scapulze,</strong></span> <span class='ocrx_word' id='word_1_321' title='bbox 2693 2345 3035 2417; x_wconf 77' lang='lat' dir='ltr'><strong>Carthaginis</strong></span> <span class='ocrx_word' id='word_1_322' title='bbox 3054 2347 3323 2417; x_wconf 88' lang='lat' dir='ltr'><strong>totiusque</strong></span> <span class='ocrx_word' id='word_1_323' title='bbox 3343 2345 3539 2400; x_wconf 73' lang='lat' dir='ltr'><strong>Africa:</strong></span> <span class='ocrx_word' id='word_1_324' title='bbox 3558 2345 3830 2416; x_wconf 76' lang='lat' dir='ltr'><strong>pra-lecto,</strong></span> 
     </span>
    </p>
   </div>
   <div class='ocr_carea' id='block_1_51' title="bbox 2231 2435 3835 2509">
    <p class='ocr_par' dir='ltr' id='par_1_51' title="bbox 2231 2435 3835 2509">
     <span class='ocr_line' id='line_1_51' title="bbox 2231 2435 3835 2509; baseline 0.001 -19"><span class='ocrx_word' id='word_1_325' title='bbox 2231 2451 2392 2508; x_wconf 88' lang='lat' dir='ltr'><strong>quem</strong></span> <span class='ocrx_word' id='word_1_326' title='bbox 2426 2435 2789 2494; x_wconf 83' lang='lat' dir='ltr'><strong>Tertulliauns</strong></span> <span class='ocrx_word' id='word_1_327' title='bbox 2835 2454 2864 2491; x_wconf 88' lang='lat' dir='ltr'><strong>a</strong></span> <span class='ocrx_word' id='word_1_328' title='bbox 2908 2435 3228 2493; x_wconf 86' lang='lat' dir='ltr'><strong>Christianis</strong></span> <span class='ocrx_word' id='word_1_329' title='bbox 3269 2438 3423 2509; x_wconf 77' lang='lat' dir='ltr'><strong>plane</strong></span> <span class='ocrx_word' id='word_1_330' title='bbox 3465 2437 3835 2494; x_wconf 88' lang='lat' dir='ltr'><strong>innocentibus</strong></span> 
     </span>
    </p>
   </div>
   <div class='ocr_carea' id='block_1_52' title="bbox 2233 2530 3627 2599">
    <p class='ocr_par' dir='ltr' id='par_1_52' title="bbox 2233 2530 3627 2599">
     <span class='ocr_line' id='line_1_52' title="bbox 2233 2530 3627 2599; baseline -0.001 -11"><span class='ocrx_word' id='word_1_331' title='bbox 2233 2531 2547 2599; x_wconf 88' lang='lat' dir='ltr'><strong>torquendis</strong></span> <span class='ocrx_word' id='word_1_332' title='bbox 2571 2541 2627 2586; x_wconf 91' lang='lat' dir='ltr'><strong>et</strong></span> <span class='ocrx_word' id='word_1_333' title='bbox 2650 2530 2983 2586; x_wconf 89' lang='lat' dir='ltr'><strong>trucidandis</strong></span> <span class='ocrx_word' id='word_1_334' title='bbox 3007 2546 3237 2586; x_wconf 80' lang='lat' dir='ltr'><strong>avocare</strong></span> <span class='ocrx_word' id='word_1_335' title='bbox 3267 2541 3494 2586; x_wconf 88' lang='lat' dir='ltr'><strong>conatus</strong></span> <span class='ocrx_word' id='word_1_336' title='bbox 3520 2541 3627 2587; x_wconf 90' lang='lat' dir='ltr'><strong>est.</strong></span> 
     </span>
    </p>
   </div>
   <div class='ocr_carea' id='block_1_53' title="bbox 2307 2621 3836 2695">
    <p class='ocr_par' dir='ltr' id='par_1_53' title="bbox 2307 2621 3836 2695">
     <span class='ocr_line' id='line_1_53' title="bbox 2307 2621 3836 2695; baseline 0 -16"><span class='ocrx_word' id='word_1_337' title='bbox 2307 2622 2412 2679; x_wconf 83' lang='lat' dir='ltr'><strong>Sed</strong></span> <span class='ocrx_word' id='word_1_338' title='bbox 2455 2622 2583 2695; x_wconf 89' lang='lat' dir='ltr'><strong>quid</strong></span> <span class='ocrx_word' id='word_1_339' title='bbox 2633 2621 3002 2688; x_wconf 84' lang='lat' dir='ltr'><strong>Tertulliano,</strong></span> <span class='ocrx_word' id='word_1_340' title='bbox 3055 2625 3262 2695; x_wconf 87' lang='lat' dir='ltr'><strong>inquiet</strong></span> <span class='ocrx_word' id='word_1_341' title='bbox 3311 2623 3541 2694; x_wconf 91' lang='lat' dir='ltr'><strong>aliquis,</strong></span> <span class='ocrx_word' id='word_1_342' title='bbox 3608 2637 3836 2680; x_wconf 85' lang='lat' dir='ltr'><strong>necesse</strong></span> 
     </span>
    </p>
   </div>
   <div class='ocr_carea' id='block_1_54' title="bbox 2234 2716 3841 2788">
    <p class='ocr_par' dir='ltr' id='par_1_54' title="bbox 2234 2716 3841 2788">
     <span class='ocr_line' id='line_1_54' title="bbox 2234 2716 3841 2788; baseline -0.002 -14"><span class='ocrx_word' id='word_1_343' title='bbox 2234 2728 2350 2774; x_wconf 90' lang='lat' dir='ltr'><strong>erat</strong></span> <span class='ocrx_word' id='word_1_344' title='bbox 2376 2717 2535 2772; x_wconf 88' lang='lat' dir='ltr'><strong>aliam</strong></span> <span class='ocrx_word' id='word_1_345' title='bbox 2560 2717 2816 2773; x_wconf 87' lang='lat' dir='ltr'><strong>adversus</strong></span> <span class='ocrx_word' id='word_1_346' title='bbox 2837 2716 3066 2788; x_wconf 78' lang='lat' dir='ltr'><strong>gentiles</strong></span> <span class='ocrx_word' id='word_1_347' title='bbox 3109 2727 3161 2771; x_wconf 90' lang='lat' dir='ltr'><strong>et</strong></span> <span class='ocrx_word' id='word_1_348' title='bbox 3215 2732 3311 2787; x_wconf 91' lang='lat' dir='ltr'><strong>pro</strong></span> <span class='ocrx_word' id='word_1_349' title='bbox 3343 2717 3661 2772; x_wconf 81' lang='lat' dir='ltr'><strong>ChriStiauis</strong></span> <span class='ocrx_word' id='word_1_350' title='bbox 3701 2731 3841 2786; x_wconf 71' lang='lat' dir='ltr'><strong>pra:-</strong></span> 
     </span>
    </p>
   </div>
   <div class='ocr_carea' id='block_1_55' title="bbox 2235 2805 3841 2883">
    <p class='ocr_par' dir='ltr' id='par_1_55' title="bbox 2235 2805 3841 2883">
     <span class='ocr_line' id='line_1_55' title="bbox 2235 2805 3841 2883; baseline -0.002 -17"><span class='ocrx_word' id='word_1_351' title='bbox 2235 2818 2320 2866; x_wconf 84' lang='lat' dir='ltr'><strong>ter</strong></span> <span class='ocrx_word' id='word_1_352' title='bbox 2345 2810 2737 2883; x_wconf 82' lang='lat' dir='ltr'><strong>Apologeticum</strong></span> <span class='ocrx_word' id='word_1_353' title='bbox 2764 2819 2819 2864; x_wconf 90' lang='lat' dir='ltr'><strong>et</strong></span> <span class='ocrx_word' id='word_1_354' title='bbox 2847 2809 3012 2864; x_wconf 87' lang='lat' dir='ltr'><strong>libros</strong></span> <span class='ocrx_word' id='word_1_355' title='bbox 3045 2810 3112 2862; x_wconf 83' lang='lat' dir='ltr'><strong>ad</strong></span> <span class='ocrx_word' id='word_1_356' title='bbox 3143 2807 3402 2864; x_wconf 85' lang='lat' dir='ltr'><strong>Nationes</strong></span> <span class='ocrx_word' id='word_1_357' title='bbox 3429 2805 3841 2864; x_wconf 80' lang='lat' dir='ltr'><strong>commentatio-</strong></span> 
     </span>
    </p>
   </div>
   <div class='ocr_carea' id='block_1_56' title="bbox 538 2900 3839 2994">
    <p class='ocr_par' dir='ltr' id='par_1_56' title="bbox 538 2900 3839 2994">
     <span class='ocr_line' id='line_1_56' title="bbox 538 2900 3839 2994; baseline -0.009 -10"><span class='ocrx_word' id='word_1_358' title='bbox 538 2900 677 2984; x_wconf 71' lang='lat' dir='ltr'><strong>lacte</strong></span> <span class='ocrx_word' id='word_1_359' title='bbox 704 2925 914 2983; x_wconf 90' lang='lat' dir='ltr'><strong>educati</strong></span> <span class='ocrx_word' id='word_1_360' title='bbox 938 2933 1106 2994; x_wconf 83' lang='lat' dir='ltr'><strong>pater,</strong></span> <span class='ocrx_word' id='word_1_361' title='bbox 1131 2935 1252 2975; x_wconf 90' lang='lat' dir='ltr'><strong>cum</strong></span> <span class='ocrx_word' id='word_1_362' title='bbox 1277 2918 1405 2974; x_wconf 83' lang='lat' dir='ltr'><strong>olim</strong></span> <span class='ocrx_word' id='word_1_363' title='bbox 1427 2916 1676 2972; x_wconf 80' lang='lat' dir='ltr'><strong>similiter</strong></span> <span class='ocrx_word' id='word_1_364' title='bbox 1704 2922 1926 2967; x_wconf 83' lang='lat' dir='ltr'><strong>sanatus</strong></span> <span class='ocrx_word' id='word_1_365' title='bbox 1951 2909 2138 2964; x_wconf 88' lang='lat' dir='ltr'><strong>fuisset</strong></span> <span class='ocrx_word' id='word_1_366' title='bbox 2238 2921 2363 2962; x_wconf 84' lang='lat' dir='ltr'><strong>netu</strong></span> <span class='ocrx_word' id='word_1_367' title='bbox 2393 2917 2484 2960; x_wconf 91' lang='lat' dir='ltr'><strong>aut</strong></span> <span class='ocrx_word' id='word_1_368' title='bbox 2512 2903 2704 2959; x_wconf 90' lang='lat' dir='ltr'><strong>librum</strong></span> <span class='ocrx_word' id='word_1_369' title='bbox 2738 2903 3024 2959; x_wconf 83' lang='lat' dir='ltr'><strong>scribere?</strong></span> <span class='ocrx_word' id='word_1_370' title='bbox 3055 2903 3338 2971; x_wconf 76' lang='lat' dir='ltr'><strong>Immanis,</strong></span> <span class='ocrx_word' id='word_1_371' title='bbox 3371 2901 3637 2973; x_wconf 83' lang='lat' dir='ltr'><strong>inquimus</strong></span> <span class='ocrx_word' id='word_1_372' title='bbox 3656 2941 3672 2968; x_wconf 86' lang='lat'><strong>,</strong></span> <span class='ocrx_word' id='word_1_373' title='bbox 3703 2900 3839 2956; x_wconf 86' lang='lat' dir='ltr'><strong>Sca-</strong></span> 
     </span>
    </p>
   </div>
   <div class='ocr_carea' id='block_1_57' title="bbox 537 2991 3842 3088">
    <p class='ocr_par' dir='ltr' id='par_1_57' title="bbox 537 2991 3842 3088">
     <span class='ocr_line' id='line_1_57' title="bbox 537 2991 3842 3088; baseline -0.008 -12"><span class='ocrx_word' id='word_1_374' title='bbox 537 3021 681 3084; x_wconf 86' lang='lat' dir='ltr'><strong>oleo,</strong></span> <span class='ocrx_word' id='word_1_375' title='bbox 710 3016 851 3088; x_wconf 91' lang='lat' dir='ltr'><strong>quod</strong></span> <span class='ocrx_word' id='word_1_376' title='bbox 881 2991 1139 3072; x_wconf 75' lang='lat' dir='ltr'><strong>Proculus</strong></span> <span class='ocrx_word' id='word_1_377' title='bbox 1163 3011 1463 3082; x_wconf 90' lang='lat' dir='ltr'><strong>Torpacion</strong></span> <span class='ocrx_word' id='word_1_378' title='bbox 1493 3005 1841 3071; x_wconf 87' lang='lat' dir='ltr'><strong>christianus,</strong></span> <span class='ocrx_word' id='word_1_379' title='bbox 1876 3001 2138 3059; x_wconf 71' lang='lat' dir='ltr'><strong>Euhodia:</strong></span> <span class='ocrx_word' id='word_1_380' title='bbox 2239 2997 2378 3070; x_wconf 69' lang='lat' dir='ltr'><strong>pulte</strong></span> <span class='ocrx_word' id='word_1_381' title='bbox 2397 3037 2414 3064; x_wconf 91' lang='lat'><strong>,</strong></span> <span class='ocrx_word' id='word_1_382' title='bbox 2454 2995 2649 3052; x_wconf 80' lang='lat' dir='ltr'><strong>Africa:</strong></span> <span class='ocrx_word' id='word_1_383' title='bbox 2689 2995 2957 3066; x_wconf 70' lang='lat' dir='ltr'><strong>prmsidis,</strong></span> <span class='ocrx_word' id='word_1_384' title='bbox 3015 2994 3068 3048; x_wconf 89' lang='lat' dir='ltr'><strong>in</strong></span> <span class='ocrx_word' id='word_1_385' title='bbox 3101 2993 3432 3050; x_wconf 87' lang='lat' dir='ltr'><strong>Christianos</strong></span> <span class='ocrx_word' id='word_1_386' title='bbox 3458 2992 3660 3048; x_wconf 73' lang='lat' dir='ltr'><strong>szevitia</strong></span> <span class='ocrx_word' id='word_1_387' title='bbox 3691 2991 3842 3048; x_wconf 89' lang='lat' dir='ltr'><strong>illum</strong></span> 
     </span>
    </p>
   </div>
   <div class='ocr_carea' id='block_1_58' title="bbox 539 3083 3840 3189">
    <p class='ocr_par' dir='ltr' id='par_1_58' title="bbox 539 3083 3840 3189">
     <span class='ocr_line' id='line_1_58' title="bbox 539 3083 3840 3189; baseline -0.01 -16"><span class='ocrx_word' id='word_1_388' title='bbox 539 3083 872 3189; x_wconf 74' lang='lat' dir='ltr'><strong>procurator,</strong></span> <span class='ocrx_word' id='word_1_389' title='bbox 895 3109 1133 3173; x_wconf 85' lang='lat' dir='ltr'><strong>dederat,</strong></span> <span class='ocrx_word' id='word_1_390' title='bbox 1159 3123 1264 3163; x_wconf 89' lang='lat' dir='ltr'><strong>non</strong></span> <span class='ocrx_word' id='word_1_391' title='bbox 1291 3106 1451 3161; x_wconf 86' lang='lat' dir='ltr'><strong>modo</strong></span> <span class='ocrx_word' id='word_1_392' title='bbox 1469 3118 1590 3159; x_wconf 91' lang='lat' dir='ltr'><strong>eum</strong></span> <span class='ocrx_word' id='word_1_393' title='bbox 1618 3099 1685 3157; x_wconf 89' lang='lat' dir='ltr'><strong>ad</strong></span> <span class='ocrx_word' id='word_1_394' title='bbox 1713 3107 1944 3187; x_wconf 86' lang='lat' dir='ltr'><strong>mortem</strong></span> <span class='ocrx_word' id='word_1_395' title='bbox 1967 3110 2137 3168; x_wconf 91' lang='lat' dir='ltr'><strong>usque</strong></span> <span class='ocrx_word' id='word_1_396' title='bbox 2240 3083 2307 3146; x_wconf 80' lang='lat' dir='ltr'><strong>ad</strong></span> <span class='ocrx_word' id='word_1_397' title='bbox 2340 3091 2482 3146; x_wconf 89' lang='lat' dir='ltr'><strong>hunc</strong></span> <span class='ocrx_word' id='word_1_398' title='bbox 2503 3104 2611 3145; x_wconf 89' lang='lat' dir='ltr'><strong>non</strong></span> <span class='ocrx_word' id='word_1_399' title='bbox 2633 3088 2850 3160; x_wconf 85' lang='lat' dir='ltr'><strong>quidem</strong></span> <span class='ocrx_word' id='word_1_400' title='bbox 2883 3087 3082 3143; x_wconf 79' lang='lat' dir='ltr'><strong>librum</strong></span> <span class='ocrx_word' id='word_1_401' title='bbox 3110 3130 3123 3152; x_wconf 91' lang='lat'><strong>,</strong></span> <span class='ocrx_word' id='word_1_402' title='bbox 3151 3085 3246 3142; x_wconf 91' lang='lat' dir='ltr'><strong>sed</strong></span> <span class='ocrx_word' id='word_1_403' title='bbox 3273 3086 3508 3143; x_wconf 91' lang='lat' dir='ltr'><strong>libellum</strong></span> <span class='ocrx_word' id='word_1_404' title='bbox 3540 3085 3840 3156; x_wconf 89' lang='lat' dir='ltr'><strong>supplicem</strong></span> 
     </span>
    </p>
   </div>
   <div class='ocr_carea' id='block_1_59' title="bbox 540 3177 3839 3281">
    <p class='ocr_par' dir='ltr' id='par_1_59' title="bbox 540 3177 3839 3281">
     <span class='ocr_line' id='line_1_59' title="bbox 540 3177 3839 3281; baseline -0.01 -13"><span class='ocrx_word' id='word_1_405' title='bbox 540 3177 595 3268; x_wconf 75' lang='lat' dir='ltr'><strong>in</strong></span> <span class='ocrx_word' id='word_1_406' title='bbox 628 3209 819 3281; x_wconf 85' lang='lat' dir='ltr'><strong>palatio</strong></span> <span class='ocrx_word' id='word_1_407' title='bbox 847 3222 946 3264; x_wconf 88' lang='lat' dir='ltr'><strong>suo</strong></span> <span class='ocrx_word' id='word_1_408' title='bbox 976 3203 1214 3268; x_wconf 88' lang='lat' dir='ltr'><strong>retinnit,</strong></span> <span class='ocrx_word' id='word_1_409' title='bbox 1230 3199 1318 3256; x_wconf 81' lang='lat' dir='ltr'><strong>sed</strong></span> <span class='ocrx_word' id='word_1_410' title='bbox 1342 3198 1653 3254; x_wconf 80' lang='lat' dir='ltr'><strong>clarissimas</strong></span> <span class='ocrx_word' id='word_1_411' title='bbox 1685 3178 1918 3268; x_wconf 62' lang='lat' dir='ltr'><strong>{caminus</strong></span> <span class='ocrx_word' id='word_1_412' title='bbox 1949 3201 1996 3246; x_wconf 83' lang='lat' dir='ltr'><strong>et</strong></span> <span class='ocrx_word' id='word_1_413' title='bbox 2021 3190 2134 3245; x_wconf 82' lang='lat' dir='ltr'><strong>cla-</strong></span> <span class='ocrx_word' id='word_1_414' title='bbox 2161 3200 2208 3263; x_wconf 69' lang='grc' dir='ltr'><strong>ρ</strong></span> <span class='ocrx_word' id='word_1_415' title='bbox 2241 3183 2578 3242; x_wconf 76' lang='lat' dir='ltr'><strong>offerendum</strong></span> <span class='ocrx_word' id='word_1_416' title='bbox 2627 3183 2890 3253; x_wconf 89' lang='lat' dir='ltr'><strong>compulit</strong></span> <span class='ocrx_word' id='word_1_417' title='bbox 2938 3180 3193 3248; x_wconf 87' lang='lat' dir='ltr'><strong>Quamvis</strong></span> <span class='ocrx_word' id='word_1_418' title='bbox 3231 3180 3373 3234; x_wconf 91' lang='lat' dir='ltr'><strong>enim</strong></span> <span class='ocrx_word' id='word_1_419' title='bbox 3400 3177 3663 3240; x_wconf 80' lang='lat' dir='ltr'><strong>Severus.</strong></span> <span class='ocrx_word' id='word_1_420' title='bbox 3695 3193 3839 3234; x_wconf 89' lang='lat' dir='ltr'><strong>anno</strong></span> 
     </span>
    </p>
   </div>
   <div class='ocr_carea' id='block_1_60' title="bbox 539 3287 2137 3364">
    <p class='ocr_par' dir='ltr' id='par_1_60' title="bbox 539 3287 2137 3364">
     <span class='ocr_line' id='line_1_60' title="bbox 539 3287 2137 3364; baseline -0.014 -5"><span class='ocrx_word' id='word_1_421' title='bbox 539 3302 769 3358; x_wconf 80' lang='lat' dir='ltr'><strong>rissintos</strong></span> <span class='ocrx_word' id='word_1_422' title='bbox 798 3299 960 3364; x_wconf 77' lang='lat' dir='ltr'><strong>viros,</strong></span> <span class='ocrx_word' id='word_1_423' title='bbox 989 3293 1296 3351; x_wconf 71' lang='lat' dir='ltr'><strong>christianae</strong></span> <span class='ocrx_word' id='word_1_424' title='bbox 1326 3289 1600 3362; x_wconf 87' lang='lat' dir='ltr'><strong>religionis</strong></span> <span class='ocrx_word' id='word_1_425' title='bbox 1627 3287 1810 3343; x_wconf 89' lang='lat' dir='ltr'><strong>itidem</strong></span> <span class='ocrx_word' id='word_1_426' title='bbox 1841 3293 2137 3340; x_wconf 90' lang='lat' dir='ltr'><strong>sectatores</strong></span> 
     </span>
    </p>
   </div>
   <div class='ocr_carea' id='block_1_61' title="bbox 541 3377 2139 3466">
    <p class='ocr_par' dir='ltr' id='par_1_61' title="bbox 541 3377 2139 3466">
     <span class='ocr_line' id='line_1_61' title="bbox 541 3377 2139 3466; baseline -0.013 -14"><span class='ocrx_word' id='word_1_427' title='bbox 541 3409 814 3466; x_wconf 86' lang='lat' dir='ltr'><strong>nunquam</strong></span> <span class='ocrx_word' id='word_1_428' title='bbox 879 3392 1046 3454; x_wconf 65' lang='lat' dir='ltr'><strong>laesit,</strong></span> <span class='ocrx_word' id='word_1_429' title='bbox 1095 3387 1398 3456; x_wconf 88' lang='lat' dir='ltr'><strong>restititque</strong></span> <span class='ocrx_word' id='word_1_430' title='bbox 1451 3382 1648 3456; x_wconf 82' lang='lat' dir='ltr'><strong>popqu</strong></span> <span class='ocrx_word' id='word_1_431' title='bbox 1700 3380 1755 3436; x_wconf 91' lang='lat' dir='ltr'><strong>in</strong></span> <span class='ocrx_word' id='word_1_432' title='bbox 1802 3377 2139 3435; x_wconf 73' lang='lat' dir='ltr'><strong>Christianos</strong></span> 
     </span>
    </p>
   </div>
   <div class='ocr_carea' id='block_1_62' title="bbox 542 3472 2140 3564">
    <p class='ocr_par' dir='ltr' id='par_1_62' title="bbox 542 3472 2140 3564">
     <span class='ocr_line' id='line_1_62' title="bbox 542 3472 2140 3564; baseline -0.013 -18"><span class='ocrx_word' id='word_1_433' title='bbox 542 3491 716 3564; x_wconf 86' lang='lat' dir='ltr'><strong>palam</strong></span> <span class='ocrx_word' id='word_1_434' title='bbox 736 3487 951 3544; x_wconf 88' lang='lat' dir='ltr'><strong>furenti.</strong></span> <span class='ocrx_word' id='word_1_435' title='bbox 978 3485 1189 3541; x_wconf 82' lang='lat' dir='ltr'><strong>Marcus</strong></span> <span class='ocrx_word' id='word_1_436' title='bbox 1216 3495 1429 3552; x_wconf 90' lang='lat' dir='ltr'><strong>quoque</strong></span> <span class='ocrx_word' id='word_1_437' title='bbox 1457 3477 1706 3534; x_wconf 84' lang='lat' dir='ltr'><strong>Aurelius</strong></span> <span class='ocrx_word' id='word_1_438' title='bbox 1733 3476 1784 3529; x_wconf 93' lang='lat' dir='ltr'><strong>in</strong></span> <span class='ocrx_word' id='word_1_439' title='bbox 1811 3472 2140 3531; x_wconf 85' lang='lat' dir='ltr'><strong>Germanica</strong></span> 
     </span>
    </p>
   </div>
   <div class='ocr_carea' id='block_1_63' title="bbox 543 3566 2140 3652">
    <p class='ocr_par' dir='ltr' id='par_1_63' title="bbox 543 3566 2140 3652">
     <span class='ocr_line' id='line_1_63' title="bbox 543 3566 2140 3652; baseline -0.014 -13"><span class='ocrx_word' id='word_1_440' title='bbox 543 3581 886 3652; x_wconf 80' lang='lat' dir='ltr'><strong>expeditione</strong></span> <span class='ocrx_word' id='word_1_441' title='bbox 915 3577 1166 3642; x_wconf 86' lang='lat' dir='ltr'><strong>imbrem,</strong></span> <span class='ocrx_word' id='word_1_442' title='bbox 1200 3572 1456 3628; x_wconf 81' lang='lat' dir='ltr'><strong>exercitui</strong></span> <span class='ocrx_word' id='word_1_443' title='bbox 1485 3585 1584 3624; x_wconf 88' lang='lat' dir='ltr'><strong>suo</strong></span> <span class='ocrx_word' id='word_1_444' title='bbox 1615 3566 1830 3639; x_wconf 85' lang='lat' dir='ltr'><strong>penitus</strong></span> <span class='ocrx_word' id='word_1_445' title='bbox 1883 3577 2140 3621; x_wconf 88' lang='lat' dir='ltr'><strong>necessa-</strong></span> 
     </span>
    </p>
   </div>
   <div class='ocr_carea' id='block_1_64' title="bbox 544 3655 2142 3742">
    <p class='ocr_par' dir='ltr' id='par_1_64' title="bbox 544 3655 2142 3742">
     <span class='ocr_line' id='line_1_64' title="bbox 544 3655 2142 3742; baseline -0.016 -8"><span class='ocrx_word' id='word_1_446' title='bbox 544 3677 706 3742; x_wconf 84' lang='lat' dir='ltr'><strong>rium,</strong></span> <span class='ocrx_word' id='word_1_447' title='bbox 736 3670 1044 3742; x_wconf 88' lang='lat' dir='ltr'><strong>impetravit</strong></span> <span class='ocrx_word' id='word_1_448' title='bbox 1069 3667 1315 3739; x_wconf 88' lang='lat' dir='ltr'><strong>precibus</strong></span> <span class='ocrx_word' id='word_1_449' title='bbox 1335 3657 1895 3730; x_wconf 87' lang='lat' dir='ltr'><strong>Christianorum,qui</strong></span> <span class='ocrx_word' id='word_1_450' title='bbox 1927 3665 1983 3712; x_wconf 90' lang='lat' dir='ltr'><strong>et</strong></span> <span class='ocrx_word' id='word_1_451' title='bbox 2005 3655 2142 3711; x_wconf 91' lang='lat' dir='ltr'><strong>alios</strong></span> 
     </span>
    </p>
   </div>
   <div class='ocr_carea' id='block_1_65' title="bbox 535 3759 1326 3828">
    <p class='ocr_par' dir='ltr' id='par_1_65' title="bbox 535 3759 1326 3828">
     <span class='ocr_line' id='line_1_65' title="bbox 535 3759 1326 3828; baseline -0.018 0"><span class='ocrx_word' id='word_1_452' title='bbox 535 3759 600 3828; x_wconf 22' lang='lat' dir='ltr'><strong>Iin</strong></span> <span class='ocrx_word' id='word_1_453' title='bbox 627 3786 756 3826; x_wconf 84' lang='lat' dir='ltr'><strong>casu</strong></span> <span class='ocrx_word' id='word_1_454' title='bbox 776 3767 935 3823; x_wconf 88' lang='lat' dir='ltr'><strong>simili</strong></span> <span class='ocrx_word' id='word_1_455' title='bbox 964 3763 1326 3820; x_wconf 80' lang='lat' dir='ltr'><strong>obtinuerant.</strong></span> 
     </span>
    </p>
   </div>
   <div class='ocr_carea' id='block_1_66' title="bbox 617 3842 2144 3933">
    <p class='ocr_par' dir='ltr' id='par_1_66' title="bbox 617 3842 2144 3933">
     <span class='ocr_line' id='line_1_66' title="bbox 617 3842 2144 3933; baseline -0.015 -14"><span class='ocrx_word' id='word_1_456' title='bbox 617 3863 754 3933; x_wconf 89' lang='lat' dir='ltr'><strong>Quid</strong></span> <span class='ocrx_word' id='word_1_457' title='bbox 782 3876 909 3932; x_wconf 89' lang='lat' dir='ltr'><strong>ergo</strong></span> <span class='ocrx_word' id='word_1_458' title='bbox 937 3857 1190 3928; x_wconf 87' lang='lat' dir='ltr'><strong>iniquius,</strong></span> <span class='ocrx_word' id='word_1_459' title='bbox 1209 3869 1368 3927; x_wconf 90' lang='lat' dir='ltr'><strong>quam</strong></span> <span class='ocrx_word' id='word_1_460' title='bbox 1387 3851 1579 3923; x_wconf 77' lang='lat' dir='ltr'><strong>jubere</strong></span> <span class='ocrx_word' id='word_1_461' title='bbox 1604 3848 1957 3912; x_wconf 88' lang='lat' dir='ltr'><strong>Christianos,</strong></span> <span class='ocrx_word' id='word_1_462' title='bbox 1977 3842 2144 3902; x_wconf 86' lang='lat' dir='ltr'><strong>sedu-</strong></span> 
     </span>
    </p>
   </div>
   <div class='ocr_carea' id='block_1_67' title="bbox 548 3946 2143 4016">
    <p class='ocr_par' dir='ltr' id='par_1_67' title="bbox 548 3946 2143 4016">
     <span class='ocr_line' id='line_1_67' title="bbox 548 3946 2143 4016; baseline -0.017 -1"><span class='ocrx_word' id='word_1_463' title='bbox 548 3958 654 4015; x_wconf 88' lang='lat' dir='ltr'><strong>lam</strong></span> <span class='ocrx_word' id='word_1_464' title='bbox 677 3954 959 4011; x_wconf 81' lang='lat' dir='ltr'><strong>virtutibus</strong></span> <span class='ocrx_word' id='word_1_465' title='bbox 978 3951 1226 4008; x_wconf 90' lang='lat' dir='ltr'><strong>omnibus</strong></span> <span class='ocrx_word' id='word_1_466' title='bbox 1251 3961 1472 4016; x_wconf 89' lang='lat' dir='ltr'><strong>operam</strong></span> <span class='ocrx_word' id='word_1_467' title='bbox 1491 3953 1772 4009; x_wconf 66' lang='lat' dir='ltr'><strong>nat-antes,</strong></span> <span class='ocrx_word' id='word_1_468' title='bbox 1800 3956 1904 3994; x_wconf 91' lang='lat' dir='ltr'><strong>non</strong></span> <span class='ocrx_word' id='word_1_469' title='bbox 1935 3946 2143 3992; x_wconf 71' lang='lat' dir='ltr'><strong>mutum</strong></span> 
     </span>
    </p>
   </div>
   <div class='ocr_carea' id='block_1_68' title="bbox 549 4029 2148 4122">
    <p class='ocr_par' dir='ltr' id='par_1_68' title="bbox 549 4029 2148 4122">
     <span class='ocr_line' id='line_1_68' title="bbox 549 4029 2148 4122; baseline -0.016 -17"><span class='ocrx_word' id='word_1_470' title='bbox 549 4051 744 4122; x_wconf 91' lang='lat' dir='ltr'><strong>gladio,</strong></span> <span class='ocrx_word' id='word_1_471' title='bbox 769 4041 1219 4119; x_wconf 87' lang='lat' dir='ltr'><strong>quemadmodum</strong></span> <span class='ocrx_word' id='word_1_472' title='bbox 1264 4055 1295 4093; x_wconf 91' lang='lat' dir='ltr'><strong>a</strong></span> <span class='ocrx_word' id='word_1_473' title='bbox 1326 4036 1548 4108; x_wconf 82' lang='lat' dir='ltr'><strong>legionis</strong></span> <span class='ocrx_word' id='word_1_474' title='bbox 1574 4047 1627 4089; x_wconf 91' lang='lat' dir='ltr'><strong>et</strong></span> <span class='ocrx_word' id='word_1_475' title='bbox 1648 4029 1981 4122; x_wconf 65' lang='lat' dir='ltr'><strong>Mauritania:</strong></span> <span class='ocrx_word' id='word_1_476' title='bbox 2011 4043 2148 4122; x_wconf 66' lang='lat' dir='ltr'><strong>prae-</strong></span> 
     </span>
    </p>
   </div>
   <div class='ocr_carea' id='block_1_69' title="bbox 550 4119 2148 4209">
    <p class='ocr_par' dir='ltr' id='par_1_69' title="bbox 550 4119 2148 4209">
     <span class='ocr_line' id='line_1_69' title="bbox 550 4119 2148 4209; baseline -0.016 -9"><span class='ocrx_word' id='word_1_477' title='bbox 550 4119 775 4209; x_wconf 71' lang='lat' dir='ltr'><strong>sidibus,</strong></span> <span class='ocrx_word' id='word_1_478' title='bbox 799 4156 866 4196; x_wconf 82' lang='lat' dir='ltr'><strong>ex</strong></span> <span class='ocrx_word' id='word_1_479' title='bbox 895 4149 1135 4192; x_wconf 87' lang='lat' dir='ltr'><strong>veterum</strong></span> <span class='ocrx_word' id='word_1_480' title='bbox 1158 4135 1332 4204; x_wconf 91' lang='lat' dir='ltr'><strong>legum</strong></span> <span class='ocrx_word' id='word_1_481' title='bbox 1357 4126 1674 4202; x_wconf 72' lang='lat' dir='ltr'><strong>prazscripto</strong></span> <span class='ocrx_word' id='word_1_482' title='bbox 1691 4123 1859 4186; x_wconf 88' lang='lat' dir='ltr'><strong>feriri,</strong></span> <span class='ocrx_word' id='word_1_483' title='bbox 1884 4120 1976 4177; x_wconf 90' lang='lat' dir='ltr'><strong>sed</strong></span> <span class='ocrx_word' id='word_1_484' title='bbox 2000 4119 2148 4174; x_wconf 91' lang='lat' dir='ltr'><strong>vivos</strong></span> 
     </span>
    </p>
   </div>
   <div class='ocr_carea' id='block_1_70' title="bbox 551 4212 2150 4294">
    <p class='ocr_par' dir='ltr' id='par_1_70' title="bbox 551 4212 2150 4294">
     <span class='ocr_line' id='line_1_70' title="bbox 551 4212 2150 4294; baseline -0.019 0"><span class='ocrx_word' id='word_1_485' title='bbox 551 4238 718 4294; x_wconf 84' lang='lat' dir='ltr'><strong>etiam</strong></span> <span class='ocrx_word' id='word_1_486' title='bbox 732 4229 1011 4288; x_wconf 85' lang='lat' dir='ltr'><strong>comburi?</strong></span> <span class='ocrx_word' id='word_1_487' title='bbox 1042 4227 1237 4282; x_wconf 82' lang='lat' dir='ltr'><strong>Verum</strong></span> <span class='ocrx_word' id='word_1_488' title='bbox 1271 4221 1632 4279; x_wconf 90' lang='lat' dir='ltr'><strong>Tertulliauus</strong></span> <span class='ocrx_word' id='word_1_489' title='bbox 1663 4216 1838 4288; x_wconf 89' lang='lat' dir='ltr'><strong>palam</strong></span> <span class='ocrx_word' id='word_1_490' title='bbox 1871 4212 2150 4284; x_wconf 79' lang='lat' dir='ltr'><strong>proﬁtetur</strong></span> 
     </span>
    </p>
   </div>
   <div class='ocr_carea' id='block_1_71' title="bbox 557 4302 2146 4398">
    <p class='ocr_par' dir='ltr' id='par_1_71' title="bbox 557 4302 2146 4398">
     <span class='ocr_line' id='line_1_71' title="bbox 557 4302 2146 4398; baseline -0.02 -11"><span class='ocrx_word' id='word_1_491' title='bbox 557 4327 671 4388; x_wconf 72' lang='lat' dir='ltr'><strong>huc</strong></span> <span class='ocrx_word' id='word_1_492' title='bbox 686 4326 945 4398; x_wconf 82' lang='lat' dir='ltr'><strong>supplicia</strong></span> <span class='ocrx_word' id='word_1_493' title='bbox 969 4339 999 4376; x_wconf 88' lang='lat' dir='ltr'><strong>a</strong></span> <span class='ocrx_word' id='word_1_494' title='bbox 1013 4318 1335 4396; x_wconf 72' lang='lat' dir='ltr'><strong>Christianis</strong></span> <span class='ocrx_word' id='word_1_495' title='bbox 1353 4314 1523 4385; x_wconf 88' lang='lat' dir='ltr'><strong>magis</strong></span> <span class='ocrx_word' id='word_1_496' title='bbox 1550 4310 1744 4380; x_wconf 89' lang='lat' dir='ltr'><strong>optari,</strong></span> <span class='ocrx_word' id='word_1_497' title='bbox 1761 4323 1918 4377; x_wconf 90' lang='lat' dir='ltr'><strong>quatn</strong></span> <span class='ocrx_word' id='word_1_498' title='bbox 1949 4302 2146 4359; x_wconf 88' lang='lat' dir='ltr'><strong>timeri.</strong></span> 
     </span>
    </p>
   </div>
   <div class='ocr_carea' id='block_1_72' title="bbox 553 4397 2148 4477">
    <p class='ocr_par' dir='ltr' id='par_1_72' title="bbox 553 4397 2148 4477">
     <span class='ocr_line' id='line_1_72' title="bbox 553 4397 2148 4477; baseline -0.018 0"><span class='ocrx_word' id='word_1_499' title='bbox 553 4418 685 4477; x_wconf 90' lang='lat' dir='ltr'><strong>Cum</strong></span> <span class='ocrx_word' id='word_1_500' title='bbox 708 4397 850 4474; x_wconf 85' lang='lat' dir='ltr'><strong>enim</strong></span> <span class='ocrx_word' id='word_1_501' title='bbox 876 4416 1063 4471; x_wconf 79' lang='lat' dir='ltr'><strong>Arrius</strong></span> <span class='ocrx_word' id='word_1_502' title='bbox 1092 4411 1392 4468; x_wconf 82' lang='lat' dir='ltr'><strong>Antoninus</strong></span> <span class='ocrx_word' id='word_1_503' title='bbox 1424 4408 1476 4460; x_wconf 91' lang='lat' dir='ltr'><strong>in</strong></span> <span class='ocrx_word' id='word_1_504' title='bbox 1499 4418 1593 4460; x_wconf 92' lang='lat' dir='ltr'><strong>eos</strong></span> <span class='ocrx_word' id='word_1_505' title='bbox 1623 4399 1894 4456; x_wconf 85' lang='lat' dir='ltr'><strong>crudelius</strong></span> <span class='ocrx_word' id='word_1_506' title='bbox 1915 4397 2148 4462; x_wconf 69' lang='lat' dir='ltr'><strong>saeviret,</strong></span> 
     </span>
    </p>
   </div>
   <div class='ocr_carea' id='block_1_73' title="bbox 555 4492 2150 4570">
    <p class='ocr_par' dir='ltr' id='par_1_73' title="bbox 555 4492 2150 4570">
     <span class='ocr_line' id='line_1_73' title="bbox 555 4492 2150 4570; baseline -0.017 0"><span class='ocrx_word' id='word_1_507' title='bbox 555 4514 808 4570; x_wconf 88' lang='lat' dir='ltr'><strong>omnibus</strong></span> <span class='ocrx_word' id='word_1_508' title='bbox 834 4513 888 4567; x_wconf 93' lang='lat' dir='ltr'><strong>in</strong></span> <span class='ocrx_word' id='word_1_509' title='bbox 919 4510 1058 4564; x_wconf 59' lang='lat' dir='ltr'><strong>Asi.»</strong></span> <span class='ocrx_word' id='word_1_510' title='bbox 1087 4508 1303 4563; x_wconf 89' lang='lat' dir='ltr'><strong>civitate</strong></span> <span class='ocrx_word' id='word_1_511' title='bbox 1359 4516 1480 4559; x_wconf 88' lang='lat' dir='ltr'><strong>sese</strong></span> <span class='ocrx_word' id='word_1_512' title='bbox 1520 4499 1594 4555; x_wconf 90' lang='lat' dir='ltr'><strong>illi</strong></span> <span class='ocrx_word' id='word_1_513' title='bbox 1623 4499 1763 4552; x_wconf 89' lang='lat' dir='ltr'><strong>ultro</strong></span> <span class='ocrx_word' id='word_1_514' title='bbox 1801 4492 2150 4550; x_wconf 66' lang='lat' dir='ltr'><strong>offerentibus</strong></span> 
     </span>
    </p>
   </div>
   <div class='ocr_carea' id='block_1_74' title="bbox 2239 3269 3843 3345">
    <p class='ocr_par' dir='ltr' id='par_1_74' title="bbox 2239 3269 3843 3345">
     <span class='ocr_line' id='line_1_74' title="bbox 2239 3269 3843 3345; baseline -0.006 -11"><span class='ocrx_word' id='word_1_515' title='bbox 2239 3277 2440 3335; x_wconf 88' lang='lat' dir='ltr'><strong>Christi</strong></span> <span class='ocrx_word' id='word_1_516' title='bbox 2484 3275 2588 3332; x_wconf 75' lang='grc'><strong>195</strong></span> <span class='ocrx_word' id='word_1_517' title='bbox 2629 3276 2922 3345; x_wconf 86' lang='lat' dir='ltr'><strong>imperator</strong></span> <span class='ocrx_word' id='word_1_518' title='bbox 2949 3272 3153 3338; x_wconf 89' lang='lat' dir='ltr'><strong>factus,</strong></span> <span class='ocrx_word' id='word_1_519' title='bbox 3179 3287 3272 3344; x_wconf 86' lang='lat' dir='ltr'><strong>per</strong></span> <span class='ocrx_word' id='word_1_520' title='bbox 3299 3272 3500 3343; x_wconf 86' lang='lat' dir='ltr'><strong>primos</strong></span> <span class='ocrx_word' id='word_1_521' title='bbox 3528 3271 3736 3342; x_wconf 89' lang='lat' dir='ltr'><strong>imperii</strong></span> <span class='ocrx_word' id='word_1_522' title='bbox 3759 3269 3843 3326; x_wconf 89' lang='lat' dir='ltr'><strong>sui</strong></span> 
     </span>
    </p>
   </div>
   <div class='ocr_carea' id='block_1_75' title="bbox 2241 3363 3846 3440">
    <p class='ocr_par' dir='ltr' id='par_1_75' title="bbox 2241 3363 3846 3440">
     <span class='ocr_line' id='line_1_75' title="bbox 2241 3363 3846 3440; baseline -0.005 -13"><span class='ocrx_word' id='word_1_523' title='bbox 2241 3385 2413 3426; x_wconf 84' lang='lat' dir='ltr'><strong>annos</strong></span> <span class='ocrx_word' id='word_1_524' title='bbox 2460 3368 2640 3440; x_wconf 85' lang='lat' dir='ltr'><strong>iutan</strong></span> <span class='ocrx_word' id='word_1_525' title='bbox 2671 3383 2702 3424; x_wconf 90' lang='lat' dir='ltr'><strong>e</strong></span> <span class='ocrx_word' id='word_1_526' title='bbox 2748 3365 2937 3422; x_wconf 84' lang='lat' dir='ltr'><strong>faverit</strong></span> <span class='ocrx_word' id='word_1_527' title='bbox 2968 3363 3323 3431; x_wconf 85' lang='lat' dir='ltr'><strong>Christianis;</strong></span> <span class='ocrx_word' id='word_1_528' title='bbox 3377 3374 3498 3435; x_wconf 88' lang='lat' dir='ltr'><strong>post</strong></span> <span class='ocrx_word' id='word_1_529' title='bbox 3552 3363 3846 3420; x_wconf 79' lang='lat' dir='ltr'><strong>debellatus</strong></span> 
     </span>
    </p>
   </div>
   <div class='ocr_carea' id='block_1_76' title="bbox 2243 3457 3843 3530">
    <p class='ocr_par' dir='ltr' id='par_1_76' title="bbox 2243 3457 3843 3530">
     <span class='ocr_line' id='line_1_76' title="bbox 2243 3457 3843 3530; baseline -0.006 -10"><span class='ocrx_word' id='word_1_530' title='bbox 2243 3473 2423 3520; x_wconf 84' lang='lat' dir='ltr'><strong>tamen</strong></span> <span class='ocrx_word' id='word_1_531' title='bbox 2473 3461 2752 3524; x_wconf 88' lang='lat' dir='ltr'><strong>Cassium,</strong></span> <span class='ocrx_word' id='word_1_532' title='bbox 2791 3458 3012 3530; x_wconf 83' lang='lat' dir='ltr'><strong>Nigrum</strong></span> <span class='ocrx_word' id='word_1_533' title='bbox 3043 3469 3096 3513; x_wconf 91' lang='lat' dir='ltr'><strong>et</strong></span> <span class='ocrx_word' id='word_1_534' title='bbox 3123 3457 3373 3512; x_wconf 87' lang='lat' dir='ltr'><strong>Albinum</strong></span> <span class='ocrx_word' id='word_1_535' title='bbox 3430 3471 3493 3512; x_wconf 89' lang='lat' dir='ltr'><strong>ac</strong></span> <span class='ocrx_word' id='word_1_536' title='bbox 3521 3464 3642 3526; x_wconf 88' lang='lat' dir='ltr'><strong>post</strong></span> <span class='ocrx_word' id='word_1_537' title='bbox 3686 3470 3843 3510; x_wconf 89' lang='lat' dir='ltr'><strong>suum</strong></span> 
     </span>
    </p>
   </div>
   <div class='ocr_carea' id='block_1_77' title="bbox 2243 3550 3842 3622">
    <p class='ocr_par' dir='ltr' id='par_1_77' title="bbox 2243 3550 3842 3622">
     <span class='ocr_line' id='line_1_77' title="bbox 2243 3550 3842 3622; baseline -0.006 -9"><span class='ocrx_word' id='word_1_538' title='bbox 2243 3556 2542 3613; x_wconf 85' lang='lat' dir='ltr'><strong>solemnem</strong></span> <span class='ocrx_word' id='word_1_539' title='bbox 2569 3571 2712 3609; x_wconf 89' lang='lat' dir='ltr'><strong>anno</strong></span> <span class='ocrx_word' id='word_1_540' title='bbox 2745 3552 2845 3610; x_wconf 82' lang='grc'><strong>197</strong></span> <span class='ocrx_word' id='word_1_541' title='bbox 2895 3553 2948 3607; x_wconf 90' lang='lat' dir='ltr'><strong>in</strong></span> <span class='ocrx_word' id='word_1_542' title='bbox 3010 3553 3196 3608; x_wconf 90' lang='lat' dir='ltr'><strong>urbem</strong></span> <span class='ocrx_word' id='word_1_543' title='bbox 3236 3551 3460 3605; x_wconf 80' lang='lat' dir='ltr'><strong>Romam</strong></span> <span class='ocrx_word' id='word_1_544' title='bbox 3507 3550 3842 3622; x_wconf 86' lang='lat' dir='ltr'><strong>ingressum,</strong></span> 
     </span>
    </p>
   </div>
   <div class='ocr_carea' id='block_1_78' title="bbox 2244 3644 3844 3722">
    <p class='ocr_par' dir='ltr' id='par_1_78' title="bbox 2244 3644 3844 3722">
     <span class='ocr_line' id='line_1_78' title="bbox 2244 3644 3844 3722; baseline -0.006 -15"><span class='ocrx_word' id='word_1_545' title='bbox 2244 3653 2424 3708; x_wconf 91' lang='lat' dir='ltr'><strong>animo</strong></span> <span class='ocrx_word' id='word_1_546' title='bbox 2451 3651 2606 3722; x_wconf 89' lang='lat' dir='ltr'><strong>plane</strong></span> <span class='ocrx_word' id='word_1_547' title='bbox 2635 3659 2869 3704; x_wconf 69' lang='lat' dir='ltr'><strong>t&#39;nutatus</strong></span> <span class='ocrx_word' id='word_1_548' title='bbox 2911 3657 3012 3702; x_wconf 90' lang='lat' dir='ltr'><strong>est.</strong></span> <span class='ocrx_word' id='word_1_549' title='bbox 3067 3645 3202 3722; x_wconf 85' lang='lat' dir='ltr'><strong>Tum</strong></span> <span class='ocrx_word' id='word_1_550' title='bbox 3253 3647 3396 3699; x_wconf 89' lang='lat' dir='ltr'><strong>enim</strong></span> <span class='ocrx_word' id='word_1_551' title='bbox 3449 3648 3565 3714; x_wconf 88' lang='lat' dir='ltr'><strong>ipso</strong></span> <span class='ocrx_word' id='word_1_552' title='bbox 3612 3644 3844 3715; x_wconf 88' lang='lat' dir='ltr'><strong>primum</strong></span> 
     </span>
    </p>
   </div>
   <div class='ocr_carea' id='block_1_79' title="bbox 2245 3717 3846 3812">
    <p class='ocr_par' dir='ltr' id='par_1_79' title="bbox 2245 3717 3846 3812">
     <span class='ocr_line' id='line_1_79' title="bbox 2245 3717 3846 3812; baseline -0.006 -11"><span class='ocrx_word' id='word_1_553' title='bbox 2245 3752 2668 3812; x_wconf 83' lang='lat' dir='ltr'><strong>annuentc,aut</strong></span> <span class='ocrx_word' id='word_1_554' title='bbox 2707 3743 2896 3797; x_wconf 86' lang='lat' dir='ltr'><strong>saltem</strong></span> <span class='ocrx_word' id='word_1_555' title='bbox 2954 3757 3059 3794; x_wconf 90' lang='lat' dir='ltr'><strong>non</strong></span> <span class='ocrx_word' id='word_1_556' title='bbox 3108 3717 3422 3809; x_wconf 69' lang='lat' dir='ltr'><strong>prohibente</strong></span> <span class='ocrx_word' id='word_1_557' title='bbox 3466 3737 3846 3793; x_wconf 85' lang='lat' dir='ltr'><strong>recrudescere</strong></span> 
     </span>
    </p>
   </div>
   <div class='ocr_carea' id='block_1_80' title="bbox 2247 3831 3846 3908">
    <p class='ocr_par' dir='ltr' id='par_1_80' title="bbox 2247 3831 3846 3908">
     <span class='ocr_line' id='line_1_80' title="bbox 2247 3831 3846 3908; baseline -0.005 -13"><span class='ocrx_word' id='word_1_558' title='bbox 2247 3840 2406 3908; x_wconf 73' lang='lat' dir='ltr'><strong>C(Bpil</strong></span> <span class='ocrx_word' id='word_1_559' title='bbox 2440 3839 2553 3894; x_wconf 89' lang='lat' dir='ltr'><strong>dira</strong></span> <span class='ocrx_word' id='word_1_560' title='bbox 2597 3839 2647 3892; x_wconf 92' lang='lat' dir='ltr'><strong>iu</strong></span> <span class='ocrx_word' id='word_1_561' title='bbox 2686 3835 3019 3904; x_wconf 59' lang='lat' dir='ltr'><strong>Christianos</strong></span> <span class='ocrx_word' id='word_1_562' title='bbox 3060 3833 3381 3905; x_wconf 88' lang='lat' dir='ltr'><strong>persecutio.</strong></span> <span class='ocrx_word' id='word_1_563' title='bbox 3429 3832 3617 3888; x_wconf 88' lang='lat' dir='ltr'><strong>lratior</strong></span> <span class='ocrx_word' id='word_1_564' title='bbox 3655 3831 3846 3888; x_wconf 87' lang='lat' dir='ltr'><strong>deinde</strong></span> 
     </span>
    </p>
   </div>
   <div class='ocr_carea' id='block_1_81' title="bbox 2250 3924 3847 3998">
    <p class='ocr_par' dir='ltr' id='par_1_81' title="bbox 2250 3924 3847 3998">
     <span class='ocr_line' id='line_1_81' title="bbox 2250 3924 3847 3998; baseline -0.006 -9"><span class='ocrx_word' id='word_1_565' title='bbox 2250 3934 2421 3990; x_wconf 88' lang='lat' dir='ltr'><strong>factus</strong></span> <span class='ocrx_word' id='word_1_566' title='bbox 2441 3974 2456 3998; x_wconf 92' lang='lat'><strong>,</strong></span> <span class='ocrx_word' id='word_1_567' title='bbox 2487 3946 2676 3996; x_wconf 86' lang='lat' dir='ltr'><strong>novas,</strong></span> <span class='ocrx_word' id='word_1_568' title='bbox 2699 3944 2842 3984; x_wconf 92' lang='lat' dir='ltr'><strong>anno</strong></span> <span class='ocrx_word' id='word_1_569' title='bbox 2871 3927 3000 3995; x_wconf 72' lang='lat'><strong>202,</strong></span> <span class='ocrx_word' id='word_1_570' title='bbox 3032 3927 3082 3981; x_wconf 93' lang='lat' dir='ltr'><strong>in</strong></span> <span class='ocrx_word' id='word_1_571' title='bbox 3109 3940 3203 3982; x_wconf 87' lang='lat' dir='ltr'><strong>eos</strong></span> <span class='ocrx_word' id='word_1_572' title='bbox 3231 3924 3471 3980; x_wconf 87' lang='lat' dir='ltr'><strong>condidit</strong></span> <span class='ocrx_word' id='word_1_573' title='bbox 3512 3925 3660 3993; x_wconf 78' lang='lat' dir='ltr'><strong>leges</strong></span> <span class='ocrx_word' id='word_1_574' title='bbox 3678 3966 3693 3990; x_wconf 93' lang='lat'><strong>,</strong></span> <span class='ocrx_word' id='word_1_575' title='bbox 3721 3939 3847 3997; x_wconf 86' lang='lat' dir='ltr'><strong>qua-</strong></span> 
     </span>
    </p>
   </div>
   <div class='ocr_carea' id='block_1_82' title="bbox 2248 4015 3844 4087">
    <p class='ocr_par' dir='ltr' id='par_1_82' title="bbox 2248 4015 3844 4087">
     <span class='ocr_line' id='line_1_82' title="bbox 2248 4015 3844 4087; baseline -0.006 -7"><span class='ocrx_word' id='word_1_576' title='bbox 2248 4041 2368 4081; x_wconf 91' lang='lat' dir='ltr'><strong>rum</strong></span> <span class='ocrx_word' id='word_1_577' title='bbox 2394 4023 2745 4087; x_wconf 86' lang='lat' dir='ltr'><strong>auctoritate,</strong></span> <span class='ocrx_word' id='word_1_578' title='bbox 2775 4021 2850 4072; x_wconf 92' lang='lat' dir='ltr'><strong>ait</strong></span> <span class='ocrx_word' id='word_1_579' title='bbox 2891 4018 3156 4074; x_wconf 86' lang='lat' dir='ltr'><strong>Eusebius</strong></span> <span class='ocrx_word' id='word_1_580' title='bbox 3177 4059 3191 4082; x_wconf 90' lang='lat'><strong>,</strong></span> <span class='ocrx_word' id='word_1_581' title='bbox 3223 4015 3418 4087; x_wconf 86' lang='lat' dir='ltr'><strong>ubique</strong></span> <span class='ocrx_word' id='word_1_582' title='bbox 3463 4015 3706 4070; x_wconf 85' lang='lat' dir='ltr'><strong>locorum</strong></span> <span class='ocrx_word' id='word_1_583' title='bbox 3751 4029 3844 4086; x_wconf 84' lang='lat' dir='ltr'><strong>per</strong></span> 
     </span>
    </p>
   </div>
   <div class='ocr_carea' id='block_1_83' title="bbox 2251 4109 3841 4184">
    <p class='ocr_par' dir='ltr' id='par_1_83' title="bbox 2251 4109 3841 4184">
     <span class='ocr_line' id='line_1_83' title="bbox 2251 4109 3841 4184; baseline -0.009 -8"><span class='ocrx_word' id='word_1_584' title='bbox 2251 4118 2523 4176; x_wconf 84' lang='lat' dir='ltr'><strong>Ecclesias</strong></span> <span class='ocrx_word' id='word_1_585' title='bbox 2574 4115 2708 4172; x_wconf 87' lang='lat' dir='ltr'><strong>facta</strong></span> <span class='ocrx_word' id='word_1_586' title='bbox 2758 4123 2886 4169; x_wconf 90' lang='lat' dir='ltr'><strong>sunt</strong></span> <span class='ocrx_word' id='word_1_587' title='bbox 2925 4112 3199 4184; x_wconf 76' lang='lat' dir='ltr'><strong>martyrio.</strong></span> <span class='ocrx_word' id='word_1_588' title='bbox 3237 4110 3467 4165; x_wconf 75' lang='lat' dir='ltr'><strong>Africam</strong></span> <span class='ocrx_word' id='word_1_589' title='bbox 3516 4109 3695 4181; x_wconf 88' lang='lat' dir='ltr'><strong>itaque</strong></span> <span class='ocrx_word' id='word_1_590' title='bbox 3738 4123 3841 4164; x_wconf 91' lang='lat' dir='ltr'><strong>non</strong></span> 
     </span>
    </p>
   </div>
   <div class='ocr_carea' id='block_1_84' title="bbox 2251 4205 3840 4282">
    <p class='ocr_par' dir='ltr' id='par_1_84' title="bbox 2251 4205 3840 4282">
     <span class='ocr_line' id='line_1_84' title="bbox 2251 4205 3840 4282; baseline -0.006 -14"><span class='ocrx_word' id='word_1_591' title='bbox 2251 4227 2409 4268; x_wconf 87' lang='lat' dir='ltr'><strong>secus</strong></span> <span class='ocrx_word' id='word_1_592' title='bbox 2439 4221 2596 4282; x_wconf 90' lang='lat' dir='ltr'><strong>atque</strong></span> <span class='ocrx_word' id='word_1_593' title='bbox 2627 4208 2760 4266; x_wconf 89' lang='lat' dir='ltr'><strong>alias</strong></span> <span class='ocrx_word' id='word_1_594' title='bbox 2792 4208 3094 4279; x_wconf 85' lang='lat' dir='ltr'><strong>provincias</strong></span> <span class='ocrx_word' id='word_1_595' title='bbox 3125 4207 3169 4262; x_wconf 90' lang='lat' dir='ltr'><strong>is</strong></span> <span class='ocrx_word' id='word_1_596' title='bbox 3195 4205 3579 4261; x_wconf 67' lang='lat' dir='ltr'><strong>crudelissima!</strong></span> <span class='ocrx_word' id='word_1_597' title='bbox 3603 4205 3840 4260; x_wconf 75' lang='lat' dir='ltr'><strong>vexatio-</strong></span> 
     </span>
    </p>
   </div>
   <div class='ocr_carea' id='block_1_85' title="bbox 2253 4294 3846 4373">
    <p class='ocr_par' dir='ltr' id='par_1_85' title="bbox 2253 4294 3846 4373">
     <span class='ocr_line' id='line_1_85' title="bbox 2253 4294 3846 4373; baseline -0.007 -11"><span class='ocrx_word' id='word_1_598' title='bbox 2253 4306 2339 4362; x_wconf 90' lang='lat' dir='ltr'><strong>nis</strong></span> <span class='ocrx_word' id='word_1_599' title='bbox 2380 4313 2544 4360; x_wconf 69' lang='lat' dir='ltr'><strong>mstus</strong></span> <span class='ocrx_word' id='word_1_600' title='bbox 2571 4302 2825 4373; x_wconf 84' lang='lat' dir='ltr'><strong>depastus</strong></span> <span class='ocrx_word' id='word_1_601' title='bbox 2864 4311 2948 4356; x_wconf 80' lang='lat' dir='ltr'><strong>est</strong></span> <span class='ocrx_word' id='word_1_602' title='bbox 2974 4297 3188 4362; x_wconf 78' lang='lat' dir='ltr'><strong>(Euseb.</strong></span> <span class='ocrx_word' id='word_1_603' title='bbox 3218 4298 3306 4353; x_wconf 77' lang='lat' dir='ltr'><strong>lib.</strong></span> <span class='ocrx_word' id='word_1_604' title='bbox 3339 4297 3426 4353; x_wconf 88' lang='lat' dir='ltr'><strong>Vl.</strong></span> <span class='ocrx_word' id='word_1_605' title='bbox 3474 4297 3652 4353; x_wconf 84' lang='lat' dir='ltr'><strong>eccles.</strong></span> <span class='ocrx_word' id='word_1_606' title='bbox 3705 4294 3846 4351; x_wconf 83' lang='lat' dir='ltr'><strong>Hist.</strong></span> 
     </span>
    </p>
   </div>
   <div class='ocr_carea' id='block_1_86' title="bbox 2253 4391 3844 4471">
    <p class='ocr_par' dir='ltr' id='par_1_86' title="bbox 2253 4391 3844 4471">
     <span class='ocr_line' id='line_1_86' title="bbox 2253 4391 3844 4471; baseline -0.006 -17"><span class='ocrx_word' id='word_1_607' title='bbox 2253 4416 2370 4471; x_wconf 87' lang='lat' dir='ltr'><strong>cap.</strong></span> <span class='ocrx_word' id='word_1_608' title='bbox 2398 4397 2455 4454; x_wconf 75' lang='lat'><strong>2.</strong></span> <span class='ocrx_word' id='word_1_609' title='bbox 2497 4415 2614 4469; x_wconf 81' lang='lat' dir='ltr'><strong>pag.</strong></span> <span class='ocrx_word' id='word_1_610' title='bbox 2642 4397 2771 4452; x_wconf 77' lang='grc'><strong>201.</strong></span> <span class='ocrx_word' id='word_1_611' title='bbox 2819 4393 3124 4466; x_wconf 81' lang='lat' dir='ltr'><strong>Hieronym.</strong></span> <span class='ocrx_word' id='word_1_612' title='bbox 3157 4391 3392 4464; x_wconf 88' lang='lat' dir='ltr'><strong>Catalog.</strong></span> <span class='ocrx_word' id='word_1_613' title='bbox 3445 4391 3689 4463; x_wconf 84' lang='lat' dir='ltr'><strong>scriptor.</strong></span> <span class='ocrx_word' id='word_1_614' title='bbox 3721 4391 3844 4445; x_wconf 68' lang='grc' dir='ltr'><strong>εδει.</strong></span> 
     </span>
    </p>
   </div>
   <div class='ocr_carea' id='block_1_87' title="bbox 2258 4491 2733 4567">
    <p class='ocr_par' dir='ltr' id='par_1_87' title="bbox 2258 4491 2733 4567">
     <span class='ocr_line' id='line_1_87' title="bbox 2258 4491 2733 4567; baseline -0.013 -17"><span class='ocrx_word' id='word_1_615' title='bbox 2258 4492 2286 4567; x_wconf 75' lang='lat'><strong>§</strong></span> <span class='ocrx_word' id='word_1_616' title='bbox 2325 4494 2412 4549; x_wconf 73' lang='grc'><strong>54.</strong></span> <span class='ocrx_word' id='word_1_617' title='bbox 2439 4510 2553 4564; x_wconf 79' lang='lat' dir='ltr'><strong>pag.</strong></span> <span class='ocrx_word' id='word_1_618' title='bbox 2589 4491 2733 4562; x_wconf 83' lang='grc'><strong>115).</strong></span> 
     </span>
    </p>
   </div>
   <div class='ocr_carea' id='block_1_88' title="bbox 556 4580 3857 4678">
    <p class='ocr_par' dir='ltr' id='par_1_88' title="bbox 556 4580 3857 4678">
     <span class='ocr_line' id='line_1_88' title="bbox 556 4580 3857 4678; baseline -0.01 -13"><span class='ocrx_word' id='word_1_619' title='bbox 556 4606 833 4678; x_wconf 74' lang='lat' dir='ltr'><strong>respondit</strong></span> <span class='ocrx_word' id='word_1_620' title='bbox 861 4623 874 4659; x_wconf 89' lang='lat'><strong>:</strong></span> <span class='ocrx_word' id='word_1_621' title='bbox 899 4602 960 4659; x_wconf 86' lang='lat' dir='ltr'><strong>Si</strong></span> <span class='ocrx_word' id='word_1_622' title='bbox 989 4600 1140 4655; x_wconf 82' lang='lat' dir='ltr'><strong>vultis</strong></span> <span class='ocrx_word' id='word_1_623' title='bbox 1169 4598 1356 4671; x_wconf 82' lang='lat' dir='ltr'><strong>perire,</strong></span> <span class='ocrx_word' id='word_1_624' title='bbox 1385 4591 1672 4666; x_wconf 67' lang='lat' dir='ltr'><strong>praecipitia</strong></span> <span class='ocrx_word' id='word_1_625' title='bbox 1697 4598 1785 4643; x_wconf 89' lang='lat' dir='ltr'><strong>aut</strong></span> <span class='ocrx_word' id='word_1_626' title='bbox 1814 4590 1960 4660; x_wconf 80' lang='lat' dir='ltr'><strong>funes</strong></span> <span class='ocrx_word' id='word_1_627' title='bbox 1990 4582 2150 4638; x_wconf 86' lang='lat' dir='ltr'><strong>habe-</strong></span> <span class='ocrx_word' id='word_1_628' title='bbox 2177 4601 2232 4661; x_wconf 74' lang='grc'><strong>1)</strong></span> <span class='ocrx_word' id='word_1_629' title='bbox 2331 4587 2690 4643; x_wconf 88' lang='lat' dir='ltr'><strong>Tertullianus</strong></span> <span class='ocrx_word' id='word_1_630' title='bbox 2715 4598 2842 4639; x_wconf 91' lang='lat' dir='ltr'><strong>vero</strong></span> <span class='ocrx_word' id='word_1_631' title='bbox 2881 4581 2949 4638; x_wconf 90' lang='lat' dir='ltr'><strong>de</strong></span> <span class='ocrx_word' id='word_1_632' title='bbox 2971 4580 3397 4639; x_wconf 87' lang='lat' dir='ltr'><strong>Christianorum</strong></span> <span class='ocrx_word' id='word_1_633' title='bbox 3429 4580 3600 4635; x_wconf 88' lang='lat' dir='ltr'><strong>salute</strong></span> <span class='ocrx_word' id='word_1_634' title='bbox 3639 4591 3857 4649; x_wconf 86' lang='lat' dir='ltr'><strong>semper</strong></span> 
     </span>
    </p>
   </div>
   <div class='ocr_carea' id='block_1_89' title="bbox 559 4675 2152 4769">
    <p class='ocr_par' dir='ltr' id='par_1_89' title="bbox 559 4675 2152 4769">
     <span class='ocr_line' id='line_1_89' title="bbox 559 4675 2152 4769; baseline -0.018 -13"><span class='ocrx_word' id='word_1_635' title='bbox 559 4675 802 4769; x_wconf 31' lang='lat' dir='ltr'><strong>tim-Quid</strong></span> <span class='ocrx_word' id='word_1_636' title='bbox 824 4695 984 4768; x_wconf 81' lang='lat' dir='ltr'><strong>igitur</strong></span> <span class='ocrx_word' id='word_1_637' title='bbox 1008 4690 1234 4761; x_wconf 86' lang='lat' dir='ltr'><strong>Scapula</strong></span> <span class='ocrx_word' id='word_1_638' title='bbox 1263 4687 1424 4743; x_wconf 85' lang='lat' dir='ltr'><strong>faciet</strong></span> <span class='ocrx_word' id='word_1_639' title='bbox 1452 4680 1745 4741; x_wconf 79' lang='lat' dir='ltr'><strong>innumeris</strong></span> <span class='ocrx_word' id='word_1_640' title='bbox 1767 4675 2152 4750; x_wconf 87' lang='lat' dir='ltr'><strong>prOpetuodum</strong></span> 
     </span>
    </p>
   </div>
   <div class='ocr_carea' id='block_1_90' title="bbox 557 4769 2154 4858">
    <p class='ocr_par' dir='ltr' id='par_1_90' title="bbox 557 4769 2154 4858">
     <span class='ocr_line' id='line_1_90' title="bbox 557 4769 2154 4858; baseline -0.018 -8"><span class='ocrx_word' id='word_1_641' title='bbox 557 4790 862 4850; x_wconf 77' lang='lat' dir='ltr'><strong>Christianis</strong></span> <span class='ocrx_word' id='word_1_642' title='bbox 881 4783 1401 4858; x_wconf 79' lang='lat' dir='ltr'><strong>cartltaginensibus,</strong></span> <span class='ocrx_word' id='word_1_643' title='bbox 1433 4777 1560 4851; x_wconf 88' lang='lat' dir='ltr'><strong>quid</strong></span> <span class='ocrx_word' id='word_1_644' title='bbox 1589 4776 1668 4832; x_wconf 91' lang='lat' dir='ltr'><strong>sui</strong></span> <span class='ocrx_word' id='word_1_645' title='bbox 1697 4773 1900 4854; x_wconf 84' lang='lat' dir='ltr'><strong>ordinis</strong></span> <span class='ocrx_word' id='word_1_646' title='bbox 1922 4769 2154 4826; x_wconf 89' lang='lat' dir='ltr'><strong>homini-</strong></span> 
     </span>
    </p>
   </div>
   <div class='ocr_carea' id='block_1_91' title="bbox 558 4871 2155 4958">
    <p class='ocr_par' dir='ltr' id='par_1_91' title="bbox 558 4871 2155 4958">
     <span class='ocr_line' id='line_1_91' title="bbox 558 4871 2155 4958; baseline -0.018 -14"><span class='ocrx_word' id='word_1_647' title='bbox 558 4886 681 4951; x_wconf 84' lang='lat' dir='ltr'><strong>bus,</strong></span> <span class='ocrx_word' id='word_1_648' title='bbox 713 4885 838 4958; x_wconf 91' lang='lat' dir='ltr'><strong>quid</strong></span> <span class='ocrx_word' id='word_1_649' title='bbox 873 4881 1189 4956; x_wconf 89' lang='lat' dir='ltr'><strong>propinquis</strong></span> <span class='ocrx_word' id='word_1_650' title='bbox 1219 4887 1277 4934; x_wconf 91' lang='lat' dir='ltr'><strong>et</strong></span> <span class='ocrx_word' id='word_1_651' title='bbox 1306 4873 1515 4940; x_wconf 88' lang='lat' dir='ltr'><strong>amicis,</strong></span> <span class='ocrx_word' id='word_1_652' title='bbox 1549 4871 1638 4943; x_wconf 87' lang='lat' dir='ltr'><strong>qui</strong></span> <span class='ocrx_word' id='word_1_653' title='bbox 1665 4878 1859 4939; x_wconf 87' lang='lat' dir='ltr'><strong>sponte</strong></span> <span class='ocrx_word' id='word_1_654' title='bbox 1888 4879 1982 4920; x_wconf 85' lang='lat' dir='ltr'><strong>sua</strong></span> <span class='ocrx_word' id='word_1_655' title='bbox 2035 4877 2155 4918; x_wconf 86' lang='lat' dir='ltr'><strong>sese</strong></span> 
     </span>
    </p>
   </div>
   <div class='ocr_carea' id='block_1_92' title="bbox 561 4960 2156 5038">
    <p class='ocr_par' dir='ltr' id='par_1_92' title="bbox 561 4960 2156 5038">
     <span class='ocr_line' id='line_1_92' title="bbox 561 4960 2156 5038; baseline -0.017 -1"><span class='ocrx_word' id='word_1_656' title='bbox 561 4980 636 5038; x_wconf 88' lang='lat' dir='ltr'><strong>illi</strong></span> <span class='ocrx_word' id='word_1_657' title='bbox 662 4977 933 5037; x_wconf 88' lang='lat' dir='ltr'><strong>necandos</strong></span> <span class='ocrx_word' id='word_1_658' title='bbox 959 4970 1230 5030; x_wconf 78' lang='lat' dir='ltr'><strong>oll‘erent?</strong></span> <span class='ocrx_word' id='word_1_659' title='bbox 1261 4966 1622 5038; x_wconf 90' lang='lat' dir='ltr'><strong>Quamobrem</strong></span> <span class='ocrx_word' id='word_1_660' title='bbox 1651 4963 1800 5018; x_wconf 91' lang='lat' dir='ltr'><strong>illum</strong></span> <span class='ocrx_word' id='word_1_661' title='bbox 1831 4960 2074 5015; x_wconf 88' lang='lat' dir='ltr'><strong>hortatur</strong></span> <span class='ocrx_word' id='word_1_662' title='bbox 2102 4965 2156 5010; x_wconf 89' lang='lat' dir='ltr'><strong>ut</strong></span> 
     </span>
    </p>
   </div>
   <div class='ocr_carea' id='block_1_93' title="bbox 562 5049 2157 5145">
    <p class='ocr_par' dir='ltr' id='par_1_93' title="bbox 562 5049 2157 5145">
     <span class='ocr_line' id='line_1_93' title="bbox 562 5049 2157 5145; baseline -0.016 -18"><span class='ocrx_word' id='word_1_663' title='bbox 562 5083 746 5145; x_wconf 84' lang='lat' dir='ltr'><strong>parcat</strong></span> <span class='ocrx_word' id='word_1_664' title='bbox 770 5066 1078 5138; x_wconf 88' lang='lat' dir='ltr'><strong>Carthagini</strong></span> <span class='ocrx_word' id='word_1_665' title='bbox 1100 5073 1156 5120; x_wconf 92' lang='lat' dir='ltr'><strong>et</strong></span> <span class='ocrx_word' id='word_1_666' title='bbox 1179 5061 1491 5134; x_wconf 67' lang='lat' dir='ltr'><strong>provinciae,</strong></span> <span class='ocrx_word' id='word_1_667' title='bbox 1521 5072 1678 5128; x_wconf 90' lang='lat' dir='ltr'><strong>quam</strong></span> <span class='ocrx_word' id='word_1_668' title='bbox 1727 5053 1953 5108; x_wconf 91' lang='lat' dir='ltr'><strong>militum</strong></span> <span class='ocrx_word' id='word_1_669' title='bbox 1977 5059 2032 5106; x_wconf 89' lang='lat' dir='ltr'><strong>et</strong></span> <span class='ocrx_word' id='word_1_670' title='bbox 2055 5049 2157 5104; x_wconf 85' lang='lat' dir='ltr'><strong>ini-</strong></span> 
     </span>
    </p>
   </div>
   <div class='ocr_carea' id='block_1_94' title="bbox 563 5145 2156 5223">
    <p class='ocr_par' dir='ltr' id='par_1_94' title="bbox 563 5145 2156 5223">
     <span class='ocr_line' id='line_1_94' title="bbox 563 5145 2156 5223; baseline -0.016 -1"><span class='ocrx_word' id='word_1_671' title='bbox 563 5167 827 5223; x_wconf 88' lang='lat' dir='ltr'><strong>micorum</strong></span> <span class='ocrx_word' id='word_1_672' title='bbox 864 5157 1307 5218; x_wconf 89' lang='lat' dir='ltr'><strong>concussiouibus</strong></span> <span class='ocrx_word' id='word_1_673' title='bbox 1345 5151 1631 5210; x_wconf 76' lang='lat' dir='ltr'><strong>obnoxiam</strong></span> <span class='ocrx_word' id='word_1_674' title='bbox 1670 5147 1816 5204; x_wconf 91' lang='lat' dir='ltr'><strong>fecit.</strong></span> <span class='ocrx_word' id='word_1_675' title='bbox 1851 5146 1992 5201; x_wconf 90' lang='lat' dir='ltr'><strong>Deus</strong></span> <span class='ocrx_word' id='word_1_676' title='bbox 2012 5145 2156 5199; x_wconf 91' lang='lat' dir='ltr'><strong>enim</strong></span> 
     </span>
    </p>
   </div>
   <div class='ocr_carea' id='block_1_95' title="bbox 561 5241 2156 5319">
    <p class='ocr_par' dir='ltr' id='par_1_95' title="bbox 561 5241 2156 5319">
     <span class='ocr_line' id='line_1_95' title="bbox 561 5241 2156 5319; baseline -0.018 -1"><span class='ocrx_word' id='word_1_677' title='bbox 561 5265 716 5318; x_wconf 84' lang='lat' dir='ltr'><strong>solus</strong></span> <span class='ocrx_word' id='word_1_678' title='bbox 735 5269 815 5314; x_wconf 90' lang='lat' dir='ltr'><strong>est</strong></span> <span class='ocrx_word' id='word_1_679' title='bbox 829 5255 1253 5314; x_wconf 87' lang='lat' dir='ltr'><strong>Christianorqu</strong></span> <span class='ocrx_word' id='word_1_680' title='bbox 1279 5249 1558 5319; x_wconf 84' lang='lat' dir='ltr'><strong>magister,</strong></span> <span class='ocrx_word' id='word_1_681' title='bbox 1575 5243 1664 5316; x_wconf 91' lang='lat' dir='ltr'><strong>qui</strong></span> <span class='ocrx_word' id='word_1_682' title='bbox 1686 5249 1810 5296; x_wconf 90' lang='lat' dir='ltr'><strong>ante</strong></span> <span class='ocrx_word' id='word_1_683' title='bbox 1826 5241 1999 5310; x_wconf 93' lang='lat' dir='ltr'><strong>ipsum</strong></span> <span class='ocrx_word' id='word_1_684' title='bbox 2021 5246 2156 5300; x_wconf 87' lang='lat' dir='ltr'><strong>erat,</strong></span> 
     </span>
    </p>
   </div>
   <div class='ocr_carea' id='block_1_96' title="bbox 563 5336 2173 5413">
    <p class='ocr_par' dir='ltr' id='par_1_96' title="bbox 563 5336 2173 5413">
     <span class='ocr_line' id='line_1_96' title="bbox 563 5336 2173 5413; baseline -0.018 -3"><span class='ocrx_word' id='word_1_685' title='bbox 563 5368 666 5410; x_wconf 88' lang='lat' dir='ltr'><strong>nec</strong></span> <span class='ocrx_word' id='word_1_686' title='bbox 701 5351 771 5408; x_wconf 88' lang='lat' dir='ltr'><strong>ab</strong></span> <span class='ocrx_word' id='word_1_687' title='bbox 797 5348 1102 5404; x_wconf 88' lang='lat' dir='ltr'><strong>hominibus</strong></span> <span class='ocrx_word' id='word_1_688' title='bbox 1143 5343 1268 5400; x_wconf 85' lang='lat' dir='ltr'><strong>mali</strong></span> <span class='ocrx_word' id='word_1_689' title='bbox 1311 5339 1510 5413; x_wconf 87' lang='lat' dir='ltr'><strong>aliquid</strong></span> <span class='ocrx_word' id='word_1_690' title='bbox 1551 5336 1660 5410; x_wconf 87' lang='lat' dir='ltr'><strong>pati</strong></span> <span class='ocrx_word' id='word_1_691' title='bbox 1707 5343 1924 5405; x_wconf 85' lang='lat' dir='ltr'><strong>potest;</strong></span> <span class='ocrx_word' id='word_1_692' title='bbox 1971 5339 2173 5385; x_wconf 36' lang='lat' dir='ltr'><strong>contra.</strong></span> 
     </span>
    </p>
   </div>
   <div class='ocr_carea' id='block_1_97' title="bbox 563 5427 2157 5517">
    <p class='ocr_par' dir='ltr' id='par_1_97' title="bbox 563 5427 2157 5517">
     <span class='ocr_line' id='line_1_97' title="bbox 563 5427 2157 5517; baseline -0.018 -14"><span class='ocrx_word' id='word_1_693' title='bbox 563 5462 695 5503; x_wconf 84' lang='lat' dir='ltr'><strong>vero</strong></span> <span class='ocrx_word' id='word_1_694' title='bbox 741 5459 876 5517; x_wconf 89' lang='lat' dir='ltr'><strong>quos</strong></span> <span class='ocrx_word' id='word_1_695' title='bbox 923 5439 1152 5513; x_wconf 87' lang='lat' dir='ltr'><strong>Scapula</strong></span> <span class='ocrx_word' id='word_1_696' title='bbox 1199 5435 1486 5508; x_wconf 88' lang='lat' dir='ltr'><strong>magistros</strong></span> <span class='ocrx_word' id='word_1_697' title='bbox 1526 5430 1708 5494; x_wconf 88' lang='lat' dir='ltr'><strong>habet,</strong></span> <span class='ocrx_word' id='word_1_698' title='bbox 1741 5427 1986 5481; x_wconf 89' lang='lat' dir='ltr'><strong>homines</strong></span> <span class='ocrx_word' id='word_1_699' title='bbox 2012 5431 2157 5488; x_wconf 92' lang='lat' dir='ltr'><strong>sunt,</strong></span> 
     </span>
    </p>
   </div>
   <div class='ocr_carea' id='block_1_98' title="bbox 565 5519 2157 5610">
    <p class='ocr_par' dir='ltr' id='par_1_98' title="bbox 565 5519 2157 5610">
     <span class='ocr_line' id='line_1_98' title="bbox 565 5519 2157 5610; baseline -0.016 -15"><span class='ocrx_word' id='word_1_700' title='bbox 565 5536 854 5610; x_wconf 87' lang='lat' dir='ltr'><strong>aliquando</strong></span> <span class='ocrx_word' id='word_1_701' title='bbox 881 5532 1148 5591; x_wconf 92' lang='lat' dir='ltr'><strong>morituri.</strong></span> <span class='ocrx_word' id='word_1_702' title='bbox 1181 5529 1436 5598; x_wconf 90' lang='lat' dir='ltr'><strong>Denique,</strong></span> <span class='ocrx_word' id='word_1_703' title='bbox 1467 5521 1726 5597; x_wconf 86' lang='lat' dir='ltr'><strong>quidquid</strong></span> <span class='ocrx_word' id='word_1_704' title='bbox 1765 5519 1853 5576; x_wconf 89' lang='lat' dir='ltr'><strong>ille</strong></span> <span class='ocrx_word' id='word_1_705' title='bbox 1875 5526 2018 5588; x_wconf 88' lang='lat' dir='ltr'><strong>agat,</strong></span> <span class='ocrx_word' id='word_1_706' title='bbox 2051 5533 2157 5570; x_wconf 89' lang='lat' dir='ltr'><strong>non</strong></span> 
     </span>
    </p>
   </div>
   <div class='ocr_carea' id='block_1_99' title="bbox 567 5611 2153 5693">
    <p class='ocr_par' dir='ltr' id='par_1_99' title="bbox 567 5611 2153 5693">
     <span class='ocr_line' id='line_1_99' title="bbox 567 5611 2153 5693; baseline -0.019 -1"><span class='ocrx_word' id='word_1_707' title='bbox 567 5634 779 5693; x_wconf 84' lang='lat' dir='ltr'><strong>deficiet</strong></span> <span class='ocrx_word' id='word_1_708' title='bbox 798 5633 1224 5689; x_wconf 88' lang='lat' dir='ltr'><strong>Christianorum</strong></span> <span class='ocrx_word' id='word_1_709' title='bbox 1253 5635 1422 5686; x_wconf 88' lang='lat' dir='ltr'><strong>secta.</strong></span> <span class='ocrx_word' id='word_1_710' title='bbox 1450 5636 1570 5692; x_wconf 75' lang='lat' dir='ltr'><strong>qua:</strong></span> <span class='ocrx_word' id='word_1_711' title='bbox 1599 5629 1709 5674; x_wconf 92' lang='lat' dir='ltr'><strong>tum</strong></span> <span class='ocrx_word' id='word_1_712' title='bbox 1736 5616 1896 5672; x_wconf 91' lang='lat' dir='ltr'><strong>etiam</strong></span> <span class='ocrx_word' id='word_1_713' title='bbox 1938 5611 2153 5675; x_wconf 90' lang='lat' dir='ltr'><strong>crescit,</strong></span> 
     </span>
    </p>
   </div>
   <div class='ocr_carea' id='block_1_100' title="bbox 567 5707 2159 5788">
    <p class='ocr_par' dir='ltr' id='par_1_100' title="bbox 567 5707 2159 5788">
     <span class='ocr_line' id='line_1_100' title="bbox 567 5707 2159 5788; baseline -0.018 -2"><span class='ocrx_word' id='word_1_714' title='bbox 567 5745 688 5786; x_wconf 90' lang='lat' dir='ltr'><strong>cum</strong></span> <span class='ocrx_word' id='word_1_715' title='bbox 727 5727 861 5783; x_wconf 62' lang='lat' dir='ltr'><strong>caedi</strong></span> <span class='ocrx_word' id='word_1_716' title='bbox 907 5725 1135 5779; x_wconf 90' lang='lat' dir='ltr'><strong>videtur.</strong></span> <span class='ocrx_word' id='word_1_717' title='bbox 1177 5716 1431 5788; x_wconf 79' lang='lat' dir='ltr'><strong>Quisquis</strong></span> <span class='ocrx_word' id='word_1_718' title='bbox 1481 5728 1710 5784; x_wconf 86' lang='lat' dir='ltr'><strong>namque</strong></span> <span class='ocrx_word' id='word_1_719' title='bbox 1763 5707 2053 5776; x_wconf 85' lang='lat' dir='ltr'><strong>investigat</strong></span> <span class='ocrx_word' id='word_1_720' title='bbox 2105 5712 2159 5758; x_wconf 90' lang='lat' dir='ltr'><strong>et</strong></span> 
     </span>
    </p>
   </div>
   <div class='ocr_carea' id='block_1_101' title="bbox 565 5805 2159 5897">
    <p class='ocr_par' dir='ltr' id='par_1_101' title="bbox 565 5805 2159 5897">
     <span class='ocr_line' id='line_1_101' title="bbox 565 5805 2159 5897; baseline -0.016 -18"><span class='ocrx_word' id='word_1_721' title='bbox 565 5821 808 5897; x_wconf 88' lang='lat' dir='ltr'><strong>agnoscit</strong></span> <span class='ocrx_word' id='word_1_722' title='bbox 845 5835 941 5877; x_wconf 88' lang='lat' dir='ltr'><strong>cur</strong></span> <span class='ocrx_word' id='word_1_723' title='bbox 976 5819 1055 5877; x_wconf 90' lang='lat' dir='ltr'><strong>illi</strong></span> <span class='ocrx_word' id='word_1_724' title='bbox 1096 5825 1203 5872; x_wconf 87' lang='lat' dir='ltr'><strong>tam</strong></span> <span class='ocrx_word' id='word_1_725' title='bbox 1248 5819 1559 5869; x_wconf 87' lang='lat' dir='ltr'><strong>constanter</strong></span> <span class='ocrx_word' id='word_1_726' title='bbox 1589 5805 1840 5882; x_wconf 66' lang='lat' dir='ltr'><strong>quaelibet</strong></span> <span class='ocrx_word' id='word_1_727' title='bbox 1883 5808 2159 5858; x_wconf 83' lang='lat' dir='ltr'><strong>tormenta</strong></span> 
     </span>
    </p>
   </div>
   <div class='ocr_carea' id='block_1_102' title="bbox 2261 4675 3856 4746">
    <p class='ocr_par' dir='ltr' id='par_1_102' title="bbox 2261 4675 3856 4746">
     <span class='ocr_line' id='line_1_102' title="bbox 2261 4675 3856 4746; baseline -0.007 -7"><span class='ocrx_word' id='word_1_728' title='bbox 2261 4683 2522 4740; x_wconf 87' lang='lat' dir='ltr'><strong>sollicitus</strong></span> <span class='ocrx_word' id='word_1_729' title='bbox 2547 4723 2561 4746; x_wconf 92' lang='lat'><strong>,</strong></span> <span class='ocrx_word' id='word_1_730' title='bbox 2605 4689 2731 4734; x_wconf 88' lang='lat' dir='ltr'><strong>ante</strong></span> <span class='ocrx_word' id='word_1_731' title='bbox 2772 4678 2928 4735; x_wconf 89' lang='lat' dir='ltr'><strong>datas</strong></span> <span class='ocrx_word' id='word_1_732' title='bbox 2978 4679 3138 4733; x_wconf 87' lang='lat' dir='ltr'><strong>hasce</strong></span> <span class='ocrx_word' id='word_1_733' title='bbox 3174 4675 3318 4746; x_wconf 91' lang='lat' dir='ltr'><strong>leges</strong></span> <span class='ocrx_word' id='word_1_734' title='bbox 3376 4675 3757 4746; x_wconf 78' lang='lat' dir='ltr'><strong>Apologeticum</strong></span> <span class='ocrx_word' id='word_1_735' title='bbox 3797 4683 3856 4728; x_wconf 88' lang='lat' dir='ltr'><strong>et</strong></span> 
     </span>
    </p>
   </div>
   <div class='ocr_carea' id='block_1_103' title="bbox 2261 4768 3853 4838">
    <p class='ocr_par' dir='ltr' id='par_1_103' title="bbox 2261 4768 3853 4838">
     <span class='ocr_line' id='line_1_103' title="bbox 2261 4768 3853 4838; baseline -0.008 -6"><span class='ocrx_word' id='word_1_736' title='bbox 2261 4778 2427 4833; x_wconf 86' lang='lat' dir='ltr'><strong>libros</strong></span> <span class='ocrx_word' id='word_1_737' title='bbox 2476 4775 2544 4829; x_wconf 86' lang='lat' dir='ltr'><strong>ad</strong></span> <span class='ocrx_word' id='word_1_738' title='bbox 2587 4772 2878 4838; x_wconf 82' lang='lat' dir='ltr'><strong>Nationes,</strong></span> <span class='ocrx_word' id='word_1_739' title='bbox 2932 4772 3070 4827; x_wconf 77' lang='lat' dir='ltr'><strong>sicut</strong></span> <span class='ocrx_word' id='word_1_740' title='bbox 3120 4769 3390 4836; x_wconf 79' lang='lat' dir='ltr'><strong>diximus,</strong></span> <span class='ocrx_word' id='word_1_741' title='bbox 3440 4768 3807 4837; x_wconf 80' lang='lat' dir='ltr'><strong>divulgaverat</strong></span> <span class='ocrx_word' id='word_1_742' title='bbox 3837 4808 3853 4833; x_wconf 95' lang='lat'><strong>,</strong></span> 
     </span>
    </p>
   </div>
   <div class='ocr_carea' id='block_1_104' title="bbox 2258 4860 3854 4941">
    <p class='ocr_par' dir='ltr' id='par_1_104' title="bbox 2258 4860 3854 4941">
     <span class='ocr_line' id='line_1_104' title="bbox 2258 4860 3854 4941; baseline -0.004 -20"><span class='ocrx_word' id='word_1_743' title='bbox 2258 4885 2484 4941; x_wconf 87' lang='lat' dir='ltr'><strong>quorum</strong></span> <span class='ocrx_word' id='word_1_744' title='bbox 2534 4867 2763 4923; x_wconf 82' lang='lat' dir='ltr'><strong>lcetione</strong></span> <span class='ocrx_word' id='word_1_745' title='bbox 2822 4866 2969 4919; x_wconf 83' lang='lat' dir='ltr'><strong>furor</strong></span> <span class='ocrx_word' id='word_1_746' title='bbox 3032 4862 3307 4935; x_wconf 86' lang='lat' dir='ltr'><strong>gentilium</strong></span> <span class='ocrx_word' id='word_1_747' title='bbox 3342 4861 3414 4920; x_wconf 80' lang='lat' dir='ltr'><strong>.in</strong></span> <span class='ocrx_word' id='word_1_748' title='bbox 3478 4860 3854 4926; x_wconf 87' lang='lat' dir='ltr'><strong>Christianos,</strong></span> 
     </span>
    </p>
   </div>
   <div class='ocr_carea' id='block_1_105' title="bbox 2257 4953 3860 5034">
    <p class='ocr_par' dir='ltr' id='par_1_105' title="bbox 2257 4953 3860 5034">
     <span class='ocr_line' id='line_1_105' title="bbox 2257 4953 3860 5034; baseline -0.004 -18"><span class='ocrx_word' id='word_1_749' title='bbox 2257 4960 2666 5034; x_wconf 84' lang='lat' dir='ltr'><strong>quamtnmlibet</strong></span> <span class='ocrx_word' id='word_1_750' title='bbox 2691 4958 3049 5013; x_wconf 82' lang='lat' dir='ltr'><strong>inflammatus</strong></span> <span class='ocrx_word' id='word_1_751' title='bbox 3067 4998 3081 5021; x_wconf 94' lang='lat'><strong>,</strong></span> <span class='ocrx_word' id='word_1_752' title='bbox 3113 4955 3342 5011; x_wconf 90' lang='lat' dir='ltr'><strong>debebat</strong></span> <span class='ocrx_word' id='word_1_753' title='bbox 3369 4955 3553 5026; x_wconf 87' lang='lat' dir='ltr'><strong>procul</strong></span> <span class='ocrx_word' id='word_1_754' title='bbox 3576 4953 3741 5011; x_wconf 87' lang='lat' dir='ltr'><strong>dubio</strong></span> <span class='ocrx_word' id='word_1_755' title='bbox 3771 4968 3860 5009; x_wconf 83' lang='lat' dir='ltr'><strong>se-</strong></span> 
     </span>
    </p>
   </div>
   <div class='ocr_carea' id='block_1_106' title="bbox 2261 5046 3861 5121">
    <p class='ocr_par' dir='ltr' id='par_1_106' title="bbox 2261 5046 3861 5121">
     <span class='ocr_line' id='line_1_106' title="bbox 2261 5046 3861 5121; baseline -0.005 -11"><span class='ocrx_word' id='word_1_756' title='bbox 2261 5053 2374 5110; x_wconf 86' lang='lat' dir='ltr'><strong>dari</strong></span> <span class='ocrx_word' id='word_1_757' title='bbox 2403 5051 2616 5121; x_wconf 86' lang='lat' dir='ltr'><strong>(Euseb.</strong></span> <span class='ocrx_word' id='word_1_758' title='bbox 2643 5050 2770 5104; x_wconf 85' lang='lat' dir='ltr'><strong>ibid.</strong></span> <span class='ocrx_word' id='word_1_759' title='bbox 2799 5066 2915 5118; x_wconf 86' lang='lat' dir='ltr'><strong>cap.</strong></span> <span class='ocrx_word' id='word_1_760' title='bbox 2949 5047 2991 5102; x_wconf 93' lang='grc'><strong>1.</strong></span> <span class='ocrx_word' id='word_1_761' title='bbox 3018 5065 3135 5118; x_wconf 78' lang='lat' dir='ltr'><strong>pag.</strong></span> <span class='ocrx_word' id='word_1_762' title='bbox 3169 5046 3267 5104; x_wconf 74' lang='lat' dir='ltr'><strong>20l</strong></span> <span class='ocrx_word' id='word_1_763' title='bbox 3298 5047 3340 5120; x_wconf 88' lang='lat'><strong>).</strong></span> <span class='ocrx_word' id='word_1_764' title='bbox 3371 5047 3476 5104; x_wconf 89' lang='lat' dir='ltr'><strong>Sed</strong></span> <span class='ocrx_word' id='word_1_765' title='bbox 3515 5046 3660 5102; x_wconf 88' lang='lat' dir='ltr'><strong>nulla</strong></span> <span class='ocrx_word' id='word_1_766' title='bbox 3703 5060 3861 5117; x_wconf 83' lang='lat' dir='ltr'><strong>pror-</strong></span> 
     </span>
    </p>
   </div>
   <div class='ocr_carea' id='block_1_107' title="bbox 2262 5140 3858 5202">
    <p class='ocr_par' dir='ltr' id='par_1_107' title="bbox 2262 5140 3858 5202">
     <span class='ocr_line' id='line_1_107' title="bbox 2262 5140 3858 5202; baseline -0.004 -1"><span class='ocrx_word' id='word_1_767' title='bbox 2262 5160 2355 5202; x_wconf 87' lang='lat' dir='ltr'><strong>sus</strong></span> <span class='ocrx_word' id='word_1_768' title='bbox 2381 5144 2493 5199; x_wconf 88' lang='lat' dir='ltr'><strong>sole</strong></span> <span class='ocrx_word' id='word_1_769' title='bbox 2514 5143 2675 5198; x_wconf 87' lang='lat' dir='ltr'><strong>etiam</strong></span> <span class='ocrx_word' id='word_1_770' title='bbox 2713 5140 3008 5196; x_wconf 89' lang='lat' dir='ltr'><strong>meridiano</strong></span> <span class='ocrx_word' id='word_1_771' title='bbox 3031 5140 3261 5196; x_wconf 89' lang='lat' dir='ltr'><strong>clariora</strong></span> <span class='ocrx_word' id='word_1_772' title='bbox 3292 5141 3560 5197; x_wconf 89' lang='lat' dir='ltr'><strong>rationum</strong></span> <span class='ocrx_word' id='word_1_773' title='bbox 3585 5149 3858 5194; x_wconf 86' lang='lat' dir='ltr'><strong>momenta</strong></span> 
     </span>
    </p>
   </div>
   <div class='ocr_carea' id='block_1_108' title="bbox 2264 5225 3859 5310">
    <p class='ocr_par' dir='ltr' id='par_1_108' title="bbox 2264 5225 3859 5310">
     <span class='ocr_line' id='line_1_108' title="bbox 2264 5225 3859 5310; baseline -0.004 -17"><span class='ocrx_word' id='word_1_774' title='bbox 2264 5247 2554 5310; x_wconf 91' lang='lat' dir='ltr'><strong>potuerunt</strong></span> <span class='ocrx_word' id='word_1_775' title='bbox 2595 5236 2744 5305; x_wconf 80' lang='lat' dir='ltr'><strong>illum</strong></span> <span class='ocrx_word' id='word_1_776' title='bbox 2780 5233 3150 5305; x_wconf 71' lang='lat' dir='ltr'><strong>restinguere,</strong></span> <span class='ocrx_word' id='word_1_777' title='bbox 3181 5249 3281 5290; x_wconf 84' lang='lat' dir='ltr'><strong>nec</strong></span> <span class='ocrx_word' id='word_1_778' title='bbox 3312 5225 3596 5303; x_wconf 81' lang='lat' dir='ltr'><strong>prohibere</strong></span> <span class='ocrx_word' id='word_1_779' title='bbox 3642 5232 3859 5303; x_wconf 91' lang='lat' dir='ltr'><strong>quomi-</strong></span> 
     </span>
    </p>
   </div>
   <div class='ocr_carea' id='block_1_109' title="bbox 2265 5323 3860 5399">
    <p class='ocr_par' dir='ltr' id='par_1_109' title="bbox 2265 5323 3860 5399">
     <span class='ocr_line' id='line_1_109' title="bbox 2265 5323 3860 5399; baseline -0.005 -12"><span class='ocrx_word' id='word_1_780' title='bbox 2265 5347 2366 5388; x_wconf 92' lang='lat' dir='ltr'><strong>nus</strong></span> <span class='ocrx_word' id='word_1_781' title='bbox 2418 5328 2765 5399; x_wconf 89' lang='lat' dir='ltr'><strong>iuiquissimis</strong></span> <span class='ocrx_word' id='word_1_782' title='bbox 2814 5327 3020 5398; x_wconf 88' lang='lat' dir='ltr'><strong>legibus</strong></span> <span class='ocrx_word' id='word_1_783' title='bbox 3059 5343 3090 5382; x_wconf 89' lang='lat' dir='ltr'><strong>a</strong></span> <span class='ocrx_word' id='word_1_784' title='bbox 3140 5327 3341 5383; x_wconf 90' lang='lat' dir='ltr'><strong>Severo</strong></span> <span class='ocrx_word' id='word_1_785' title='bbox 3381 5327 3503 5382; x_wconf 88' lang='lat' dir='ltr'><strong>latis</strong></span> <span class='ocrx_word' id='word_1_786' title='bbox 3566 5323 3860 5381; x_wconf 67' lang='lat' dir='ltr'><strong>Christiani</strong></span> 
     </span>
    </p>
   </div>
   <div class='ocr_carea' id='block_1_110' title="bbox 2267 5417 3859 5488">
    <p class='ocr_par' dir='ltr' id='par_1_110' title="bbox 2267 5417 3859 5488">
     <span class='ocr_line' id='line_1_110' title="bbox 2267 5417 3859 5488; baseline -0.004 -9"><span class='ocrx_word' id='word_1_787' title='bbox 2267 5427 2318 5480; x_wconf 90' lang='lat' dir='ltr'><strong>in</strong></span> <span class='ocrx_word' id='word_1_788' title='bbox 2355 5425 2532 5480; x_wconf 83' lang='lat' dir='ltr'><strong>Africa</strong></span> <span class='ocrx_word' id='word_1_789' title='bbox 2554 5419 3083 5477; x_wconf 73' lang='lat' dir='ltr'><strong>excarnificarentur.</strong></span> <span class='ocrx_word' id='word_1_790' title='bbox 3114 5422 3474 5488; x_wconf 83' lang='lat' dir='ltr'><strong>Quamobrem</strong></span> <span class='ocrx_word' id='word_1_791' title='bbox 3494 5417 3859 5475; x_wconf 84' lang='lat' dir='ltr'><strong>Tertulliantts</strong></span> 
     </span>
    </p>
   </div>
   <div class='ocr_carea' id='block_1_111' title="bbox 2267 5509 3863 5582">
    <p class='ocr_par' dir='ltr' id='par_1_111' title="bbox 2267 5509 3863 5582">
     <span class='ocr_line' id='line_1_111' title="bbox 2267 5509 3863 5582; baseline -0.004 -12"><span class='ocrx_word' id='word_1_792' title='bbox 2267 5515 2409 5570; x_wconf 90' lang='lat' dir='ltr'><strong>hunc</strong></span> <span class='ocrx_word' id='word_1_793' title='bbox 2438 5513 2612 5569; x_wconf 91' lang='lat' dir='ltr'><strong>adhuc</strong></span> <span class='ocrx_word' id='word_1_794' title='bbox 2640 5514 2932 5582; x_wconf 87' lang='lat' dir='ltr'><strong>supplicem</strong></span> <span class='ocrx_word' id='word_1_795' title='bbox 2967 5512 3202 5568; x_wconf 89' lang='lat' dir='ltr'><strong>libellum</strong></span> <span class='ocrx_word' id='word_1_796' title='bbox 3233 5512 3478 5582; x_wconf 70' lang='lat' dir='ltr'><strong>Scapulae</strong></span> <span class='ocrx_word' id='word_1_797' title='bbox 3502 5553 3515 5576; x_wconf 91' lang='lat'><strong>,</strong></span> <span class='ocrx_word' id='word_1_798' title='bbox 3541 5509 3684 5565; x_wconf 75' lang='lat' dir='ltr'><strong>illius</strong></span> <span class='ocrx_word' id='word_1_799' title='bbox 3726 5523 3863 5580; x_wconf 85' lang='lat' dir='ltr'><strong>pro-</strong></span> 
     </span>
    </p>
   </div>
   <div class='ocr_carea' id='block_1_112' title="bbox 2214 5600 3866 5678">
    <p class='ocr_par' dir='ltr' id='par_1_112' title="bbox 2214 5600 3866 5678">
     <span class='ocr_line' id='line_1_112' title="bbox 2214 5600 3866 5678; baseline -0.004 -14"><span class='ocrx_word' id='word_1_800' title='bbox 2214 5627 2230 5633; x_wconf 81' lang='grc'><strong><em>-</em></strong></span> <span class='ocrx_word' id='word_1_801' title='bbox 2263 5608 2454 5664; x_wconf 77' lang='lat' dir='ltr'><strong>vincia:</strong></span> <span class='ocrx_word' id='word_1_802' title='bbox 2496 5605 2834 5678; x_wconf 84' lang='lat' dir='ltr'><strong>proconsuli,</strong></span> <span class='ocrx_word' id='word_1_803' title='bbox 2880 5603 3112 5672; x_wconf 91' lang='lat' dir='ltr'><strong>obtulit,</strong></span> <span class='ocrx_word' id='word_1_804' title='bbox 3146 5620 3253 5675; x_wconf 92' lang='lat' dir='ltr'><strong>quo</strong></span> <span class='ocrx_word' id='word_1_805' title='bbox 3277 5619 3398 5659; x_wconf 92' lang='lat' dir='ltr'><strong>eum</strong></span> <span class='ocrx_word' id='word_1_806' title='bbox 3449 5615 3505 5660; x_wconf 88' lang='lat' dir='ltr'><strong>et</strong></span> <span class='ocrx_word' id='word_1_807' title='bbox 3541 5600 3866 5674; x_wconf 78' lang='lat' dir='ltr'><strong>gravissimo</strong></span> 
     </span>
    </p>
   </div>
   <div class='ocr_carea' id='block_1_113' title="bbox 2264 5692 3866 5772">
    <p class='ocr_par' dir='ltr' id='par_1_113' title="bbox 2264 5692 3866 5772">
     <span class='ocr_line' id='line_1_113' title="bbox 2264 5692 3866 5772; baseline -0.009 -16"><span class='ocrx_word' id='word_1_808' title='bbox 2264 5708 2699 5772; x_wconf 84' lang='lat' dir='ltr'><strong>argumentorum</strong></span> <span class='ocrx_word' id='word_1_809' title='bbox 2755 5696 3028 5770; x_wconf 88' lang='lat' dir='ltr'><strong>pondere,</strong></span> <span class='ocrx_word' id='word_1_810' title='bbox 3077 5706 3132 5753; x_wconf 90' lang='lat' dir='ltr'><strong>et</strong></span> <span class='ocrx_word' id='word_1_811' title='bbox 3174 5696 3485 5751; x_wconf 86' lang='lat' dir='ltr'><strong>domesticis</strong></span> <span class='ocrx_word' id='word_1_812' title='bbox 3531 5692 3866 5765; x_wconf 77' lang='lat' dir='ltr'><strong>illustribus-</strong></span> 
     </span>
    </p>
   </div>
   <div class='ocr_carea' id='block_1_114' title="bbox 2264 5788 3856 5868">
    <p class='ocr_par' dir='ltr' id='par_1_114' title="bbox 2264 5788 3856 5868">
     <span class='ocr_line' id='line_1_114' title="bbox 2264 5788 3856 5868; baseline -0.006 -16"><span class='ocrx_word' id='word_1_813' title='bbox 2264 5809 2370 5868; x_wconf 83' lang='lat' dir='ltr'><strong>que</strong></span> <span class='ocrx_word' id='word_1_814' title='bbox 2397 5793 2624 5853; x_wconf 89' lang='lat' dir='ltr'><strong>aliorum</strong></span> <span class='ocrx_word' id='word_1_815' title='bbox 2669 5790 2966 5864; x_wconf 66' lang='lat' dir='ltr'><strong>phaselum</strong></span> <span class='ocrx_word' id='word_1_816' title='bbox 2986 5830 3001 5860; x_wconf 85' lang='lat'><strong>,</strong></span> <span class='ocrx_word' id='word_1_817' title='bbox 3051 5799 3210 5862; x_wconf 86' lang='lat' dir='ltr'><strong>atque</strong></span> <span class='ocrx_word' id='word_1_818' title='bbox 3254 5789 3417 5846; x_wconf 83' lang='lat' dir='ltr'><strong>etiam</strong></span> <span class='ocrx_word' id='word_1_819' title='bbox 3463 5788 3856 5860; x_wconf 76' lang='lat' dir='ltr'><strong>imperatorum</strong></span> 
     </span>
    </p>
   </div>
  </div>
