4092 6352
324 316 430 374 777

1457 315 1908 376 DISSERTATIO
1951 313 2014 376 D.
2058 311 2147 374 LE
2182 313 2490 376 NOURRY.

3529 329 3634 388 778

325 432 587 506 exemplis
614 447 645 489 a
671 431 987 490 divexandis
1013 431 1435 506 torquendisque
1458 431 1776 490 Christianis
1802 431 2010 492 avo-'A
2034 433 2266 488 versiam
2297 450 2418 491 esse
2441 434 2654 492 videtur
2672 436 2855 510 plures
2875 447 3032 495 antea
3051 441 3168 496 neci
3187 441 3351 498 fuisse
3379 441 3627 502 traditos.

325 536 494 583 caret.

401 619 558 676 Plura
589 628 768 685 autem
793 618 882 676 hic
905 620 1042 678 liber
1063 619 1219 680 nobis
1247 621 1558 692 suppeditat
1587 629 1926 692 argumenta,

325 716 520 788 quibus
568 715 720 772 illum
765 725 888 788 post
936 725 1183 773 exortam
1243 718 1431 775 Severi
1488 707 1828 790 imperatoris
1874 717 1926 773 in

327 806 662 866 Christianos
728 793 1156 879 persecutionem
1223 810 1485 882 scriptum
1553 810 1722 866 fuisse
1797 809 1930 865 satis

328 910 516 972 aperte
535 901 839 957 coniicitur.
865 900 1239 970 Quorumdam
1267 905 1412 960 enim
1447 905 1518 961 ibi
1552 913 1928 976 proponuntur

329 996 572 1066 exempla
601 995 888 1066 pratsidum
909 1039 925 1064 ,
953 996 1045 1068 qui
1070 1012 1190 1052 cum
1215 1008 1311 1068 per
1340 997 1392 1053 id
1417 1007 1626 1069 tempus
1665 997 1927 1054 Christia-

332 1102 433 1143 nos
497 1087 661 1142 variis
707 1087 988 1159 suppliciis
1029 1089 1374 1157 affecissent,
1436 1091 1772 1148 crudelitatis
1818 1106 1930 1147 suae

332 1193 518 1250 poenas
533 1179 645 1262 jam
671 1179 954 1236 dederant.
978 1182 1061 1237 Ab
1085 1181 1362 1238 Hilariano
1385 1193 1566 1240 autem
1606 1184 1686 1240 sic
1711 1183 1929 1240 Tertul-

331 1273 506 1330 lianus
534 1273 745 1331 orditur
773 1293 788 1330 :
832 1275 942 1332 Sub
978 1274 1256 1332 Hilariano
1281 1279 1516 1349 praeside,
1547 1295 1665 1333 cum
1695 1279 1758 1334 de
1799 1280 1931 1334 areis

330 1370 711 1438 sepulturarum
737 1379 1030 1425 nostrarum
1056 1370 1424 1427 acclamassent
1453 1389 1470 1427 :
1493 1372 1640 1427 Area:
1665 1388 1768 1427 non
1801 1373 1927 1439 sint,

331 1479 467 1519 area:
518 1465 742 1536 ipsorum
795 1482 897 1520 non
951 1467 1187 1537 fuerunt;
1243 1482 1427 1522 messes
1486 1469 1618 1520 enim
1666 1482 1788 1520 suas
1829 1482 1932 1520 non

331 1567 542 1630 egerunt
591 1557 810 1628 (Tertul.
880 1557 967 1614 lib.
1016 1558 1087 1613 ad
1131 1558 1348 1630 Scapul.
1398 1576 1518 1632 cap.
1573 1547 1651 1632 3).
1681 1559 1757 1615 lbi
1795 1575 1928 1616 vero

319 1649 474 1706 'liaud
519 1666 734 1722 prorsus
782 1651 962 1723 inepta
1010 1652 1265 1709 antithesi
1330 1669 1504 1708 aream
1573 1653 1686 1710 sive
1755 1655 1930 1711 locum

261 1739 268 1742 ’
333 1757 591 1810 vacuum,
619 1753 712 1799 aut
741 1759 992 1815 campum
1021 1745 1258 1803 sterilem
1282 1787 1296 1812 ,
1331 1747 1384 1801 in
1414 1761 1520 1817 quo
1546 1746 1749 1802 mortui
1779 1762 1934 1818 sepe-

2032 522 2238 580 Sensus
2259 525 2440 597 itaque
2470 527 2783 585 Tertulliani
2809 539 2893 586 est
2923 530 3256 589 Christianos
3293 534 3442 605 prius
3471 553 3502 592 a
3532 537 3634 594 Sa-

2033 619 2286 686 turnino,
2323 635 2483 690 quam
2529 620 2804 678 Hilariano
2852 626 3188 681 excruciatos
3223 669 3240 694 ,
3289 643 3352 683 ac
3403 630 3630 699 proinde

2031 711 2180 768 illum
2203 711 2276 768 ibi
2297 713 2632 770 recensendo
2653 714 2847 773 Africae
2880 717 3164 788 praefectos
3202 719 3632 779 Christianorum

2034 805 2350 874 carnifices,
2383 822 2490 863 non
2521 808 2670 879 sequi
2702 819 3006 880 temporum
3036 812 3308 870 ordinem.

2102 898 2276 956 Minus
2299 900 2461 972 igitur
2501 911 2650 958 certa
2675 903 2887 960 videtur
2929 906 3143 963 illorum
3171 910 3510 984 opinio,'qui
3538 929 3629 970 ar-

2032 991 2213 1048 bitrati
2254 1003 2379 1048 sunt
2414 993 2660 1050 Cincium
2709 997 3004 1068 Severum,
3049 999 3408 1072 Vespronium
3440 1003 3638 1061 Candi-

2032 1085 2197 1153 dum,
2255 1087 2521 1157 Asperum
2569 1103 2633 1144 ac
2677 1089 2972 1146 Pudentem
3017 1092 3214 1149 ibidem
3241 1110 3270 1149 a
3299 1096 3637 1153 Tertulliano

2034 1189 2218 1234 nostro
2243 1188 2364 1250 post
2390 1179 2720 1243 Hilarianum
2751 1183 3175 1240 etSaturninum
3204 1187 3394 1244 eodem
3440 1188 3632 1246 ordine

2033 1271 2321 1342 appellari,
2375 1288 2484 1344 quo
2530 1276 2898 1346 unusquisque
2954 1277 3242 1346 proconsul
3295 1279 3491 1336 Africa”:
3531 1282 3631 1338 fuit

2034 1363 2363 1438 (Tertullian.
2421 1365 2508 1422 lib.
2560 1368 2630 1422 ad
2672 1367 2886 1440 Scapul.
2932 1386 3046 1440 cap.
3089 1371 3171 1442 4).
3205 1371 3336 1427 Nam
3379 1372 3480 1429 hos
3507 1374 3630 1430 ideo

2035 1467 2442 1528 commemorat,
2457 1459 2580 1531 quia
2593 1468 2740 1516 tanto
2763 1461 2944 1518 mitius
2966 1463 3018 1517 in
3035 1460 3370 1520 Christianos
3385 1476 3633 1536 egerunt,

2035 1560 2236 1622 quanto
2284 1551 2360 1606 illi
2390 1552 2682 1609 crudelius.
2705 1552 2816 1608 Cur
2835 1563 3014 1610 autem
3043 1567 3342 1626 temporum
3383 1557 3630 1614 ordinem

2036 1659 2281 1701 servasse
2310 1645 2517 1702 dicetur
2544 1645 2643 1702 hos
2673 1647 2869 1718 potius,
2899 1663 3059 1719 quam
3088 1649 3212 1705 illos
3268 1651 3638 1706 nominando?

2040 1739 2118 1795 Ad
2149 1741 2264 1795 haec
2302 1757 2462 1808 vero,
2485 1741 2764 1797 dubitandi
2799 1741 2948 1798 locus
2998 1751 3084 1798 est
3126 1754 3303 1799 utrum
3334 1743 3390 1799 bi
3428 1743 3636 1804 Africa:

335 1833 639 1901 licbatttur,
669 1837 1054 1906 opponitarea:
1081 1877 1096 1903 ,
1125 1837 1178 1892 in
1209 1853 1315 1909 qua
1367 1837 1547 1909 fruges
1595 1846 1842 1895 teruntur
1881 1849 1936 1896 et
1964 1828 2011 1888 B
2041 1831 2238 1888 fuerint
2284 1833 2582 1906 praesides;
2638 1835 2838 1892 etenim
2890 1835 3161 1892 l-lilariano
3208 1847 3264 1893 et
3300 1837 3627 1905 Saturnino,

257 1997 262 2002 _
336 1927 699 1983 excutiuntur.
733 1926 883 1982 Dixit
913 1927 1090 2000 itaque
1117 1944 1225 2000 quo
1250 1939 1496 1999 tempore
1516 1929 1696 1986 acrius
1734 1931 1936 1987 ethnici

335 2018 626 2075 smviebant
651 2018 707 2075 in
742 2019 1083 2076 Christianos
1125 2021 1604 2093 acclamabantqne
1637 2021 1936 2094 negantiam

338 2109 408 2165 ad
431 2111 552 2167 illos
571 2110 911 2182 sepeliendos
936 2127 1116 2166 aream
1139 2153 1154 2180 ,
1196 2122 1308 2167 tum
1352 2111 1544 2168 iisdem
1584 2111 1814 2168 ethnicis
1838 2114 1938 2170 de-

336 2204 502 2261 fuisse
530 2219 734 2262 messes
772 2213 828 2261 et
875 2203 1144 2261 frumenta
1167 2248 1181 2273 ,
1229 2220 1351 2276 quae
1381 2205 1493 2260 suis
1523 2205 1576 2260 in
1620 2206 1764 2262 areis
1796 2214 1938 2262 terc-

336 2305 474 2354 rent.
506 2296 687 2354 Palam
728 2308 910 2355 autem
958 2298 1153 2354 asserit
1198 2297 1338 2352 hanc
1383 2297 1722 2353 sterilitatem
1765 2298 1940 2353 conti—

337 2390 514 2462 gisse,
537 2406 658 2448 cum
686 2390 993 2447 Hilarianus
1024 2389 1220 2447 Africa:
1247 2405 1450 2463 praises
1500 2400 1640 2446 erat.
1685 2390 1845 2461 Atqui
1872 2406 1938 2447 ex

337 2483 487 2540 Aetis
510 2490 817 2540 sanctarum
847 2473 1146 2555 martyrum
1179 2483 1461 2554 Perpetua:
1487 2492 1542 2538 et
1593 2481 1893 2538 Felicitatis
1917 2524 1933 2548 ,

337 2593 457 2648 qua:
489 2587 741 2649 tanquam
773 2588 984 2649 verset
1004 2577 1290 2648 genuina'a
1317 2576 1558 2647 pluribus
1579 2617 1594 2641 ,
1632 2590 1696 2631 ac
1723 2575 1937 2632 tandem

337 2683 368 2724 a
409 2669 650 2725 Bollandi
675 2669 857 2736 sociis,
886 2677 942 2726 et
968 2678 1153 2724 nostro
1178 2668 1517 2725 Theodorico
1559 2668 1820 2724 Ruinarto
1853 2679 1938 2740 ty-

340 2762 420 2834 pis
442 2763 582 2819 edita
620 2773 778 2830 sunt,
823 2761 1081 2818 discimus
1125 2761 1223 2817 ltas
1269 2761 1643 2817 sanctissimas
1675 2770 1939 2834 martyres

337 2856 525 2913 bestiis
584 2855 856 2928 expositas
885 2855 1049 2912 fuisse
1070 2857 1221 2927 jussu
1250 2855 1502 2911 Hilariani
1527 2855 1889 2927 procuratoris
1920 2872 1935 2910 :

340 2950 439 3017 Qui
465 2959 584 3003 tunc
606 2991 620 3015 ,
645 2949 787 3004 sicut
832 2948 903 3004 ibi
933 2949 1134 3021 legitur
1156 2991 1171 3012 ,
1205 2950 1318 3004 loco
1365 2947 1706 3004 Proconsulis
1730 2947 1940 3002 Minutii

340 3041 598 3098 Firmiani
641 3041 868 3112 defuncti
911 3043 1003 3114 jus
1047 3042 1211 3115 gladii
1244 3053 1512 3114 acceperat
1566 3042 1836 3114 (Bollantl.
1879 3043 1933 3097 7.

337 3135 557 3208 Μαι-ίῳ.
583 3153 704 3208 pag.
729 3135 854 3193 633.
886 3146 932 3192 et
961 3154 1098 3209 seqq.
1145 3137 1388 3192 Ruinart.
1413 3136 1528 3190 Act.
1564 3135 1790 3207 Martyr.
1817 3151 1935 3204 cap.

2041 1925 2325 1982 dirissimis
2355 1927 2778 1984 Christianorum
2831 1929 3152 2000 tortoribus,
3181 1930 3457 2002 subiunxit
3481 1930 3641 1986 Clau-

2040 2015 2187 2072 dium
2215 2018 2618 2075 lierminianum
2646 2020 2995 2092 Cappadociae
3046 2021 3373 2092 praefectum.
3403 2022 3460 2079 Si
3504 2027 3626 2094 quis

2043 2117 2220 2164 tamen
2237 2110 2304 2165 ab
2320 2121 2538 2167 auctore
2561 2121 2748 2168 nostro
2772 2127 2955 2168 veram
2983 2111 3196 2168 illorum
3225 2114 3278 2168 in
3296 2113 3492 2169 Africa:
3515 2129 3632 2185 pro-

2041 2202 2353 2259 consulatus
2372 2205 2769 2261 successionem
2793 2204 3034 2261 exhiberi
3059 2206 3380 2277 probaverit,
3412 2207 3461 2264 ei
3487 2207 3632 2264 haud

2042 2292 2192 2349 inviti
2221 2295 2604 2352 assentiemur.

2113 2387 2376 2444 Cmterum
2398 2389 2488 2445 ille
2506 2390 2624 2446 lucc
2642 2389 3050 2449 clementiorum
3074 2395 3360 2466 praesulum
3380 2397 3629 2468 exempla

2041 2491 2167 2537 ante
2195 2481 2438 2554 Scapulze
2479 2484 2666 2540 oculos
2691 2501 2798 2541 non
2838 2487 2994 2542 aliam
3023 2487 3094 2543 ob
3139 2504 3354 2544 causam
3401 2492 3623 2562 posuit,

2042 2576 2145 2632 nisi
2175 2577 2298 2648 quia
2325 2577 2522 2635 Africae
2553 2581 2807 2650 prmsides
2835 2593 2958 2652 post
2989 2583 3138 2656 leges
3180 2585 3439 2642 adversus
3456 2585 3643 2642 Chris-

2042 2668 2217 2724 tianos
2286 2685 2317 2725 a
2381 2669 2582 2727 Severo
2648 2672 2973 2744 imperatore
3078 2676 3311 2732 sancitas
3385 2677 3437 2733 in
3507 2677 3632 2734 illos

2042 2762 2286 2818 acerbius
2329 2761 2577 2820 furebant
2629 2775 2684 2822 et
2727 2766 3128 2823 bacchabantur
3173 2767 3337 2840 (Ibid.
3387 2786 3503 2842 cap.
3537 2771 3631 2840 5).

2042 2853 2246 2912 Przeter
2278 2856 2524 2926 praefatos
2579 2857 2845 2928 siquidem
2887 2854 3252 2916 Saturninum
3279 2870 3336 2918 et
3387 2862 3617 2918 Hilaria-

2042 2962 2169 3004 num
2191 2991 2206 3016 ,
2238 2948 2465 3018 ipsemet
2508 2949 2736 3021 Scapula
2757 2991 2773 3019 ,
2803 2952 2941 3007 sicut
2995 2962 3184 3010 auctor
3213 2964 3396 3012 noster
3434 2955 3633 3012 ibidem

2042 3041 2390 3106 testificatur,
2433 3059 2539 3098 non
2585 3043 2747 3100 modo
2796 3043 3197 3101 Adrumeticum
3241 3047 3510 3103 Mavillum
3564 3051 3633 3105 ad

2043 3133 2241 3191 bestias
2266 3135 2615 3194 damnaverat
2639 3155 2655 3206 ;
2684 3137 2780 3194 sed
2809 3138 3168 3196 Alrica‘etiam
3199 3141 3491 3198 christiana
3514 3142 3632 3216 ipso

333 3231 423 3287 85.
454 3240 500 3285 et
528 3232 716 3302 seqq.).
747 3230 972 3298 Quidam
997 3240 1176 3287 autem
1205 3238 1402 3301 putant
1427 3244 1520 3285 eas
1551 3228 1814 3301 martyrio
1842 3243 1937 3283 co-
1963 3225 2009 3288 C
2043 3243 2148 3284 non
2175 3227 2496 3297 cohibente,
2541 3240 2635 3286 aut
2656 3231 2879 3301 jubente
2903 3273 2918 3300 ,
2971 3232 3191 3288 obnoxia
3211 3275 3226 3301 ,
3261 3235 3464 3305 inquit,
3497 3237 3636 3307 facta

333 3330 550 3379 ronatas
575 3337 717 3376 anno
743 3322 884 3391 202;
911 3323 1021 3389 alii,
1049 3321 1180 3389 203;
1208 3323 1317 3392 alii,
1364 3322 1494 3390 205,
1543 3333 1664 3393 post
1691 3337 1936 3376 cummo-

337 3426 442 3471 tam
472 3414 652 3487 procul
674 3414 839 3472 dubio
855 3432 884 3470 a
910 3414 1113 3472 Severo
1138 3416 1464 3485 imperatore
1484 3415 1934 3486 persecutionem.

334 3509 411 3565 De
441 3511 704 3580 Perpetua
736 3524 897 3581 porro
919 3507 1037 3564 haec
1064 3509 1178 3580 ipse
1206 3507 1574 3564 Tertullianus
1618 3507 1724 3561 alio
1774 3507 1826 3561 in
1871 3507 1936 3562 li-

332 3601 432 3657 bro
461 3603 734 3658 memoria:
761 3603 1064 3662 mandavit:
1092 3601 1372 3672 Perpetua,
1410 3601 1689 3674 fortissima
1719 3610 1932 3674 martyr,

333 3694 425 3748 sub
475 3695 556 3750 die
609 3696 859 3768 passionis
909 3696 962 3750 in
1008 3697 1310 3750 reuelatione
1367 3695 1594 3766 paradisi
1640 3694 1779 3761 solos
1827 3693 1936 3747 illic

334 3779 866 3863 commartyres'vidit
919 3788 1103 3862 (Tert.
1145 3791 1233 3844 lib.
1289 3790 1352 3844 de
1397 3789 1571 3843 Anim.
1630 3804 1748 3857 cup.
1818 3787 1948 3857 55)..

338 3884 602 3940 Discimus
625 3900 840 3956 quoque
864 3883 933 3938 ab
962 3884 1259 3954 Augustino
1279 3923 1294 3948 ,
1318 3882 1408 3953 qui
1439 3881 1582 3937 illius
1606 3891 1661 3936 et
1691 3879 1939 3936 Felicita-

338 3977 406 4032 tis
433 3977 627 4046 saepius
677 3978 1009 4032 mentionem
1059 3973 1218 4040 facit,
1248 3975 1526 4044 utriusque
1571 3972 1766 4028 festum
1797 3972 1938 4028 diem

337 4068 626 4139 quotannis
655 4069 708 4124 in
743 4068 921 4124 Africa
963 4068 1314 4125 celebratum.
1360 4065 1549 4122 Nonne
1581 4076 1762 4122 autem
1817 4064 1941 4120 inde

337 4163 468 4217 satis
489 4162 690 4234 liquido
718 4162 1001 4219 conficitur
1034 4163 1129 4218 ltas
1159 4163 1211 4217 in
1251 4160 1430 4216 Africa
1464 4161 1696 4232 palmam
1752 4160 1942 4215 tulisse

346 4258 624 4330 martyrii,
654 4273 774 4314 cum
805 4258 875 4314 ibi
909 4257 1212 4313 llilarianus
1239 4257 1575 4328 proconsulis
1604 4256 1784 4311 officio
1820 4254 1941 4312 fun-

335 4363 552 4424 geretur
611 4351 899 4424 (Augustin.
936 4369 1086 4406 serm.
1115 4351 1222 4408 280
1263 4361 1310 4405 et
1351 4368 1487 4423 seqq.
1543 4368 1661 4423 pag.
1714 4350 1854 4406 1154
1897 4358 1943 4403 et

337 4442 523 4516 seqq).

417 4538 610 4592 Postea
649 4536 1018 4592 Tertullianus
1049 4555 1062 4592 :
1102 4535 1318 4608 Vigilius
1341 4536 1656 4592 Saturninus
1677 4577 1691 4601 ,
1734 4535 1940 4605 inquit,

2038 3330 2112 3376 est
2160 3311 2607 3392 concussionibus,
2657 3335 2703 3379 et
2764 3326 2982 3379 militum
3033 3327 3357 3382 inimicorum
3428 3345 3639 3385 suorum

2039 3415 2284 3485 cuiusque
2341 3413 2526 3486 (Ibid.
2576 3433 2690 3484 cap.
2740 3418 2844 3487 4)..
2887 3416 3141 3485 Quamvis
3186 3429 3364 3474 autem
3407 3419 3638 3476 delinire

2041 3521 2147 3562 non
2219 3507 2527 3577 possimus,
2599 3524 2707 3580 quo
2786 3508 2991 3580 prwfati
3072 3511 3422 3580 proconsules
3501 3527 3646 3568 anno

2039 3599 2273 3656 Africam
2304 3602 2574 3668 rexerint;
2605 3619 2673 3658 ex
2701 3601 2962 3665 hactenus
2991 3613 3168 3660 tamen
3200 3605 3485 3675 disputatis
3516 3607 3639 3662 col-

2042 3693 2132 3765 ligi
2165 3703 2340 3764 potest
2368 3693 2510 3748 hunc
2533 3693 2601 3750 ad
2627 3691 2910 3766 Scapulam
2938 3696 3132 3752 librum
3184 3698 3386 3754 editum
3418 3698 3583 3756 fuisse
3607 3717 3639 3756 a

2040 3782 2375 3841 Tertulliano
2403 3793 2523 3853 post
2549 3796 2872 3842 commotam
2896 3803 2926 3841 a
2954 3789 3160 3844 Severo
3184 3789 3514 3861 imperatore
3541 3793 3642 3849 ad-

2044 3892 2230 3933 versus
2257 3876 2592 3935 Christianos
2621 3881 3071 3950 persecutionem.

2115 3969 2497 4042 lnquirendum
2553 3973 2715 4044 igitur
2759 3985 3006 4045 superest
3058 3985 3235 4032 utrum
3281 3978 3464 4035 statim
3522 3991 3646 4052 post

2045 4065 2334 4120 excitatum
2381 4075 2472 4120 aut
2523 4066 2847 4122 exstinctum
2903 4068 3044 4125 illius
3102 4069 3409 4126 incendium
3463 4072 3642 4129 editus

2046 4157 2227 4213 fuerit.
2252 4159 2479 4226 Quidam
2509 4170 2689 4216 autem
2717 4162 3008 4232 opinantur
3027 4164 3180 4222 illum
3210 4167 3260 4220 in
3295 4167 3486 4238 vulgus
3511 4185 3638 4239 pro-

2046 4251 2211 4308 diissc
2241 4260 2584 4321 postannum
2629 4253 2738 4310 210
2782 4265 2835 4310 ct
2883 4255 3067 4316 Severi
3102 4259 3446 4327 imperatoris
3496 4275 3644 4316 mor-

2048 4353 2178 4400 tem.
2210 4344 2569 4401 Tertullianus
2607 4347 2805 4403 etenim
2839 4350 2911 4404 ibi
2951 4350 3018 4404 de
3045 4351 3273 4420 quatiant
3302 4396 3316 4418 ,
3351 4353 3596 4425 inquiunt
3624 4397 3638 4421 ,

2047 4437 2178 4492 solis
2205 4437 2388 4508 cclipsi
2424 4438 2564 4494 hunc
2591 4440 2830 4509 loquitur
2857 4441 2908 4495 in
2939 4440 3155 4497 modum
3182 4459 3196 4501 :
3230 4443 3325 4498 Sol
3349 4445 3403 4497 in
3425 4460 3645 4498 conven-

2050 4541 2104 4585 tu
2151 4530 2396 4596 Uticensi,
2426 4533 2673 4587 exstincto
2723 4550 2848 4604 pene
2894 4535 3119 4601 lumine,
3175 4538 3300 4590 adeo
3350 4547 3638 4606 portentum

336 4631 424 4702 qui
460 4632 652 4702 primus
702 4631 782 4685 hic
831 4630 1058 4703 gladium
1107 4632 1158 4684 in
1211 4647 1301 4683 nos
1353 4631 1485 4702 egit,
1533 4631 1725 4684 lumina
1773 4619 2020 4684 antisitD
2047 4627 2177 4696 fuit,
2208 4637 2260 4679 ut
2290 4644 2390 4680 non
2419 4631 2638 4696 potuerit
2685 4646 2750 4683 ea:
2793 4631 3054 4686 ordinario
3081 4633 3302 4702 deliquio
3357 4633 3451 4686 hoc
3491 4635 3597 4701 pati
3627 4676 3642 4701 ,

338 4721 602 4794 (Tertull.
660 4723 749 4777 lib.
821 4724 888 4776 ad
943 4723 1158 4794 Scapul.
1227 4739 1340 4793 cap.
1397 4723 1479 4792 5).
1536 4723 1606 4776 At
1653 4721 1794 4776 hunc
1820 4737 1941 4778 esse

337 4818 648 4873 existimant
698 4816 892 4871 Africa:
942 4815 1350 4886 proconsulem,
1383 4815 1474 4885 qui
1515 4831 1655 4869 anno
1697 4813 1826 4879 200,
1860 4814 1940 4869 vel

339 4912 477 4968 sicut
505 4913 623 4968 aliis
656 4913 854 4984 placet,
881 4911 992 4967 205
1019 4909 1342 4980 Carthagine
1369 4908 1651 4979 Speratum
1697 4907 1942 4977 aliosque

340 5003 647 5060 Scillitanos
675 5015 940 5075 martyres
969 5003 1142 5074 capite
1170 5001 1464 5057 damnavit.
1496 4999 1626 5054 Nam
1656 4999 1771 5055 haec
1801 4998 1943 5054 litte-

342 5096 416 5152 ris
447 5097 763 5169 consiguata
786 5097 1014 5169 legimus
1043 5097 1094 5152 in
1122 5111 1308 5152 eorum
1341 5094 1581 5166 martyrii
1608 5095 1770 5161 actis,
1820 5109 1940 5164 qua:

341 5197 595 5260 tanquam
618 5205 742 5245 vera
765 5199 818 5245 et
838 5189 1050 5245 sincera
1075 5205 1105 5244 a
1152 5188 1381 5244 Baronio
1416 5187 1646 5259 primum
1671 5229 1685 5254 ,
1707 5202 1770 5241 ac
1817 5203 1944 5242 nos-

343 5293 429 5339 tro
476 5281 669 5338 deinde
714 5283 978 5338 lluinarto
1022 5294 1175 5338 aucta
1217 5292 1272 5338 et
1313 5281 1633 5345 emendata,
1672 5280 1942 5353 publicam

338 5378 534 5434 emissa
560 5384 684 5432 sunt
712 5375 765 5432 in
788 5375 962 5432 lucem
985 5374 1142 5446 (Bar.
1173 5376 1241 5429 ad
1265 5391 1390 5431 ann.
1415 5373 1604 5430 Christ.
1625 5373 1753 5438 202,
1791 5372 1870 5446 §2
1898 5384 1946 5429 et

337 5488 473 5543 seqq.
507 5468 744 5525 liuiuart.
778 5471 892 5524 Act.
919 5466 1079 5525 Mart.
1109 5487 1162 5540 p.
1189 5469 1257 5524 ’Π
1297 5478 1341 5523 et
1367 5471 1551 5540 seqq.).
1586 5468 1738 5536 Quod
1766 5478 1944 5522 autem

340 5563 694 5620 Tertullianus
725 5563 1000 5634 subiunxit
1037 5561 1383 5618 Saturninum
1411 5563 1638 5634 primum
1672 5562 1722 5616 in
1765 5560 1944 5616 Africa

340 5658 568 5729 gladium
591 5659 642 5713 in
664 5656 1000 5712 Christianos
1027 5655 1214 5726 egisse,
1257 5654 1326 5709 ibi
1358 5655 1538 5724 procul
1570 5653 1732 5709 dubio
1762 5654 1946 5708 subin-

343 5751 710 5822 telligendum,
731 5761 915 5822 postea
936 5764 1093 5820 quam
1121 5747 1348 5803 excitata
1373 5746 1556 5802 fuisset
1575 5761 1604 5800 a
1624 5746 1824 5802 Severo
1847 5748 1947 5801 itii-

342 5852 591 5916 pcraturc
618 5845 949 5919 persecutio.
974 5842 1199 5896 Omnem
1230 5839 1506 5897 enimvero
1548 5848 1701 5898 extra
1722 5848 1947 5897 contro-

709 5942 1144 6006 Tenruuasm
1188 5939 1242 6010 1.

2047 4722 2239 4792 positus
2268 4722 2322 4775 in
2359 4737 2450 4776 suo
2493 4723 2791 4792 ltgpsomate
2833 4733 2881 4778 et
2935 4724 3193 4780 domicilio
3223 4724 3386 4798 (Ibid.
3416 4742 3530 4796 cap.
3557 4727 3634 4798 3).

2046 4813 2117 4867 At
2170 4810 2314 4878 ha:c,
2369 4813 2521 4868 aiunt
2566 4813 2672 4882 illi,
2725 4815 2945 4886 eclipsis
2997 4816 3192 4872 accidit
3247 4832 3390 4871 anno
3438 4817 3642 4874 Christi

2043 4904 2186 4971 210,
2233 4906 2514 4962 undecima
2565 4908 2752 4980 aprilis
2821 4908 2941 4973 die,
2997 4911 3234 4979 horaque
3304 4910 3414 4978 ipsa
3475 4911 3641 4965 meri-

2044 4996 2223 5054 diana.
2277 4997 2383 5054 Sed
2437 4999 2556 5055 aliis
2622 4999 2841 5054 omnino
2898 4999 3147 5075 vacillare
3196 4999 3411 5054 videtur
3468 5011 3638 5056 totum

2044 5090 2204 5162 hujus
2248 5091 2518 5164 Opinioms
2574 5092 3004 5146 fundamentum.
3035 5091 3257 5146 Solitam
3300 5091 3503 5163 quippe
3557 5094 3632 5148 illi

2049 5192 2238 5240 notant
2279 5185 2411 5240 solis
2461 5183 3128 5256 eclipsim;,Tertullianus
3161 5198 3290 5238 vero
3320 5184 3478 5239 aliam
3524 5201 3645 5239 om-

2050 5279 2179 5334 nino
2222 5277 2748 5343 extraordinariam,
2805 5294 2961 5348 qum,
3015 5278 3169 5333 sicuti
3217 5279 3326 5344 ait,
3359 5288 3645 5349 portentum

2051 5373 2245 5432 fuerat.
2277 5374 2412 5431 Tum
2460 5391 2693 5446 namque
2745 5375 2846 5439 sol,
2889 5375 3080 5445 inquit,
3111 5384 3227 5430 erat
3249 5376 3299 5430 in
3323 5391 3423 5431 suo
3453 5377 3644 5448 hypse—

2052 5480 2216 5536 mate,
2277 5469 2329 5524 id
2385 5479 2498 5533 est,
2555 5467 3215 5535 summitate,altitndine
3253 5480 3308 5525 et
3332 5469 3634 5526 cacumine.

2053 5565 2165 5621 lloc
2237 5564 2379 5618 enim
2455 5563 2720 5634 signiticat
2816 5563 3036 5618 verbum
3145 5578 3374 5634 grarcum
3456 5570 3646 5633 ὕψωμα.

2049 5649 2203 5706 Nulla
2255 5658 2432 5704 autem
2481 5648 2639 5717 illius.
2669 5647 2737 5701 ibi
2801 5648 2958 5718 positi
3006 5647 3122 5703 fieri
3172 5659 3349 5720 potest
3393 5648 3642 5719 eclipsis,

2049 5758 2208 5815 quam
2256 5752 2379 5797 tunc
2433 5750 2637 5795 tantum
2677 5741 2915 5812 patitur,
2957 5757 3079 5796 cum
3117 5741 3308 5796 transit
3346 5740 3488 5796 circa
3547 5756 3648 5796 no-

2048 5836 2179 5905 dos,
2222 5835 2313 5910 qui
2357 5834 2413 5891 in
2457 5834 2718 5893 Draconis
2762 5835 2938 5906 capite
2993 5843 3048 5890 et
3101 5833 3275 5890 cauda
3322 5845 3638 5892 occurrunt.

2729 5930 3206 6015 (Vingt-cinq.)
