4092 6352
549 368 658 429 785

1624 362 1693 418 IN
1731 356 2195 431 TERTULLIANI
2226 354 2759 417 APOLOGETICUM

3744 363 3857 420 ’184

545 496 684 553 erat,
715 498 817 541 non
870 482 1045 540 solum
1108 479 1346 548 nomine,
1392 477 1487 536 sed
1558 478 1689 548 ipsis
1754 476 1916 533 etiam
1985 473 2149 532 rebus
2175 473 2337 535 Asui
2375 473 2552 531 locum
2593 475 2892 548 Cyprianus
2935 477 3240 549 decerpsit,
3289 492 3353 537 ac
3393 479 3638 553 quaedam
3686 479 3883 536 etiam-

547 575 925 646 discrepantia.
983 572 1168 631 Primo
1218 571 1363 629 enim
1394 612 1411 640 ,
1464 571 1607 627 sicut
1653 584 1816 626 nemo
1869 566 2144 624 nesciebat

547 680 745 742 quanta
772 670 930 726 luerit
956 668 1264 725 Judmorum
1295 666 1588 738 antiquitas
1619 708 1635 735 ,
1666 664 1738 720 ita
1779 663 1961 720 nullus
1989 662 2143 733 plane

541 762 827 833 ignorabat
869 759 1140 817 Christum
1191 744 1312 817 esse
1354 758 1671 825 hominem,
1718 772 1880 828 quem
1928 755 2144 827 ipsimet

540 856 713 915 Judaei
742 873 847 912 non
872 872 901 910 a
923 856 1104 928 longo,
1132 854 1208 911 uti
1235 870 1357 910 mox
1383 852 1879 919 animadvertimus,
1901 860 2142 919 tempore

536 950 942 1022 iudicaverunt,
970 961 1033 1004 ac
1070 950 1246 1004 crucis
1291 946 1591 1003 aITecerunt
1616 945 1904 1016 supplicio.
1939 943 2141 1000 Deinde

537 1044 618 1100 illi
658 1045 799 1100 inter
834 1058 895 1100 se
922 1041 1254 1099 dissidebant
1279 1041 1440 1096 victus
1475 1038 1875 1110 exceptionibus,
1907 1036 2008 1092 hoc
2056 1046 2141 1092 est

536 1137 855 1209 quibusdam
877 1135 1119 1192 ciborum
1146 1135 1452 1205 generibus,
1475 1132 1667 1203 quibus
1695 1130 1746 1185 hi
1775 1128 2136 1196 abstinebant,

535 1231 615 1286 illi
633 1246 762 1287 vero
790 1230 1090 1285 utebantur.
1115 1228 1320 1294 Tertio,
1338 1241 1523 1283 secum
1551 1222 1924 1295 discrepahant
1953 1224 2139 1277 solent-

534 1324 779 1384 nitatibus
819 1324 1017 1379 dierum
1041 1365 1056 1390 ,
1084 1339 1205 1395 qua:
1244 1321 1385 1394 apud
1434 1330 1690 1390 utrosque
1717 1327 1872 1374 erant
1915 1330 2136 1389 prorsus

535 1417 782 1474 diversae.
826 1417 1066 1488 Denique
1099 1415 1415 1472 diﬂ'erebant
1452 1416 1564 1486 ipso
1601 1411 1885 1484 signaculo,
1912 1410 2049 1475 sive,
2079 1419 2137 1465 ut

534 1513 615 1568 ait
646 1510 1080 1568 Minutius'Felis
1108 1555 1123 1578 ,
1149 1511 1388 1565 notaculo
1424 1508 1653 1578 corporis
1672 1548 1686 1573 ,
1717 1506 1860 1576 quod
1898 1504 1966 1560 ah
1992 1505 2135 1572 Apo-

532 1605 694 1672 stolo,
740 1605 942 1677 signum
991 1602 1387 1658 circumcisiouis
1410 1643 1423 1664 ,
1474 1610 1520 1654 et
1567 1598 1886 1671 signaculum
1921 1595 2135 1667 justitia:

531 1697 654 1768 ﬁdei
695 1698 748 1752 in
788 1697 1037 1770 prteputio
1074 1704 1296 1751 vocatur
1344 1693 1558 1763 (Minut.
1592 1690 1779 1757 Felix,
1824 1705 1944 1760 pag.
2004 1685 2128 1742 576.

528 1791 693 1847 Paul.
722 1791 891 1864 Epist.
926 1791 996 1845 ad
1027 1791 1178 1846 Rom.
1213 1788 1301 1844 IV.
1334 1803 1453 1853 cap.
1475 1787 1556 1856 4).
1611 1784 1771 1855 Atqui
1808 1784 1924 1838 lucc
1949 1781 2130 1837 omnia

2246 567 2475 638 ipsumet
2499 568 2618 638 ejus
2646 569 2809 625 verba
2850 571 3053 628 huncce
3083 573 3135 627 in
3167 571 3692 649 modum'mutuatus
3720 582 3801 629 est
3829 591 3845 630 :

2244 658 2442 715 Judwis
2479 661 2695 731 primum
2732 671 2839 717 erat
2877 664 3017 735 apud
3041 662 3207 719 Deum
3237 666 3423 735 gratia.
3455 665 3545 720 Sic
3574 665 3696 720 olim
3715 665 3847 736 justi

2245 762 2389 807 erant
2408 795 2423 821 ,
2454 753 2527 807 sic
2552 761 2772 824 majores
2807 772 2985 810 eorum
3008 756 3335 830 religionibus
3368 756 3686 811 obediebant.
3718 755 3849 812 Inde

2243 844 2350 899 illis
2383 854 2435 900 et
2470 847 2612 918 regni
2644 847 2929 903 sublimitas
2971 850 3148 921 ﬂoruit
3172 892 3189 917 ,
3218 859 3264 904 et
3307 851 3502 921 generis
3550 850 3847 923 magnitudo

2244 941 2492 1010 provenit.
2522 941 2630 998 Sed
2658 941 2735 996 illi
2764 941 3073 1015 negligentes
3093 985 3107 1008 ,
3124 942 3509 1022 jndisciplinati
3533 985 3548 1010 ,
3576 953 3622 998 et
3645 943 3849 1015 superbi

2243 1033 2563 1103 postmodum
2584 1035 2741 1106 facti,
2765 1044 2812 1090 et
2836 1035 3030 1106 ﬁducia
3059 1045 3264 1107 patrum
3288 1033 3457 1107 in‘ﬂati
3480 1078 3495 1105 ,
3519 1035 3641 1090 dum
3672 1035 3845 1090 divina

2242 1134 2496 1196 praecepta
2524 1136 2887 1192 contemnunt,
2909 1127 3084 1182 datam
3109 1128 3205 1183 sibi
3236 1128 3455 1209 gratiam
3494 1128 3842 1199 perdiderunt.

2245 1217 2411 1284 Quam
2452 1235 2567 1275 vero
2605 1221 2756 1292 fuerit
2793 1221 2896 1276 illis
2940 1223 3163 1293 profana
3199 1222 3322 1290 vita,
3351 1236 3467 1292 qua:
3491 1232 3752 1277 contracta
3779 1225 3848 1279 sit

2240 1312 2442 1367 violata:
2466 1312 2727 1385 religionis
2755 1314 2980 1385 offensu,
3006 1314 3107 1386 ipsi
3130 1330 3329 1385 quoque
3350 1323 3622 1385 testantur,
3644 1317 3732 1387 qui
3751 1318 3848 1373 etsi

2240 1420 2359 1460 voce
2407 1416 2614 1474 tacent,
2654 1408 2794 1462 exitu
2832 1407 3158 1476 conﬁtentur.
3207 1406 3444 1478 Dispersi
3480 1418 3528 1463 et
3564 1388 3845 1480 pdlabundi

2237 1510 2527 1572 vagantur,
2558 1503 2656 1557 soli
2685 1513 2733 1557 et
2758 1504 2872 1559 caeli
2902 1504 2985 1558 sui
3019 1504 3266 1576 profugi,
3300 1521 3390 1575 per
3415 1505 3639 1575 hospitia
3675 1506 3845 1561 aliena

2229 1599 2497 1668 jactantur
2541 1596 2813 1679 (Cyprian.
2859 1601 2923 1655 de
2960 1599 3147 1655 idolor.
3190 1594 3348 1655 vanit.
3399 1617 3519 1685 pgg.
3575 1600 3690 1673 I5).
3735 1600 3842 1658 Sed

2237 1691 2354 1747 Itzec
2392 1691 2501 1763 jam
2551 1692 2830 1749 retulimus
2873 1694 2926 1749 in
2967 1686 3352 1751 dissertatione
3390 1706 3575 1751 nostra
3614 1693 3682 1751 de
3707 1694 3843 1752 libro

2235 1784 2444 1841 Minutii
2499 1786 2721 1856 Felicis,
2779 1788 2867 1858 qui
2924 1787 3048 1843 inde
3093 1774 3289 1842 Cmcilii
3349 1787 3699 1859 pervicaciam
3751 1803 3841 1845 re-

529 1882 1403 1943 ChristianisetJudaaisdebebant
1425 1894 1545 1936 esse
1561 1874 2132 1947 eommunia,sieidem
2163 1876 2212 1936 B
2242 1879 2414 1935 tundit
2445 1877 2739 1951 (Dissertal.
2766 1882 2820 1935 in
2849 1879 3038 1935 Minut.
3069 1897 3185 1951 cap.
3216 1880 3268 1935 6.
3294 1889 3392 1936 art.
3421 1879 3499 1955 5).

529 1980 646 2037 Deo
677 1979 1133 2051 manciparemur.

597 2074 667 2127 At
708 2086 845 2128 nova
889 2086 996 2127 non
1041 2069 1138 2127 luit
1181 2068 1298 2125 haec
1338 2084 1445 2123 non
1488 2064 1649 2123 modo
1684 2063 1987 2137 gentilium,
2029 2061 2124 2118 sed

498 2165 685 2225 -etiam
713 2163 1020 2221 Judmorum
1051 2150 1307 2219 adversus
1332 2160 1667 2217 Christianos
1706 2156 2120 2229 argumentatio.

518 2256 655 2314 Nam
679 2256 1163 2327 Justinuspmartyr
1201 2254 1252 2308 iu
1283 2269 1378 2309 sua
1414 2252 1482 2307 ad
1508 2251 1729 2306 Grmeos
1753 2248 2125 2305 cohortatione

517 2348 664 2405 illam
689 2348 967 2417 gentilium
996 2348 1213 2402 nomine
1238 2347 1316 2402 sic
1344 2357 1496 2415 urget
1523 2360 1541 2404 :
1573 2350 1634 2398 El
1659 2350 1708 2399 δὲ
1734 2349 1810 2405 τὶς
1832 2350 2005 2409 φάσκοι
2032 2357 2125 2395 τῶν

519 2451 777 2513 προχιίρως
805 2445 1061 2507 ἀντιλὲγειν
1085 2442 1370 2507 εἰθισμένων,
1401 2450 1473 2507 μύι
1500 2443 1613 2507 ἡμῖν
1637 2443 1727 2497 τὰς
1764 2444 1957 2506 βίϐλους
1996 2438 2124 2487 τιό-

515 2556 627 2598 lrate,
654 2540 777 2588 ἄλλα
804 2523 1041 2592 ίουδιιίοις
1062 2545 1332 2603 προσῄειν,
1366 2534 1448 2584 διὰ
1475 2539 1533 2584 τὸ
1563 2538 1636 2584 ἔτι
1660 2534 1737 2583 νῦν
1762 2534 1807 2582 ἰν
1828 2530 1938 2586 ταῖς
1977 2547 2121 2579 συνα-

515 2629 687 2697 νωδαῖς
734 2630 888 2682 αὐτῶν
911 2630 1162 2693 σώζεσθαι-ι,
1191 2627 1274 2678 καὶ
1314 2634 1477 2692 μικτὴν
1534 2630 1661 2691 ἡμᾶς
1701 2629 1750 2676 is
1778 2625 1956 2676 τούτων
2000 2624 2122 2689 ρίσ-

516 2743 614 2775 κιιν
662 2730 750 2778 tris
802 2726 1061 2774 Gsoeiesusu
1106 2725 1431 2787 μιμιιθηκὲνειι
1480 2725 1605 2784 λέγοι
1643 2715 1860 2785 (Justiti.
1902 2723 2117 2784 martyr.

515 2809 725 2865 Cohort.
754 2810 824 2864 ad
845 2810 1009 2866 (ἔναξε.
1037 2824 1157 2881 pag.
1188 2809 1301 2876 Ib):
1330 2809 1393 2862 At
1415 2809 1460 2864 si
1485 2810 1597 2878 quis
1612 2823 1808 2874 eorum,
1830 2806 1915 2869 qui
1936 2814 2120 2861 temere

513 2903 859 2958 contradicere
905 2912 1267 2959 consueverunt
1292 2945 1305 2968 ,
1358 2903 1501 2958 nobis
1529 2901 1735 2972 objiciet
1773 2917 1873 2955 non
1919 2912 2119 2955 nostros

516 2998 610 3051 hos
652 3013 760 3052 esse
781 3038 796 3069 ,
824 2996 1245 3053 sedludworum
1285 2997 1473 3060 libros,
1514 2996 1562 3049 el
1598 3011 1687 3066 per
1726 2994 1998 3048 vanitatem
2025 3008 2118 3046 nos

513 3092 709 3157 iactare
734 3093 1026 3165 religionem
1063 3109 1126 3148 ex
1160 3092 1231 3147 eis
1259 3093 1489 3147 hausisse
1517 3091 1672 3146 dicat.
1704 3090 1826 3146 Alio
1854 3099 2030 3147 autem
2063 3088 2141 3144 in-

515 3185 656 3241 libro
681 3184 949 3253 Judaeum,
975 3186 1164 3243 eodem
1195 3202 1303 3258 quo
1328 3185 1685 3241 Tertullianus
1711 3184 1894 3250 modo,
1926 3183 2115 3240 Chris-

511 3277 674 3334 tianis
703 3276 820 3334 haec
866 3278 1225 3350 objectantem
1262 3280 1342 3336 sic
1371 3278 1572 3334 inducit
1603 3297 1615 3333 :
1643 3273 1805 3335 ιὶιιιῖνο
1828 3282 1876 3333 δὲ
1899 3280 2112 3350 ἀποροῦ-

510 3393 595 3439 μεν
616 3377 854 3439 μάλιστα,
885 3376 928 3425 sl
957 3375 1089 3441 ὓμιῖς
1115 3375 1312 3426 εὐσεϐεῖν
1335 3379 1563 3443 λέγοντες,
1585 3374 1668 3425 καὶ
1712 3386 1803 3426 τῶν
1830 3376 1989 3426 sum
2019 3372 2114 3423 ὂιὸο

508 3483 641 3529 μενοι
684 3452 947 3535 διιρὲμιν,
973 3463 1081 3518 κάτ’
1128 3466 1255 3517 οὐδὲν
1283 3466 1440 3518 αὐτῶν
1467 3464 1792 3526 dimittit-scas,
1820 3465 1927 3517 οὖδὲ
1970 3464 2111 3517 διαλ-

508 3560 704 3609 λάσσενη
739 3557 837 3608 ἀπὸ
865 3572 956 3611 τῶν
988 3560 1124 3610 ἐθνῶν
1161 3566 1242 3609 τὸν
1283 3561 1501 3625 ὑμέτερον
1529 3565 1655 3626 βίον,
1682 3561 1728 3608 ἐι
1778 3566 1850 3624 τῷ
1872 3564 1994 3623 μήτε
2023 3561 2109 3615 τὰς

506 3652 693 3719 ἑορτὰς,
716 3662 839 3717 μήτε
869 3638 934 3702 erat
957 3653 1173 3702 «usus
1201 3652 1377 3720 τηρεῖν,
1406 3662 1529 3715 [nhs
1552 3657 1640 3701 vri-vv
1675 3657 1935 3718 περιτομὴ
1963 3654 2107 3716 ἔχειν,

506 3744 590 3795 καὶ
613 3749 687 3797 ἔστι
708 3742 780 3796 ἐπ’
807 3748 1044 3813 ἄνθρωπον
1072 3750 1399 3815 σ-τιυρωοὲνατιι
1451 3750 1538 3801 τὰς
1579 3745 1768 3803 ἐλπίδας
1809 3747 2104 3809 ποιῦῦμενοι.

505 3832 684 3903 (Idem
706 3833 915 3904 Dialog.
947 3851 1061 3888 cum
1094 3834 1291 3905 Trgph.
1327 3851 1447 3905 pag.
1480 3834 1629 3902 227).
1663 3832 1812 3887 Illud
1831 3844 1965 3888 certe
1988 3834 2103 3903 qui-

507 3928 624 3980 dem
648 3927 949 3998 ambigendo
975 3927 1194 3982 maxime
1220 3928 1466 3982 miramur
1491 3943 1597 3991 vos,
1625 3926 1711 3996 qui
1740 3942 1911 3982 verum
1938 3927 2104 3993 iacta-

506 4018 573 4073 tis
600 4019 896 4091 religionem
921 4062 935 4086 ,
969 4030 1013 4073 et
1041 4020 1158 4075 aliis
1185 4019 1470 4074 hominibus
1494 4029 1738 4089 praestare
1766 4020 1921 4074 vultis
1942 4060 1957 4083 ,
1990 4035 2106 4072 cum

504 4111 639 4165 nihil
679 4111 740 4164 ab
783 4114 852 4169 eis
890 4114 1110 4178 varietis,
1160 4121 1205 4166 ct
1231 4114 1332 4168 vita
1372 4112 1598 4183 degenda
1633 4113 1763 4166 nihil
1801 4129 1833 4165 ιι
1874 4111 2105 4183 gentibus

429 4241 432 4244 .
505 4201 764 4273 differatis
787 4219 806 4267 ;
855 4211 1028 4274 utpote
1050 4204 1137 4273 qui
1167 4220 1324 4274 neque
1359 4204 1513 4273 festos
1535 4203 1644 4257 dies
1666 4244 1680 4267 ,
1714 4219 1874 4272 neque
1897 4200 2103 4256 sabbata

504 4294 742 4359 servetis,
768 4310 929 4363 neque
952 4295 1382 4348 circumcisionem
1419 4293 1643 4348 habeatis
1663 4335 1678 4360 ,
1707 4303 1858 4365 atque
1892 4294 2105 4363 insuper

508 4386 565 4439 in
595 4384 798 4439 homine
825 4386 1071 4456 crucifixo
1097 4402 1238 4457 spem
1268 4387 1541 4445 collocetis.

574 4475 889 4546 Respondet
922 4476 1099 4547 itaque
1128 4477 1487 4533 Tcrtullianus
1521 4478 1806 4533 maximam
1840 4479 1968 4535 olim
2008 4477 2103 4535 Ju-

503 4568 745 4625 dazorum
778 4564 1106 4640 fuisse'apud
1151 4570 1316 4625 Deum
1350 4570 1595 4641 gratiam,
1623 4572 1684 4625 ob
1729 4571 1977 4643 insignem
2008 4573 2099 4645 ju-

2306 1978 2377 2031 At
2400 1992 2505 2031 non
2530 1978 2700 2033 solum
2722 1976 2828 2033 huc
2842 1986 2895 2032 et
2918 1976 3042 2033 illuc
3063 1992 3160 2048 per
3182 1984 3350 2033 totum
3368 1985 3629 2033 terrarum
3650 1975 3839 2034 orbem

2227 2067 2395 2125 Judaei
2417 2080 2601 2125 errant
2620 2086 2684 2126 ac
2709 2078 2967 2142 vagantur
2997 2086 3012 2136 ;
3038 2069 3132 2126 sed
3162 2084 3267 2126 nec
3295 2070 3425 2139 ipsis
3453 2084 3683 2141 quoque,
3712 2085 3839 2141 per-

2226 2164 2306 2235 git
2333 2162 2700 2219 Tertullianus
2721 2206 2736 2231 ,
2769 2164 3080 2219 advenarum
3103 2163 3222 2235 jure
3259 2171 3446 2216 terram
3474 2162 3694 2233 patriam
3721 2162 3835 2217 sal-

2228 2264 2327 2309 tem
2364 2257 2572 2327 vestigio
2609 2255 2833 2311 salutare
2865 2255 3156 2310 conceditur
3188 2253 3520 2325 (Tertullian.
3560 2255 3661 2309 loc.
3695 2252 3836 2328 cit.).

2226 2347 2329 2405 Ubi
2362 2365 2491 2406 vero
2534 2359 2721 2405 contra
2762 2349 2980 2406 eosdem
3024 2347 3237 2403 Judteos
3283 2348 3599 2403 nominatim
3642 2347 3749 2403 alio
3779 2349 3837 2404 in

2227 2439 2363 2496 libro
2405 2441 2672 2512 disputat,
2707 2442 2883 2515 palam
2912 2441 3089 2498 adhuc
3134 2440 3329 2496 asserit
3377 2438 3506 2495 illud
3535 2455 3638 2495 non
3668 2440 3833 2497 modo

2225 2531 2305 2587 eis
2333 2547 2438 2587 non
2480 2534 2797 2604 permissum
2824 2575 2840 2601 ,
2869 2532 2964 2589 sed
2995 2534 3156 2589 etiam
3189 2534 3443 2601 vetitum,
3475 2532 3832 2605 quemadmo-

2224 2623 2350 2680 dum
2378 2640 2407 2679 a
2434 2640 2589 2681 sacro
2620 2626 2879 2696 propheta
2899 2668 2914 2692 ,
2942 2625 3189 2682 videlicet
3216 2625 3382 2694 Isaia,
3409 2627 3831 2699 (prtenuntiatum

2222 2716 2380 2788 longe
2406 2726 2562 2774 antea
2593 2717 2783 2775 luerat.
2813 2718 2973 2786 Audi,
2996 2732 3197 2790 quteso,
3223 2719 3339 2789 ejus
3361 2721 3517 2775 verba
3546 2738 3557 2774 :
3582 2720 3831 2776 Animad-

2222 2811 2459 2865 vertimus
2485 2828 2620 2866 nunc
2644 2813 2893 2867 nemiuem
2925 2812 2988 2866 de
3013 2829 3193 2884 genere
3221 2811 3390 2866 Israel
3414 2812 3694 2868 incivitate
3720 2812 3829 2868 Be-

2221 2902 2441 2956 thlehem
2461 2905 2778 2970 remansisse,
2797 2914 2843 2958 et
2865 2904 3048 2959 exinde
3066 2904 3200 2974 quod
3222 2904 3543 2960 interdictum
3564 2914 3658 2973 est,
3683 2923 3745 2962 ne
3769 2906 3828 2962 in

2220 2996 2628 3069 conﬁnioipsius
2651 2998 2870 3069 regionis
2896 2997 3190 3074 demoretur
3212 3000 3477 3070 quisquam
3497 2999 3823 3070 Judaaorum,

2219 3089 2298 3143 vel
2324 3088 2417 3144 hoc
2441 3107 2638 3161 quoque
2658 3100 2785 3146 esset
2816 3091 3147 3161 adimpletum
3174 3108 3264 3161 per
3280 3077 3651 3165 PrOphetamu
3669 3091 3827 3149 Terra

2218 3193 2383 3239 vestra
2408 3183 2626 3250 deserta,
2651 3184 2874 3239 civitates
2897 3194 3071 3240 vestra:
3094 3185 3201 3257 igni
3224 3195 3433 3252 exustis,
3451 3205 3468 3238 ι
3496 3185 3550 3239 id
3576 3197 3669 3252 est,
3688 3186 3824 3255 quod

2139 3272 2185 3336 C
2217 3274 2334 3331 belli
2353 3286 2577 3349 tempore
2591 3278 2661 3332 eis
2681 3279 2896 3333 evenerit
2943 3276 3141 3351 (traice,
3176 3295 3295 3349 cap.
3317 3278 3357 3333 l.
3385 3277 3439 3350 7)
3465 3296 3479 3347 ;
3510 3298 3528 3332 ι
3568 3279 3825 3352 regionem

2214 3377 2432 3424 vestram
2456 3369 2510 3423 in
2536 3380 2810 3441 conspectu
2837 3379 2998 3424 vestro
3028 3371 3185 3425 exteri
3211 3370 3493 3437 comedent,
3522 3382 3565 3425 et
3598 3372 3818 3439 deserta,

2211 3471 2261 3516 et
2286 3459 2524 3516 subversa
2551 3462 2647 3515 erit
2687 3478 2718 3515 ιι
2747 3462 2949 3533 populis
2969 3462 3171 3518 alienis.
3198 3481 3218 3515 ι
3251 3460 3319 3516 Ει
3347 3463 3450 3518 alio
3481 3463 3591 3519 loco
3620 3464 3691 3519 sic
3729 3481 3823 3535 per

2210 3546 2768 3626 PrOp/tetamdicitur:
2801 3574 2819 3607 ‹
2853 3554 3044 3628 Regem
3071 3572 3183 3610 cum
3201 3556 3430 3611 claritate
3452 3556 3731 3625 videbitis,»
3764 3557 3823 3611 id

2211 3660 2301 3717 est,
2336 3650 2594 3706 Christum
2619 3649 2889 3720 facientem
2918 3650 3124 3703 virtutes
3150 3649 3203 3702 in
3248 3649 3413 3720 gloria
3460 3648 3557 3703 Dei
3606 3648 3818 3715 Patris.

2218 3763 2237 3797 ι
2265 3752 2312 3799 et
2341 3743 2474 3799 oculi
2506 3743 2657 3798 vestri
2695 3742 2932 3797 videbunt
2957 3752 3143 3795 terram
3197 3741 3260 3794 de
3298 3740 3571 3809 longinquo
3595 3758 3614 3790 ι
3646 3737 3812 3808 (Ibid.

2210 3853 2325 3907 cap.
2354 3832 2595 3891 XXXIII.
2647 3835 2759 3905 I7).
2791 3833 2943 3901 Quod
2970 3834 3108 3887 vobis
3129 3849 3222 3901 pro
3252 3831 3441 3885 meritis
3484 3830 3658 3884 vestris
3702 3839 3815 3899 post

2209 3928 2635 3999 expugnationem
2669 3925 2957 3980 Jerusalem
3000 3924 3265 3995 prohibitis
3309 3923 3505 3994 ingredi
3543 3922 3596 3977 in
3624 3932 3815 3978 terram

2207 4031 2460 4088 vestram,
2508 4022 2573 4075 de
2606 4020 2879 4091 longinquo
2925 4033 3037 4071 eam
3085 4015 3247 4071 oculis
3287 4025 3484 4070 tantum
3506 4015 3672 4071 videre
3692 4033 3814 4087 per-

2207 4114 2418 4168 missum
2466 4123 2540 4168 est
2579 4111 2782 4182 (Idem,
2830 4109 2918 4164 lib.
2947 4110 3064 4164 adv.
3096 4107 3271 4164 Iudw.
3310 4126 3433 4179 cap.
3476 4110 3590 4181 I5).
3657 4110 3814 4169 Prior
3915 4148 3924 4154 -

2209 4221 2424 4284 quoque
2453 4207 2543 4261 ille
2574 4205 2724 4262 Isaia:
2751 4206 2902 4260 locus
2928 4204 2959 4259 ἡ
2986 4203 3255 4276 Cypriane
3279 4204 3521 4260 eamdem
3551 4205 3621 4261 oh
3648 4220 3810 4262 caus-

2205 4314 2319 4355 sam
2350 4300 2546 4354 citatur
2570 4298 2748 4369 (Cgpr.
2777 4297 2864 4353 lib.
2895 4297 2935 4352 Ι.
2971 4299 3087 4352 adv.
3120 4296 3297 4353 Judw.
3332 4296 3360 4369 §
3392 4297 3445 4353 6.
3480 4315 3601 4369 pag.
3632 4296 3747 4372 22).

2277 4391 2356 4446 Ea
2399 4406 2559 4462 porro
2619 4390 2897 4461 ιιισωιιὶριίο
2927 4432 2941 4455 ,
2966 4406 3028 4445 ac
3072 4391 3421 4459 subsecutum
3494 4392 3680 4460 patria:
3718 4392 3808 4449 in-

2204 4498 2392 4554 gressu
2438 4482 2775 4539 interdictum
2824 4482 2893 4537 ab
2936 4491 3156 4538 auctore
3211 4482 3500 4538 Eusebiani
3544 4481 3819 4560 01η·οηίά,

2205 4576 2352 4635 hisce
2381 4578 2557 4635 verbis
2584 4580 2968 4635 conﬁrmatur:
3004 4577 3204 4633 Bellum
3247 4577 3560 4645 Iudaicum,
3592 4579 3728 4651 quod
3752 4579 3808 4634 in

501 4664 697 4718 stitiam
740 4671 790 4717 et
841 4658 1020 4731 ﬁdem
1049 4663 1374 4735 originalium
1429 4675 1692 4719 auctorum
1745 4666 1765 4735 (
1795 4664 2097 4722 Tertullian.
2127 4667 2181 4728 D
2207 4668 2489 4726 Palwstina
2513 4670 2780 4744 gerebatur
2800 4711 2816 4738 ,
2842 4671 2999 4740 ﬁnem
3049 4669 3281 4739 accepit,
3312 4670 3458 4724 rebus
3503 4668 3807 4725 Iudaeorum

499 4756 771 4829 Apologet.
837 4772 955 4826 cap.
1004 4755 1121 4828 21.)
1150 4800 1164 4824 ,
1226 4756 1277 4812 id
1333 4766 1413 4813 est
1443 4800 1457 4823 ,
1514 4758 1806 4828 primorum
1866 4761 2097 4831 patriar-

498 4848 745 4915 charum,
784 4864 850 4904 ex
880 4848 1076 4919 quibus
1103 4849 1362 4920 originem
1399 4865 1551 4905 suam
1578 4850 1863 4907 ducebant.
1897 4851 2100 4921 Quam-

500 4940 687 4997 obrem
734 4949 863 4997 tunc
892 4941 1096 5008 felices,
1139 4951 1194 4997 et
1222 4943 1455 5013 generis,
1486 4953 1544 4998 ut
1565 4943 1658 5000 ille
1691 4944 1788 5011 ait,
1837 4947 2096 5016 magnitu-

498 5033 649 5103 dine,
683 5045 741 5091 et
782 5036 932 5107 regni
958 5036 1286 5093 sublimitate
1312 5036 1631 5094 ﬂoruerunt.
1666 5038 1734 5095 At
1759 5054 1947 5097 eorum
1978 5055 2097 5112 pos-

496 5128 621 5193 teri,
653 5126 870 5197 /iducia,
901 5128 974 5184 ita
1004 5129 1512 5200 ipse‘prosequitur,
1541 5140 1744 5201 patrum
1765 5133 1955 5203 inﬂati,
1997 5134 2091 5189 de-

493 5220 689 5276 viantes
718 5237 750 5275 a
788 5221 1143 5292 disciplinain
1185 5226 1462 5297 profanum
1504 5226 1736 5293 modum,
1771 5237 2093 5297 spreverunt

491 5312 844 5397 Dei_monita,
873 5329 935 5370 ac
960 5317 1288 5373 conculcatis
1325 5317 1442 5389 ejus
1486 5318 1692 5390 legibus
1714 5361 1730 5388 ,
1758 5320 1812 5376 in
1841 5322 2093 5393 quaelibet

488 5414 717 5461 ruerunt
747 5406 997 5463 vitiorum
1034 5423 1251 5479 genera.
1295 5409 1401 5466 Sed
1442 5427 1599 5482 quem
1631 5412 1798 5469 Deum
1827 5415 2086 5484 Optimum

484 5508 901 5570 contempsere,
928 5499 1072 5556 hunc
1111 5517 1356 5559 severum
1393 5502 1626 5573 judicem
1683 5510 1886 5576 experti
1938 5516 2083 5564 sunt.

484 5593 642 5663 Quod
667 5592 884 5666 quidem
923 5593 1323 5652 evidentissime
1364 5597 1554 5667 probat
1587 5598 1760 5654 exitus
1791 5599 2083 5658 hodiernus

480 5686 747 5757 ipsorum,
767 5701 874 5758 quo
902 5686 1138 5758 dispersi,
1161 5688 1237 5742 ait
1256 5690 1459 5744 Auctor
1482 5700 1683 5759 noster,
1708 5692 2005 5765 palabundi,
2034 5707 2081 5751 et

478 5780 593 5834 caeli
618 5788 664 5833 et
689 5780 785 5834 soli
808 5780 886 5835 sui
901 5789 1141 5847 extorres,
1159 5791 1407 5852 vagantur
1432 5800 1521 5854 per
1540 5786 1708 5839 orbem
1727 5787 1836 5841 sine
1855 5787 2075 5856 homine,

472 5871 584 5930 sine
627 5868 741 5932 Deo
786 5887 901 5943 rege
942 5869 1153 5945 (Ibid).
1188 5871 1380 5935 Totum
1430 5886 1606 5935 autem
1653 5878 1794 5938 hunc
1838 5880 2078 5954 magistri

2205 4766 2405 4836 penitus
2427 4767 2684 4838 oppressis
2713 4782 2733 4821 :
2757 4782 2821 4821 ea:
2844 4781 2944 4836 quo
2969 4773 3193 4835 tempore
3220 4765 3375 4818 etiunt
3414 4764 3705 4819 introeundi
3730 4765 3809 4820 eis

2200 4861 2520 4933 Jerosolgma
2549 4846 2752 4918 liceniia
2771 4859 2964 4927 ablata,
2984 4860 3202 4928 primum
3225 4856 3321 4912 Dei
3343 4867 3490 4927 nutu,
3512 4860 3643 4913 sicut
3665 4857 3804 4914 Pro-

2201 4954 2367 5025 pheta:
2409 4955 2671 5011 vaticinati
2719 4962 2871 5021 sunt,
2903 4952 3085 5007 deinde
3127 4952 3377 5008 Romanis
3402 4951 3803 5025 _interdictioni-

2195 5048 2289 5105 bus
2320 5048 2532 5118 (Euseb.
2563 5048 2753 5105 Chron.
2785 5047 2854 5100 ad
2878 5063 3002 5101 ann.
3042 5044 3229 5101 Christ.
3268 5043 3418 5116 I55).

2270 5142 2438 5224 lintea
2478 5155 2608 5196 vero
2632 5139 2877 5196 Justinus
2922 5149 3126 5210 martyr
3172 5137 3306 5193 citat
3347 5134 3593 5193 eamdem
3635 5146 3798 5209 atque

2198 5234 2585 5302 Tertullianus,
2617 5234 2850 5305 priorem
2899 5231 3046 5289 Isaiae
3089 5232 3158 5289 de
3184 5231 3484 5303 ejiciendis
3526 5248 3591 5289 ex
3624 5232 3795 5302 patria

2193 5343 2290 5384 sua
2337 5327 2537 5384 Iudaeis
2578 5326 3012 5383 vaticinationem
3058 5324 3275 5400 (Justiu.
3313 5323 3522 5382 Cohort.
3553 5325 3624 5379 ad
3651 5334 3789 5397 gent.

2193 5437 2313 5493 pag.
2341 5420 2457 5494 14.)
2477 5464 2492 5488 ,
2521 5421 2797 5492 alteraque
2839 5419 3015 5477 adhuc
3057 5418 3113 5476 in
3143 5418 3381 5475 medium
3412 5417 3569 5473 allata
3591 5461 3607 5486 ,
3655 5432 3791 5474 con-

2190 5514 2422 5571 tinenter
2457 5513 2653 5585 adjecit
2699 5529 2714 5567 ἔ
2772 5503 2861 5568 ὁτι
2907 5516 2957 5567 δὲ
3003 5519 3292 5585 φυλάσσεται
3344 5512 3417 5581 ὑφ’
3466 5516 3624 5580 ὑμῶν,
3663 5516 3790 5572 ὅπως

2187 5611 2351 5677 μηδεὶς
2376 5614 2423 5663 ἄν
2473 5612 2594 5678 uberi)
2648 5620 2871 5678 γωνίαι,
2931 5610 3015 5660 ui
3058 5612 3257 5667 Oti-ina;
3306 5607 3436 5660 suis
3492 5610 3581 5659 τοῦ
3632 5626 3789 5659 κινη-

2186 5708 2561 5771 λαμϐαινομινους
2614 5688 2828 5754 ίουδιίον
2878 5703 3097 5760 delenti;
3151 5706 3374 5770 ὥρισται.
3441 5692 3630 5750 Cavere
3689 5711 3787 5749 au-

2183 5800 2283 5847 tem
2334 5802 2381 5848 et
2419 5808 2618 5847 scrvare
2660 5807 2747 5847 vos
2770 5832 2785 5859 ,
2815 5808 2879 5846 ne
2903 5792 3016 5861 quis
3052 5789 3121 5845 ibi
3149 5790 3252 5856 sit,
3283 5778 3340 5843 el
3384 5804 3584 5861 poenam
3634 5787 3782 5859 capi-

2183 5881 2335 5942 talem
2364 5886 2711 5961 »constitutam
2752 5899 2860 5942 esse
2919 5883 3159 5963 adversus
3195 5878 3438 5939 Judaeum
3489 5897 3547 5937 eo
3602 5879 3781 5952 ingre-
