4092 6352
360 245 475 308 785

1489 239 1937 300 DlSSERTATlO
1976 240 2038 297 D.
2079 239 2167 297 LE
2202 240 2503 299 NOURRY.

3574 249 3682 307 786

365 370 585 425 dienteat
629 365 783 438 probe
820 364 958 420 scitis
984 363 1199 435 (Justiti.
1233 361 1455 432 Apolog.
1490 360 1541 415 1.
1573 376 1666 431 pro
1695 359 1962 413 christian.
1994 359 2045 418 A
2070 372 2347 414 sacrorum
2396 366 2578 413 vatum
2622 358 2874 426 oracula;
2909 359 3005 416 sed
3036 360 3400 420 Tertullianus
3425 365 3676 436 quaedam

368 478 487 535 pag.
518 459 634 529 84).
679 457 1035 530 llieronymus
1063 469 1228 511 vero:
1263 453 1390 508 Post
1433 462 1709 507 extremam
1756 452 1966 505 vastita-

366 562 464 609 tem
493 552 643 606 etiam
684 552 815 621 leges
855 549 1072 619 publica:
1098 546 1473 619 pependerunt,
1509 552 1557 599 et
1584 542 1821 615 prohibiti
1848 550 1967 598 sunt

363 645 537 703 Judasi
554 654 760 709 terram,
780 643 844 698 de
861 658 961 714 qua
982 641 1128 712 ejecti
1163 643 1385 711 fuerant,
1407 637 1604 709 ingredi
1632 635 1711 708 (11
1716 639 1964 708 ierongm.

364 740 420 795 in
440 729 556 807 cap.
587 738 681 795 Vl.
705 734 836 791 Isai.
870 751 916 788 v.
968 735 1056 789 11.
1091 752 1145 805 p.
1178 730 1317 804 65.).
1346 732 1408 785 Et
1431 745 1620 785 rursus
1642 727 1769 784 alibi
1795 748 1809 781 :
1836 726 1968 783 Nul-

366 833 448 889 lus
484 830 788 886 Judteorum
834 837 1022 882 terrant
1049 824 1308 896 quondam
1345 832 1392 878 et
1429 821 1603 876 urbem
1634 821 1967 875 sanctamin-

365 928 509 1001 gredi
529 927 637 998 lege
655 923 961 995 permittitur
982 918 1172 993 (Idem,
1212 918 1262 972 in
1276 933 1393 989 cap.
1412 913 1606 989 XVI".
1633 912 1889 968 Ezechiel.
1917 929 1964 973 v.

367 1020 458 1087 te.
499 1037 553 1090 p.
591 1018 745 1088 617).

358 1112 361 1119 ’
438 1114 556 1184 Quo
585 1120 765 1167 autem
796 1119 1074 1179 tempore,
1106 1113 1162 1162 et
1190 1120 1219 1159 a
1250 1118 1357 1176 quo
1383 1103 1713 1173 imperatore
1751 1100 1858 1156 lata
1900 1100 1969 1155 sit

366 1223 429 1265 ea
457 1208 540 1263 lex
563 1247 578 1273 ,
604 1205 648 1260 si
672 1218 834 1275 roges
853 1244 869 1270 ,
891 1217 955 1257 es
984 1198 1216 1256 Eusebio
1237 1194 1449 1254 discere
1472 1194 1672 1266 poteris
1693 1236 1707 1260 ,
1732 1193 1823 1265 qui
1847 1208 1970 1248 nar-

368 1313 452 1361 rat
498 1315 641 1357 anno
672 1301 740 1357 l2
778 1297 1001 1354 Adriani
1055 1294 1419 1365 imperatoris,
1449 1298 1573 1361 post
1601 1303 1843 1345 eversam
1875 1303 1967 1342 ur-

366 1398 490 1453 bem
532 1392 787 1449 Berthera
813 1432 829 1458 ,
859 1404 966 1444 non
1011 1386 1202 1460 procul
1246 1382 1634 1455 Hierosolymis
1677 1381 1965 1437 dissitam:

367 1497 440 1544 Tr‘:
491 1496 591 1543 πᾶν
626 1496 746 1548 ἔθνος
788 1494 837 1552 ἐξ
864 1492 1038 1561 θείνει)
1079 1487 1161 1537 tuti
1203 1497 1291 1541 τίς
1333 1486 1439 1552 περὶ
1466 1485 1533 1534 τὰ
1557 1470 1841 1551 Ϊεροσόλυμει
1883 1492 1968 1549 γῆς

369 1591 572 1653 stipamur
613 1588 867 1638 ἱπιϐαίνειν
897 1582 1103 1651 εἴργεται
1131 1593 1145 1608 ⁸
1177 1579 1319 1645 νόμον
1347 1578 1548 1646 δόγμενινι
1584 1576 1668 1626 καὶ
1698 1577 1971 1637 διατάξεων

368 1674 625 1748 Ᾱδρηινθῧ.
658 1683 716 1736 ὡς
758 1678 817 1728 ἂν
863 1683 934 1741 μὴ
979 1672 1024 1725 δ’
1065 1678 1114 1737 ἕξ
1157 1673 1376 1725 ἀπόπτου
1406 1672 1633 1739 ⁵θεωροῖεν
1654 1676 1711 1722 τὸ
1748 1685 1967 1740 πατρῷον

2069 450 2176 506 alio
2206 452 2256 504 in
2288 450 2426 508 libro
2447 452 2658 516 citavit,
2686 460 2740 507 ct
2765 452 2918 524 plura
2948 452 3274 525 Cyprianus,
3307 466 3467 529 atque
3505 458 3669 515 etiam

2071 554 2260 616 postea
2304 540 2649 610 Lactantius,
2674 555 2732 600 ut
2778 560 2878 600 suo
2920 546 3041 603 loco
3077 563 3108 602 a
3134 548 3290 605 nobis
3332 548 3675 608 demonstra-

2072 647 2181 693 tum
2204 647 2288 696 est
2313 638 2507 711 (Idem,
2528 638 2618 694 lib.
2640 639 2740 697 adv
2765 637 2945 695 Iudae.
2973 656 3092 711 cap.
3128 641 3213 697 12.
3241 641 3487 714 Cyprian.
3518 645 3607 701 lib.
3626 645 3671 701 Ι.

2069 733 2188 787 adv.
2207 731 2334 787 Jud.
2357 730 2385 803 §
2405 732 2493 787 11.
2535 747 2657 803 pag.
2679 730 2774 787 2'3.
2803 730 3071 788 Dissertat.
3094 734 3148 789 in
3167 733 3406 790 Lactant.
3438 752 3557 807 cap.
3580 738 3670 794 10.

2069 834 2170 880 art.
2205 823 2280 896 1).

2140 918 2461 975 Christianis
2510 918 2691 991 itaque
2721 926 2973 990 tanquam
3003 919 3057 973 in
3087 918 3396 977 Iudaeorum
3438 921 3587 990 olea,
3615 934 3676 979 ut

2070 1011 2247 1068 adhuc
2271 1013 2506 1084 loquitur
2526 1012 2891 1068 Tertullianus
2917 1054 2932 1079 ,
2958 1029 3021 1068 ea:
3043 1012 3264 1069 oleastro
3285 1016 3450 1071 insitis
3468 1059 3484 1085 ,
3512 1026 3673 1089 atque

2072 1106 2127 1162 in
2155 1121 2342 1163 eorum
2388 1107 2568 1162 locum
2602 1106 2841 1162 sutl‘ectis
2862 1149 2876 1172 ,
2910 1092 3214 1163 communis
3254 1108 3361 1163 illis
3388 1106 3562 1167 factus
3589 1121 3675 1167 est

2069 1214 2194 1255 cum
2254 1199 2442 1256 iisdem
2511 1200 2713 1256 Judzcis
2757 1215 3031 1257 sacrarum
3093 1200 3303 1258 Veteris
3340 1202 3672 1262 Testamenti

2072 1292 2469 1364 Scripturarum
2543 1293 2828 1349 thesaurus
2902 1292 3144 1365 (Tertull.
3196 1293 3285 1350 lib.
3335 1295 3401 1350 de
3458 1295 3668 1352 Testint.

2071 1387 2230 1441 anim.
2261 1402 2376 1456 cap.
2433 1384 2512 1456 5).
2562 1386 2718 1441 Prius
2752 1397 2931 1442 autem
2971 1395 3193 1442 sanctus
3246 1396 3453 1462 martyr
3502 1389 3672 1445 Justi-

2073 1495 2173 1537 nus
2219 1462 2593 1535 asseveranter
2636 1477 3003 1534 afﬁrmaverat
3057 1478 3359 1536 doctrinam
3402 1482 3454 1536 in
3496 1485 3665 1538 sacris

2072 1574 2286 1630 Veteris
2316 1573 2648 1629 Testanienti
2678 1572 2977 1642 Scripturis
3027 1573 3277 1629 traditam
3305 1576 3577 1646 pertinere
3602 1579 3669 1635 ad

2072 1665 2434 1730 Christianos,
2466 1665 2532 1720 ad
2562 1679 2699 1737 quos
2729 1679 2836 1720 non
2878 1666 2995 1722 sine
3022 1665 3201 1721 divina
3241 1668 3575 1737 providentia
3603 1672 3671 1728 ab

369 1775 538 1841 ἔδαφος
589 1774 993 1843 ἐγκελευσαμένθρ,
1040 1759 1246 1834 ἀριστων
1285 1768 1311 1817 ὁ
1357 1765 1581 1821 Πελλαῖος
1628 1764 1819 1831 ἱστορεῖ.
1865 1757 1966 1813 Ju-

2075 1759 2541 1831 ipsismetJudacis
2587 1759 2916 1815 transmissae
2958 1768 3083 1815 sunt
3103 1759 3319 1829 (Justin.
3363 1762 3557 1817 cohort.
3602 1767 3672 1819 ad

369 1862 598 1917 datorum
650 1860 884 1914 universa
918 1874 1038 1930 gens
1091 1857 1145 1911 in
1193 1855 1453 1926 regionem
1492 1853 1683 1907 circum
1721 1850 1967 1907 Hieroso-

372 1957 511 2027 lyma
531 1954 681 2008 sitam
709 1952 886 2024 pedem
912 1950 1102 2021 inferre
1127 1948 1381 2021 prohibita
1401 1956 1476 2002 est
1496 1964 1517 2012 ;
1539 1947 1666 2001 adeo
1691 1956 1746 1999 ut
1770 1963 1833 2001 ne
1852 1964 1972 2018 pro-

371 2047 566 2114 spicere
589 2044 794 2117 quidem
819 2060 847 2098 e
868 2042 1150 2115 longinquo
1172 2040 1393 2112 patrium
1418 2038 1584 2094 solum
1606 2038 1731 2098 ipsis
1759 2038 1966 2107 liceret,

372 2147 429 2194 ut
456 2137 630 2193 scribit
658 2137 826 2192 Aristo
844 2133 1069 2190 Pellaeus
1096 2131 1308 2206 (Euseb.
1341 2132 1380 2187 Ι.
1414 2130 1502 2187 ιν.
1536 2129 1733 2186 Histor.
1767 2130 1966 2187 Eccles.

370 2247 489 2302 cap.
516 2229 570 2286 6.
602 2245 725 2302 pag.
775 2227 926 2297 118).
956 2226 1156 2282 Verum
1193 2223 1381 2280 Hilarii
1420 2231 1577 2279 inmte
1618 2223 1862 2279 nonnihil
1899 2223 1970 2280 de

372 2321 595 2393 hujusce
624 2320 760 2391 legis
800 2318 1089 2375 severitate
1133 2316 1431 2372 relaxatum
1461 2325 1544 2372 est
1566 2358 1581 2384 ,
1613 2315 1966 2386 quemadmo-

370 2397 498 2473 dum
544 2415 627 2470 his
669 2413 890 2470 totidem
931 2412 1111 2467 verbis
1151 2410 1452 2483 signiﬁcat:
1487 2411 1622 2478 Quin
1652 2412 1804 2465 etiam
1833 2429 1971 2466 nunc

369 2510 598 2581 ingressu
622 2507 837 2561 civitatis
862 2505 1087 2576 ejusdem
1127 2504 1289 2559 edicto
1326 2504 1528 2558 romani
1554 2503 1709 2577 Regis
1734 2504 1968 2559 inhiben-

372 2609 471 2654 tur.
516 2598 723 2652 Etcum
768 2597 964 2651 deserta
1009 2604 1301 2652 sanctorum
1342 2604 1518 2649 sancta
1543 2637 1559 2663 ,
1591 2603 1638 2648 et
1678 2595 1970 2666 prophetias

370 2692 541 2758 silere,
569 2700 615 2746 et
642 2689 985 2762 placationum
1022 2688 1215 2742 hostias
1239 2688 1428 2754 deesse,
1458 2697 1506 2742 et
1529 2688 1825 2760 dignitatem
1854 2704 1967 2742 ont-

369 2801 486 2838 ncm
511 2784 845 2856 deformatam
868 2776 1133 2836 ministerii
1153 2780 1338 2835 levitici
1364 2782 1717 2847 recordentur,
1742 2783 1969 2837 conversi

369 2860 504 2931 nuitc
524 2919 539 2943 ,
562 2886 611 2930 et
652 2879 790 2948 fame
843 2874 978 2928 verbi
1038 2871 1136 2927 Dei
1185 2880 1231 2928 et
1259 2874 1356 2927 cibi
1385 2873 1629 2929 salutaris
1658 2874 1869 2946 affecti,
1901 2876 1970 2929 ad

370 2969 611 3024 solatium
659 2950 985 3037 pra’sentium
1032 2964 1352 3019 miseriarum
1388 2966 1659 3021 circumire
1683 2978 1799 3021 sunt
1828 2968 1970 3023 soliti

369 3065 622 3120 civitatem
648 3060 844 3135 (Hilar.
880 3058 1054 3114 Tract.
1080 3060 1134 3113 in
1163 3058 1348 3130 psalm.
1383 3056 1561 3114 LVIII.
1586 3059 1614 3132 §
1641 3060 1694 3114 7.
1726 3078 1782 3131 p.
1815 3061 1964 3134 150).

2072 1864 2208 1928 gent.
2239 1873 2359 1928 pag.
2390 1853 2505 1924 il).

2145 1946 2400 2013 Quamvis
2426 1951 2606 2000 autem
2632 1943 2833 2000 Judaeis
2856 1952 2909 2000 et
2928 1942 3249 2001 Christianis
3279 1960 3594 2006 communes
3614 1948 3669 2005 bi

2074 2038 2197 2095 libri
2233 2038 2359 2095 facti
2389 2039 2530 2105 sint,
2560 2052 2667 2093 non
2708 2037 2833 2095 inde
2874 2047 3051 2093 tamen
3082 2038 3326 2110 sequitur
3354 2040 3422 2096 ab
3447 2041 3563 2098 istis
3587 2057 3671 2099 re-

2072 2135 2179 2205 cipi
2207 2133 2456 2190 debuisse
2482 2147 2675 2188 omnes
2702 2132 2754 2187 in
2788 2131 2935 2188 hisce
2962 2132 3115 2188 libris
3143 2134 3487 2205 praescriptos
3514 2136 3667 2193 ritus.

2072 2226 2205 2283 Nam
2248 2226 2429 2299 plures
2467 2226 2589 2297 jure
2635 2227 2827 2282 merito
2854 2224 3100 2281 Christus
3140 2225 3452 2298 abrogavit,
3481 2233 3673 2300 quem-

2072 2319 2362 2376 admodum
2407 2319 2627 2375 sabbata
2650 2360 2664 2382 ,
2695 2317 2813 2373 dies
2843 2318 3006 2373 festos
3028 2360 3043 2385 ,
3076 2318 3542 2377 circumcisionem
3568 2364 3583 2388 ,
3618 2334 3675 2379 et

2075 2413 2481 2486 hujuscemodi,
2506 2427 2625 2484 qua!
2652 2410 2960 2467 carnalibus
2985 2410 3186 2467 Judaeis
3219 2413 3529 2485 praescripta
3554 2413 3672 2472 fue-

2072 2514 2217 2561 runt.
2248 2505 2380 2561 Nam
2424 2504 2540 2560 haec
2566 2504 2745 2559 omnia
2772 2501 2978 2558 umbra:
3007 2512 3160 2559 erant
3186 2511 3241 2559 et
3270 2504 3452 2575 lignea:
3477 2548 3493 2575 ,
3522 2522 3586 2563 ac
3615 2509 3669 2565 in

2073 2600 2284 2670 signum
2315 2599 2461 2675 data,
2492 2612 2634 2668 qure,
2662 2597 2739 2651 uti
2772 2595 3073 2651 luculenter
3095 2596 3460 2654 Tertullianus
3488 2599 3593 2655 alio
3617 2601 3671 2656 in
3736 2646 3746 2654 .

2071 2692 2210 2747 libro
2257 2690 2629 2755 demonstrat,
2653 2688 2931 2754 veritatis,
2960 2687 3012 2743 id
3053 2697 3169 2755 est,
3198 2687 3397 2746 Christi
3438 2690 3671 2748 adventu

2072 2783 2354 2845 debebant,
2380 2797 2704 2839 evanescere
2744 2780 3099 2853 etantiquari
3133 2779 3379 2852 (Tertull.
3431 2783 3519 2838 lib.
3549 2783 3668 2839 adv.

2070 2874 2246 2930 Iudae.
2274 2892 2391 2948 cap.
2420 2875 2455 2931 5
2480 2883 2525 2929 et
2544 2874 2623 2945 4).

2141 2968 2448 3024 Christiana
2511 2969 2694 3039 itaque
2738 2968 2959 3039 religio,
2992 2969 3091 3024 etsi
3150 2978 3411 3040 regnante
3458 2970 3674 3027 Tiberio

2072 3061 2398 3132 imperatore
2421 3102 2437 3129 ,
2472 3059 2525 3115 in
2551 3060 2810 3115 mundum
2841 3076 2869 3114 a
2898 3059 3116 3116 Christo
3139 3060 3440 3116 introducta
3461 3104 3476 3125 ,
3502 3063 3555 3118 in
3580 3062 3673 3118 .lu-

375 3159 577 3214 Verum
607 3155 788 3212 infelix
834 3153 926 3209 ille
962 3151 1194 3224 populus
1223 3150 1328 3207 hoc
1379 3152 1758 3223 qualicumque
1803 3155 1965 3209 mise-
1993 3155 2039 3218 C
2073 3151 2240 3207 daica‘
2285 3159 2463 3206 tamen
2509 3151 2686 3206 locum
2734 3149 3059 3227 substituta,
3093 3151 3300 3208 divinas
3342 3152 3483 3206 illius
3529 3153 3673 3209 Scri-

369 3254 572 3310 riarnm
612 3263 829 3304 suarum
878 3244 1071 3302 solatio
1114 3259 1223 3300 non
1267 3244 1433 3316 gratis
1464 3244 1566 3300 frui
1599 3254 1841 3316 poterat,
1870 3248 1967 3304 sed

371 3344 544 3415 pretio
570 3339 840 3397 redimere
878 3337 1188 3409 cogebatur.
1228 3335 1430 3392 Audias
1454 3336 1616 3391 velim
1649 3330 1839 3392 testem
1869 3338 1968 3394 hu-

367 3436 523 3508 jusce
569 3433 650 3490 rei
696 3430 1177 3504 locupletissimum
1226 3428 1658 3501 Hieronymum:
1707 3430 1877 3503 Usque
1900 3433 1970 3488 ad

372 3535 669 3603 praesentem
708 3524 843 3580 diem
887 3523 1072 3595 perfidi
1109 3522 1277 3577 coloni
1301 3562 1316 3575 .
1350 3564 1365 3578 .
1401 3559 1416 3575 .
1446 3561 1462 3578 .
1498 3560 1513 3575 .
1542 3561 1558 3576 .
1584 3560 1599 3576 .
1641 3525 1970 3593 prohibentur

374 3622 575 3696 ingredi
600 3618 889 3674 Jerusalem
912 3632 930 3672 :
958 3626 1005 3671 et
1034 3626 1087 3671 ut
1110 3616 1314 3671 ruinam
1337 3630 1445 3671 sua:
1472 3615 1545 3671 eis
1572 3617 1697 3687 ﬂere
1725 3617 1873 3672 liceat
1893 3619 1969 3673 ci-
2014 3626 2023 3632 ‘

374 3716 544 3773 vitatis
567 3755 582 3781 ,
610 3713 770 3785 pretio
796 3710 1048 3766 redimunt
1075 3726 1095 3775 ;
1122 3717 1176 3763 ut
1201 3709 1289 3780 qui
1320 3710 1577 3780 quondam
1604 3721 1828 3766 emerant
1849 3728 1971 3802 san-'-

375 3807 575 3880 guinem
621 3804 841 3868 Christi,
866 3809 1035 3889 emant
1082 3799 1334 3872 lacrymas
1377 3817 1500 3856 suas
1533 3842 1546 3856 .
1579 3841 1592 3855 .
1622 3841 1638 3857 .
1666 3839 1679 3855 .
1707 3843 1720 3857 .
1755 3841 1769 3856 .
1800 3799 1971 3859 adhuc

375 3902 525 3971 ﬂetus
554 3899 606 3953 in
636 3899 779 3971 genis
804 3937 818 3963 ,
849 3906 896 3951 et
940 3895 1096 3949 livida
1141 3895 1347 3950 brachia
1371 3936 1385 3963 ,
1415 3904 1461 3950 et
1499 3896 1667 3966 sparsi
1703 3897 1895 3965 crines,
1923 3908 1971 3953 et

377 3996 520 4049 utiles
546 3992 822 4048 mercedem
843 3989 1067 4062 postulat
1091 4030 1107 4057 ,
1135 3996 1187 4043 ut
1208 3988 1313 4043 illis
1338 3988 1476 4059 ﬂere
1491 3990 1606 4061 plus
1632 3990 1780 4045 liceat
1811 3990 1971 4061 (Ilie-

378 4082 578 4158 rohgnt.
608 4086 661 4141 in
690 4101 807 4155 cap.
832 4077 1076 4154 I.'Soph.
1105 4098 1153 4137 v.
1187 4082 1276 4138 15.
1307 4099 1429 4153 pag.
1467 4082 1609 4140 1655
1636 4086 1681 4157 ).
1767 4111 1775 4117 -

450 4178 612 4248 Atqui
659 4191 764 4232 non
813 4174 928 4230 haec
968 4184 1173 4229 tantum
1218 4176 1422 4241 sacris,
1455 4176 1594 4231 sicut
1622 4176 1822 4233 dictum
1853 4188 1971 4250 est,

380 4270 760 4344 prophetarum
791 4267 1012 4323 vocibus
1044 4266 1295 4337 prmdicta
1339 4266 1553 4324 fuerant
1582 4287 1594 4324 :
1625 4270 1716 4325 sed
1752 4272 1972 4341 cladem,

380 4365 456 4419 ait
498 4360 891 4424 Tertullianus,
924 4374 1121 4427 semper
1163 4375 1336 4412 ontnes
1376 4359 1671 4431 ingerebant
1718 4364 1869 4434 fore,
1900 4365 1976 4419 uti

382 4457 474 4511 sub
496 4454 696 4510 extimis
724 4453 993 4507 curriculis
1031 4452 1206 4506 swculi
1236 4446 1298 4508 ea:
1318 4454 1579 4524 ontnijam
1608 4466 1757 4525 gente
1774 4497 1788 4521 ,
1815 4465 1864 4512 et
1884 4476 1979 4529 po-

384 4550 536 4624 pulo,
568 4557 615 4603 et
645 4548 756 4602 loco
779 4544 1010 4601 custodes
1034 4544 1131 4599 sibi
1167 4543 1406 4615 allegeret
1431 4544 1572 4599 Deus
1600 4548 1759 4603 multo
1780 4549 1981 4618 ﬁdelio-

380 4661 496 4710 res,
548 4641 602 4697 in
638 4655 763 4708 quos
814 4639 1036 4710 gratiam
1088 4639 1387 4708 transferret
1442 4634 1719 4708 pleuioiient
1778 4644 1981 4712 quidem

382 4736 444 4793 ob
492 4733 807 4809 disciplina:
887 4730 1110 4785 auctoris
1198 4728 1532 4800 capacitatem
1616 4731 1973 4801 (Tertullian.

382 4830 651 4901 Apoloqet.
705 4844 821 4895 cap.
880 4825 942 4881 2|
973 4824 1018 4895 ).
1074 4823 1133 4878 In
1189 4824 1389 4879 nostris
1456 4824 1730 4884 codicibus
1784 4843 1979 4885 mann-

386 4923 600 4994 scriptis
638 4921 874 4992 legimus
910 4917 1091 4973 eadem
1132 4932 1233 4989 pro
1273 4917 1492 4983 eadem,
1524 4925 1580 4974 et
1616 4921 1867 4976 auctioris
1885 4937 1982 4993 pro

388 5016 642 5082 auctoris,
668 5030 768 5071 nec
797 5011 1020 5069 omnino
1050 5012 1210 5068 male.
1243 5010 1545 5083 Cyprianus
1583 5028 1713 5069 vero
1753 5013 1871 5070 haec
1903 5013 1985 5071 sic

388 5106 496 5163 cuti
541 5106 819 5178 superiora
842 5147 858 5173 ,
887 5105 1050 5177 paulo
1095 5114 1220 5161 ante
1243 5119 1274 5160 a
1304 5103 1461 5159 nobis
1508 5114 1802 5161 memorata
1824 5147 1839 5172 ,
1868 5107 1985 5177 pari

388 5198 554 5256 modo
593 5184 885 5255 delibavit:
914 5198 1055 5253 Deus
1102 5209 1221 5253 ante
1248 5186 1572 5270 praedixerat
1598 5203 1711 5269 fore
1751 5210 1827 5267 ut,
1875 5216 1986 5261 ver-

387 5301 534 5365 gente
570 5292 786 5356 stvcttlo,
818 5300 864 5345 et
909 5290 1088 5345 mundi
1129 5292 1233 5361 [ine
1269 5291 1385 5360 jam
1428 5292 1664 5362 proximo
1708 5307 1791 5358 ex,
1848 5294 1987 5349 omni

388 5397 537 5459 gente
566 5393 613 5439 et
644 5384 834 5456 populo
861 5392 906 5438 et
936 5383 1048 5438 loco
1074 5383 1292 5437 cultores
1336 5383 1430 5438 sibi
1452 5383 1703 5454 \ulleger’et
1732 5384 1891 5439 multo
1921 5384 1986 5455 [i-

390 5478 607 5533 deliores
626 5517 642 5543 ,
671 5486 717 5531 ct
747 5474 973 5530 melioris
1014 5475 1270 5544 obsequii,
1302 5478 1388 5546 qui
1418 5476 1790 5548 indulgentiam
1812 5477 1875 5532 de
1901 5478 1987 5532 di-

391 5572 517 5626 vinis
541 5569 832 5624 muneribus
859 5568 1142 5634 haurirent,
1166 5584 1319 5639 quant
1343 5579 1605 5641 acceptam
1627 5568 1804 5625 Judtci
1822 5613 1837 5637 ,
1866 5587 1987 5626 con-

393 5663 594 5733 temptis
612 5661 959 5733 religionibus,
979 5658 1586 5733 perdidissent(Cgprian.
1608 5662 1695 5717 lib.
1715 5662 1780 5718 de
1798 5663 1984 5721 idolor.

2034 3316 2039 3320 _
2075 3254 2262 3315 pturas
2288 3243 2633 3299 hzereditario
2656 3244 2807 3315 quasi
2844 3245 2966 3315 jure
2992 3245 3201 3315 accepit
3220 3286 3234 3308 .
3263 3254 3319 3300 ct
3348 3246 3453 3300 illis
3472 3287 3488 3314 ,
3514 3246 3670 3301 sicuti

2074 3337 2340 3403 diximus,
2374 3336 2505 3392 fulta
2537 3346 2591 3392 et
2625 3337 2859 3392 subnixa
2890 3346 2991 3392 est.
3025 3336 3130 3392 Sed
3177 3336 3228 3391 id
3270 3337 3468 3392 clarius
3496 3338 3674 3393 adhuc
3730 3322 3735 3329 ’

2078 3428 2317 3500 patebit,
2351 3438 2632 3500 postquam
2678 3444 2828 3485 more
2858 3439 3044 3485 nostro
3070 3429 3485 3501 capenderimus
3507 3472 3521 3498 ,
3545 3432 3672 3502 quid

2076 3522 2145 3578 de
2173 3520 2360 3577 iisdem
2402 3522 2571 3577 sacris
2606 3521 2916 3578 Judreorum
2940 3565 2954 3588 ,
2986 3538 3081 3579 seu
3099 3522 3312 3579 Veteris
3340 3524 3671 3581 Testamenti

2074 3612 2388 3683 Scripturis,
2416 3628 2446 3667 a
2474 3613 2804 3670 Tertulliano
2831 3626 3014 3671 nostro
3045 3612 3327 3672 statuatur.

2679 3726 2973 3767 ARTICULUS
3022 3729 3078 3769 ΙΙ.

2081 3804 2301 3872 Quando
2329 3812 2378 3859 et
2396 3804 2653 3874 quomodo
2684 3821 2949 3858 sacrarunt
2985 3805 3370 3878 Scripturarum
3406 3808 3552 3880 libri,
3581 3816 3674 3869 he-

2149 3897 2317 3953 braice
2344 3898 2567 3967 primum
2588 3898 2879 3970 conscripti,
2903 3898 2957 3953 in
2983 3899 3207 3973 linguam
3238 3920 3457 3975 graecam
3479 3919 3512 3961 α
3540 3906 3675 3979 Sep-

2150 3990 2383 4063 tuaginta
2416 3990 2612 4045 duobus
2663 3990 3019 4061 interpretibus
3046 3997 3273 4051 conversi
3297 4014 3315 4061 ;
3341 4015 3407 4053 an
3429 4002 3481 4054 in
3507 4001 3676 4056 diver-

2150 4083 2222 4138 sis
2240 4082 2476 4145 cellulis;
2511 4082 2595 4137 ubi
2625 4082 2688 4138 de
2726 4084 2925 4139 Aristea
2946 4128 2960 4151 ,
2994 4086 3272 4144 Ptolemaeo
3300 4088 3672 4163 Philadelpho,

2152 4174 2432 4247 Pisistrato
2452 4216 2468 4242 ,
2499 4175 2776 4246 horumque
2811 4187 2859 4231 et
2897 4174 3230 4235 Attalicorum
3274 4181 3468 4256 Regum
3497 4184 3680 4241 biblio-

2155 4267 2312 4322 thecis
2331 4308 2348 4335 ,
2376 4283 2437 4321 ac
2457 4266 2519 4322 de
2538 4266 2793 4324 Demetrio
2819 4268 3070 4327 Phalereo
3094 4277 3542 4345 grammaticorum
3567 4295 3684 4350 pro-

2154 4358 2433 4416 batissimo.

2153 4451 2417 4513 Dbservat
2461 4453 2828 4510 Tertullianus
2871 4455 3041 4512 Deum
3071 4475 3104 4513 a
3139 4460 3422 4531 primordio
3466 4462 3680 4518 misiss:

2003 4554 2059 4615 Ῑ)
2086 4546 2272 4614 viros,
2300 4546 2509 4615 justitia
2551 4555 2607 4602 et
2647 4548 2953 4605 innocentia
2994 4554 3352 4624 conspicuos,
3398 4555 3489 4626 qui
3530 4555 3679 4611 illum

2084 4639 2301 4695 unicum
2340 4653 2463 4694 esse
2498 4648 2553 4694 et
2589 4650 2964 4711 agnoverunt,
2994 4653 3049 4700 et
3079 4645 3507 4716 pra‘dicaverunt
3532 4647 3685 4719 (Ter-

2084 4729 2289 4785 tullian.
2341 4729 2612 4803 Apologet.
2671 4749 2786 4805 cap.
2863 4735 2980 4806 18).
3037 4736 3102 4792 Hi
3168 4746 3347 4793 autem
3416 4738 3683 4797 decebant

2084 4822 2153 4879 ab
2206 4823 2309 4880 hoc
2354 4824 2515 4880 unico
2567 4825 2676 4881 Deo
2730 4837 2909 4884 creata
2960 4829 3171 4898 omnis,
3231 4831 3295 4885 de
3341 4831 3494 4888 humo
3519 4833 3687 4890 homi-

2085 4932 2201 4973 nem
2247 4915 2536 4972 lormatnm
2569 4959 2584 4984 ,
2628 4918 2917 4990 dispositas
2974 4931 3277 4992 temporum
3326 4923 3509 4989 vices,
3539 4926 3681 4982 edita

2085 5007 2282 5072 divina:
2309 5010 2606 5081 majestatis
2637 5026 2749 5066 sua:
2776 5007 2954 5083 signa,
2990 5013 3236 5070 conditas
3273 5031 3482 5072 morum
3531 5020 3685 5075 vitae.

2086 5117 2191 5174 que
2218 5113 2363 5160 recte
2392 5104 2613 5176 agendae
2656 5105 2801 5178 leges
2827 5147 2840 5170 ,
2870 5120 2934 5159 ac
2956 5106 3203 5175 producto
3233 5122 3351 5165 :evo
3376 5126 3550 5167 omnes
3578 5111 3680 5166 bo-

2088 5195 2261 5251 mines
2288 5197 2354 5251 ad
2381 5198 2545 5252 vitam
2593 5212 2805 5253 rursum
2850 5197 3161 5253 excitandos
3186 5239 3199 5264 ,
3234 5209 3287 5255 et
3323 5200 3642 5271 judicandos
3663 5244 3680 5270 ,

2088 5299 2147 5344 ut
2178 5306 2272 5362 pro
2301 5292 2509 5347 meritis
2551 5300 2753 5348 mterna
2791 5300 2884 5347 aut
2928 5307 3087 5363 poena
3128 5302 3220 5349 aut
3265 5293 3518 5352 felicitate
3561 5296 3685 5353 afﬁ-

2089 5382 2318 5439 ciantur.
2364 5386 2435 5440 At
2484 5385 2553 5440 ibi
2605 5384 2659 5439 in
2711 5384 3025 5441 Tertulliani
3074 5394 3221 5441 textu
3281 5386 3397 5443 hcce
3458 5388 3684 5459 legimus

2091 5479 2251 5535 verba
2277 5497 2290 5534 :
2322 5478 2462 5546 Quas
2487 5479 2786 5533 demerendo
2812 5478 2905 5537 sibi
2930 5479 3229 5551 disciplinas
3253 5481 3681 5550 determinaverit,

2090 5586 2204 5641 qtae
2273 5572 2519 5643 ignoratis
2569 5580 2657 5626 aut
2707 5556 2980 5637 deseritis;
3017 5588 3137 5644 qua:
3178 5572 3392 5645 quidem
3453 5573 3686 5630 Heraldo

2089 5661 2226 5719 adeo
2256 5662 2484 5717 obscura
2514 5672 2874 5735 corruptaque
2916 5664 3030 5719 visa
3076 5673 3234 5732 sunt,
3262 5675 3319 5719 ut
3347 5663 3479 5719 nihil
3506 5664 3575 5721 de
3605 5665 3691 5721 his

396 5755 555 5813 venit.
587 5772 706 5829 pag.
727 5756 797 5814 15
830 5759 869 5828 ).
891 5757 962 5813 At
994 5763 1186 5812 neuter
1214 5753 1287 5811 ibi
1314 5754 1516 5813 indicat
1536 5771 1658 5827 quae
1681 5756 1770 5813 illa
1793 5756 1991 5815 fuerint
2094 5755 2439 5829 pronuntiare
2463 5755 2674 5814 audeat.
2704 5755 2810 5813 Sed
2845 5768 2953 5814 non
2986 5767 3131 5815 tanta
3162 5756 3261 5815 fuit
3297 5756 3557 5815 timiditas
3585 5753 3686 5815 Ri-

672 5922 699 5946 κ
