4092 6352
444 289 549 346 791

1531 278 1601 334 IN
1639 273 2106 336 TERTULLIANI
2144 275 2673 343 APOLOGETICUM

3652 283 3762 343 792

449 404 652 462 Caesare
693 406 1035 474 conﬂagrasse
1103 399 1386 471 (Annnian.
1450 394 1688 450 Marcell.
1718 394 1836 450 libr.
1891 393 2058 450 XXII.
2088 394 2142 455 Λ
2169 398 2377 455 thecam
2400 443 2414 464 ,
2443 417 2562 472 qua:
2593 401 2644 457 in
2671 416 2732 458 ea
2773 401 3117 458 Alexandria!
3155 401 3304 458 urbis
3345 410 3461 459 crat
3497 403 3717 473 regione
3740 445 3760 469 ,

449 515 569 568 cap.
600 497 686 552 16.
721 514 843 567 pag.
872 497 1022 566 545).

524 589 693 644 Unam
714 597 891 644 autem
925 596 1128 643 tantum
1154 595 1417 642 memorat
1443 583 1755 648 Athenarus,
1787 582 1878 654 qui
1908 589 2058 654 post-

449 697 610 752 quam
642 681 783 736 viros
812 679 1096 752 quosdam,
1127 678 1509 736 coacervandis
1537 677 1688 732 libris
1721 675 1948 744 nobiles,
1973 691 2058 730 re-

449 773 663 832 censuit
710 791 724 828 :
772 772 980 839 Omnes,
1039 773 1251 844 inquit,
1307 781 1558 827 mercatus
1607 769 1914 824 Ptolenucus
1967 785 2059 824 rea:

449 877 672 932 nostras,
700 868 998 937 cognomine
1032 865 1427 933 Philadelphus,
1455 880 1568 918 cum
1597 863 1662 918 iis
1691 878 1817 934 quos
1847 861 2057 915 Athenis

451 967 500 1014 et
518 1021 520 1024 _
551 957 737 1021 Rhodi
767 967 977 1022 emerat,
1009 962 1075 1018 εὶς
1117 968 1206 1014 τᾶν
1245 966 1394 1012 uel?»
1420 950 1754 1025 Ᾰλεξιὶνδρειιν
1786 967 2056 1023 peri-Im;

449 1053 505 1105 in
533 1051 800 1122 pulchram
814 1051 1212 1106 Alexandrinam
1227 1047 1602 1104 bibliothecam
1623 1046 1888 1117 transferri
1912 1060 2061 1099 cura-

451 1145 522 1198 eit
562 1143 782 1210 .(Athen.
813 1143 898 1197 tib.
937 1142 978 1197 l.
1027 1141 1274 1213 Deipnos.
1323 1157 1441 1210 pag.
1472 1139 1552 1210 5).
1584 1137 1843 1194 Similiter
1890 1136 2060 1192 Euse-

453 1237 599 1293 hiaui
630 1234 883 1290 Chronici
933 1245 1118 1298 auctor
1147 1251 1161 1288 :
1193 1232 1525 1298 Ptolenueus,
1567 1232 1760 1303 inquit,
1796 1229 2063 1284 Philadcl—

455 1331 591 1401 phus
621 1330 820 1384 divinas
862 1329 1159 1398 Scripturas
1201 1328 1254 1381 in
1284 1343 1500 1399 grwcam
1532 1343 1701 1380 vocem
1739 1342 1800 1379 ea:
1831 1325 2063 1378 hebr'aira

459 1425 637 1495 lingua
665 1440 756 1494 per
784 1421 956 1478 LXX.
985 1424 1283 1492 interpretes
1311 1420 1588 1489 transferre
1612 1420 1826 1485 curavit,
1857 1435 1982 1487 quas
2009 1419 2065 1471 in

458 1517 808 1572 Alexandrina
831 1515 1128 1569 bibliotheca
1158 1515 1516 1584 habuit,quam
1551 1511 1646 1566 sibi
1673 1528 1737 1566 ea:
1764 1513 1900 1565 omni
1917 1527 2066 1582 gene-

459 1630 512 1668 re
533 1613 853 1667 littteratura:
872 1618 1250 1679 comparaverat
1271 1607 1420 1679 (Eus.
1437 1605 1627 1662 Chron.
1644 1604 1712 1659 ad
1737 1603 2064 1674 αιιη.1754).

536 1709 605 1761 At
635 1705 988 1776 Epiphanius,
1015 1702 1114 1757 etsi
1146 1702 1282 1756 duas
1319 1700 1565 1771 designet
1609 1698 1982 1762 bibliothecas,
2013 1697 2066 1751 in

2163 509 2322 570 quam
2395 495 2678 552 Bruchium
2733 505 2965 560 vocant,
3023 495 3291 552 desertam
3348 509 3453 552 suo
3521 504 3764 566 tempore

2163 588 2333 644 fuisse
2360 588 2649 662 (Epiphan.
2679 589 2742 643 de
2780 588 2953 643 Pond.
2997 598 3044 644 et
3075 587 3304 645 Mensur.
3343 590 3370 662 §
3407 590 3496 646 10.
3523 607 3580 660 p.
3608 589 3760 662 166).

2161 680 2230 734 At
2274 680 2326 734 in
2365 695 2426 736 ea
2459 681 2742 752 repositos,
2775 681 2850 736 uti
2881 680 3131 749 vidimus,
3159 681 3369 737 dixerat
3413 696 3582 738 sacra:
3617 681 3767 737 Scri-

2165 781 2338 842 ptum
2366 772 2600 829 codices.
2630 774 2791 844 Atqui
2819 773 2863 828 si
2896 773 3357 830 haec'bibliotbeca
3387 773 3599 830 deserta
3628 773 3722 829 fuit
3741 816 3758 840 ,

2165 874 2326 936 atque
2369 867 2538 922 multo
2585 867 2753 938 magis
2796 867 2841 921 si
2882 866 3261 922 Alexandrina:
3286 866 3762 938 bibliothecmjam

2165 959 2277 1029 ipsa
2305 958 2536 1013 Caesaris
2571 967 2732 1015 artate
2767 959 3064 1016 combusta:
3107 969 3254 1024 sunt,
3295 974 3421 1031 qua,
3463 959 3657 1015 amabo
3685 968 3764 1024 te.

2164 1051 2374 1106 ratione
2398 1050 2760 1106 Tertullianus
2785 1051 2967 1106 dicere
2992 1051 3166 1123 potuit
3197 1069 3210 1105 :
3248 1050 3421 1107 Hodie
3445 1052 3587 1118 apud
3608 1050 3770 1107 Sera-
3839 1109 3846 1113 ,

2168 1161 2357 1218 patum,
2382 1143 2650 1200 Ptolcma'i
2672 1145 2989 1201 bibliotheca!
3009 1160 3122 1199 cum
3151 1147 3277 1217 ipsis
3303 1146 3557 1201 hebraicis
3585 1146 3769 1201 litteris

2166 1239 2502 1305 exhibentur,
2563 1250 2610 1294 et
2662 1239 2835 1294 Judaei
2887 1239 3060 1309 palam
3135 1241 3361 1295 lectitant
3430 1239 3765 1310 (Tertullian.

2168 1331 2436 1404 Apologrt.
2510 1348 2625 1403 cap.
2701 1330 2864 1404 18)?
2933 1332 3277 1403 Respondent
3368 1332 3530 1404 aliqui
3632 1333 3770 1388 duas

2169 1426 2358 1481 saltem
2407 1427 2458 1479 in
2500 1441 2565 1480 eo
2611 1425 2775 1480 fuisse
2819 1425 3192 1480 bibliothecas.
3241 1427 3311 1479 At
3340 1440 3467 1491 una,
3500 1423 3766 1496 inquiunt,

2171 1520 2381 1575 incendi
2429 1520 2640 1590 potuit,
2673 1528 2728 1575 et
2774 1519 2940 1575 altera
2967 1561 2981 1584 ,
3011 1518 3062 1572 in
3105 1533 3206 1589 qua
3255 1517 3376 1573 libri
3422 1518 3500 1573 illi
3548 1518 3771 1588 repositi

2171 1624 2345 1680 erant,
2379 1614 2580 1685 integra
2611 1628 2827 1684 prorsus
2859 1627 3156 1667 remanere.
3183 1611 3380 1667 Verum
3403 1628 3464 1668 ea
3490 1613 3775 1684 responsio

2172 1706 2488 1761 adversatur
2537 1706 2692 1776 plane
2730 1705 2943 1777 ipsimct
2973 1704 3291 1775 Epiphanio,
3323 1706 3584 1760 asserenti
3632 1705 3775 1761 hanc

459 1798 564 1854 hoc
594 1808 770 1852 tamen
803 1812 832 1850 ιι
859 1795 1188 1852 Terlulliano
1221 1803 1406 1849 nostro
1442 1803 1496 1848 Cl
1523 1792 1809 1847 Ammiano
1840 1789 2067 1845 Μαΐοομ
2099 1797 2146 1856 Β
2175 1781 2594 1864 bibliothecam,
2625 1798 2678 1853 in
2709 1813 2814 1868 qua
2843 1799 2895 1851 hi
2934 1797 3054 1852 libri
3086 1797 3349 1852 reconditi
3392 1797 3604 1853 fuerant
3626 1840 3640 1864 ,
3671 1812 3776 1853 suo

458 1894 571 1948 lino
587 1891 858 1956 dissentit,
881 1889 1022 1960 quod
1046 1904 1213 1944 sacrae
1229 1883 1522 1956 Scriptuire
1544 1885 1710 1941 libros
1732 1885 1784 1940 in
1807 1883 2062 1950 Bruchio,

459 1994 516 2041 et
565 1984 795 2056 Aquilae,
840 1981 1184 2054 Symmachi,
1225 1991 1280 2036 et
1317 1975 1705 2036 Tbeoddlionis
1749 1978 2067 2046 interpreta-

459 2078 638 2134 tiones
657 2078 711 2132 in
731 2077 938 2132 minore
959 2075 1213 2143 Serapmo
1233 2073 1440 2146 positos
1464 2072 1630 2128 fuisse
1654 2079 1880 2127 asserat.
1902 2070 2065 2126 Suam

460 2170 663 2227 etenim
689 2168 758 2225 de
785 2183 956 2238 gra‘ca
989 2168 1203 2223 illorum
1235 2163 1677 2234 interpretatione
1703 2161 2067 2218 narrationem

461 2262 550 2318 his
574 2261 755 2318 verbis
781 2260 1006 2315 absolvit
1034 2267 1127 2314 :Ai
1154 2268 1313 2330 βίϐλοι
1341 2263 1407 2319 εἰς
1435 2260 1649 2320 ἆλληνίδι
1673 2260 1932 2311 ὰτεθιῖσιι
1957 2256 2071 2308 ἀπι-

409 2395 416 2398 -
461 2364 664 2416 τίθησιν
707 2360 751 2407 ἰν
785 2368 849 2425 τῇ
876 2361 1040 2425 πρώτῃ
1073 2358 1355 2424 βίϐλιοθηιιῃ
1384 2363 1446 2420 τῇ
1478 2354 1620 2424 ἰν
1649 2358 1859 2420 βρουχίῳ
1887 2350 2070 2400 οἰκοδο·

463 2455 690 2519 μηθιισῃ·
743 2454 814 2500 ira
865 2446 904 2497 δ’
956 2450 1142 2516 ὕστερον
1190 2446 1274 2496 uoti
1330 2450 1468 2514 ἑτέρα.
1536 2449 1736 2514 typis!”
1783 2446 2067 2511 βιϐλιοθήκῃ

471 2549 520 2596 ἓν
545 2559 615 2614 τῷ
643 2549 878 2611 tepentia},
910 2547 1170 2610 μικροτέρα.
1197 2553 1283 2600 τῆς
1326 2545 1536 2608 πρώτης,
1581 2545 1687 2597 ἣτις
1727 2537 1812 2588 ιιιὶ
1860 2538 2065 2602 θυγάτηρ

465 2639 740 2702 ὠνομάσθαι
767 2637 935 2695 cirrus.
964 2637 1058 2703 ἕνῇ
1081 2633 1377 2692 eiuratione-tv
1417 2636 1462 2683 οἱ
1496 2635 1583 2684 τοῦ
1610 2620 1790 2692 Axilla,
1820 2629 1901 2682 κιὶ
1947 2634 2073 2692 Συμ-

465 2734 654 2796 μέχου,
702 2729 785 2780 καὶ
825 2729 1148 2789 Θιοδοτίωνος,
1175 2727 1258 2777 καὶ
1304 2739 1395 2778 τῶν
1439 2732 1611 2778 λοιπῶν
1652 2725 1918 2793 ἓρμηνιῖιιι,
1945 2723 2072 2786 μετὰ

464 2823 792 2874 διακοσιοστὸν
818 2821 900 2872 καὶ
929 2826 1239 2878 πειτηκσστὸν
1286 2823 1408 2877 ετος.
1448 2813 1591 2869 Libri
1624 2814 1722 2879 illi,
1752 2813 1806 2866 in
1849 2827 2072 2883 grwcum

464 2911 722 2978 translati,
763 2911 815 2964 in
856 2911 1024 2980 priore
1065 2908 1384 2975 bibliotheca,
1435 2923 1548 2977 quae
1588 2907 1640 2960 in
1687 2903 1910 2959 Bruchio
1947 2908 2072 2974 fun-

465 3004 587 3058 data
626 3012 700 3058 est
724 3045 738 3068 ,
766 3002 979 3074 repositi
1017 3010 1154 3056 sunt.
1207 3000 1334 3056 Post
1362 3000 1470 3055 lucc
1513 2999 1619 3054 alia
1649 3015 1826 3054 rursus
1867 2998 1919 3052 in
1966 2997 2070 3053 Se-

463 3097 615 3166 rapio
641 3095 941 3150 bibliotheca
968 3095 1239 3149 constituta
1265 3103 1340 3148 est
1363 3135 1380 3160 ,
1411 3095 1561 3163 longe
1611 3092 1705 3146 illa
1750 3091 1936 3159 minor,
1958 3107 2074 3158 qua

2169 1909 2275 1949 non
2306 1893 2577 1948 exstitisse
2605 1892 2838 1964 amplius
2871 1900 3150 1962 tempore:
3183 1903 3509 1963 quapropter
3533 1891 3623 1946 alii
3655 1906 3773 1948 res-

2171 1987 2433 2058 pondent,
2469 1986 2678 2042 etiamsi
2735 1986 2850 2040 haec
2912 1986 3136 2056 aliaeque
3187 2000 3376 2040 omnes
3433 1986 3775 2042 bibliotheca:

2169 2079 2543 2135 Alexandrinae
2591 2080 2712 2150 igne
2755 2079 3055 2134 combusta:
3096 2079 3325 2146 iuerint,
3351 2094 3458 2134 non
3505 2088 3777 2137 crematos

2172 2183 2349 2228 tamen
2399 2188 2590 2228 omnes
2634 2173 2819 2238 libros,
2854 2183 3014 2244 atque
3041 2174 3108 2229 ab
3135 2173 3237 2228 hoc
3275 2173 3525 2228 incendio
3553 2182 3774 2244 ereptos

2170 2280 2338 2321 sacra:
2365 2265 2659 2335 Scriptum
2688 2265 2967 2320 hcbraicos
2994 2279 3306 2335 grrecosque
3331 2263 3563 2320 codices.

2247 2356 2301 2412 In
2343 2357 2502 2426 hujus
2529 2367 2706 2412 autem
2741 2357 3008 2426 opinionis
3035 2339 3499 2412 confirmationem
3547 2357 3774 2428 proferri

2171 2461 2352 2523 potest
2382 2450 2606 2508 Senecm
2627 2493 2642 2519 ,
2677 2466 2739 2507 ac
2769 2461 2887 2522 post
2928 2452 3100 2522 ipsum
3133 2452 3281 2506 Pauli
3313 2451 3486 2508 Orosii
3531 2454 3775 2506 testimo-

2175 2545 2355 2609 nium,
2411 2544 2502 2614 qui
2560 2543 2947 2615 quadringenta
3002 2544 3261 2598 duntaxat
3299 2544 3555 2599 librorum
3607 2543 3774 2599 millia

2174 2645 2285 2692 tum
2330 2646 2647 2708 consumpta
2691 2646 2989 2692 memorant
3025 2635 3230 2708 (Senec.
3275 2637 3362 2693 lib.
3409 2637 3472 2690 de
3519 2636 3766 2707 tranquil.

2170 2731 2331 2784 anim.
2363 2747 2479 2802 cap.
2508 2731 2559 2787 9.
2593 2747 2712 2802 pag.
2733 2730 2859 2787 663.
2895 2730 3044 2784 Oros.
3076 2729 3162 2786 lib.
3189 2729 3297 2785 VII.
3332 2747 3446 2802 cap.
3483 2729 3595 2801 15).
3615 2731 3772 2800 Atqui

2175 2822 2218 2875 si
2263 2821 2570 2877 Marcellino
2608 2831 2662 2876 et
2695 2821 2897 2887 Gellio,
2931 2837 2962 2876 a
2992 2821 3146 2876 nobis
3189 2830 3343 2875 antea
3375 2822 3552 2876 citatis
3585 2820 3767 2877 credi-

2174 2929 2324 2980 mus,
2355 2914 2407 2968 in
2440 2913 2529 2968 illa
2572 2913 2893 2969 bibliotheca
2925 2914 3258 2984 septingenta
3303 2913 3468 2968 millia
3511 2913 3768 2967 librorum

2175 3006 2386 3062 condita
2428 3007 2656 3080 fuerant.
2689 3005 2951 3061 Trecenta
2995 3005 3154 3076 igitur
3193 3005 3355 3060 millia
3385 3004 3613 3058 ﬂammis
3644 3003 3774 3058 sub-

2175 3100 2332 3156 ducta
2380 3109 2523 3157 sunt.
2573 3099 2652 3155 Ex
2705 3100 2896 3154 horum
2939 3099 3116 3170 itaque
3155 3114 3381 3153 numero
3429 3097 3568 3152 haud
3613 3097 3775 3153 dubie

467 3188 623 3259 hujus
669 3188 780 3256 ﬁlia
819 3187 1114 3252 dicebatur,
1159 3186 1215 3240 in
1263 3201 1416 3254 quam
1461 3184 1692 3255 Aquilia,
1748 3183 2068 3255 Symmachi,
2097 3191 2144 3254 Ο
2176 3201 2330 3248 erant
2374 3191 2508 3258 hare,
2545 3193 2657 3248 Deo
2700 3192 2770 3247 ita
2817 3191 3130 3264 providente
3163 3234 3179 3259 ,
3224 3190 3473 3246 bebraica
3496 3205 3777 3261 graacaque

467 3279 850 3347 Theodotionis,
873 3291 920 3336 et
967 3281 1188 3358 aliorum
1227 3279 1470 3334 editiones
1507 3287 1760 3350 congesta:
1798 3287 1917 3332 sunt
1967 3288 2078 3348 post

468 3390 633 3428 annos
661 3371 808 3429 CCL.
835 3372 1124 3444 (Epiphan.
1155 3371 1270 3427 libr.
1295 3371 1358 3426 de
1388 3370 1559 3426 Pond.
1589 3382 1634 3426 et
1665 3371 1897 3428 Mensur.
1934 3372 2073 3444 §H.

467 3483 590 3537 pag.
624 3465 798 3537 168).
828 3466 992 3522 Vides
1039 3481 1170 3520 sane
1213 3465 1360 3520 illum
1400 3466 1456 3519 in
1497 3464 1598 3522 hoc
1623 3480 1746 3521 cum
1788 3465 1908 3521 aliis
1947 3481 2076 3521 con-

466 3559 670 3616 sentire
699 3601 716 3624 ,
759 3560 903 3630 quod
952 3558 1220 3631 duplicem
1265 3569 1471 3618 asserat
1532 3559 1696 3617 fuisse
1760 3561 2078 3618 Alexandri-

468 3665 596 3706 nam
658 3651 1070 3717 bibliothecam;
1126 3651 1180 3707 in
1227 3667 1293 3708 eo
1349 3663 1527 3708 autem
1597 3653 1892 3721 dissidere,
1934 3655 2074 3725 quod

468 3761 632 3801 uuam
664 3748 718 3802 in
746 3747 979 3803 Bruchio
1004 3789 1019 3811 ,
1046 3744 1274 3805 alteram
1315 3748 1581 3803 minorem
1608 3747 1658 3802 in
1692 3747 1918 3818 Serapio
1942 3764 2074 3804 cou-

469 3839 637 3894 ditam
665 3855 786 3895 esse
813 3841 964 3896 velit.
1001 3840 1188 3898 Utrum
1222 3855 1350 3896 vero
1377 3841 1492 3896 haec
1525 3841 1667 3896 illius
1694 3841 1862 3896 solius
1895 3841 2103 3912 opinio-

469 3932 590 3988 aliis
619 3932 859 4002 praeferri
887 3931 1103 3998 debeat,
1133 3941 1282 3988 tuum
1311 3943 1428 3988 esto
1448 3932 1732 4003 judicium.

464 4069 474 4076 .
543 4025 630 4081 Ab
655 4025 754 4080 hac
782 4038 944 4097 porro
967 4025 1283 4082 difﬁcultate
1326 4027 1369 4081 si
1402 4036 1453 4082 te
1479 4025 1815 4096 expedieris,
1849 4027 1900 4080 in
1941 4025 2075 4081 alte-

471 4135 588 4176 ram
630 4119 790 4191 longe
829 4121 1092 4190 majorem
1123 4120 1407 4175 confestim
1450 4119 1676 4174 incides.
1708 4117 1838 4172 Nam
1864 4115 2075 4173 Tertul-

470 4212 647 4268 lianus
674 4212 741 4269 de
769 4213 982 4268 Veteris
1021 4212 1349 4268 Testameuti
1377 4211 1567 4279 graccis
1597 4209 1875 4265 codicibus
1903 4210 2076 4280 loqui-

474 4315 562 4361 tur
613 4316 865 4376 tanquam
912 4305 966 4359 iu
1032 4305 1123 4358 illa
1167 4303 1524 4358 Alexandrina
1574 4300 1898 4356 bibliotheca
1977 4317 2074 4357 suo

469 4399 648 4456 adhuc
677 4408 918 4467 tempore
948 4396 1254 4460 asservatis,
1289 4405 1453 4465 atque
1494 4393 1846 4450 exstantibus.
1874 4393 2074 4450 Contra

472 4507 606 4548 vero
653 4491 966 4546 Ammianus
1035 4487 1410 4558 Marcellinus,
1452 4496 1510 4542 ut
1563 4486 1826 4550 vidimus,
1874 4487 2076 4543 diserte

2179 3283 2468 3355 Scriptum
2493 3299 2661 3339 sacra:
2689 3284 2982 3339 volumina.

2183 3407 2187 3410 -
2250 3376 2386 3444 Quid
2413 3392 2562 3443 vero,
2593 3376 2736 3448 quod
2767 3377 3185 3449 Chrysostomus
3215 3383 3522 3432 constanter
3551 3388 3772 3430 asseve-

2181 3479 2263 3526 rat
2281 3486 2508 3542 grzecam
2537 3469 2969 3541 propheticorum
2997 3471 3255 3526 librorum
3277 3468 3774 3539 interpretationem

2179 3564 2246 3618 ad
2294 3579 2449 3619 suum
2497 3579 2664 3635 usque
2716 3575 2926 3635 tempus
2977 3564 3029 3618 in
3071 3563 3345 3632 Serapmo,
3396 3563 3509 3616 sive
3554 3570 3612 3616 ut
3662 3560 3778 3630 ipse

2180 3658 2414 3728 loquitur
2437 3698 2450 3723 ,
2481 3657 2756 3728 Serapidis
2784 3657 2986 3727 templo
3013 3664 3414 3711 conservatam.
3447 3653 3572 3708 Haac
3597 3663 3776 3707 autem

2179 3762 2305 3806 sunt
2331 3767 2503 3822 graeca
2538 3751 2678 3806 illius
2708 3751 2871 3805 verba
2904 3768 2917 3804 :
2950 3754 3049 3803 Καὶ
3090 3758 3235 3818 μέχρι
3262 3754 3337 3801 νῦν
3363 3752 3572 3802 insi-qm
3594 3769 3778 3815 προρη·

2175 3862 2268 3899 τῶν
2293 3852 2349 3898 ιι
2375 3847 2722 3915 δρμηνευθεῖσιι
2739 3851 2898 3912 βίϐλοι,
2913 3839 3400 3909 μὲνουσι(ΕΙινῃεοεε.
3421 3836 3567 3890 Orat.
3592 3836 3636 3889 Ι.
3654 3833 3772 3889 adu.

2176 3935 2350 3990 ludar.
2383 3953 2504 4007 pag.
2533 3935 2661 3998 595,
2690 3944 2810 3987 tant.
2841 3933 2904 4001 l).

2249 4027 2542 4091 Cazterum,
2574 4039 2877 4096 quanquam
2923 4023 3116 4092 aliquis
3157 4027 3342 4076 contra
3373 4020 3513 4076 hanc
3543 4019 3779 4092 Chryso-

2177 4122 2337 4178 stomi
2384 4121 2718 4189 aliorumque
2771 4116 3092 4173 sententiam
3149 4116 3430 4170 evidenter
3472 4113 3779 4186 probaverit

2177 4222 2396 4268 exustos
2425 4211 2592 4267 fuisse
2621 4210 2721 4264 hos
2749 4209 2968 4279 codices
2989 4249 3005 4272 ,
3041 4223 3240 4278 negare
3267 4216 3453 4262 tamen
3484 4222 3588 4262 non
3621 4217 3776 4278 pote-

2176 4305 2247 4361 rit
2286 4313 2411 4359 ante
2452 4303 2585 4358 illud
2628 4300 2938 4356 incendium
2977 4299 3331 4369 multiplicata
3362 4298 3530 4353 fuisse
3558 4298 3774 4352 illorum

2176 4399 2524 4469 exemplaria,
2557 4411 2620 4452 ac
2650 4396 2800 4466 plura
2833 4395 3085 4450 bebraica
3115 4410 3144 4447 a
3170 4393 3394 4459 Iuda-is,
3425 4391 3677 4464 et’graica
3709 4394 3778 4450 ab

2176 4494 2295 4548 aliis
2322 4491 2592 4561 descripta
2611 4531 2626 4556 ,
2659 4506 2778 4559 quae
2805 4488 3091 4558 diligenter
3117 4497 3437 4544 conservata
3465 4497 3608 4542 sunt.
3644 4485 3776 4542 Nulo
3831 4513 3846 4527 κ

471 4584 671 4640 asserit
721 4582 921 4636 hancce
966 4581 1250 4650 ίβεθηιῐηει
1279 4579 1656 4637 biblimllecam
1682 4580 1815 4635 bello
1843 4581 2070 4636 Alemn-
2097 4583 2150 4644 D
2179 4585 2260 4639 lus
2285 4584 2560 4640 enimvero
2586 4579 2865 4638 dubitandi
2893 4580 3047 4635 locus
3072 4589 3176 4646 est,
3205 4579 3332 4650 quin
3367 4579 3529 4634 multa
3557 4579 3774 4650 quidem

479 4675 628 4728 drino
656 4672 751 4726 sub
773 4672 1025 4728 dictatore
1042 4673 1251 4738 Cresare
1281 4674 1627 4745 conﬂagrasse
1656 4672 1917 4745 (Marcell.
1951 4674 2068 4729 libr.

473 4765 644 4822 XXII.
673 4782 790 4836 cap.
817 4766 900 4821 16.
935 4785 988 4836 p.
1020 4767 1169 4838 5M).
1197 4768 1366 4824 Aulus
1388 4770 1548 4825 etiam
1579 4769 1784 4826 Gellius
1815 4779 2069 4826 testatum

473 4858 604 4914 facit
639 4857 854 4913 incensa
885 4867 993 4913 tum
1030 4859 1191 4914 fuisse
1221 4861 1289 4915 ab
1317 4861 1615 4927 auxiliariis
1652 4862 1911 4917 militibus
1945 4877 2072 4932 sep-

488 4954 726 5026 tingenta
775 4954 942 5011 ferme
973 4959 1301 5013 voluminum
1345 4959 1512 5016 millia
1543 4958 1701 5028 (Gell.
1729 4960 1766 5014 ι.
1792 4959 1881 5013 Vl.
1911 4956 2068 5014 Noct.

479 5045 605 5101 Alli.
654 5063 770 5116 cap.
821 5049 907 5102 17.
966 5066 1084 5120 pag.
1139 5049 1288 5122 594).
1336 5050 1562 5120 Utrique
1609 5051 1742 5107 Dion
1787 5051 2070 5122 sullragari

477 5144 710 5211 videtur,
743 5145 832 5214 qui
863 5146 936 5199 ait
967 5146 1228 5200 Achillam
1259 5156 1402 5202 recta
1432 5147 1642 5202 venisse
1669 5147 2068 5212 Alexandriam,

460 5247 638 5308 atque
673 5239 741 5292 ab
776 5255 840 5294 eo
880 5241 1176 5294 commissa.
1205 5251 1326 5294 cum
1356 5239 1571 5296 Cmsare
1621 5240 1884 5296 dictatore
1927 5241 2070 5308 varia

469 5332 679 5403 praelia,
713 5333 983 5402 multaque
1013 5332 1147 5388 facta
1179 5334 1442 5389 incendia.
1490 5340 1591 5396 Τὰς
1627 5339 1676 5388 δὲ
1714 5339 1960 5396 tironem;
1988 5339 2074 5389 ui

465 5432 555 5480 τοῦ
584 5436 734 5490 σίτου,
756 5436 837 5478 καὶ
864 5443 955 5482 τῶν
977 5435 1147 5497 βίϐλων
1164 5436 1388 5482 πλείστων
1411 5432 1471 5480 δῦ.
1489 5436 1573 5481 καὶ
1598 5430 1815 5498 ἀρίστων,
1848 5434 1906 5489 ὥς
1933 5451 2070 5498 φιτ-σι,

454 5524 718 5586 ¹γινομένων
743 5524 994 5580 καυθῖηιιιι,
1041 5528 1086 5572 et
1115 5519 1388 5588 apothecas
1422 5517 1536 5574 sive
1569 5519 1732 5574 cellas
1755 5519 1996 5587 frumenti
2023 5527 2070 5572 et

455 5605 715 5668 ﬁbrorum
743 5606 1080 5675 plurimorum
1103 5619 1149 5662 et
1180 5611 1489 5678 aptimorum
1511 5653 1528 5676 ,
1555 5620 1610 5666 ut
1653 5610 1844 5680 fertur,
1874 5610 2070 5678 con/la-

467 5712 643 5769 grasse
671 5697 849 5773 (Dion.
878 5699 967 5754 lib.
1001 5699 1164 5756 XLII.
1193 5700 1344 5756 llom.
1379 5702 1498 5756 hist.
1525 5719 1646 5774 pag.
1677 5702 1829 5772 228).

543 5788 682 5856 Quin
710 5790 872 5846 etiam
912 5791 1247 5864 Epiphanius
1273 5794 1550 5852 memoriae
1597 5793 1830 5865 prodidit
1872 5793 2064 5850 biblio-

2176 4677 2240 4732 ad
2271 4675 2606 4732 Christianos
2636 4673 3000 4746 pervenerint.
3031 4671 3146 4728 Non
3181 4686 3348 4743 pauca
3377 4671 3573 4727 etenim
3602 4685 3775 4742 grasca

2177 4773 2480 4829 testimonia
2528 4773 2582 4826 iu
2626 4769 2761 4827 Novi
2808 4768 3139 4824 Testameuti
3208 4767 3362 4822 libris
3405 4767 3568 4821 citata
3615 4780 3775 4836 repe-

2176 4867 2405 4922 riuntur.

2248 4959 2515 5015 Praeterea
2555 4973 2686 5014 vero
2732 4955 2987 5011 bebraica
3017 4952 3317 5025 apographa
3365 4950 3776 5024 diligentissime

2175 5055 2243 5110 ab
2271 5055 2459 5111 iisdem
2489 5053 2690 5109 Judaeis
2716 5051 3146 5106 asservabantnr.
3179 5049 3253 5104 De
3284 5047 3349 5102 iis
3397 5061 3647 5116 namque,
3680 5044 3773 5116 qui

2176 5163 2277 5201 suo
2329 5157 2570 5216 tempore
2620 5142 2908 5206 vivebant,
2961 5140 3094 5195 dixit
3137 5139 3496 5195 Tertulliauus
3540 5145 3770 5193 uoster:

2175 5238 2350 5292 Jnda’i
2381 5238 2552 5308 palam
2580 5235 2806 5290 lectitant
2832 5232 3127 5304 :vectigalis
3156 5233 3358 5286 libertas
3383 5248 3402 5285 :
3423 5231 3572 5302 vulgo
3601 5229 3773 5284 aditur

2178 5330 2398 5386 sabbatis
2426 5329 2678 5384 omnibus.
2712 5325 2950 5381 Audisnc
2974 5341 3132 5396 quam
3165 5324 3462 5380 luculenter
3490 5325 3576 5378 ille
3624 5322 3773 5377 afﬁr-

2180 5434 2290 5480 met
2313 5423 2549 5486 Judzcos,
2574 5421 2796 5491 singulis
2826 5420 3125 5489 quibusque
3155 5418 3389 5473 sabbatis
3415 5418 3466 5472 in
3488 5415 3773 5488 synagogis

2173 5515 2287 5571 suis
2341 5522 2734 5584 congregatos,
2765 5511 2939 5582 palam
2991 5519 3047 5566 et
3096 5509 3441 5565 audientibus
3496 5508 3768 5574 omnibus,

2173 5605 2444 5662 lectitasse
2491 5606 2588 5659 bos
2631 5617 2816 5658 sacros
2853 5601 3104 5667 codices,
3133 5600 3428 5656 vernacula
3457 5613 3553 5653 sua
3594 5598 3772 5668 lingua

2172 5699 2524 5768 conscriptos.
2564 5696 2722 5767 Atqui
2782 5711 2898 5750 mos
2931 5695 3020 5750 ille
3060 5703 3187 5749 ante
3241 5702 3297 5747 et
3337 5700 3459 5761 post
3497 5689 3771 5746 Christum

2174 5790 2458 5849 Dominum
2480 5831 2494 5857 ,
2525 5799 2685 5861 atque
2711 5789 2779 5846 ab
2813 5787 3048 5858 antiquis
3084 5783 3416 5856 temporibus
3451 5782 3768 5839 inoleverat.
