4092 6352
327 346 439 410 793

1439 342 1890 402 DISSERTATIO
1926 341 1988 400 D.
2030 341 2118 403 LE
2155 343 2460 405 NOURRY.

3527 351 3631 413 794

334 469 411 526 De
436 466 603 523 Paulo
631 463 891 537 siquidem
923 463 1144 536 ejusque
1170 461 1332 519 sociis
1365 461 1418 518 in
1453 463 1671 519 Actibus
1696 463 1926 532 Apostoé
1951 464 2005 525 Α
2031 473 2301 520 mentatur
2321 483 2333 520 :
2355 465 2527 521 Codea:
2546 466 2596 520 in
2612 481 2710 537 quo
2728 465 2835 520 lucc
2854 464 3043 536 scripta
3060 467 3315 538 leguntur,
3336 466 3389 522 in
3410 469 3634 524 armario

335 561 512 616 lorum
546 558 824 614 memoria:
861 557 1132 627 proditum
1161 564 1245 612 est
1273 573 1288 610 :
1325 555 1413 610 illi
1441 572 1554 611 vero
1584 565 1932 623 perlranseun-

336 666 409 711 tes
441 653 664 726 Pergen,
688 659 1019 722 peruenerunt
1041 649 1361 704 Antiochiam
1389 649 1624 715 Pisidiw,
1651 649 1936 719 etingressi

335 749 668 821 Synagogam
711 747 794 800 die
830 745 1176 809 sabbatorum,
1204 744 1461 798 sederunt.
1501 741 1627 796 Post
1673 742 1936 796 lectionem

333 849 503 894 autem
529 837 678 908 Legis
705 846 754 892 et
779 835 1162 907 Prophetarum
1189 834 1387 889 Paulus
1424 833 1724 888 Judceornm
1752 841 1935 902 rogatu

333 947 614 987 sermonem
646 930 716 983 ad
745 946 830 984 eos
868 928 1044 983 habuit
1093 928 1231 999 (Act.
1286 927 1466 1000 Apost.
1521 944 1637 998 cap.
1669 925 1810 982 XIII.
1843 927 1932 981 ii.

334 1031 381 1078 et
407 1021 593 1094 seqq.).
617 1021 747 1076 Post
776 1019 892 1076 base
919 1020 1206 1085 vero,lta'c
1238 1019 1434 1075 ibidem
1467 1018 1658 1073 litteris
1686 1016 1934 1072 mandata

334 1116 575 1181 invenies
599 1133 613 1170 :
634 1114 842 1186 Moyses
867 1130 898 1167 a
927 1112 1237 1185 temporibus
1264 1112 1489 1183 antiquis
1518 1112 1662 1165 habet
1689 1112 1740 1165 in
1767 1111 1936 1182 singu-

335 1207 400 1264 lis
427 1207 732 1274 civitatibus,
761 1207 850 1275 qui
877 1222 991 1264 eum
1018 1205 1293 1277 prtedicent
1325 1207 1378 1260 in
1407 1206 1702 1277 synagogis,
1732 1205 1817 1258 ubi
1847 1221 1936 1274 per

334 1316 483 1356 omne
525 1299 787 1354 sabbatum
831 1298 1016 1369 legitur
1046 1297 1206 1368 (Ibid.
1250 1314 1366 1370 cap.
1408 1297 1530 1352 XV.
1583 1297 1702 1368 21).
1751 1298 1819 1352 At
1881 1295 1934 1352 id

335 1401 484 1449 certe
517 1391 630 1446 ﬁeri
677 1405 784 1446 non
817 1391 1023 1460 potuit,
1054 1393 1181 1461 quin
1219 1398 1377 1445 antea
1423 1389 1601 1445 Judaei
1647 1389 1934 1446 habuerint

336 1483 436 1540 hos
464 1483 704 1549 codices,
738 1491 796 1538 et
821 1483 1108 1538 maximam
1140 1483 1190 1538 in
1221 1484 1283 1538 iis
1310 1485 1634 1553 incorruptis
1663 1493 1823 1554 atque
1852 1483 1935 1538 in-

333 1576 642 1648 tegerrimis
669 1575 1055 1632 conservandis
1081 1590 1273 1631 curam
1302 1575 1681 1653 impenderim.

337 1721 343 1730 ,
407 1666 544 1735 Quid
591 1681 718 1722 vero
761 1667 901 1734 sibi,
934 1666 1164 1737 inquies,
1211 1667 1325 1722 vult
1367 1667 1725 1724 Tertullianus
1751 1711 1767 1736 ,
1813 1685 1936 1724 cum

340 1761 474 1818 dixit
519 1760 718 1818 Judtnis
761 1760 1072 1832 vectigalem
1121 1759 1287 1817 fuisse
1329 1773 1501 1818 coetus
1544 1777 1670 1819 suos
1713 1763 1937 1835 singulis

336 1854 575 1912 sabbatis
602 1854 818 1924 agendi,
839 1863 894 1910 et
918 1855 1082 1909 libros
1102 1869 1228 1910 suos
1250 1856 1573 1927 ibilegendi,
1603 1857 1938 1912 libertatem?
1966 1863 2014 1923 B

337 1951 563 2021 Quidam
595 1959 775 2007 autem
805 1950 1116 2004 existimant
1142 1949 1226 2020 bis
1255 1949 1437 2006 verbis
1465 1950 1732 2021 designari
1767 1951 1936 2006 facul-

339 2053 503 2114 tatem
545 2043 624 2099 eis
667 2059 696 2098 a
727 2041 1077 2113 Philadelpho
1119 2057 1430 2098 concessam
1455 2083 1471 2106 ,
1501 2043 1662 2098 modo
1703 2058 1939 2098 annuum

336 2135 563 2204 vectigal
591 2127 868 2189 modicum
889 2134 1184 2189 solverent.
1219 2133 1326 2190 Sed
1348 2149 1455 2204 quo
1481 2145 1798 2204 argumento
1816 2149 1942 2206 pro-

337 2227 551 2286 babitur
601 2227 730 2282 illud
782 2226 1007 2297 vectigal
1061 2237 1308 2283 exactum
1356 2242 1385 2279 a
1437 2226 1941 2298 Philadelplto,qui

339 2322 472 2377 tanti
524 2321 756 2377 faciebat
793 2334 980 2375 sacros
1022 2319 1237 2375 Veteris
1285 2318 1613 2376 Testamenti
1644 2320 1845 2386 libros,
1879 2335 1942 2375 ac

337 2415 552 2472 illorum
625 2415 946 2485 interpretes
1012 2413 1170 2468 donis
1235 2414 1484 2469 maximis
1542 2414 1942 2470 cumulaverat?

344 2509 507 2581 longe
546 2509 724 2579 itaque
767 2507 1110 2564 verisimilius
1139 2507 1259 2562 aliis
1306 2507 1516 2564 videtur
1555 2523 1585 2561 a
1614 2507 1944 2563 Tertulliano

339 2601 588 2657 denotari
617 2600 871 2656 tributum
895 2643 910 2669 ,
940 2601 1084 2671 quod
1111 2601 1340 2656 Romani
1371 2603 1722 2673 imperatores
1745 2601 1945 2658 Judteis

340 2692 646 2749 indixerant
667 2734 682 2760 ,
710 2700 770 2747 ut
793 2693 873 2748 eis
915 2708 1066 2750 more
1090 2693 1248 2748 solito
1272 2694 1496 2765 singulis
1533 2694 1770 2749 sabbatis
1801 2709 1942 2752 ,con-

338 2786 550 2857 gregari
592 2785 795 2840 liceret.
827 2785 1053 2853 Quidam
1098 2801 1229 2841 vero
1260 2794 1446 2856 putant
1491 2785 1557 2841 de
1600 2785 1703 2842 hoc
1745 2785 1944 2841 tributo

340 2875 686 2947 intelligenda
709 2891 828 2931 esse
874 2877 1022 2946 istaec
1073 2875 1336 2940 Suetonii,
1359 2875 1426 2932 de
1455 2876 1755 2930 Domitiano
1775 2877 1946 2947 impe-

345 2979 527 3026 ratore
551 2969 760 3039 agentis
779 3009 795 3034 ,
823 2969 986 3023 verba
1012 2986 1024 3022 :
1054 2966 1253 3023 Prwter
1280 2978 1496 3023 cceteros
1513 2966 1763 3023 Iudaicus
1791 2969 1945 3038 ﬁscus

339 3062 656 3118 acerbissime
675 3070 816 3116 actus
837 3071 931 3130 est,
962 3061 1030 3115 ad
1051 3077 1198 3133 quem
1223 3060 1600 3133 deferebantur,
1624 3061 1728 3131 qui,
1761 3060 1839 3116 vel
1867 3062 1946 3115 uti

341 3155 562 3227 professi
611 3153 887 3208 Judaicam
915 3154 1053 3208 intra
1081 3155 1253 3208 urbem
1280 3154 1498 3208 viverent
1522 3154 1698 3220 vitam,
1729 3133 1806 3207 uel
1835 3153 1944 3208 dis-

2036 557 2211 611 Judtei
2245 557 2448 612 habent.
2487 555 2734 612 Inimicus
2761 573 2900 613 meus
2927 559 3067 613 testis
3089 569 3182 615 est.
3207 559 3281 613 Ab
3311 560 3421 631 ipso
3441 577 3630 629 quivre,

2035 652 2198 720 aperi,
2226 653 2354 722 lege,
2377 651 2524 706 crede
2559 652 2856 724 (Augustin.
2899 651 3133 722 Append.
3182 661 3305 707 tom.
3340 653 3471 708 VIII.
3513 654 3630 708 libr.

2034 753 2196 798 contr.
2221 746 2394 815 quinq.
2425 745 2605 801 lustres.
2631 761 2678 799 e.
2712 745 2764 798 7.
2791 761 2840 812 ρ.
2874 745 2955 816 9).
2987 743 3147 800 Tales
3170 760 3300 815 ergo
3339 745 3437 801 hos
3465 745 3633 802 libros

2036 838 2326 894 Christiani
2359 838 2678 901 habuerunt,
2713 837 2896 907 quales
2921 836 3022 892 sibi
3051 851 3079 889 a
3103 835 3302 891 Judaris
3331 838 3633 893 transmissi

2038 931 2266 986 fuerant.
2301 929 2439 985 Nihil
2471 929 2613 984 enim
2646 930 2697 983 in
2723 943 2908 985 eorum
2935 937 3080 984 textu
3109 928 3398 1000 quidquam
3440 929 3634 983 immu—

2035 1031 2152 1079 tare
2173 1032 2438 1094 poterant,
2463 1024 2590 1094 quin
2613 1038 2641 1076 a
2662 1021 2860 1078 Judmis
2883 1064 2898 1088 ,
2945 1021 3158 1076 illorum
3187 1022 3434 1085 inimicis,
3460 1029 3513 1076 et
3537 1037 3634 1078 eus

2036 1115 2276 1186 quotidie
2320 1115 2618 1186 legentibus
2645 1157 2658 1179 ,
2689 1115 2802 1170 falsi
2834 1112 3117 1169 confestim
3164 1115 3631 1171 convincerentur.

2037 1211 2168 1276 Quze
2197 1217 2377 1264 autem
2401 1218 2669 1278 quantave‘
2697 1207 2766 1261 sit
2795 1206 3005 1261 illorum
3029 1205 3350 1273 auctoritas,
3374 1207 3483 1277 jam
3510 1221 3634 1263 cum

2039 1301 2368 1357 Tertulliano
2396 1311 2579 1356 nostro
2605 1300 3004 1371 investigemus.

2630 1431 2919 1472 ARTICULUS
2957 1432 3030 1471 ιν.

2043 1539 2306 1606 Quomodo
2335 1539 2677 1594 Tertullianus
2707 1555 2869 1594 sacra,
2890 1539 3175 1610 Scriptura:
3201 1541 3550 1596 auctoritatem
3577 1557 3638 1595 ea:

2110 1633 2336 1686 maxima
2376 1634 2489 1704 ejus
2518 1633 2820 1700 antiquitate
2853 1633 3160 1688 dentonstret
3187 1672 3202 1699 ,
3231 1650 3347 1700 qua:
3375 1633 3475 1688 sint
3519 1633 3641 1688 sub-

2109 1726 2310 1780 stantiw
2338 1736 2384 1779 et
2414 1726 2638 1781 materia:
2664 1726 2882 1780 veterani
2908 1726 3045 1797 styli,
3072 1725 3218 1782 urbes
3239 1727 3458 1798 insignes
3484 1727 3641 1782 histo-

2113 1819 2329 1884 riarum,
2363 1829 2410 1874 et
2439 1820 2554 1874 cani
2580 1822 2960 1874 memoriarunt.

2115 1953 2390 2010 Summam
2433 1969 2600 2009 sacrae
2626 1953 2920 2023 Scriptura:
2946 1953 3321 2009 auctoritatem
3347 1953 3639 2010 Tertullit-

2044 2063 2142 2101 nus
2154 2047 2347 2116 duplici
2371 2055 2685 2117 argumento
2706 2056 2889 2116 aperte
2924 2047 3178 2102 vindicat.
3201 2047 3438 2103 Primum
3459 2057 3640 2103 autent

2044 2140 2176 2210 petit
2199 2154 2265 2194 ex
2301 2139 2530 2193 maxima
2570 2138 2686 2208 ejus
2717 2139 3058 2208 antiquitate,
3087 2139 3156 2194 de
3187 2153 3289 2210 qua
3319 2154 3417 2194 nos
3445 2141 3642 2209 saepius

2043 2235 2096 2287 lu
2125 2232 2386 2303 superiori
2432 2240 2718 2303 apparatus
2757 2234 2923 2288 nostri
2968 2233 3472 2288 tomozsecuudum
3516 2249 3642 2289 vero

2044 2341 2109 2380 ex
2158 2325 2298 2381 illius
2336 2325 2638 2391 divinitate,
2697 2326 2815 2379 sive
2865 2341 2931 2380 ex
2978 2324 3162 2379 divino
3203 2325 3440 2396 Spiritu,
3489 2325 3642 2395 cujus

2045 2416 2227 2472 afﬂatu
2251 2433 2440 2472 omnes
2464 2418 2580 2488 ejus
2607 2417 2728 2473 libri
2756 2417 2945 2472 litteris
2966 2417 3198 2471 mandati
3228 2417 3461 2472 fuerunt.
3487 2416 3644 2473 Prius

2046 2521 2223 2568 autem
2264 2521 2635 2584 argumentum
2679 2527 2744 2566 eo
2790 2511 3058 2566 lubentius
3098 2512 3356 2565 adversus
3397 2509 3644 2566 ethnicos

2047 2615 2219 2676 urget,
2248 2606 2413 2675 quod,
2447 2604 2588 2660 illius
2620 2605 2726 2660 vim
2765 2613 2822 2659 et
2860 2604 3068 2674 pondus
3110 2611 3496 2672 agnoscentes,
3520 2601 3645 2657 inde

2045 2690 2360 2767 religionem
2390 2712 2573 2763 suam,
2612 2695 2979 2767 quamtumvis
3009 2694 3234 2759 falsam,
3265 2695 3398 2749 tueri
3425 2709 3488 2748 ac
3515 2708 3646 2756 con-

2047 2789 2264 2846 ﬁrmare
2290 2789 2640 2846 conabantur.
2671 2788 2779 2843 Eos
2803 2787 2946 2843 enim
2975 2802 3161 2842 omnes
3185 2786 3267 2840 his
3291 2786 3381 2842 ille
3405 2786 3645 2856 compel-

2049 2882 2125 2936 lat
2173 2883 2350 2937 verbis
2387 2881 2579 2951 :Apud
2628 2897 2714 2935 vos
2758 2879 3018 2949 religionis
3067 2887 3137 2932 est
3187 2879 3350 2933 instar
3392 2877 3546 2947 ﬁdem
3583 2877 3648 2932 (le

2050 2963 2359 3045 temporibus
2404 2975 2641 3029 adserere
2688 2972 3018 3046 (Tertullian.
3049 2973 3314 3044 Apologet.
3347 2987 3464 3042 cap.
3517 2968 3643 3039 19),

2049 3068 2100 3122 id
2145 3078 2270 3136 est,
2318 3068 2631 3139 religionem
2692 3074 2958 3130 vestram,
3000 3064 3366 3136 falsorumque
3421 3063 3645 3119 deorum

2047 3159 2248 3214 cultura
2284 3159 2401 3232 ejus
2457 3159 2772 3228 antiquitate
2800 3173 3135 3230 propugnare
3163 3157 3510 3232 contenditis.

343 3248 589 3304 simulata
615 3249 812 3320 origine
834 3289 848 3313 ,
880 3249 1122 3318 imposita
1160 3248 1294 3319 genti
1319 3247 1512 3307 tributa
1540 3264 1642 3302 non
1675 3248 1944 3318 pependis—
1971 3255 2016 3318 ς
2121 3252 2283 3323 Atqui
2321 3252 2363 3306 si
2394 3251 2650 3306 momenti
2687 3250 2914 3320 alicujus
2955 3250 3027 3306 sit
3066 3249 3180 3304 haec
3219 3250 3385 3316 ratio,
3415 3264 3522 3303 non
3552 3263 3647 3317 po-

341 3341 829 3414 sent(Sueton.lib.
859 3341 995 3396 vnt.
1043 3343 1096 3395 in
1146 3340 1263 3394 Vita
1287 3327 1482 3395 Domit.
1521 3339 1549 3412 §
1584 3341 1697 3410 η).
1751 3343 1821 3396 At
1871 3341 1943 3396 ibi

347 3434 612 3505 significat
635 3433 864 3500 iudicis,
897 3443 952 3488 ut
981 3433 1204 3489 liberam
1232 3443 1395 3488 secta:
1415 3447 1528 3488 suae
1556 3430 1941 3502 professionem

341 3525 667 3582 redimerem
691 3569 708 3594 ,
733 3526 1049 3582 solvendum
1091 3525 1306 3596 quidem
1351 3528 1607 3581 tributum
1634 3568 1650 3593 ,
1674 3526 1768 3582 sed
1799 3525 1942 3597 quod

340 3628 556 3674 auctum
599 3628 723 3673 tunc
768 3619 944 3688 potius
971 3617 1182 3682 fuerat,
1216 3632 1374 3688 quam
1407 3617 1582 3687 primo
1610 3617 1942 3687 impositum.

342 3712 479 3770 Nam
510 3713 562 3767 in
595 3713 779 3768 Dionis
809 3711 1059 3782 Epitome
1089 3710 1395 3780 Xipbilinus
1419 3720 1603 3766 narrat
1635 3710 1814 3765 Titum
1843 3711 1943 3765 im-

344 3814 648 3878 peratorem
708 3814 828 3876 post
870 3812 1079 3875 captam
1131 3803 1558 3875 Hierosolymam
1609 3804 1836 3874 jussisse
1887 3813 1946 3860 ut

345 3899 554 3965 Judaei,
610 3899 698 3970 qui
747 3899 946 3969 patrias
996 3899 1140 3969 leges
1187 3897 1612 3968 proﬁtebantur,
1659 3901 1945 3971 quotannis

339 3992 677 4062 ,didragmam
724 3991 839 4047 Jovi
869 3991 1172 4061 Capitolino
1217 3990 1514 4062 penderent
1538 3991 1768 4062 (Xiphil.
1800 3991 1942 4064 Epit.

341 4083 500 4140 Dion.
557 4086 608 4139 in
672 4083 771 4138 Vit.
833 4084 1129 4154 Vespasian.
1181 4101 1302 4159 pag.
1349 4085 1500 4155 518).
1553 4084 1719 4141 Visne
1771 4100 1944 4155 grmca

338 4176 484 4233 illius
509 4177 669 4232 verba
697 4177 919 4233 audire?
953 4177 1030 4231 Ειι
1060 4178 1169 4248 ipsa
1220 4186 1346 4232 ειιηι
1371 4195 1387 4232 ε
1420 4181 1523 4232 Καὶ
1565 4179 1650 4232 ἀπ’
1675 4186 1844 4232 ἑκείνου
1875 4183 1946 4233 δί-

342 4275 545 4344 δμγμον
583 4279 762 4342 ἰτάχθη
799 4282 909 4334 τοὺς
949 4278 1016 4328 τὰ
1055 4282 1242 4344 arui/rpite
1283 4276 1438 4328 αὗτῶν
1454 4281 1534 4334 ἔθη
1565 4282 1946 4345 transducunt:

339 4377 410 4434 ’τῷ
434 4372 725 4435 Καπιτωλίῳ
752 4375 832 4418 Διὶ
853 4365 962 4419 κάπ’
996 4373 1098 4425 ἔτος
1125 4368 1394 4435 ἀποφέρειν.

335 4515 338 4518 ,
416 4456 497 4511 Ad
527 4454 656 4514 illud
687 4471 844 4524 porro
875 4455 1132 4510 tributum
1165 4464 1351 4525 putant
1395 4454 1478 4512 his
1505 4455 1816 4513 Iuvenalem
1861 4458 1944 4513 al-

341 4545 538 4603 lusisse
566 4545 810 4599 versibus
836 4563 849 4601 :

496 4659 637 4723 Nunc
658 4661 779 4710 sacri
797 4659 943 4712 fontis
966 4675 1156 4723 nemus,
1181 4667 1234 4713 et
1248 4663 1452 4714 delubra
1477 4664 1697 4718 locantur

493 4721 696 4792 iudicis,
721 4737 928 4792 quorum
947 4721 1183 4792 cophinus
1203 4726 1484 4792 laeuumque
1506 4731 1753 4792 supellex.

497 4786 669 4853 Omnis
687 4789 818 4838 enim
844 4786 1024 4853 populo
1047 4790 1329 4853 intercedant
1354 4786 1580 4852 pendere
1597 4793 1730 4853 jussu
1756 4798 1834 4844 est

497 4850 676 4911 Arbor,
695 4857 746 4900 et
769 4851 1209 4914 ejectismendicat
1230 4850 1369 4914 sylva
1381 4850 1631 4904 cantantis.

932 4912 1183 4980 (Juvenal.
1208 4912 1346 4966 saltir.
1372 4913 1419 4966 5.
1448 4929 1491 4967 v.
1533 4919 1606 4968 15.
1633 4924 1678 4969 et
1698 4919 1855 4986 seqq.)

343 5019 512 5087 Recte
551 5036 681 5092 ergo
724 5020 840 5078 hate
883 5037 914 5077 a
943 5021 1274 5079 Tertulliano
1323 5024 1622 5094 appellatur
1687 5025 1948 5097 uectigalis

345 5111 570 5175 libertas,
603 5114 727 5184 quia
752 5129 856 5168 non
883 5123 1157 5185 poterant,
1190 5115 1290 5170 nisi
1319 5116 1498 5171 soluto
1528 5117 1677 5188 prius
1703 5118 1906 5174 tributo
1927 5161 1942 5184 ,

342 5220 537 5277 cogere
583 5221 706 5261 suas
748 5223 978 5280 synaxes
1003 5249 1017 5273 ,
1045 5218 1099 5264 et
1139 5209 1190 5263 in
1236 5211 1522 5282 synagogis
1566 5210 1718 5275 suis,
1749 5211 1946 5282 ubique

333 5298 601 5369 dispersis
625 5343 640 5367 ,
667 5302 1073 5358 accuratissime
1101 5314 1450 5358 conservatos
1479 5319 1661 5359 sacros
1697 5319 1826 5359 suos
1850 5320 1943 5359 cu-

241 5397 255 5407 ‘
341 5391 491 5449 dices
517 5392 688 5463 palam
719 5395 978 5450 lcetitare.
1009 5395 1091 5450 Ah
1115 5394 1200 5452 his
1232 5397 1410 5466 itaque
1439 5395 1640 5451 Judreis
1660 5437 1674 5460 ,
1699 5396 1946 5452 infensis-

340 5487 492 5557 simis
516 5486 630 5543 suis
653 5487 1219 5553 hostibus,Christiani
1248 5500 1566 5558 acceperant
1589 5489 1708 5545 illos
1733 5489 1940 5547 Veteris

342 5579 670 5636 Testamenti
708 5581 956 5642 codices.
990 5580 1059 5634 de
1100 5594 1328 5651 quorum
1373 5581 1598 5638 veritate
1631 5592 1684 5638 et
1725 5583 1942 5653 integri-

342 5681 452 5728 tate
479 5686 639 5728 uemo
666 5673 782 5726 sani
809 5672 999 5742 capitis
1027 5671 1188 5727 homo
1211 5688 1441 5742 unquam
1471 5673 1758 5730 dubitabit.
1781 5673 1936 5738 Nam,

341 5774 399 5820 ut
428 5765 681 5836 antiquus
707 5765 827 5820 libri
858 5775 1036 5818 contra
1075 5766 1293 5836 quinque
1318 5766 1532 5821 hereses
1555 5807 1570 5831 ,
1601 5767 1731 5822 olim
1757 5768 1942 5837 Augu-

340 5857 483 5920 stino
511 5858 789 5929 adscripti,
819 5867 1006 5914 auctor
1045 5867 1190 5914 recte
1230 5856 1484 5915 adversus
1509 5859 1756 5917 ethnicos
1791 5875 1942 5932 argu-

2047 3343 2198 3399 testis
2223 3343 2513 3412 Scripturis
2551 3343 2750 3398 nostris
2791 3341 3052 3411 derogare
3091 3340 3272 3395 ﬁdem.
3307 3340 3439 3395 Nam
3471 3341 3641 3404 unius,

2047 3435 2218 3506 inquit
2243 3435 2620 3501 Tertullianus,
2655 3435 2918 3505 praphetaz
2943 3433 3187 3487 scrinium
3213 3433 3342 3501 (hoc
3391 3441 3492 3497 est,
3524 3432 3646 3488 libri

2046 3527 2268 3601 Moysis)
2301 3529 2504 3584 steculis
2530 3529 2683 3582 vincit
2713 3544 2885 3582 onmes
2914 3527 3221 3582 substantias
3259 3536 3306 3581 et
3336 3527 3643 3594 materias...

2045 3623 2290 3692 cujusque
2315 3623 2535 3674 ueterani
2559 3621 2682 3691 styli
2702 3621 2849 3675 vestri
2870 3618 3080 3690 (lbid.),
3100 3634 3193 3675 seu
3216 3634 3405 3675 omnes
3424 3618 3646 3676 omnino

2045 3715 2531 3769 commentationes
2555 3723 2792 3780 vestras,
2821 3729 3115 3783 earumque
3142 3722 3476 3784 argumenta.
3506 3713 3645 3780 Quin

2034 3806 2208 3861 etiam
2237 3815 2452 3876 superat
2499 3805 2738 3876 origines,
2780 3805 2968 3876 inquit,
2997 3805 3111 3860 sive
3147 3804 3291 3860 initia
3321 3814 3376 3860 et
3401 3820 3642 3872 caussns,

2047 3899 2249 3954 ordines
2288 3909 2336 3952 et
2375 3914 2557 3963 venas,
2589 3899 2702 3954 sive
2745 3907 2954 3953 meatus
2979 3907 3032 3954 et
3061 3897 3277 3954 canales
3301 3940 3315 3964 ,
3345 3899 3539 3970 quibus
3579 3897 3645 3954 ad

2047 4006 2144 4048 vos
2172 4009 2341 4064 usque
2369 4001 2746 4064 pervenerunt.

2121 4087 2387 4143 Praeterea
2433 4096 2698 4144 vetustate
2741 4101 2836 4142 sua
2878 4088 3202 4143 antecedunt
3227 4098 3412 4160 gentes
3437 4087 3645 4158 pleras-

2049 4196 2190 4252 que,
2223 4195 2343 4251 qua:
2389 4189 2571 4251 postea
2616 4190 2751 4234 ortre
2790 4190 2953 4247 sunt,
2988 4190 3032 4234 et
3057 4182 3202 4235 urbes
3230 4181 3450 4252 insignes
3489 4179 3648 4233 histo-

2046 4276 2263 4343 riarum,
2297 4286 2342 4330 et
2368 4291 2522 4329 canas
2549 4274 2930 4329 memoriarum.
2959 4273 3034 4328 Ita
3068 4274 3118 4328 in
3144 4275 3343 4328 nostris
3371 4272 3648 4330 codicibus

2049 4369 2427 4438 manuscriptis
2453 4375 2508 4423 et
2542 4359 2931 4437 antiquioribus
2960 4365 3283 4420 cditionibus
3311 4407 3326 4432 ,
3358 4365 3457 4420 nisi
3503 4365 3647 4436 quod

2049 4475 2146 4531 pro
2177 4475 2331 4514 canas
2360 4459 2413 4514 in
2454 4461 2534 4515 eis
2575 4460 2833 4529 scriptum
2871 4467 2954 4514 est
2981 4475 3184 4513 causas.
3215 4459 3476 4529 Rigaltius
3520 4475 3648 4514 vero

2049 4568 2204 4623 quem
2271 4553 2358 4607 alii
2421 4551 2675 4622 deinceps
2733 4551 2903 4624 secuti
2941 4561 3099 4617 sunt,
3157 4552 3373 4606 retinuit
3431 4551 3644 4621 quidem

1968 4650 2022 4711 D
2051 4661 2244 4702 nomen
2269 4663 2449 4712 canas,
2475 4645 2569 4701 sed
2598 4645 2922 4702 antecedens
2952 4645 3279 4699 historiarum
3308 4644 3542 4714 propria,
3570 4643 3646 4698 uti
3743 4677 3758 4696 κ

2052 4740 2280 4805 videtur,
2308 4739 2506 4795 delevit
2530 4740 2867 4796 auctoritate.
2898 4739 3104 4795 Nullam
3131 4740 3274 4795 enim
3302 4754 3401 4793 nec
3429 4737 3518 4792 ille
3549 4752 3649 4792 nec

2052 4832 2140 4887 alii
2167 4830 2431 4886 dederunt
2467 4831 2624 4904 hujus
2650 4832 2960 4886 omissionis
2989 4831 3270 4887 rationem.
3313 4829 3420 4886 Sed
3453 4829 3504 4883 iu
3533 4830 3650 4883 aui-

2053 4941 2199 4980 mum
2247 4924 2386 4980 haud
2428 4924 2588 4981 dubie
2628 4924 2955 4980 induxerunt
3002 4924 3482 4993 ibigravissimum
3528 4938 3648 4978 csse

2056 5018 2314 5074 adversus
2363 5009 2980 5090 grammaticaeregulas
3035 5025 3346 5088 ἁμάρτημα..
3404 5017 3495 5072 ubi
3523 5018 3650 5073 sub~

2052 5115 2339 5170 stantivum
2388 5129 2582 5170 nomen
2629 5128 2728 5184 pro
2761 5113 3054 5183 adjective,
3087 5121 3141 5167 et
3183 5111 3502 5182 adjectivum
3551 5126 3649 5182 pro

2049 5207 2384 5262 substantivo
2424 5206 2657 5276 ponitur.
2706 5204 2810 5260 Sed
2855 5218 3033 5260 noune
3071 5203 3384 5275 grmcismus
3419 5212 3502 5260 est
3541 5219 3648 5258 non

2049 5299 2213 5355 semel
2259 5315 2288 5354 a
2340 5299 2582 5354 melioris
2626 5293 2906 5352 lati’uitatis
2953 5295 3264 5352 auctoribus
3314 5296 3648 5366 usurpatus?

2047 5395 2238 5451 Nonne
2285 5395 2427 5450 enim
2471 5394 2720 5449 lloratius
2749 5392 2882 5446 dixit
2914 5409 2927 5446 :
2959 5390 3166 5464 Integer
3193 5392 3311 5446 vitta
3347 5390 3648 5460 scelerisque

2047 5505 2222 5559 purus.
2249 5486 2452 5542 Sensus
2473 5486 2648 5555 itaque
2660 5482 2911 5538 Auctoris
2936 5484 3107 5539 nostri
3129 5493 3229 5548 est,
3253 5482 3508 5539 Hebrzeos
3528 5494 3648 5535 esse

2046 5582 2366 5638 vetustiores
2396 5579 2619 5633 urbibus
2643 5619 2656 5644 ,
2683 5593 2800 5648 qua:
2842 5577 3080 5648 insignes
3116 5585 3271 5632 erant
3316 5573 3649 5630 historiarum

2045 5674 2426 5736 monumentis,
2455 5683 2506 5727 et
2528 5672 2998 5737 canismemoriis,
3028 5670 3198 5736 idest,
3221 5665 3650 5732 commentariis,

2043 5784 2163 5836 mue
2191 5766 2384 5822 canitie
2413 5779 2509 5819 sua
2534 5772 2589 5818 et
2619 5771 2886 5819 vetustate
2912 5762 3170 5833 originem
3214 5759 3425 5816 caeteris
3471 5758 3649 5813 omni-

2042 5861 2144 5919 bus
2164 5857 2516 5929 antiquiorem
2537 5870 2649 5928 pra.‘
2660 5871 2719 5912 se
2740 5853 3005 5912 ferebant.
3028 5852 3120 5910 Sic
3133 5853 3292 5910 etiam
3315 5849 3646 5925 Theophilus
