4092 6352
481 317 592 380 799

1522 314 1590 371 IN
1627 307 2090 372 TEBTULLIANI
2120 309 2654 373 APOLOGETICUM

3687 317 3789 380 800

479 454 591 516 pinv
615 442 960 510 ,ἔμνημὸνευσε,
983 444 1065 492 uel
1089 459 1167 492 vros
1193 435 1354 505 σχεδὸν
1375 436 1418 488 ἕν
1441 436 1545 495 τοῖς
1568 435 1734 494 aberat:
1763 431 2090 503 διὲνητρῳὼς.

2267 430 2533 502 .losephus
2557 447 2687 489 vero
2707 432 2774 490 de
2799 431 3179 492 historicorum
3205 442 3364 494 :etate
3392 434 3534 494 hunc
3558 435 3793 507 loquitur

491 534 838 604 Hieronymus
856 531 988 585 enim
1018 543 1335 599 nequaquam
1366 527 1528 580 nostri
1552 527 1606 579 in
1660 525 1874 580 historia
1915 525 2090 577 memi-

489 629 563 683 nit
583 670 596 694 ,
627 628 738 681 licet
767 641 891 698 pene
942 623 1067 695 ipsis
1095 622 1217 677 locis
1245 621 1466 675 nutritus
1492 629 1636 674 esset.
1673 617 1890 673 Fatetur
1912 616 2090 686 itaque

491 719 874 790 Hieronymum
903 717 954 771 in
1004 716 1104 772 hac
1149 713 1518 771 lucubratione
1566 711 1757 767 missas
1787 710 1975 766 iecisse
2001 725 2091 776 res

490 813 798 870 Iudaeorum
825 855 841 877 ,
873 811 1085 866 tametsi
1133 810 1416 881 incognita:
1447 807 1522 863 illi
1570 822 1678 862 non
1735 806 1953 862 fuerint.
1983 805 2091 862 Sed

492 906 563 961 ibi
594 921 717 962 eum
741 904 996 978 Hecataeo
1024 902 1284 973 opponit,
1314 916 1342 954 a
1371 915 1478 970 quo
1500 899 1775 954 historiam
1799 899 1865 954 de
1891 897 2092 954 Iudicis

492 999 695 1056 editam
721 998 887 1053 fuisse
921 997 1257 1053 testiﬁcatur.
1291 995 1470 1050 Potuit
1496 995 1656 1065 igitur
1682 995 1732 1049 in
1778 994 1948 1050 aliena
1979 993 2092 1048 his-

493 1093 628 1149 toria
673 1101 764 1148 aut
793 1091 1274 1156 commentatione,
1301 1089 1456 1145 sicuti
1485 1089 1553 1144 de
1581 1087 1837 1159 longaevis
1857 1130 1870 1153 ,
1906 1088 1974 1141 ita
2025 1087 2092 1143 de

492 1186 598 1240 vita
623 1185 834 1240 illorum
864 1183 1152 1256 quemdam
1183 1183 1559 1238 intermiscere
1580 1197 1910 1238 sermonem.

566 1280 636 1334 At
664 1279 908 1352 quamvis
957 1277 1310 1349 Hieronymus
1345 1285 1434 1331 aut
1463 1291 1628 1347 pauca
1655 1318 1668 1340 ,
1723 1285 1814 1331 aut
1845 1276 1991 1346 plura
2023 1276 2093 1334 de

494 1370 678 1443 Moyse
704 1382 758 1426 et
784 1359 984 1426 Judacis
1010 1371 1200 1442 quovis
1244 1370 1294 1423 in
1322 1369 1459 1424 libro
1509 1368 1825 1435 tradiderit,
1859 1385 1962 1440 qua
2003 1385 2094 1425 ra-

493 1463 641 1520 tione
677 1463 888 1534 probari
915 1471 1089 1532 potest
1136 1461 1282 1515 illum
1311 1461 1476 1516 luisse
1501 1460 1624 1532 Tyri
1658 1461 1885 1531 regem?
1927 1461 2091 1516 Num-

495 1558 621 1630 quid
654 1573 780 1628 ergo
805 1557 1166 1612 Tertullianus
1199 1555 1416 1609 humani
1449 1555 1646 1626 aliquid
1672 1556 1744 1611 ibi
1775 1570 1962 1626 passus
1984 1566 2088 1624 cst,

495 1659 589 1705 aut
612 1666 638 1702 a
665 1649 897 1704 librariis
927 1647 1086 1702 verba
1129 1647 1246 1718 ejus
1275 1648 1562 1718 depravata
1593 1656 1718 1701 sunt
1744 1690 1758 1714 ,
1789 1657 1878 1702 aut
1906 1647 1972 1704 de
2002 1663 2091 1704 re-

495 1744 576 1813 gis
617 1741 763 1814 Tyrii
813 1741 878 1794 ad
909 1739 1252 1796 Salomonem
1309 1739 1586 1810 epistolis,
1642 1725 2090 1809 quemadmodum

2192 523 2245 578 in
2272 524 2489 580 modum
2509 523 2744 598 (Joseph.
2773 527 2861 582 lib.
2881 527 2922 583 1.
2947 537 3109 582 contr.
3133 529 3385 602 Appiam,
3410 548 3532 603 pag.
3563 531 3750 602 1051.)
3774 549 3793 588 :

2193 625 2255 671 Οἱ
2280 626 2365 685 μέν
2391 641 2469 673 τοι
2493 624 2578 679 τὰς
2607 628 2728 691 lea-op
2740 631 2812 681 leg
2850 628 3232 692 ἐπιχειρήσαντες
3257 630 3531 696 συγγράφειν
3563 624 3680 694 παρ’
3699 629 3790 680 .ιῦ-

2191 714 2314 773 οτοῖς,
2337 719 2451 780 λέγω
2489 715 2538 765 δὲ
2577 719 2682 772 τοὺς
2709 717 2816 783 περὶ
2858 717 3056 782 Κᾶδμόν
3095 738 3146 768 τε
3185 722 3267 769 τὸν
3296 722 3558 781 Μιλήσιον,
3589 719 3674 770 uati
3711 728 3793 772 τεν
3856 731 3874 741 ‘

2193 795 2382 873 Ᾱργεῖον
2404 797 2710 869 Anausin”,
2737 809 2820 858 nati
2859 811 2989 873 μετὰ
3012 813 3178 862 τοῦτον
3205 812 3248 862 εἴ
3273 831 3395 868 τινες
3421 815 3555 863 ἄλλοι
3580 813 3793 878 λέγοντα

2192 904 2423 962 γενεσθιι,
2456 906 2620 969 βραχὺ
2657 913 2742 959 τίς
2787 906 2967 970 Περσῶν
2996 903 3074 954 ἰπὶ
3113 911 3203 954 τήν
3233 905 3406 956 ἑλλάδι
3448 911 3698 973 "parsis:
3727 912 3792 970 τῷ

2195 992 2338 1058 χρόνῳ
2366 997 2624 1060 «pollicem;
2647 1006 2660 1042 :
2690 989 2790 1056 Qui
2809 999 2976 1044 autem
2995 991 3232 1046 historias
3267 991 3406 1062 apud
3430 991 3792 1066 eos(Gmcos)

2193 1083 2507 1137 conscribere
2530 1081 2797 1149 tentavere,
2830 1083 2884 1136 id
2909 1094 3003 1146 est,
3020 1083 3243 1140 Cadmus
3266 1085 3498 1142 lililesius
3517 1095 3564 1142 et
3608 1088 3792 1142 Acusi-

2196 1176 2310 1230 laus
2332 1176 2547 1248 Argivus
2566 1218 2581 1243 ,
2638 1185 2685 1230 et
2727 1186 2836 1248 post
2864 1177 2997 1231 hunc
3021 1178 3307 1248 quicunque
3329 1179 3421 1233 alii
3445 1178 3602 1249 fuisse
3628 1180 3796 1250 [erun-

2196 1278 2297 1329 tur,
2315 1268 2528 1337 paulum
2555 1267 2828 1322 Persarum
2845 1268 2994 1342 (Cyri
3011 1279 3065 1324 et
3085 1268 3252 1341 Darii)
3267 1270 3632 1339 expeditionem
3661 1288 3791 1339 prat-

2195 1375 2386 1414 cessere
2413 1358 2500 1428 (T.
2530 1359 2570 1415 l.
2605 1361 2858 1431 Apparet.
2885 1379 3004 1432 pag.
3039 1362 3178 1418 1165
3209 1373 3254 1416 et
3279 1379 3416 1433 seqq;
3441 1380 3562 1435 pag.
3587 1365 3726 1422 1555
3746 1374 3799 1419 et

2193 1451 2378 1522 seqq.).
2404 1451 2511 1506 Nos
2524 1467 2656 1508 vero
2671 1453 2740 1508 de
2760 1451 2985 1509 Grccciie
3005 1454 3335 1524 sapientibus
3351 1464 3406 1511 et
3431 1471 3616 1512 eorum
3637 1467 3799 1512 aetate

2197 1546 2264 1608 in,
2289 1547 2464 1616 primo
2507 1547 2815 1617 Apparatus
2867 1548 3037 1602 nostri
3085 1556 3231 1604 tomo
3259 1549 3669 1620 disputavimus.
3719 1551 3798 1608 De

2194 1641 2392 1714 Moysis
2415 1657 2574 1710 porro
2596 1651 2649 1696 et
2673 1642 2900 1697 aliorum
2923 1626 3306 1712 prephelarum
3324 1654 3565 1716 tempore
3586 1643 3795 1716 egimus

2197 1753 2300 1793 non
2341 1737 2520 1793 solum
2570 1737 2623 1792 in
2650 1737 2838 1794 eodem
2869 1738 3018 1793 citati
3065 1740 3369 1808 Apparatus
3416 1739 3584 1795 nostri
3629 1739 3793 1808 loco,

495 1834 828 1903 Theophilus
859 1833 1242 1896 Autiochenus,
1272 1833 1651 1904 intelligendus
1679 1834 1804 1889 est?
1830 1833 1965 1890 Vide
1989 1835 2090 1906 igi-
2121 1832 2169 1892 B
2197 1830 2289 1887 sed
2321 1831 2372 1885 in
2405 1830 2669 1900 superiori
2700 1831 2862 1886 etiam
2897 1830 2963 1885 de
3011 1830 3273 1886 Lactantii
3305 1830 3560 1900 operibus
3588 1831 3795 1886 disser-

497 1938 583 1983 tur
609 1925 736 1997 quid
761 1925 854 1980 tibi
879 1925 1123 1982 videatur
1149 1924 1509 1997 probabilius,
1540 1933 1631 1980 aut
1661 1925 1854 1980 melius
1882 1925 2094 1982 inveni-

495 2037 556 2078 re
584 2036 768 2094 queas.

1109 2153 1396 2194 ARTICULUS
1435 2154 1506 2193 Vl.

496 2254 576 2312 De
621 2253 842 2310 aliorum
873 2262 991 2325 post
1039 2251 1271 2324 Moysem
1307 2268 1568 2308 sacrorum
1608 2262 1778 2308 vatum
1825 2263 2006 2321 celate,
2047 2263 2097 2309 et

572 2348 901 2420 supputariis
955 2347 1244 2420 digitorum
1303 2347 1617 2418 gesticulis,
1668 2357 1713 2402 et
1757 2347 2097 2404 censualibus

567 2441 931 2498 conferendis.

571 2579 646 2635 De
667 2578 890 2634 aliorum
923 2587 1045 2650 post
1095 2578 1292 2652 Moysis
1335 2587 1562 2635 mortem
1609 2592 1888 2635 sacrorum
1915 2587 2095 2634 vatum

496 2681 807 2726 nostrorum
848 2679 1006 2726 aelate
1059 2671 1423 2728 Tertullianus
1455 2669 1784 2744 (Tertullian.
1828 2671 2094 2743 Apologet.

497 2783 615 2837 cap.
650 2764 739 2837 19)
789 2767 867 2821 sic
911 2765 1169 2821 adversus
1211 2767 1456 2822 ethnicos
1497 2765 1806 2836 pronuntiat
1853 2787 1866 2823 :
1917 2765 2099 2821 Caneri

499 2859 761 2930 propheta:
802 2863 898 2913 etsi
919 2857 1089 2929 Moysi
1126 2859 1448 2929 posthumant
1473 2902 1487 2924 ,
1525 2858 1878 2913 extremissimi
1930 2867 2098 2912 tamen

501 2967 673 3005 eorum
696 2967 796 3004 non
815 2952 1106 3005 retrosiores
1129 2951 1579 3020 deprehendimtnr
1599 2951 1906 3021 primoribus
1921 2952 2098 3005 vestris

499 3044 830 3110 sapientibus,
852 3051 898 3096 et
929 3043 1172 3114 legiferis,
1196 3052 1242 3096 et
1267 3043 1538 3097 historicis.
1567 3045 1631 3096 At
1654 3041 1726 3096 ibi
1759 3042 1939 3112 plures
1967 3056 2099 3099 sane

498 3133 719 3189 adhibet
759 3135 1077 3206 improprios
1129 3133 1376 3206 loquendi
1405 3134 1590 3189 modos
1640 3133 1778 3204 (Lib.
1821 3134 1884 3188 de
1907 3150 2094 3188 resurr.

499 3226 687 3282 Christ.
723 3243 767 3282 c.
794 3228 882 3284 45.
913 3227 1040 3282 libro
1065 3226 1184 3282 adu.
1219 3225 1473 3282 Valentia.
1498 3244 1546 3281 c.
1577 3228 1690 3295 55).
1723 3227 1902 3282 Primo
1925 3226 2094 3298 siqui-
2121 3230 2167 3295 C

500 3319 624 3375 dem
678 3318 812 3374 dixit
841 3320 1186 3392 posthumant,
1243 3320 1294 3374 id
1346 3331 1448 3384 est,
1492 3330 1611 3390 post
1639 3319 1836 3393 Moysis
1866 3330 2095 3376 mortem

501 3415 771 3480 vixerunt;
787 3429 893 3484 quo
910 3429 1072 3470 sensu
1099 3414 1227 3469 alibi
1249 3413 1462 3484 scripsit
1489 3415 1802 3485 posthumat,
1819 3425 1872 3469 et
1889 3416 2098 3485 post/iu-

501 3517 712 3561 malum.
729 3507 978 3562 Secundo
991 3507 1078 3576 qui
1103 3505 1190 3562 hic
1218 3502 1630 3573 extremissimos,
1653 3508 1778 3562 alibi
1803 3508 2098 3578 postremis-

501 3601 655 3655 simos
680 3602 903 3656 onmium
919 3617 939 3656 :
967 3601 1123 3656 tertio
1152 3601 1466 3668 retrosiores,
1491 3599 1544 3655 id
1571 3601 2022 3671 est,fposteriores
2037 3616 2100 3657 ac

502 3695 832 3750 recentiores
848 3692 1385 3765 adpellavit.Verum,
1415 3693 1626 3748 etiamsi
1654 3693 1736 3748 his
1755 3693 2010 3749 obsoletis
2037 3707 2102 3748 ac

505 3788 749 3845 barbaris
777 3789 997 3845 vocibus
1028 3799 1208 3844 utatur
1235 3832 1249 3856 ,
1283 3797 1503 3859 apertus
1549 3798 1729 3844 tamen
1778 3799 1862 3844 est
1902 3788 1989 3844 hic
2038 3789 2099 3843 il-

505 3881 608 3938 lius
638 3896 832 3938 sensus
862 3882 1086 3937 :Cartcri
1117 3881 1394 3952 prophetae
1421 3882 1592 3936 nostri
1625 3891 1745 3952 post
1769 3881 1969 3952 Moysis
1993 3883 2103 3953 qui-

504 3975 626 4030 dem
654 3977 856 4031 obitum
879 3975 1125 4031 vixerunt
1149 3991 1164 4040 ;
1194 3975 1287 4031 sed
1316 3991 1502 4031 eorum
1528 3977 1768 4030 omnium
1789 3976 1962 4044 ultimi
1993 3991 2098 4031 non

507 4077 632 4124 sunt
659 4069 987 4139 posteriores
1015 4069 1206 4139 graecis
1228 4069 1559 4139 sapientibus
1591 4111 1606 4138 ,
1634 4067 1870 4139 legiferis
1896 4077 1950 4124 et
1984 4067 2098 4124 his-

509 4159 711 4215 toricis.
1867 4219 1884 4229 _

577 4250 740 4307 Suam
769 4267 934 4322 porro
963 4253 1283 4309 sententiam
1315 4269 1421 4309 non
1453 4253 1561 4309 alio
1593 4254 1784 4326 probat
1811 4269 2101 4328 argumen-

507 4352 564 4399 to
589 4387 603 4410 ,
630 4344 731 4400 nisi
759 4345 980 4414 prolatis
1005 4345 1237 4416 plurium
1286 4356 1564 4402 auctorum
1617 4348 1924 4404 nominibtts
1955 4368 1967 4404 :
2017 4349 2102 4405 vel

508 4436 630 4508 quia
659 4437 883 4507 gentiles
912 4437 1140 4508 publicze
1166 4451 1354 4494 eorum
1384 4441 1687 4495 auctoritati
1721 4435 2022 4511 repugnare
2049 4452 2104 4497 et

506 4532 760 4588 resistere
803 4546 908 4586 non
951 4535 1342 4602 poterant;vel
1373 4537 1494 4607 quia
1519 4537 1726 4609 longius
1773 4539 1960 4594 luisset
1988 4541 2101 4595 sin-

2199 1925 2418 1980 tatione.
2449 1923 2747 1994 (Dissertat.
2775 1925 2828 1979 in
2851 1923 3088 1980 Lactant.
3109 1941 3228 1994 cap.
3255 1924 3321 1981 II.
3345 1933 3444 1979 art.
3472 1925 3523 1981 1.
3547 1935 3593 1980 et
3612 1925 3697 1994 2.)

2270 2018 2512 2088 Denique
2537 2017 2898 2073 Tertullianus
2925 2019 3186 2074 certiores
3240 2033 3338 2073 nos
3369 2019 3494 2074 iacit
3534 2019 3601 2074 ad
3645 2027 3796 2075 recte

2198 2108 2528 2181 designanda
2559 2109 2771 2164 illorum
2801 2112 3042 2165 omnium
3073 2118 3128 2166 et
3159 2110 3542 2180 prophetarum
3593 2121 3649 2168 et
3676 2111 3797 2168 eth-

2197 2203 2441 2259 nicorum
2489 2204 2812 2273 scriptorum
2865 2207 3106 2274 tempora
3160 2202 3492 2276 (Tertullian.
3523 2205 3796 2279 Apologet.

2196 2311 2313 2363 cap.
2380 2294 2531 2367 l9),
2572 2294 2745 2350 multis
2813 2296 3200 2362 instrumentis,
3258 2295 3362 2351 hoc
3413 2306 3498 2354 est
3551 2297 3702 2354 libris
3741 2307 3799 2355 et

2197 2388 2595 2459 chronologiis,
2649 2404 2766 2442 cum
2823 2388 3098 2459 digitorum
3155 2388 3473 2460 supputariis
3539 2389 3799 2460 gesticulis

2198 2481 2526 2536 assidendum
2554 2495 2696 2536 esse.
2734 2479 2838 2536 Sed
2880 2495 3000 2551 quae.
3031 2489 3156 2536 sunt
3178 2519 3202 2545 ς
3228 2481 3438 2552 rogabit
3484 2481 3677 2552 aliquis
3700 2524 3714 2547 ,
3744 2491 3801 2538 et

2197 2589 2456 2637 quorsum
2479 2580 2723 2644 spectant
2745 2573 2831 2626 illa
2855 2573 3169 2644 supputaria
3193 2573 3484 2644 digitorum
3510 2574 3795 2644 gesticula?

2199 2667 2666 2739 Respondebimus
2693 2668 2954 2736 itaqueea
2983 2665 3116 2722 nihil
3144 2665 3290 2721 aliud
3336 2681 3462 2722 esse
3491 2707 3508 2735 ,
3554 2665 3659 2722 nisi
3709 2665 3798 2721 di-

2198 2765 2431 2835 gitorum
2480 2772 2666 2834 gestus
2697 2776 2760 2817 ac
2807 2770 3023 2826 motus,
3058 2760 3256 2832 quibus
3296 2759 3505 2830 antiqui
3549 2758 3800 2814 solebant

2200 2872 2370 2913 annos
2400 2871 2554 2913 resve
2598 2855 2733 2911 alias
2774 2870 3081 2910 numerare.
3129 2855 3204 2910 De
3253 2854 3484 2926 longaevi
3529 2853 3796 2923 siquidem

2199 2949 2440 3007 Nestoris
2468 2949 2624 3006 annis
2666 2949 2858 3004 cecinit
2887 2947 3164 3004 Juvenalis
3193 2946 3459 3018 (Juvenal.
3510 2956 3672 3018 satgr.
3705 2946 3797 3004 l0.

2199 3043 2376 3100 13.250
2405 3042 2472 3116 ):

2354 3156 2496 3208 Felix
2524 3157 2770 3216 nimirum,
2791 3156 2873 3219 qui
2892 3167 2978 3219 per
2998 3159 3071 3219 tot
3093 3153 3270 3206 saecula
3287 3162 3498 3206 mortem

2357 3219 2750 3295 Distulit,_alque
2772 3218 2899 3269 suos
2912 3219 3013 3280 jam
3035 3218 3213 3268 dextra
3233 3224 3483 3282 computat
3501 3229 3674 3268 annos.

2201 3325 2405 3381 Plinius
2435 3341 2563 3381 vero
2591 3333 2774 3380 narrat
2825 3324 3170 3378 simulacrum
3218 3323 3337 3379 Jani
3370 3322 3569 3380 factum
3622 3323 3790 3381 fuisse
3838 3396 3840 3399 ι

2200 3418 2460 3489 digitiseo
2488 3417 2648 3478 modo
2667 3416 2925 3489 ﬁguratis,
2984 3431 3092 3486 quo
3147 3415 3254 3472 565
3301 3415 3509 3471 dierum
3543 3430 3804 3472 numerus

2203 3511 2537 3567 indicabatur
2589 3508 2756 3580 (Plin.
2806 3509 2894 3564 lib.
2944 3508 3187 3564 XXXIV.
3235 3507 3370 3564 Hist.
3399 3520 3572 3564 natur.
3600 3527 3717 3582 cap.
3741 3509 3800 3564 7.

2203 3621 2323 3678 pag.
2368 3601 2513 3675 182).
2568 3602 2836 3673 Scriptum
2870 3617 3082 3673 quoque
3109 3601 3177 3655 ab
3202 3601 3529 3674 Hieronymo
3571 3601 3803 3673 legimus

2201 3697 2572 3772 (Hieronymo.
2605 3697 2693 3752 lib.
2718 3696 2760 3751 Ι.
2788 3696 2903 3750 adv.
2933 3696 3108 3751 Jovin.
3139 3679 3260 3767 pag.
3295 3695 3419 3772 146)
3450 3713 3462 3750 :
3487 3693 3803 3752 Centcsimus

2202 3808 2448 3845 nutrieras
2475 3791 2538 3845 de
2558 3791 2762 3845 sinistra
2793 3793 3101 3861 transfertur
3122 3790 3189 3842 ad
3215 3765 3474 3843 dexteram
3499 3829 3514 3852 ,
3543 3796 3591 3840 et
3616 3787 3802 3842 iisdem

2202 3883 2404 3954 quidem
2433 3882 2608 3952 digitis
2634 3922 2649 3948 ,
2678 3882 2766 3934 sed
2793 3897 2894 3953 non
2923 3880 3099 3934 cadent
3141 3897 3328 3946 manu,
3373 3878 3551 3950 quibus
3592 3879 3646 3933 in
3671 3878 3804 3934 lazoa

2204 3985 2378 4045 nupta:
2402 3973 2757 4044 significantur
2796 3982 2845 4026 et
2873 3971 3039 4026 oiduw
3063 4013 3077 4035 ,
3117 3973 3364 4026 circulum
3411 3975 3604 4044 faciens
3632 3973 3808 4043 expri-

2202 4070 2293 4123 mit
2318 4066 2623 4138 virginitatis
2649 4080 2908 4119 coronam.
2929 4067 2997 4118 At
3025 4064 3181 4134 longe
3211 4073 3368 4118 antea
3399 4065 3678 4134 Apuleius,
3709 4068 3806 4125 ubi

2203 4162 2280 4218 de
2316 4158 2626 4215 Pudentilla:
2679 4165 2837 4211 actate
2912 4155 3147 4230 disputat
3198 4156 3376 4227 (Apul.
3427 4157 3695 4230 Apologet.
3744 4161 3804 4218 2.

2205 4262 2318 4323 post
2347 4251 2481 4305 med.
2518 4266 2637 4320 pag.
2669 4247 2797 4319 375)
2840 4265 2853 4302 :
2888 4246 2948 4302 Si
2979 4248 3186 4319 triginta
3223 4264 3421 4314 annos,
3469 4250 3680 4320 inquit,
3709 4270 3806 4324 pro

2206 4345 2375 4399 decem
2401 4342 2615 4397 dixisses
2635 4382 2648 4405 ,
2702 4356 2873 4410 posses
2900 4339 3058 4394 videri
3108 4357 3200 4409 pro
3229 4343 3621 4412 computationis
3644 4355 3806 4416 .gestu

2207 4454 2402 4495 errasse
2425 4480 2440 4504 ,
2464 4452 2590 4508 quos
2619 4435 2870 4490 circulare
2900 4434 3132 4489 debueris
3157 4434 3346 4507 digitos
3366 4438 3650 4508 aperuisse.
3673 4439 3806 4496 Cum

2206 4548 2322 4587 vero
2346 4529 2686 4602 quadraginta
2712 4541 2827 4598 qua:
2865 4526 3072 4600 facilius
3125 4528 3322 4583 cteteris
3350 4539 3584 4601 porrecta
3630 4532 3806 4601 palma

506 4625 628 4696 gula
657 4625 867 4680 illorum
903 4627 1203 4681 testimonia
1237 4629 1339 4684 hoc
1387 4632 1438 4685 in
1484 4631 1624 4686 libro
1653 4631 1963 4706 describere
1990 4675 2004 4696 .
2045 4635 2098 4690 in

2209 4625 2581 4698 significantur,
2603 4639 2662 4677 ea
2687 4621 3027 4693 quadraginta
3057 4629 3110 4674 tu
3132 4620 3344 4676 dimidio
3369 4639 3544 4695 auges,
3575 4640 3677 4678 non
3708 4641 3808 4694 po-

506 4735 616 4791 quo
645 4719 888 4773 brevitati
915 4721 1220 4776 consultum
1246 4737 1367 4776 esse
1391 4723 1622 4780 volebat.
1663 4725 1717 4780 Si
1747 4725 1866 4795 quis
1921 4735 2100 4782 tamen

509 4811 639 4867 illud
670 4811 987 4883 quibusdam
1009 4815 1200 4869 saltem
1229 4815 1537 4872 conﬁrmari
1569 4818 1824 4888 postulet,
1855 4819 1900 4874 is
1925 4821 2104 4876 audiat

507 4905 862 4978 Theophilum
898 4907 1193 4979 (Theophil.
1223 4908 1459 4964 Antioch.
1509 4911 1624 4965 libr.
1656 4911 1739 4966 Ill.
1763 4913 1832 4966 ad
1859 4913 2099 4985 Autolyc.

509 5016 630 5071 pag.
659 5001 761 5055 152
791 5008 836 5055 et
859 5019 997 5073 seqq.
1029 5003 1048 5072 )
1082 5003 1473 5059 Antiochenam
1500 5004 1578 5060 sic
1599 5014 2098 5076 argumentantem:

510 5091 738 5148 Ultimus
761 5133 776 5159 ,
824 5095 996 5165 inquit
1025 5136 1040 5157 ,
1073 5095 1458 5165 Prophetarum
1486 5096 1772 5152 Zacharias
1801 5108 2054 5154 censetur
2086 5143 2102 5168 ,

507 5182 598 5252 qui
633 5191 881 5253 tempora
906 5184 1048 5240 Darii
1089 5187 1229 5255 regis
1250 5187 1445 5257 attigit.
1480 5187 1648 5243 Solon
1696 5195 1874 5243 autem
1927 5188 2104 5244 Athe-

503 5274 711 5332 niensis
741 5276 1147 5346 antiquissimus
1174 5277 1449 5350 legislator
1475 5287 1720 5348 tempore
1759 5295 1948 5350 regum
1974 5280 2102 5352 Cyri

506 5376 561 5422 et
606 5367 746 5422 Darii
788 5367 987 5424 vixisse
1034 5368 1365 5440 perhibetur.
1408 5369 1602 5426 Czeteri
1631 5354 1778 5442 ergo
1826 5371 2104 5443 prophetze

502 5460 626 5514 aliis
649 5460 1048 5530 legislatoribus
1069 5464 1390 5519 vetustiores
1417 5473 1545 5519 sunt
1570 5504 1586 5529 ,
1618 5472 1673 5519 et
1715 5465 1885 5520 multo
1934 5466 2102 5536 magis

501 5553 744 5627 Moyses,
786 5556 874 5626 qui
916 5565 1041 5613 ante
1078 5555 1267 5613 Jovem
1313 5558 1837 5630 Cretensematque
1875 5560 2049 5630 ipsum
2083 5599 2098 5623 ,

502 5660 560 5704 ut
583 5649 819 5705 diximus
843 5690 858 5714 ,
887 5649 1176 5719 Troianum
1219 5651 1415 5706 bellum
1445 5651 1643 5707 ﬂoruit.
1684 5652 1794 5708 Nec
1823 5653 1872 5708 id
1898 5653 2101 5710 dixisse

499 5742 629 5797 satis
651 5742 954 5813 Theophila
971 5743 1085 5810 l‘uit,
1111 5743 1206 5799 sed
1225 5744 1461 5801 exhibita
1485 5745 1558 5801 ibi
1590 5747 1909 5803 brevissima
1934 5747 2097 5805 cbro-

500 5833 714 5906 nologia
743 5835 1116 5894 demonstrare
1144 5836 1358 5894 nititur.

2211 4728 2282 4774 tes
2313 4718 2586 4789 digitorum
2597 4725 2750 4786 gestu
2778 4729 2975 4768 errasse
2998 4754 3014 4780 ,
3039 4712 3138 4767 nisi
3160 4715 3291 4785 forte
3319 4715 3528 4785 triginta
3551 4731 3806 4770 annorum

2216 4809 2563 4866 Pudentillam
2584 4818 2726 4862 ratus
2750 4849 2766 4875 ,
2796 4808 2940 4862 binos
2989 4807 3235 4878 cujusque
3272 4808 3397 4862 anni
3450 4809 3684 4864 consules
3709 4825 3808 4862 nu-

2209 4905 2433 4958 merasti.
2461 4901 2824 4958 Tertullianus
2850 4901 3030 4970 itaque
3080 4899 3346 4970 signilicat
3369 4914 3506 4970 Oplls
3549 4915 3670 4956 esse
3700 4916 3808 4955 ma-

2203 4999 2308 5070 j0ri
2339 4985 2450 5052 otio
2473 5038 2488 5061 ,
2520 5006 2576 5051 et
2601 4995 2826 5066 longiori
2849 4994 2918 5048 ab
2947 4993 3190 5048 instituto
3211 5007 3311 5048 suo
3325 4992 3660 5063 digressionc
3683 5035 3696 5060 ,
3746 5003 3808 5049 ut

2209 5092 2316 5146 illis
2339 5089 2628 5161 digitorum
2658 5087 2898 5156 gestibus
2922 5095 3052 5141 astas
3110 5093 3188 5140 tot
3234 5085 3558 5156 scriptorum
3582 5101 3645 5141 ac
3677 5101 3808 5159 pro-

2210 5182 2492 5254 phetarum
2530 5187 2892 5249 computetur.

2282 5279 2370 5342 At,
2400 5283 2596 5345 prmter
2625 5273 2761 5328 hanc
2779 5273 3019 5341 aliasque
3059 5287 3232 5328 annos
3269 5274 3643 5331 dinumerandi
3666 5274 3810 5330 difﬁ-

2208 5369 2436 5424 cultates
2491 5365 2846 5438 (Tcrtullian.
2891 5364 3157 5437 Apologet.
3215 5383 3332 5438 cap.
3383 5367 3542 5439 19),
3596 5366 3810 5423 Gra'co-
3840 5429 3854 5444 1

2209 5478 2323 5516 rum
2365 5461 2515 5515 etiam
2539 5500 2553 5524 ,
2587 5459 2663 5512 ait
2701 5457 2808 5525 ille,
2837 5458 3097 5513 censuales
3140 5461 3452 5531 conferendi.
3479 5461 3648 5516 Nemo
3677 5476 3809 5517 sane

2208 5569 2317 5609 non
2367 5551 2512 5606 videt
2554 5550 2622 5605 ibi
2669 5537 2878 5606 nomen
2944 5551 3060 5605 libri
3117 5551 3202 5606 vel
3247 5554 3443 5608 codices
3509 5553 3808 5610 subaudiri.

2207 5647 2496 5704 Censuales
2545 5653 2723 5700 autem
2751 5659 2846 5701 eos
2899 5655 3055 5701 vocat
3089 5646 3296 5712 libros,
3348 5648 3400 5702 in
3447 5649 3642 5719 quibus
3686 5658 3802 5705 acta

2206 5753 2260 5799 et
2305 5756 2484 5797 rerum
2531 5749 2800 5813 gestarum
2856 5741 3077 5796 annales
3134 5756 3165 5795 a
3239 5741 3432 5797 scribis
3481 5752 3537 5798 et
3585 5744 3809 5799 notariis

2206 5838 2434 5912 publicis
2457 5877 2474 5908 ,
2506 5837 2591 5894 vel
2629 5837 2750 5894 aliis
2776 5838 3042 5912 descripta
3062 5846 3234 5898 erant.
3272 5838 3382 5897 Nos
3431 5854 3561 5896 vero
3587 5837 3686 5894 hos
3736 5836 3808 5893 li-
