4092 6352
386 312 491 372 80‘!

1519 313 1970 376 DlSSERTATlO
2009 314 2072 372 D.
2112 314 2222 373 LE
2240 317 2549 378 NOURRY.

3587 327 3696 386 802

388 431 516 490 bros
539 473 554 500 ,
585 432 756 501 'diari,
788 441 878 490 eta
903 434 1073 506 magis
1099 433 1306 506 vulgari
1337 434 1557 492 nomine
1606 435 1815 508 publica
1845 432 1982 490 scri-
2009 435 2064 496 Α
2091 433 2327 492 motibus
2368 445 2423 491 et
2466 437 2698 494 hiatibus
2740 438 2900 496 urbes
2943 439 3212 512 absorpta:
3241 457 3304 498 ac
3331 451 3533 500 vorata:
3563 453 3694 502 sunt

387 527 576 583 barum
607 529 832 599 registra
863 543 1255 599 nuncupamus.

459 617 746 684 lecrum,
775 622 988 676 tametsi
1015 620 1374 676 Tertullianus
1424 629 1501 677 tot
1530 620 1597 677 ad
1652 619 1984 692 probandam

385 722 555 766 sacra:
576 709 869 782 Scriptum
889 713 1260 784 antiquitatem
1286 724 1601 786 argumenta
1627 715 1863 771 breviter
1893 729 1986 771 ex-

387 804 659 873 posuerit,
693 804 936 875 quisquis
961 813 1140 861 tamen
1173 805 1386 862 illorum
1414 806 1624 878 pondus
1648 815 1703 862 et
1733 807 1900 862 robur
1925 823 1986 864 se

378 894 689 968 intelligere
716 906 876 968 negat
901 939 916 965 ,
947 899 991 954 is
1021 914 1083 954 se
1105 899 1280 970 ipsum
1325 915 1599 957 occaecare
1631 901 1866 958 voluisse
1907 902 1985 957 vi-

384 986 563 1043 detur.
599 989 937 1060 Quapropter
969 1001 1134 1048 totam
1176 993 1316 1049 hanc
1342 993 1760 1066 disputationem
1792 994 1984 1051 melius

383 1081 664 1138 absolvere
691 1098 797 1137 non
829 1097 1113 1154 possumus
1139 1126 1152 1150 ,
1176 1100 1338 1156 quam
1366 1086 1450 1142 his
1480 1087 1646 1156 ipsius
1672 1086 1736 1142 ad
1757 1088 1983 1159 gentiles

383 1173 490 1229 alio
519 1174 572 1229 in
622 1173 760 1230 libro
787 1175 966 1231 verbis
1017 1175 1261 1248 (Tertull.
1318 1178 1409 1232 lib.
1457 1179 1520 1234 de
1563 1178 1786 1235 Testimu
1817 1179 1979 1235 anim.

383 1289 500 1340 cap.
561 1272 642 1346 5)
699 1291 714 1330 :
763 1276 828 1328 At
873 1281 1008 1330 enim
1078 1292 1193 1330 cum
1250 1275 1438 1332 divina:
1490 1277 1799 1348 Scriptum,
1869 1292 1983 1348 qute

383 1385 534 1439 penes
554 1385 675 1436 nos,
707 1369 787 1424 vel
808 1368 1022 1425 Iudteos
1049 1381 1167 1424 sunt
1193 1411 1208 1436 ,
1240 1370 1293 1425 in
1314 1387 1529 1442 quorum
1555 1373 1669 1426 olea
1690 1383 1736 1426 et
1763 1371 1982 1427 oleastro

380 1460 519 1517 insiti
537 1478 754 1528 sumus,
805 1463 968 1517 multo
1012 1462 1345 1518 saecularibus
1395 1465 1582 1519 litteris
1623 1480 1727 1518 non
1778 1463 1981 1520 modica

382 1565 579 1612 tantum
603 1565 754 1612 a'tate
771 1556 946 1629 aliqua
966 1558 1274 1613 ‘anteccdant
1298 1601 1313 1626 ,
1341 1568 1398 1613 ut
1437 1559 1547 1613 loco
1574 1574 1665 1613 suo
1686 1557 1980 1614 edocuim‘us

379 1649 450 1704 ad
469 1650 624 1719 ﬁdem
671 1667 848 1705 earum
874 1650 1326 1706 demonstrandam
1357 1667 1376 1705 :
1403 1651 1496 1706 etsi
1535 1651 1644 1705 hinc
1682 1650 1886 1719 eloquia
1914 1651 1978 1706 de

379 1743 562 1799 litteris
583 1745 848 1815 usurpavit
892 1745 1067 1799 anima
1091 1785 1107 1809 ,
1138 1745 1310 1816 utique
1335 1744 1398 1800 de
1437 1745 1625 1800 nostris
1672 1744 1977 1800 credendum

2091 523 2300 598 (Ibid.).
2318 527 2520 584 Deinde
2541 548 2556 585 :
2576 529 2786 587 Insulas
2808 532 2968 586 maria
2995 533 3257 605 fraudant,
3284 550 3418 607 quas
3443 535 3694 593 videlicet

2089 621 2254 675 maris
2292 620 2540 678 ﬂuctibus
2578 639 2641 678 ac
2680 624 3087 695 tempestatibus
3118 625 3419 685 exhaustas
3449 629 3691 686 videmus

2091 709 2264 782 (Ibid.
2360 713 2442 768 Ad
2474 715 2587 770 hinc
2619 732 2746 772 vero
2770 728 3027 785 :externa,
3055 729 3212 790 atque
3231 720 3427 775 interna
3453 720 3585 776 bella
3611 721 3690 776 di-

2088 804 2305 872 laniant,
2333 809 2500 877 regnis
2523 826 2678 880 rcgna
2697 811 3042 880 compulsam,
3092 811 3194 867 hoc
3219 821 3322 880 est,
3353 813 3490 869 bella
3518 813 3570 868 in
3601 812 3686 870 di-

2090 911 2270 952 versas
2301 909 2480 969 partes
2510 900 2764 956 scindunt
2791 917 2896 957 non
2927 903 3101 958 solutn
3146 920 3309 975 regna
3331 945 3346 972 ,
3387 904 3688 977 provincias

2088 996 2144 1044 et
2167 988 2352 1072 urbes,
2384 990 2481 1047 sed
2508 991 2652 1072 cives
2678 993 2863 1062 etiam,
2906 1006 3066 1066 atque
3092 995 3304 1066 afﬁnes,
3347 1009 3402 1053 et
3428 1000 3688 1071 sanguine
3785 983 3796 995 ’

2086 1069 2400 1152 conjunctos
2423 1083 2443 1158 (
2465 1069 2648 1158 Ibid.)‘.
2679 1087 2945 1144 Prmterea
2975 1107 2987 1143 :
3013 1093 3194 1160 fontes,
3212 1076 3264 1144 [et
3285 1091 3412 1157 lues,
3436 1101 3481 1146 et
3502 1069 3687 1148 locales

2085 1190 2296 1246 quisque
2320 1176 2511 1244 clades,
2541 1189 2588 1233 et
2616 1181 2913 1250 frequentia:
2937 1181 3174 1252 pleraque
3196 1184 3443 1237 montium
3463 1193 3683 1238 vastant.

2083 1264 2273 1323 Melius
2299 1267 2352 1322 in
2371 1269 2767 1341 exemplaribus
2789 1273 2987 1328 nostris
3015 1283 3069 1328 et
3085 1274 3318 1344 antiquis
3337 1273 3682 1342 editionibus,

2085 1359 2383 1433 plerumque
2405 1363 2642 1417 mortium
2669 1374 2866 1420 vastant
2894 1364 3106 1437 (Ibid.).
3127 1365 3346 1423 Frustra
3359 1367 3500 1423 enim
3518 1368 3684 1441 aliqui

2083 1452 2151 1507 ad
2171 1468 2354 1510 vocem
2376 1456 2624 1510 montium
2641 1457 3060 1527 continuandam
3083 1460 3414 1515 contendunt
3436 1476 3496 1516 ea
3517 1461 3682 1531 signi-

2083 1545 2230 1603 ﬁcari
2258 1548 2462 1616 leones,
2491 1551 2941 1624 ttrsos,'aliasque
2971 1552 3020 1606 id
3047 1568 3214 1623 genus
3237 1552 3462 1619 belluas,
3489 1552 3681 1623 quibus

2082 1624 2294 1697 moutes’
2333 1639 2762 1713 frequentantur,
2807 1653 3187 1716 vastanturque
3216 1647 3412 1716 campi.
3450 1645 3582 1701 Nam
3612 1645 3681 1703 de

2081 1730 2360 1789 hominum
2387 1737 2590 1792 Auctor
2615 1745 2800 1793 noster
2833 1736 3067 1808 loquitur
3101 1737 3386 1806 mortibus,
3418 1754 3536 1810 qua:
3567 1739 3676 1809 lue,

378 1836 494 1903 erit,
519 1852 622 1890 non
649 1837 712 1891 de
753 1838 928 1892 vestri;
955 1854 970 1902 ;
999 1838 1117 1909 quia
1139 1839 1340 1908 potiora
1373 1847 1492 1892 sum
1534 1838 1603 1892 ad
1626 1838 1975 1894 instruendam
2004 1841 2052 1901 B
2081 1827 2250 1897 fame,
2283 1829 2510 1901 aliisque
2550 1831 2920 1904 hujuscemodi
2960 1832 3201 1890 cladibus
3243 1831 3678 1907 frequentissime

375 1928 601 1982 animum
622 1930 796 2001 priora
818 1972 832 1995 ,
875 1947 1029 2008 quam
1060 1940 1262 2001 postera
1288 1973 1304 1995 ,
1349 1947 1463 2002 qua:
1490 1939 1536 1986 et
1564 1932 1680 2002 ipsa
1730 1948 1763 1985 a
1787 1930 1976 2002 priori-

377 2021 469 2076 bus
508 2009 696 2078 instrui
718 2024 1030 2079 sustinebant
1053 2067 1069 2092 ,
1099 2042 1216 2080 cum
1263 2027 1355 2081 etsi
1385 2026 1450 2080 de
1475 2028 1653 2081 vestris
1677 2027 1977 2082 instructam

374 2116 713 2172 concedamus
735 2159 749 2185 ,
787 2119 859 2172 ad
905 2119 1153 2190 originem
1181 2131 1350 2173 tamen
1393 2119 1730 2189 principalem
1769 2119 1975 2173 traditio

374 2208 658 2279 pertineat,
717 2221 1048 2281 nostrumque
1095 2212 1302 2266 omnino
1374 2212 1476 2279 sit,
1529 2213 1867 2285 quodcunque
1914 2213 1977 2268 de

374 2301 559 2355 nostris
585 2303 864 2373 sumpsisse
889 2313 936 2358 et
963 2304 1238 2359 tradidisse
1258 2307 1471 2376 contigit
1489 2305 1646 2360 vobis.
1667 2305 1893 2361 Demum
1920 2306 1974 2362 in

277 2424 286 2430 -
374 2392 722 2464 Apologetico
749 2395 970 2451 eosdem
1013 2395 1190 2451 adhuc
1237 2396 1482 2452 ethnicos
1545 2398 1624 2453 sic
1687 2398 1977 2469 alloquitur

376 2483 571 2556 (Idem,
593 2485 838 2559 Apolog.,
866 2504 981 2559 cap.
1007 2488 1103 2557 45,
1131 2507 1250 2560 pag.
1272 2488 1433 2560 499);
1469 2490 1659 2546 Sciatis
1687 2491 1827 2562 ipsas
1843 2509 1972 2564 quo-

374 2594 471 2648 que
491 2578 623 2648 leges
652 2590 842 2634 vestras
869 2623 885 2648 ,
917 2598 1031 2652 qua:
1059 2581 1291 2637 videntur
1315 2584 1384 2637 ad
1405 2585 1745 2638 innocentiam
1798 2603 1975 2657 perge-

373 2685 431 2723 re
454 2710 468 2734 ,
501 2669 563 2722 de
597 2670 768 2724 divina
795 2672 903 2741 lege
926 2715 939 2739 ,
989 2684 1043 2728 ut
1072 2675 1379 2743 antiquiore
1402 2716 1417 2742 ,
1448 2678 1668 2747 fortnam
1692 2686 1971 2734 mutuatas.

374 2756 446 2816 Et
470 2771 618 2817 certe
660 2763 712 2818 in
740 2764 860 2819 aliis
901 2765 1100 2820 nostris
1130 2766 1600 2823 dissertationibus
1641 2767 1854 2824 abunde
1884 2783 1974 2826 os-

375 2854 645 2910 tendimus
687 2857 980 2928 scriptores
1003 2858 1252 2914 ethnicos
1281 2875 1345 2914 ex
1375 2860 1548 2916 sacris
1573 2862 1774 2916 nostris
1817 2860 1972 2918 libris

370 2947 524 3019 plura
546 2949 845 3015 delibasse,
879 2967 997 3022 quae
1019 2951 1093 3006 illi
1126 2954 1305 3023 pravis
1350 2955 1626 3010 erroribus
1675 2955 1785 3010 suis
1813 2956 1970 3024 plane

371 3051 750 3111 corruperunt.
780 3045 849 3098 At
877 3045 1036 3100 nemo
1089 3055 1173 3100 est
1237 3045 1327 3116 qui
1369 3062 1434 3102 ex
1459 3046 1618 3102 dictis
1665 3064 1771 3102 non
1812 3047 1969 3103 facile

372 3132 635 3205 intelligat
673 3151 835 3205 quam
861 3146 1009 3192 recte
1059 3152 1087 3192 a
1142 3136 1471 3194 Tertulliano
1504 3149 1690 3195 nostro
1742 3141 1967 3210 probata

2080 1919 2353 1977 accidunt.

2151 2013 2527 2086 Pergitautetn
2552 2017 2680 2073 ille:
2711 2018 2889 2090 Oﬂicia
2941 2029 3220 2090 temporum
3252 2031 3296 2076 et
3321 2023 3677 2078 elementormn

2080 2107 2254 2162 munia
2282 2110 2566 2164 exorbitant
2596 2109 2819 2184 (Ibid.),
2847 2113 2900 2168 id
2931 2122 3044 2181 est,
3077 2113 3267 2169 solitus
3294 2127 3522 2186 quatuor
3549 2115 3678 2171 anui

2082 2207 2480 2270 tempestatum,
2512 2218 2577 2259 ac
2605 2213 2835 2260 statutus
2862 2205 3254 2261 elementorum
3287 2205 3421 2262 ordo
3445 2209 3675 2264 contun-

2079 2288 2241 2360 ditur,
2287 2292 2430 2363 quod
2477 2294 2770 2367 improprie
2810 2295 2952 2352 dixit
2992 2297 3157 2353 verbo
3199 2299 3502 2356 exorbitant.
3534 2300 3672 2366 Quin

2079 2384 2240 2440 etiam
2272 2385 2515 2444 Monstris
2541 2399 2586 2443 et
2617 2391 2860 2460 portentis
2891 2392 3204 2446 naturalium
3226 2397 3392 2464 forma
3418 2395 3671 2452 turbatur.

2077 2477 2304 2546 Quidam
2347 2493 2526 2538 autem
2571 2483 2646 2540 ibi
2686 2495 2922 2541 monstra
2962 2501 2991 2540 a
3023 2488 3284 2557 portentis
3314 2488 3393 2543 sic
3421 2488 3674 2560 distingui

2077 2572 2284 2654 volunt,
2325 2583 2382 2629 ιιι
2406 2584 2646 2631 monstra
2675 2576 2726 2632 in
2756 2575 3065 2650 hominibus
3085 2560 3516 2650 animalibusque
3543 2581 3671 2646 sint,

2075 2657 2323 2736 pertenta
2353 2683 2481 2722 vero
2509 2669 2562 2723 in
2592 2669 2753 2725 rebus
2791 2670 3113 2725 inanimatis.
3165 2670 3269 2726 Sed
3315 2671 3349 2725 ii
3391 2667 3496 2727 non
3540 2673 3672 2729 satis

2077 2761 2264 2831 procul
2294 2761 2457 2818 dubio
2485 2762 2869 2845 attentlerunt,l
2888 2768 3031 2836 quod
3058 2766 3272 2837 scripsit
3294 2767 3486 2823 Cicero
3511 2766 3674 2823 infor-

2075 2865 2248 2910 matas
2275 2856 2497 2914 deorum
2524 2858 2773 2915 notiones
2811 2855 2995 2930 praeter
3016 2870 3251 2915 naturam
3286 2861 3548 2916 hominum
3587 2877 3674 2933 pe-

2072 2947 2357 3021 cudumque
2373 2953 2614 3020 portentis
2641 2950 2850 3024 (Cicera,
2880 2953 2969 3008 lib.
2995 2951 3041 3008 ll
3060 2954 3123 3007 de
3147 2951 3340 3008 Natur.
3373 2954 3519 3008 deor.
3545 2971 3669 3025 pag.

2072 3039 2201 3108 215,
2231 3043 2322 3098 lin.
2349 3043 2478 3114 45).
2527 3045 2595 3102 Et
2640 3045 2766 3100 alibi
2796 3063 2809 3100 :
2841 3047 2922 3102 An
2957 3062 3072 3100 vero
3107 3046 3198 3100 illa
3233 3062 3327 3100 nos
3367 3054 3582 3114 terrent,
3628 3046 3673 3100 si

2071 3133 2277 3203 quando
2305 3135 2477 3205 aliqua
2506 3147 2796 3207 portentosa
2821 3147 2908 3192 aut
2935 3155 2968 3191 a
2997 3137 3221 3210 pecude,
3244 3148 3356 3210 “aut
3382 3155 3446 3192 ea:
3471 3138 3674 3192 Itomine

372 3228 442 3283 sit
481 3227 690 3282 illorum
734 3230 1041 3300 antiquitas.
1072 3231 1154 3286 Ad
1181 3245 1367 3287 eorum
1412 3247 1540 3303 vero
1591 3233 1964 3289 auctoritatem

2074 3238 2193 3281 nata
2227 3229 2466 3284 dicuntur
2518 3229 2667 3304 (Lib.
2695 3230 2740 3288 ll
2765 3233 2829 3286 de
2859 3231 3073 3287 Divinit.
3126 3249 3178 3296 ρ.
3206 3219 3341 3299 an,
3383 3233 3480 3287 lin.
3524 3231 3708 3301 16H.

368 3321 738 3393 explicandam
771 3337 913 3379 nunc
943 3323 1241 3381 veniamus.

961 3453 1251 3495 AllTlCULUS
1291 3455 1380 3496 νη.

375 3549 639 3616 Quomodo
675 3550 1022 3609 Tertullianus
1061 3555 1366 3610 demonstret
1405 3556 1628 3612 divinant
1659 3567 1765 3612 esse
1809 3572 1971 3612 sacra:

443 3645 730 3716 Scriptura:
767 3649 1149 3716 auctoritatem,
1210 3665 1300 3704 nec
1339 3650 1480 3705 illius
1522 3650 1869 3721 ignorantiam,
1904 3652 1968 3705 ab

441 3741 652 3796 ethnicis
680 3759 827 3814 posse
853 3743 1026 3812 objici.

443 3876 558 3934 Non
614 3895 678 3934 ex
738 3880 850 3936 sola
915 3881 1230 3952 antiquitate
1280 3879 1640 3936 Tertullianus
1701 3895 1964 3938 summam

368 3971 663 4045 Scripturae
691 3991 858 4032 sacrae
883 3975 1259 4031 auctoritatem
1291 3976 1506 4046 repetit,
1531 3976 1624 4030 sed
1647 3990 1712 4031 eo
1735 3977 1964 4032 maxime

364 4066 510 4137 quod
538 4067 722 4123 divina
753 4069 842 4137 sit,
880 4084 974 4124 seu
1003 4069 1196 4124 litteris
1224 4067 1414 4123 tradita
1442 4069 1510 4124 ab
1534 4069 1641 4124 illis
1669 4069 1851 4140 utique
1882 4069 1964 4123 vi-

362 4163 439 4218 ris
490 4163 577 4235 qui
641 4174 796 4219 erant
835 4163 1018 4219 divino
1048 4163 1250 4235 Spiritu
1280 4162 1466 4227 al'llati,
1507 4179 1570 4218 ac
1611 4164 1782 4218 futura
1815 4172 1962 4218 certo

361 4257 725 4330 prmdiserunt
780 4257 1016 4330 (Ibid.,
1078 4276 1194 4330 cap.
1242 4257 1400 4328 20):
1463 4256 1708 4312 Idoneum
1776 4258 1963 4330 quippe

362 4350 706 4404 testimonium
729 4350 1028 4419 divinitatis,
1053 4352 1128 4407 ait
1151 4352 1265 4419 ille,
1288 4363 1362 4406 est
1399 4353 1584 4406 ueritas
1607 4352 1958 4407 divinationis.

353 4439 546 4510 Neque
577 4441 628 4495 id
657 4441 798 4496 ullus
830 4458 1027 4513 negare
1056 4453 1298 4512 poterat,
1332 4458 1430 4498 nec
1455 4445 1554 4514 ipsi
1582 4444 1795 4514 quidem
1823 4459 1958 4515 gen-

363 4532 485 4586 tiles
506 4571 520 4595 ,
565 4533 652 4601 qui
685 4548 840 4589 veros
876 4548 1000 4589 esse
1023 4533 1155 4590 deos
1183 4550 1312 4590 suos
1345 4535 1471 4590 inde
1499 4535 1764 4591 coniicere
1793 4550 1958 4591 cona-

2075 3321 2388 3380 Portentum
2428 3325 2590 3396 igitur
2617 3342 2722 3381 non
2755 3326 2925 3397 magis
2950 3326 3018 3381 de
3063 3326 3368 3381 inaniinatis
3397 3325 3560 3381 rebus
3584 3324 3669 3379 di-

2073 3422 2231 3484 citur,
2273 3433 2432 3488 quam
2473 3418 2540 3474 de
2579 3418 2886 3474 hominibus
2933 3426 2989 3474 et
3014 3416 3334 3487 pecudibus,
3366 3417 3418 3471 in
3465 3416 3662 3487 quibus

2073 3511 2374 3568 membrum
2405 3511 2618 3584 aliquod
2651 3521 2847 3583 praeter
2872 3521 3116 3566 naturam
3139 3510 3296 3581 plane
3316 3509 3669 3576 deformatur,

2071 3612 2165 3659 aut
2203 3603 2504 3670 redundat,
2549 3614 2641 3659 aut
2678 3604 2875 3660 deﬁcit.
2908 3604 3222 3659 Portentum
3251 3612 3428 3657 tamen
3455 3618 3486 3658 a
3509 3616 3670 3657 mon-

2069 3705 2185 3753 stro
2204 3696 2250 3751 si
2279 3696 2494 3767 quando
2516 3695 2832 3752 Tertulliani
2855 3695 3034 3753 verbis
3061 3710 3246 3750 revera
3271 3695 3485 3752 secerni
3513 3694 3668 3751 nobis

2069 3788 2349 3858 probetur,
2382 3788 2622 3858 protinus
2651 3787 2926 3844 cedemus.

2141 3879 2278 3950 Quid
2308 3882 2499 3952 plura?
2539 3880 2796 3950 Humiles,
2829 3883 2904 3937 ait
2932 3881 3042 3951 ille,
3072 3881 3401 3949 sublimitate,
3430 3881 3668 3936 sublimes
3744 3897 3750 3910 ί

2068 3974 2353 4029 humilitate
2388 3985 2648 4030 mutantur
2677 3975 2695 4045 (
2723 3973 3024 4029 Tertulliun.
3065 3975 3361 4045 Apologet.,
3403 3989 3519 4044 cap.
3562 3972 3662 4039 20,

2068 4068 2375 4141 pag.2590);
2407 4070 2539 4134 sive,
2563 4068 2837 4124 hominum
2868 4076 3038 4122 status
3064 4076 3118 4122 et
3142 4067 3380 4122 conditio
3412 4065 3481 4120 ita
3511 4079 3667 4120 com--

2067 4171 2305 4218 mutatur
2326 4205 2341 4230 ,
2371 4174 2428 4218 ut
2456 4178 2486 4217 a
2515 4162 2732 4218 sublimi
2762 4176 2824 4216 ac
2854 4175 3062 4216 summa
3092 4159 3157 4215 ad
3214 4159 3469 4215 humilem
3494 4149 3549 4212 et
3576 4158 3663 4212 in-

2065 4254 2246 4312 llmam
2308 4265 2468 4328 atque
2503 4271 2658 4312 versa
2719 4257 2854 4320 vice,
2886 4263 2976 4310 aut
3003 4253 3255 4310 decidant
3283 4261 3376 4307 aut
3399 4265 3663 4307 conscen-

2064 4349 2213 4405 dant.
2251 4349 2524 4420 Denique:
2544 4349 2751 4421 justitia
2768 4348 2998 4413 rarescit,
3027 4357 3074 4401 et
3091 4346 3332 4417 iniquitas
3367 4337 3666 4422 crebrescit;

2064 4443 2314 4498 bonarum
2350 4444 2574 4496 omnium
2615 4440 3003 4512 disciplinarum
3042 4456 3169 4495 cura
3213 4439 3472 4509 torpescit,
3520 4435 3663 4506 apud

2062 4533 2309 4589 ethnicos
2340 4532 2624 4599 videlicet,
2669 4533 2758 4603 qui
2800 4532 3149 4602 Christianam
3180 4529 3493 4599 religionem
3522 4525 3661 4582 ode-

360 4628 578 4696 bantur,
597 4629 717 4698 quia
749 4643 839 4684 res
868 4628 1076 4685 futuras
1099 4628 1169 4685 ab
1195 4629 1258 4684 iis
1309 4631 1694 4700 praenuntiatus
1718 4645 1839 4686 esse
1860 4647 1957 4686 au-
1984 4642 2038 4701 D
2063 4636 2218 4693 rant,
2245 4626 2346 4687 ,vel
2391 4625 2839 4696 aspernabantur.
2889 4623 3023 4680 Nam
3085 4631 3270 4694 postea
3313 4616 3660 4675 manifestum

362 4721 659 4776 tumabant.
701 4720 993 4778 Christiani
1033 4736 1163 4777 vero
1196 4722 1313 4792 vim.
1341 4717 1499 4792 hujus
1527 4723 1850 4792 argumenti,
1882 4722 1961 4778 sic

358 4815 428 4870 ab
457 4815 748 4887 gentilibus
777 4816 1036 4886 usurpati,
1067 4830 1172 4871 non
1198 4814 1359 4869 aliam
1382 4815 1454 4870 ob
1480 4829 1696 4870 causam
1723 4813 1960 4870 inﬁrma-

358 4905 523 4976 bant,
559 4908 662 4964 nisi
690 4907 814 4980 quia
845 4919 936 4963 aut
961 4908 1108 4963 falsae
1133 4917 1287 4964 erant
1309 4906 1614 4978 hujusmodi
1636 4907 1957 4963 tactitiorum

359 5001 586 5058 deorum
622 5003 1021 5074 praedictiones,
1053 5013 1144 5057 aut
1171 5002 1475 5057 daemonum
1503 5001 1707 5061 artibus
1735 5011 1789 5057 et
1818 5016 1957 5072 pric-

360 5095 531 5164 stigiis
559 5098 892 5167 excogitatae.
911 5095 1072 5152 Solus
1095 5112 1327 5168 namque
1347 5111 1507 5152 verus
1529 5095 1692 5163 Deus,
1715 5103 1808 5151 aut
1830 5111 1956 5166 pro-

361 5189 538 5260 pheta:
562 5191 746 5261 spiritu
778 5191 921 5248 illius
949 5192 1159 5262 repleti,
1191 5199 1415 5262 possunt
1440 5189 1616 5245 futura
1644 5199 1795 5246 certo
1823 5206 1958 5260 prte-

358 5283 626 5339 nuntiare.
652 5286 809 5356 Atqui
840 5285 1085 5356 plurima,
1119 5285 1292 5356 inquit
1318 5285 1740 5351 Auetornoswr,
1765 5282 1954 5338 eodem

355 5376 519 5432 modo
540 5377 650 5448 jam
673 5378 811 5433 facta
829 5379 1120 5446 cernimus,
1143 5393 1249 5449 quo
1270 5393 1299 5432 a
1322 5378 1489 5434 sacris
1517 5377 1728 5434 vatibus
1757 5377 1955 5454 nostris

354 5481 766 5543 praemonstrata
799 5470 1028 5526 fuerant.

430 5563 584 5620 Brevi
623 5575 800 5620 autem
830 5563 1086 5621 harumce
1111 5556 1520 5637 pratdictionum
1549 5567 1956 5624 enumeratione

356 5659 488 5716 illud
561 5659 876 5731 comprobat
914 5659 934 5731 (
974 5658 1112 5714 Ibid.
1163 5657 1204 5732 ).
1257 5659 1410 5717 Nunc
1498 5662 1640 5716 enim
1673 5703 1689 5731 ,
1744 5671 1803 5717 ut
1865 5661 1957 5717 ille

355 5754 431 5810 ait
459 5797 475 5821 ,
505 5753 697 5824 Terrae,
729 5753 1173 5826 quemadmodum
1198 5769 1227 5809 a
1249 5755 1418 5810 sacris
1444 5754 1728 5827 Prophetis
1755 5753 1954 5826 praedi-

353 5858 501 5912 ctum
538 5859 642 5920 est,
693 5858 868 5908 vorant
905 5848 1080 5922 urbes,
1127 5849 1182 5910 id
1210 5859 1313 5924 cst,
1360 5851 1658 5926 repentinis
1683 5860 1953 5913 terrarum

2063 4721 2208 4793 ipse,
2237 4730 2294 4775 ut
2321 4736 2420 4776 suo
2448 4722 2566 4776 loco
2597 4720 2917 4784 videbimus,
2946 4717 3166 4774 cuilibet
3194 4714 3319 4771 fecit
3344 4728 3374 4768 a
3403 4709 3664 4766 Christia-

2063 4815 2148 4870 nis
2172 4813 2437 4870 excultam
2469 4813 2982 4882 disseminatamque
3019 4809 3183 4864 fuisse
3217 4805 3511 4877 justitiam,
3545 4803 3659 4873 pie-

2061 4916 2248 4974 tatem,
2268 4909 2626 4974 sanctitatem,
2649 4920 2943 4976 curamque
2962 4904 3222 4960 bonarum
3238 4899 3476 4954 omnium
3499 4896 3664 4954 disciv

2063 5001 2348 5072 plinarum.
2377 5001 2544 5057 Porro
2571 5011 2749 5056 autem
2773 4997 2975 5064 clades,
2993 4993 3347 5059 calamitates,
3373 5006 3661 5063 rerumque

2062 5094 2514 5166 perturbationes,
2553 5108 2686 5165 quas
2713 5094 2912 5148 Auctor
2937 5099 3119 5144 noster
3146 5097 3409 5153 recenset,
3436 5100 3467 5140 a
3493 5082 3660 5140 sacris

2059 5190 2259 5246 nostris
2284 5189 2496 5246 vatibus
2533 5204 2658 5244 vere
2689 5182 3074 5258 praenuntiatas
3094 5179 3259 5236 fuisse
3280 5193 3441 5235 nemo
3464 5178 3660 5247 negare

2059 5295 2256 5356 potest,
2281 5285 2382 5340 nisi
2405 5285 2493 5354 qui
2515 5283 2726 5345 horum,
2750 5277 3085 5346 aliorumque
3119 5274 3237 5330 sive
3278 5269 3658 5328 historicorum

2058 5388 2154 5434 aut
2190 5376 2705 5447 chronologistarutn
2756 5371 2924 5427 libros
2939 5409 2958 5437 ,.
2984 5383 3086 5426 nec
3130 5364 3497 5439 percurrendo
3537 5362 3660 5434 qui-

2059 5473 2182 5530 dem
2212 5472 2418 5543 legerit.
2466 5471 2535 5524 At
2566 5463 3016 5539 quemadmodum
3042 5460 3373 5532 Augustinus
3400 5457 3658 5514 adversus

2061 5565 2318 5624 Faustum
2341 5561 2690 5617 Manichmum
2712 5558 2950 5630 disputat
2974 5572 2986 5610 :
3015 5553 3340 5610 Ostendimus
3365 5551 3520 5619 fidem
3547 5565 3660 5620 pro.

2061 5660 2328 5730 pltetarum
2355 5671 2416 5710 ex
2435 5656 2533 5723 Itis,
2558 5669 2672 5725 qua:
2697 5659 2906 5706 uentura
2929 5650 3237 5716 cecinerunt,
3265 5656 3311 5702 et
3337 5645 3528 5699 venisse
3551 5658 3660 5698 cer-

2063 5762 2249 5808 nuntur
2266 5751 2502 5824 (August.
2531 5749 2621 5805 lib.
2651 5745 2788 5814 XIII,
2811 5755 2979 5802 contr.
3002 5742 3191 5798 Faust.
3215 5739 3506 5806 "Manichu
3534 5755 3652 5810 cap.

2062 5846 2114 5919 7,
2150 5861 2268 5920 pag.
2299 5843 2425 5915 235,
2460 5854 2580 5901 tom.
2616 5839 2729 5901 Vlll
2752 5839 2792 5913 ).
2836 5838 2944 5899 Sed
2974 5837 3124 5896 illum
3154 5834 3305 5909 plura
3342 5832 3411 5892 dc
3451 5831 3535 5890 his
3582 5831 3657 5890 ibi
