4092 6352
405 288 519 363 ξος

409 524 545 586 quas
584 508 939 567 Tertullianus
978 518 1009 559 a
1050 503 1219 560 sacris
1257 500 1459 558 nostris
1479 499 1692 557 vatibus
1722 496 2010 571 pmdictas

410 615 535 661 esse
558 602 712 668 dixit,
742 598 962 656 inferius
991 610 1111 653 cum
1137 610 1204 653 eo
1235 592 1525 666 agendum.
1830 662 1839 665 _

486 694 835 752 Dissimulare
876 701 1055 748 tamen
1084 705 1190 747 non
1221 704 1504 761 possumus
1542 686 1662 743 aliis
1702 685 1861 756 longe
1898 682 2010 740 οἰδα

409 788 647 848 fioribus
685 798 855 844 sacrm
901 784 1193 856 Scriptum
1219 782 1397 841 verbis
1441 781 1613 838 futura
1642 776 2013 852 prtenuntiaria

415 872 574 940 Tales
600 881 876 938 enimvero
901 887 1025 936 sunt
1054 879 1235 950 plures
1265 879 1333 934 de
1359 885 1586 932 venturo
1611 874 1849 941 Clu-isto,
1874 858 2017 944 ejus-

415 989 522 1048 que
548 975 676 1042 vita,
704 974 1000 1041 miraculis,
1029 980 1224 1039 morte,
1248 980 1306 1028 et
1334 970 1400 1026 ad
1424 954 1587 1027 vitam
1614 980 1860 1041 regressu
1881 976 2019 1040 prata

412 1068 700 1134 dictiones,
733 1083 853 1141 qua:
880 1068 948 1123 ab
977 1068 1210 1122 Auctore
1235 1074 1423 1121 nostro
1449 1075 1502 1120 et
1529 1061 1827 1128 Lactantio,
1870 1068 1930 1117 ut
1960 1062 2015 1117 in

418 1163 683 1235 superiori
704 1160 1082 1219 dissertatione
1098 1156 1458 1227 ostendimus,
1487 1165 1736 1213 accurate
1769 1155 2017 1212 referun-

420 1266 506 1313 tur
522 1240 720 1330 (Infra,
748 1266 843 1323 cap
887 1252 941 1317 9,
971 1261 1073 1308 art.
1096 1253 1163 1319 2;
1187 1250 1454 1306 Dissertnl.
1483 1250 1536 1305 in
1561 1246 1798 1303 Lactant.
1822 1254 1937 1319 cap.
1960 1246 2017 1315 8,

419 1357 519 1406 nrt.
555 1347 584 1404 1
616 1357 663 1402 et
683 1345 779 1418 Ξ).
813 1345 1014 1401 Verum
1048 1345 1163 1415 ipse
1191 1339 1552 1399 Tertullianus
1579 1347 1769 1396 noster
1793 1340 2022 1395 arbitra-

420 1448 507 1498 tus
534 1449 638 1509 est,
669 1454 769 1496 nec
790 1438 910 1511 jure
940 1436 1153 1510 quidem
1182 1437 1470 1500 immerito,
1500 1446 1563 1491 ea
1589 1448 1709 1506 quae
1737 1446 1880 1489 nunc
1904 1445 2021 1490 me-

420 1543 618 1601 morat,
649 1530 714 1587 ad
743 1531 1071 1604 probandam
1125 1542 1294 1586 sacrae
1346 1526 1641 1600 Scriptum
1690 1524 2021 1583 divinitatem

422 1626 501 1683 sic
524 1624 797 1692 sufﬁcere,
816 1632 873 1679 ut
893 1621 1010 1679 aliis
1030 1636 1166 1694 opus
1188 1634 1295 1677 non
1319 1628 1485 1690 esset,
1507 1635 1605 1677 nec
1620 1620 1900 1692 exemplis,
1924 1630 2025 1675 nec

423 1717 847 1793 probationibus.

1480 288 1549 348 lN
1582 264 2046 347 inaremitti
2081 267 2612 343 saetosum

409 419 768 490 disputantem
797 410 946 470 adire
972 406 1193 482 poteris.
1239 405 1316 464 De
1357 405 1539 463 mundi
1568 420 1698 463 vero
1724 402 2003 468 cladibus,
2033 399 2089 463 Α
2211 446 2216 458 ,
2360 472 2368 481 ι
2566 422 2571 428 -

3600 258 3716 339 εδδ

2711 384 2941 455 CAPUT
2988 390 3101 452 VII.

2111 536 2191 594 De
2224 528 2332 595 Deo
2362 537 2639 607 divinisque
2677 536 2785 609 ejus
2827 515 3221 610 perfectionibus
3253 538 3300 589 el
3330 530 3610 619 attributis,
3651 548 3715 586 ac

2186 641 2305 704 quot
2323 633 2557 705 qualesve
2573 631 2842 705 gentilium
2867 631 3291 705 philosophorum
3316 629 3384 687 de
3405 629 3495 686 illo
3518 629 3719 685 dissen-

2186 727 2353 783 siones
2377 736 2422 783 et
2448 742 2667 784 errores.

2641 892 2938 945 Att‘l‘tcdws
2975 892 3188 944 rnt‘uus.

2122 1023 2463 1082 Examinatur
2499 1027 2769 1098 sectupr
2806 1032 3197 1099 argumentum,
3240 1036 3343 1093 quo
3368 1018 3722 1076 Tertullinus

2195 1115 2358 1174 Deum
2368 1119 2580 1175 existere
2595 1119 2931 1185 demonstrat,
2948 1116 3180 1172 uidelicet
3197 1126 3461 1171 sacrarum
3475 1112 3722 1183 Scriptu—

2188 1226 2368 1265 rarunt
2388 1211 2708 1277 auctoritate,
2729 1210 2995 1282 gentilium
3014 1207 3436 1283 philosophorum
3451 1220 3723 1272 consensu,

2195 1304 2458 1375 ipsiusmet
2486 1302 2585 1359 Dei
2611 1305 2873 1373 operibus,
2903 1304 3084 1359 intimo
3103 1303 3286 1359 mentis
3316 1301 3730 1369 nuntiantem

2195 1406 2243 1451 et
2267 1398 2597 1466 conscientia,
2626 1397 2845 1468 inﬁnitis
2875 1394 2974 1452 Dei
2998 1392 3412 1469 perfectionibus,
3436 1408 3502 1461 ac
3518 1390 3731 1464 publica

2198 1499 2245 1544 et
2262 1490 2450 1562 sepius
2469 1490 2681 1562 repetita
2699 1490 2988 1547 demonstra
2998 1506 3034 1545 α
3047 1487 3351 1546 Christianis
3367 1486 3730 1558 adjuratoruns

2199 1586 2539 1656 confessions.

2200 1722 2278 1780 Ea
2302 1732 2389 1781 est
2412 1720 2719 1781 christiana:
2746 1723 3026 1797 religionis
3054 1718 3333 1795 perfectio,
3377 1728 3456 1791 ut,
3481 1718 3548 1777 ad
3585 1718 3730 1776 illius

492 1807 676 1883 Neque
708 1810 866 1882 obiici
906 1817 1120 1882 poterat
1149 1809 1270 1866 illas
1300 1825 1331 1865 a
1356 1806 1680 1866 Christianis
1706 1808 2021 1876 occultatas,
2053 1810 2101 1875 Β
2131 1816 2410 1872 veritatem
2469 1825 2529 1871 ει
2607 1815 2835 1871 aliarum
2927 1824 3369 1888 ρυτπιηηοιιηρυε
3438 1811 3731 1869 falsitatem

426 1920 529 1962 nec
558 1904 802 1961 ethnicos
833 1903 1086 1959 habuisse
1116 1902 1334 1957 easdem
1366 1901 1573 1974 legendi
1602 1911 1659 1958 et
1683 1900 2024 1957 examinandi

422 1999 748 2057 facultatem.
768 1995 1023 2065 Quamvis
1044 1996 1190 2052 enim
1211 2006 1436 2050 summa:
1464 1992 1792 2050 Christianis
1815 1993 2030 2064 religio-

423 2093 480 2150 ni
525 2090 686 2147 fuerit
727 2102 879 2144 sacra
920 2101 1016 2143 sua
1051 2085 1306 2159 mysteria
1345 2086 1481 2141 alios
1518 2096 1739 2152 omnes,
1783 2092 1839 2144 et
1880 2085 2028 2155 ipsos

422 2186 582 2243 etiam
626 2182 1042 2240 catechumenos
1066 2180 1277 2247 celare;
1306 2179 1504 2235 divina:
1531 2190 1708 2235 tamen
1739 2176 2027 2249 Scriptum

423 2281 612 2348 libros,
632 2294 731 2334 nec
753 2276 1187 2343 abscondebam,
1236 2284 1338 2331 nec
1383 2271 1716 2330 abscondere
1751 2280 2023 2344 poterant.

424 2372 786 2444 Quamobrem
806 2369 1171 2433 Tertullianus
1191 2366 1464 2425 ethnicum
1486 2366 1761 2422 hominem
1786 2366 1864 2422 sic
1880 2374 2028 2421 com-

429 2468 592 2542 pellat
626 2485 640 2524 :
674 2467 881 2534 inspice
908 2463 1000 2519 Dei
1026 2476 1193 2533 uoces,
1225 2462 1422 2518 litteras
1446 2472 1646 2517 nostras
1666 2502 1679 2525 ,
1717 2474 1844 2532 quas
1870 2470 2029 2529 neque

425 2563 527 2636 ipsi
556 2560 921 2634 supprimimus
939 2600 954 2627 ,
983 2567 1031 2614 et
1058 2557 1282 2630 plerique
1313 2570 1461 2613 casus
1474 2557 1542 2612 ad
1563 2564 1827 2611 extraneos
1851 2562 2026 2610 trans-

429 2661 599 2731 ferunt
666 2651 1006 2727 (Tertullian.
1083 2650 1305 2724 Apolog.
1374 2666 1491 2724 cap.
1538 2651 1643 2718 3t,
1691 2666 1812 2722 pag.
1859 2647 2025 2721 446).

426 2748 615 2809 Nonne
639 2762 818 2809 autem
846 2753 929 2809 his
953 2754 1135 2810 verbis
1164 2753 1361 2809 litteras
1390 2763 1610 2820 nostras,
1640 2756 1830 2807 omnes
1857 2758 2027 2821 gene-

427 2840 584 2903 ratim
608 2846 853 2920 designat
874 2845 1045 2905 libros
1066 2860 1172 2905 non
1195 2847 1366 2904 solum
1392 2847 1577 2919 prisci,
1606 2844 1699 2901 sed
1725 2845 1844 2900 novi
1866 2845 2028 2900 etiam

428 2936 777 3007 Taslamcnli,
801 2940 940 3012 quod
968 2939 1161 2997 alicubi
1193 2940 1596 3014 supplementum
1619 2939 1796 2994 ueteris
1824 2934 2028 2991 Iustino

428 3034 584 3088 menti
616 3033 900 3105 appellavit
918 3032 1187 3107 (Tertull.,
1219 3033 1305 3088 lib.
1335 3034 1456 3105 atto.
1493 3030 1880 3103 Hermog.cap.
1907 3027 2028 3103 20).

429 3120 716 3183 Christiani
747 3128 925 3201 itaque
955 3138 1063 3184 non
1098 3126 1508 3201 supprimebnnt
1537 3125 1696 3182 hasce
1734 3142 1912 3182 sacras
1941 3124 2030 3181 lit-

2130 1906 2628 1976 demonstrandam,
2656 1907 2794 1978 sola,
2825 1908 3073 1980 simplex,
3102 1905 3370 1979 nudaque,
3400 1912 3461 1961 ut
3481 1912 3628 1962 recte
3654 1903 3731 1959 ait

2129 1999 2523 2071 'llertullianus,
2564 2000 2797 2060 sufﬁciat
2823 2002 3085 2060 doctrinae
3111 2001 3227 2074 ejus
3252 1999 3538 2073 expositio.
3584 1995 3730 2054 Nihil

2130 2097 2272 2152 enim
2304 2096 2357 2152 in
2383 2110 2445 2154 ea
2477 2097 2731 2165 occurrit,
2765 2094 2907 2169 quod
2934 2096 3169 2152 naturali
3189 2095 3428 2151 omnium
3452 2092 3732 2149 hominum

2130 2186 2317 2246 hnnini
2373 2203 2435 2246 ac
2461 2199 2623 2247 recta:
2650 2192 2846 2246 rationi
2877 2188 3036 2262 plane
3064 2202 3170 2246 non
3201 2195 3485 2260 congruat.
3529 2184 3734 2242 Prmcio

2131 2298 2234 2357 pua
2263 2295 2439 2343 autem
2487 2286 2604 2358 ejus
2634 2287 2808 2357 capita
2839 2272 3026 2341 auctor
3052 2293 3237 2341 noster
3264 2282 3487 2355 expOnit
3507 2322 3521 2348 ,
3571 2267 3737 2351 atque

2131 2374 2199 2433 ab
2219 2390 2285 2435 eo
2306 2377 2535 2447 orditur,
2560 2378 2701 2449 quod
2724 2386 3048 2434 caeterorum
3069 2375 3307 2432 omnium
3331 2370 3737 2429 fundamentum

2132 2481 2232 2538 est,
2258 2472 2507 2529 videlicet
2534 2471 2601 2528 ab
2630 2471 2747 2544 ipso
2776 2470 2911 2538 Deo,
2944 2471 3033 2542 qui
3059 2482 3088 2525 a
3105 2466 3426 2527 Christianis
3455 2463 3654 2522 colitur
3679 2469 3739 2520 et

2132 2563 2404 2621 adorator.
2649 2542 2665 2544 ⁷
3206 2542 3207 2547 “

2202 2650 2378 2716 Variis
2396 2659 2577 2731 itaque
2590 2655 2923 2731 argumentis
2951 2654 3103 2713 illum
3133 2654 3384 2720 existere,
3416 2648 3471 2710 et
3519 2650 3738 2708 unicum

2132 2764 2273 2823 esse,
2300 2754 2456 2825 plane
2477 2753 2729 2810 ostendit.
2751 2750 2988 2808 Primum
3016 2749 3158 2807 enim
3180 2749 3246 2819 is,
3275 2747 3465 2821 inquit,
3495 2748 3609 2818 ipse
3629 2751 3735 2815 est,

2131 2854 2291 2919 quem
2319 2847 2540 2919 singulae
2570 2848 2683 2904 rere
2705 2859 2898 2903 omnes
2938 2859 3216 2901 sacrarum
3244 2851 3554 2901 nosuarum
3585 2837 3736 2896 Scri-

2131 2952 2406 3015 pturarum
2437 2942 2645 3015 paginae
2682 2941 2898 2997 unicum
2924 2982 2938 3008 ,
2965 2948 3022 2997 et
3062 2937 3269 2994 nullum
3297 2950 3517 3010 prorsus
3545 2933 3731 3001 alium,

2131 3052 2253 3093 esse
2318 3036 2488 3093 Deum
2551 3034 2901 3107 apertissime
2988 3042 3238 3090 asserunt
3307 3047 3371 3088 ac
3426 3028 3741 3086 renuntiant

2133 3128 2384 3207 (Tertull.
2432 3129 2699 3204 Apologet.
2742 3146 2858 3201 cap.
2898 3126 2966 3184 17
2993 3136 3038 3184 et
3058 3144 3220 3200 seqq.,
3249 3142 3368 3199 pag.
3389 3123 3551 3197 375).
3575 3118 3741 3194 Atqui

433 3208 612 3289 teras;
644 3228 699 3278 et
723 3223 966 3293 quamvis
992 3223 1108 3278 illas
1137 3223 1407 3279 occultare
1427 3220 1740 3288 voluissent,
1769 3220 1837 3275 ad
1863 3227 2036 3275 extra-
2059 3214 2105 3279 C
2135 3222 2244 3298 jam
2279 3226 2621 3299 probavimus
2663 3218 2896 3293 divinam
2943 3237 3064 3279 esse
3106 3219 3346 3293 ejusdem
3388 3234 3557 3275 sacra:
3596 3215 3739 3275 Scri-

432 3318 552 3369 neos
580 3320 782 3383 tamen,
811 3315 919 3372 hoc
955 3323 1041 3372 est
1069 3312 1334 3383 ethnicos,
1368 3314 1530 3371 variis
1559 3311 1772 3371 casibus
1803 3312 2031 3372 transie-

432 3405 708 3464 rebantur.

504 3500 791 3573 Praeterea,
822 3501 949 3559 libri
966 3501 1165 3559 veteris
1188 3498 1515 3559 Tesmmenti
1532 3498 1601 3557 ab
1622 3500 1742 3573 ipso
1764 3498 2029 3557 Philadel-

434 3592 525 3669 phi
556 3604 798 3669 tempore
827 3612 899 3654 ex
926 3596 1177 3655 hebraica
1207 3595 1261 3652 in
1285 3608 1518 3668 graacam
1545 3595 1805 3668 linguam,
1839 3594 1915 3650 uti
1946 3593 2031 3651 di-

382 3766 393 3773 _
434 3691 632 3760 ximus,
665 3693 930 3761 Conversi,
977 3692 1029 3748 in
1069 3690 1380 3749 earumdem
1411 3688 1749 3748 ethnicorum
1776 3690 2037 3747 venerant

434 3799 645 3851 manus,
682 3792 1032 3855 poterantque
1058 3798 1149 3839 eas
1180 3784 1356 3855 legere
1377 3825 1391 3851 ,
1427 3792 1481 3839 et
1508 3792 1818 3854 agnoscere,
1854 3784 2034 3838 utrum

435 3877 673 3932 omnium
707 3876 919 3932 illorum
949 3874 1188 3932 viderent
1214 3873 1466 3931 effectum
1492 3917 1508 3942 ,
1555 3882 1675 3946 Qum
1703 3873 1754 3929 in
1783 3874 1862 3929 eis
1892 3886 2033 3946 prae-

435 3969 675 4023 nuntiata
699 3967 927 4023 fuerant.
950 3968 1039 4035 At,
1061 3968 1274 4024 tametsi
1303 3967 1550 4039 gentiles,
1570 3970 1662 4022 aut
1692 3967 1916 4033 incuria,
1945 3972 2037 4021 aut

438 4058 735 4132 pervicacia
779 4058 880 4115 hos
914 4072 1100 4114 sacros
1136 4058 1301 4114 libros
1345 4070 1452 4114 non
1496 4057 1786 4129 legissent,
1836 4052 2037 4112 nihilo-

436 4152 615 4208 minus
633 4149 919 4206 Christiani
950 4148 1385 4207 manifestissime
1414 4149 1856 4205 demonstrabant
1882 4156 2038 4205 veras

437 4244 602 4301 l‘uiSse
626 4245 1053 4313 vaticinationes,
1085 4251 1219 4316 quas
1247 4244 1305 4300 in
1328 4245 1409 4299 eis
1432 4243 1592 4314 longo
1611 4250 1770 4298 antea
1792 4250 2036 4313 tempore
2098 4249 2101 4252 ‘

437 4337 718 4412 praedictas
739 4336 1001 4393 videmus.
1030 4336 1267 4408 Denique
1304 4335 1606 4407 Prophetas,
1629 4350 1856 4409 quorum
1877 4344 2039 4395 voces

439 4433 586 4490 hisce
618 4434 668 4487 in
700 4431 853 4488 libris
881 4430 1164 4503 descriptae
1189 4440 1313 4487 sunt
1333 4473 1348 4498 ,
1389 4429 1646 4487 mirandis
1677 4429 1959 4488 virtutibus
1983 4436 2040 4488 et

438 4525 733 4595 miraculis,
779 4524 853 4581 uti
894 4516 1054 4597 supra
1085 4525 1431 4581 observatum
1461 4534 1564 4592 est,
1603 4540 1697 4580 sua
1719 4532 1772 4581 et
1795 4524 1956 4581 verba
1982 4530 2039 4582 et

2135 3329 2307 3392 plura:
2334 3320 2731 3377 auctoritatem.
2773 3315 2927 3386 Quod
2956 3331 3084 3388 ergo
3108 3314 3175 3372 de
3206 3314 3365 3371 unico
3398 3313 3533 3381 Deo,
3559 3310 3739 3384 reipsa

2135 3415 2400 3473 existente
2423 3456 2436 3482 ,
2496 3421 2603 3469 tam
2644 3424 2790 3483 saepe
2842 3424 3001 3482 quam
3028 3408 3311 3482 perspicue
3338 3405 3613 3478 pradicat,
3637 3403 3767 3486 hoe

2135 3520 2282 3567 certe
2305 3507 2645 3575 verissimum
2667 3513 2772 3562 est.
2802 3504 3109 3576 Scriptores
3136 3501 3407 3574 siquidem
3432 3499 3635 3567 divino,
3660 3496 3740 3554 uti

2135 3603 2387 3671 vidimus,
2434 3602 2636 3675 Spiritu
2663 3599 2853 3667 alllati,
2894 3614 2998 3656 nec
3023 3597 3239 3655 mentiri
3264 3604 3509 3668 possunt,
3555 3607 3656 3651 nec
3684 3592 3740 3650 in

2138 3696 2306 3753 ullum
2335 3711 2587 3767 umquam
2616 3709 2716 3750 nos
2743 3692 3000 3749 inducere
3026 3707 3292 3748 errorem.
3378 3711 3396 3725 ·

2210 3792 2266 3847 Si
2293 3777 2615 3863 quis‘autcm
2647 3788 2893 3845 ethnicus
2922 3788 3132 3857 aliquos
3161 3801 3332 3842 sacra:
3363 3783 3649 3855 Scriptum
3672 3778 3738 3835 li-

2138 3883 2267 3941 bros
2312 3881 2399 3938 vel
2442 3882 2676 3937 breviter
2720 3877 3070 3950 percurrendi
3117 3878 3357 3933 laborem
3398 3882 3649 3942 recuset,
3694 3871 3742 3928 is

2139 3974 2327 4031 saltem
2356 3989 2543 4029 eorum
2599 3971 2810 4027 initium
2854 3985 2917 4025 ac
2962 3966 3131 4041 prima
3163 3966 3437 4024 Genescos
3464 3966 3624 4021 verba
3656 3963 3741 4021 le-

2139 4077 2248 4140 gat,
2277 4076 2436 4138 atque
2466 4066 2531 4121 iis
2560 4064 2915 4120 disertissime
2943 4061 3213 4133 proditum
3239 4042 3557 4129 comperiet,
3595 4057 3744 4127 quod

2140 4154 2277 4216 dixit
2302 4154 2699 4224 Tertullianus,
2742 4155 2957 4210 unicum
2988 4153 3212 4210 omnino
3239 4166 3362 4208 esse
3395 4149 3561 4206 Deum
3591 4166 3605 4204 :
3640 4149 3746 4217 Qui

2141 4261 2296 4308 totam
2318 4249 2501 4306 molem
2522 4248 2690 4316 istam,
2712 4265 2827 4304 cum
2849 4248 2987 4303 onnn'
3010 4247 3340 4302 instrumento
3361 4243 3739 4314 elementorum,

2141 4362 2431 4419 corporum,
2475 4345 2767 4416 spirituum,
2801 4344 2969 4410 verba,
3012 4359 3111 4416 quo
3144 4338 3332 4413 jussit,
3378 4340 3594 4407 ratione,
3644 4354 3748 4410 qua

2143 4439 2456 4511 composuit,
2490 4436 2693 4503 uirtute,
2722 4453 2825 4509 qua
2847 4434 3031 4507 potuit,
3054 4432 3108 4491 id
3129 4444 3232 4502 est,
3261 4449 3365 4506 qua
3395 4430 3460 4489 ad
3488 4429 3746 4488 mundum

2143 4531 2433 4589 creandum
2459 4547 2646 4589 revera
2678 4526 2945 4602 pollebat,
2978 4528 3041 4586 de
3066 4527 3228 4585 nihilo
3255 4524 3498 4600 expressit
3529 4523 3745 4597 (Ibid.).

439 4618 759 4679 documenta
812 4619 1166 4675 invictissime
1223 4617 1630 4687 stabiliret-unt,
1681 4618 2031 4676 conﬁrmave-

2146 4626 2399 4685 Minutius
2428 4637 2606 4684 autem
2636 4622 2808 4695 Felix,
2837 4620 2912 4707 uti
2942 4626 2993 4681 in
3021 4624 3124 4680 alia
3154 4622 3538 4680 dissertatione
3566 4616 3746 4675 anim-

439 4700 1058 4784 runtquefl'ertullianus
1076 4712 1255 4783 itaque
1269 4709 1456 4784 exhis,
1477 4726 1597 4782 qua:
1614 4712 1665 4766 in
1690 4710 1791 4767 hoc
1808 4718 1862 4767 et
1881 4721 2041 4784 su‘p’ce

309 4840 317 4847 -
359 4882 363 4884 _
439 4808 671 4864 riorihus
697 4805 934 4862 articulis
963 4794 1101 4861 dicta
1131 4813 1275 4872 Sunt,
1305 4813 1451 4860 recte
1495 4803 1765 4859 concludit
1803 4802 2037 4884 divinam

355 4882 363 4893 l
441 4918 562 4959 esse
590 4917 862 4957 sacrarum
886 4908 1187 4956 nostrarum
1211 4894 1613 4981 Scripturarum
1635 4882 2033 4963 auctoritatem,
2076 4942 2081 4945 .

440 5013 573 5068 quas
604 4996 803 5052 idcirco
832 4994 1038 5050 divinas
1094 4986 1303 5050 litteras
1343 5007 1406 5048 ac
1432 4998 1645 5049 sanetas
1667 5006 1825 5049 voces
1851 4992 2039 5064 appel-

440 5092 513 5148 lat
543 5091 843 5165 (Apologet.
868 5106 987 5162 cap.
1013 5084 1102 5156 39,
1125 5104 1246 5161 pag.
1278 5084 1383 5144 £69
1404 5085 1446 5157 ),
1477 5095 1531 5142 et
1559 5082 1756 5142 aSSerit
1778 5102 1841 5141 ea:
1868 5084 1968 5156 ﬁde
1992 5084 2039 5140 et

439 5186 738 5257 antiquitate
766 5184 952 5239 harum
979 5183 1271 5239 diuinarum
1304 5181 1591 5237 litterarum
1627 5180 1907 5237 veritatem
1947 5195 2045 5237 no-

439 5293 566 5360 ωας
613 5276 887 5348 religionis
959 5275 1181 5347 ejusque
1249 5270 1697 5331 documentorum
1743 5273 2043 5331 certissime

439 5371 793 5428 demonstrari
825 5367 988 5443 (Ibid.
1014 5386 1130 5441 cap.
1155 5367 1251 5438 46,
1282 5387 1406 5443 pag.
1429 5368 1585 5440 50!).
1616 5369 1745 5438 Quae
1771 5376 1948 5425 autem
1976 5366 2044 5426 ab

439 5465 532 5521 illo
560 5464 612 5521 in
638 5463 746 5534 bis,
776 5462 925 5535 quos
953 5477 1062 5537 prae
1089 5462 1341 5520 manibus
1370 5461 1630 5520 habemus
1663 5463 1811 5518 libris
1840 5462 2036 5518 tradita

439 5568 494 5616 et
520 5568 722 5615 asserta
756 5558 897 5626 sint,
945 5573 1086 5615 nunc
1122 5553 1406 5632 diligenter
1443 5558 1767 5632 investigare
1809 5573 1872 5615 ac
1912 5572 2038 5630 pcr-

437 5662 679 5713 scrutare
699 5666 975 5710 conemur.
1744 5642 1747 5645 λ

2145 4718 2496 4790 advertimus,
2524 4716 2771 4793 quaedam
2793 4734 2857 4775 ex
2881 4716 2966 4774 his
2991 4716 3170 4774 verbis
3194 4722 3469 4771 mutuatus
3500 4721 3582 4768 est
3605 4753 3621 4779 ,
3648 4709 3746 4767 sed
3786 4784 3795 4795 θ

2146 4814 2263 4870 haec
2292 4812 2658 4893 prietermisit,
2689 4827 2810 4884 qua:
2835 4804 3084 4866 videntur
3110 4806 3426 4865 obscuriora
3460 4821 3474 4859 :
3508 4802 3639 4858 Cum
3663 4802 3747 4857 in:-

2144 4890 2423 4962 strurrtento
2449 4906 2828 4973 elementorum,
2856 4919 3149 4976 corporum,
3177 4910 3225 4956 et
3253 4898 3544 4972 spirituum.
3594 4890 3751 4967 (Dis-

2144 5008 2318 5057 sertat.
2350 5001 2403 5055 in
2430 4994 2644 5065 Minut.,
2664 4986 2787 5069 cap.
2814 4990 2880 5052 Ἦ
2898 5039 2912 5063 ,
2960 5006 3061 5050 art.
3088 4986 3170 5065 5).
3201 4992 3269 5048 At
3296 4990 3431 5046 nihil
3459 4986 3603 5043 aliud
3629 4986 3747 5042 lucc

2148 5094 2470 5169 significant,
2501 5094 2601 5150 nisi
2631 5102 2799 5149 totum
2844 5089 3103 5147 mundum
3156 5095 3211 5144 et
3253 5102 3315 5143 ea
3348 5083 3528 5143 omnia
3556 5080 3749 5154 quibus

2148 5192 2509 5263 componitur,
2546 5188 2798 5245 nimirum
2831 5185 3118 5253 elementa,
3148 5197 3405 5253 corpora,
3447 5187 3502 5235 et
3527 5175 3751 5250 spiritus

2150 5299 2328 5345 creata
2360 5286 2520 5343 fuisse
2546 5284 2614 5340 ab
2638 5282 3008 5355 omnipotente
3044 5280 3176 5348 Deo,
3204 5292 3365 5351 quem
3402 5274 3603 5333 idcirco
3649 5287 3748 5329 ex-

2151 5383 2315 5440 istere
2332 5396 2553 5439 necesse
2578 5379 2790 5452 penitus
2819 5389 2923 5433 est.

2219 5477 2388 5545 Porro
2415 5484 2595 5530 autem
2623 5470 3005 5535 Tertullianus,
3032 5468 3182 5524 hisce
3210 5465 3408 5533 verbis,
3438 5478 3546 5521 non
3581 5456 3645 5517 ad
3676 5473 3741 5517 ea

2147 5580 2353 5628 tantum
2409 5565 2595 5622 alludit
2633 5580 2754 5636 quas
2788 5563 2937 5619 initio
2966 5554 3273 5629 Genescos,
3318 5557 3473 5616 sicuti
3519 5553 3742 5612 diceba-

2145 5679 2304 5731 mus,
2347 5658 2542 5733 scripta
2571 5670 2731 5726 sunt,
2771 5654 2865 5715 sed
2892 5652 2995 5713 alia
3034 5657 3197 5713 etiam
3239 5668 3405 5710 sacra:
3431 5648 3728 5721 Scriptura:

2147 5760 2284 5825 loca,
2314 5755 2508 5829 quibus
2533 5761 2680 5811 vates
2714 5748 2875 5808 divini
2897 5751 3065 5808 ctelos
3084 5749 3249 5806 verbo
3270 5745 3364 5802 Dei
3390 5743 3656 5809 ﬁrmatos,
3684 5745 3744 5829 et

2148 5827 2408 5913 mundum
2430 5862 2647 5911 omnem
2668 5843 2837 5920 ipsius
2858 5838 3117 5919 sapientia
3142 5855 3206 5901 ac
3217 5846 3481 5916 potestate
3494 5849 3561 5895 ex
3582 5827 3750 5892 nihilo
