4092 6352
1411 339 1858 412 ΝΞΞΕἎΤᾹἸῚΟ
1890 346 1957 407 D.
1997 346 2087 408 LE
2114 348 2420 411 NOURRY.

3483 348 3591 410 808

287 467 487 524 factum
515 478 639 526 esse
667 467 981 541 praedicant.
1024 468 1095 526 At
1142 467 1267 541 quia
1317 464 1687 540 Hermogenes
1714 477 1771 524 et
1793 466 1882 524 alii
1909 470 1965 530 Α
1989 470 2242 541 majestas
2278 479 2333 527 et
2356 464 2738 540 omnipOtentia
2768 466 3018 527 omnibus
3042 481 3199 539 sane,
3232 466 3395 526 etiam
3422 465 3591 526 hebe-

287 562 531 618 nonnulli
558 562 820 631 haeretici,
848 571 904 619 et
926 563 1155 636 gentiles
1180 560 1602 630 somniaveram,
1631 561 1889 619 mundum

287 668 397 711 non
428 670 493 711 ex
526 654 713 724 nihilo,
746 655 839 711 sed
872 670 939 712 ex
996 656 1222 722 materia
1268 655 1650 729 prmexistente
1683 655 1891 728 ipsique

288 748 402 805 Deo
446 759 715 805 comtcrna
758 748 1071 818 conditum,
1120 750 1246 806 hinc
1293 749 1656 807 Tertullianus
1701 747 1888 805 falsam

288 838 429 895 itane
458 842 766 912 opinionem
792 842 1049 912 peculiari
1075 842 1129 897 in
1157 842 1315 910 libro,
1357 840 1617 898 adversus
1642 841 1890 899 eumdem

290 930 689 1003 Hermogenem
719 933 1041 1004 composito,
1070 933 1282 990 invictis
1310 934 1578 989 rationum
1604 932 1892 989 momentis

289 1024 546 1081 radicitus
572 1024 773 1083 evellit.
823 1024 931 1082 Sed
967 1025 1079 1098 jam
1116 1026 1269 1098 plura
1292 1069 1308 1095 ,
1339 1024 1531 1097 quibus
1561 1025 1647 1082 hic
1682 1036 1835 1082 errOr
1862 1040 1891 1080 a

285 1101 571 1173 laetantia
600 1117 914 1187 deStruitur,
952 1125 1268 1191 argumenta
1307 1131 1338 1174 a
1368 1118 1524 1175 nobis
1549 1117 1675 1174 alibi
1718 1118 1891 1190 expli-

288 1219 409 1266 oata
450 1216 597 1266 sunt.
655 1210 820 1269 Recte
863 1225 993 1285 ergo
1029 1211 1154 1269 inde
1193 1210 1556 1268 Tertullianus
1596 1222 1782 1268 noster
1814 1211 1894 1268 sic

289 1302 565 1375 disputat:
595 1303 940 1375 Dubitabitur,
984 1307 1169 1376 cnedo,‘
1191 1306 1254 1361 de
1290 1304 1386 1361 Dei
1421 1305 1631 1375 uiribus,
1657 1307 1742 1377 qui
1775 1315 1893 1361 tarr-

288 1409 398 1453 εικῆ
428 1399 525 1454 hoc
552 1415 738 1473 corpus
762 1401 941 1456 mundi
964 1402 1029 1455 de
1047 1414 1106 1456 eo
1127 1402 1269 1473 quod
1292 1414 1395 1455 non
1425 1404 1592 1474 fuerat
1612 1444 1626 1470 ,
1654 1410 1756 1455 non
1794 1400 1891 1455 mi-

287 1508 390 1548 nus
420 1506 572 1563 quam
612 1496 675 1550 de
702 1505 865 1550 morte
891 1496 1171 1550 uacationis
1208 1503 1257 1549 et
1298 1494 1564 1550 inanitatis
1590 1536 1605 1563 ,
1650 1493 1894 1566 imposuit

290 1586 585 1640 ominatum
667 1587 853 1658 spiritu
935 1587 1162 1643 omnium
1242 1587 1531 1642 subitarum
1612 1588 1895 1642 animatore

288 1677 536 1750 (Tertull.
566 1680 655 1734 lib.
683 1681 799 1734 adv.
837 1678 1254 1752 Hennag.,cap.
1302 1678 1340 1735 8
1389 1686 1435 1735 et
1481 1677 1889 1749 seqq.;Dissert.

290 1769 345 1823 iu
367 1767 631 1838 Lactant.,
653 1787 768 1843 cap.
793 1770 886 1842 21,
910 1781 1013 1828 art.
1037 1771 1091 1840 l;
1131 1767 1347 1827 Tertull.
1374 1770 1641 1843 Apoloyet.
1658 1786 1777 1843 cap.
1798 1771 1888 1841 48,

292 1878 416 1936 pag.
444 1863 596 1937 5'20).

363 1962 530 2017 Audis
556 1976 686 2019 sane
711 1962 848 2020 hanc
873 1963 991 2035 ejus
1017 1977 1137 2022 esse
1153 1962 1670 2037 argumentationem
1694 1981 1708 2019 :
1731 1964 1893 2031 Deus,

291 2067 401 2109 non
426 2066 490 2110 ex
543 2057 924 2126 praeeristente
959 2067 1049 2112 aut
1098 2066 1366 2114 coacterna
1392 2057 1493 2112 sibi
1518 2056 1766 2133 materia,
1799 2052 1896 2112 sed

293 2159 360 2205 ex
389 2149 559 2205 nihilo
584 2151 789 2206 creavit
817 2149 1098 2207 mundum.
1131 2152 1201 2207 At
1228 2164 1454 2207 summa:
1482 2158 1538 2207 ct
1563 2149 1785 2207 inﬁnita:
1815 2154 1898 2206 at

292 2245 576 2316 potestatis
618 2243 842 2316 aliquid,
893 2257 955 2300 ac
999 2243 1144 2316 quod
1188 2244 1346 2317 longe
1387 2244 1563 2316 majus
1588 2252 1692 2312 est,
1720 2246 1897 2300 totum

295 2335 551 2392 mundum
601 2351 668 2392 ex
712 2318 880 2392 nihilo
919 2351 1127 2393 creare.
1175 2336 1319 2393 Deus
1362 2338 1524 2409 igitur
1552 2336 1898 2407 'omnipOtens

294 2431 480 2487 mundi
504 2428 718 2486 creator
743 2430 942 2487 existit.
989 2430 1165 2503 Atque
1202 2428 1320 2486 bare
1361 2431 1532 2500 prima
1570 2437 1654 2487 est
1680 2428 1897 2484 Tertul-

292 2526 422 2583 liani
460 2527 854 2598 argumentatio
874 2569 890 2595 ,
930 2539 1037 2598 qua
1064 2541 1129 2582 ex
1159 2540 1326 2582 sacrae
1353 2524 1643 2596 Scriptura:
1668 2522 1899 2580 auctori-

294 2627 431 2687 tate,
454 2620 541 2675 cui
568 2633 751 2687 nemo,
770 2620 845 2675 uti
868 2619 1122 2685 diximus,
1143 2634 1211 2675 ne
1235 2618 1449 2690 gentilis
1471 2616 1684 2690 quidem
1712 2614 1896 2685 homo,

295 2711 558 2784 refragari
588 2722 785 2784 potest,
813 2692 1337 2771 rente/demonstrat
1379 2712 1549 2770 Deum
1596 2712 1770 2784 reipsa
1801 2718 1898 2768 ex-

184 2817 192 2824 '
296 2805 485 2862 latere.

367 2900 668 2972 Antequam
714 2914 844 2959 vero
884 2900 952 2958 ad
992 2899 1096 2959 alia
1138 2901 1568 2976 progrediamur,
1607 2902 1900 2959 observare

291 2991 444 3065 juvat
471 2993 525 3048 in
578 2995 742 3050 citato
770 2994 1016 3066 ejusdem
1053 2992 1366 3053 Tertulliani
1414 3004 1563 3052 textu
1606 3006 1702 3067 pro
1747 2993 1902 3051 libito

295 3087 562 3143 sublatum
590 3086 621 3142 ὸ
647 3087 878 3160 Rigaltio
901 3104 1095 3146 nomen
1118 3091 1411 3146 animarum
1431 3097 1684 3161 tanquam
1714 3102 1913 3169 super:

298 3192 617 3249 vacaneum,
646 3197 709 3239 ac
749 3198 848 3254 pro
872 3185 1117 3255 imposuit
1141 3185 1396 3256 scriptum
1436 3181 1739 3255 composuit.
1766 3181 1902 3237 Nam

1991 558 2238 632 tioribus,
2284 561 2346 618 tit
2384 559 2665 620 manifesta
2714 570 2770 620 et
2805 562 3176 637 cognoscitur?
3223 562 3585 633 Quamobrem

1992 652 2303 712 Lactantius
2332 654 2534 715 diserte
2561 663 2745 729 pestes
2773 658 2904 714 dixit
2935 674 2948 714 :
2980 657 3080 727 Qui
3122 659 3279 714 solem
3314 657 3463 713 rebus
3489 658 3592 712 Itu-

1993 750 2158 804 manis
2187 747 2524 806 clarissimum
2554 766 2614 805 ac
2642 751 2900 821 singulare
2949 749 3117 806 lumen
3156 751 3211 806 in
3238 758 3591 824 argumentum

1992 850 2101 897 ante
2125 840 2291 896 auiae
2318 842 2595 915 nmjestatis
2621 842 2848 898 accendit
2896 841 3197 914 (Lactant.,
3242 843 3329 898 lib.
3357 841 3402 898 ll
3431 841 3591 897 divin.

1994 935 2167 991 lustit.
2197 951 2311 1008 cap.
2343 936 2398 1005 5,
2427 952 2546 1009 pag.
2575 934 2737 1008 161).
2787 937 2853 993 Et
2881 946 3028 994 certe
3059 938 3162 1005 sol,
3190 952 3296 994 non
3325 951 3452 993 casu
3492 936 3594 993 ali-

1993 1033 2121 1099 quo,
2146 1026 2281 1084 vela
2305 1042 2363 1085 se
2386 1030 2525 1101 ipso,
2548 1031 2758 1087 ratione
2781 1030 2992 1101 penitus
3017 1029 3222 1100 orbato,
3255 1037 3466 1086 ereatus
3487 1037 3593 1085 est.

1992 1116 2107 1179 Suo
2134 1120 2293 1195 igitur
2319 1122 2521 1180 lumine
2548 1132 2600 1180 et
2634 1122 2921 1196 splendore
2959 1125 3378 1196 omnipotentem
3427 1123 3592 1179 Deum

1995 1225 2270 1272 auctorem
2298 1209 2835 1295 suumxdemonstrat.
2870 1217 2945 1274 De
2980 1217 3078 1273 bac
3102 1224 3279 1273 autem
3306 1232 3590 1288 argumen-

2000 1311 2201 1365 tatione
2227 1308 2279 1363 in
2312 1320 2495 1366 nostra
2525 1308 2594 1366 de
2621 1309 2861 1382 ejusdem
2907 1309 3167 1367 Lactantii
3212 1311 3360 1367 libris
3392 1311 3595 1368 disser-
3634 1297 3647 1312 ⁸

1993 1386 2198 1457 tatione
2222 1402 2427 1472 egimus
2458 1398 2755 1474 (Dissertat.
2788 1400 2838 1457 in
2865 1399 3096 1458 Lactant.
3125 1416 3240 1475 cap.
3267 1401 3355 1467 12,
3385 1411 3484 1460 art.
3515 1401 3594 1474 l).

1988 1481 1994 1488 ’
2068 1491 2253 1566 Neque
2310 1492 2411 1548 hoc
2455 1501 2658 1549 tantum
2702 1492 3004 1551 clarissimo
3050 1492 3177 1550 solis
3227 1495 3427 1550 lumine
3473 1504 3598 1565 per-

1994 1588 2170 1644 stricti
2210 1588 2511 1645 obtusi'orcs
2557 1588 2750 1645 mentis
2786 1589 3035 1643 humanae
3062 1586 3200 1643 oculi
3230 1586 3393 1643 Deum
3426 1596 3595 1658 agno-

1997 1692 2149 1739 scere
2179 1692 2464 1754 coguntur,
2514 1683 2607 1739 sed
2652 1698 2718 1738 ex
2759 1682 2878 1738 aliis
2908 1692 3118 1753 quoque
3154 1680 3272 1751 ejus
3301 1680 3552 1750 operibus
3581 1697 3596 1735 :

1995 1774 2094 1831 Tot
2121 1792 2183 1831 ac
2210 1777 2393 1844 (mitis,
2442 1775 2611 1847 inquit
2655 1775 3030 1842 Tertullianus,
3062 1773 3239 1845 quibus
3264 1774 3596 1843 continemur,

1924 1874 1971 1936 Β
1999 1868 2178 1940 quibus
2195 1868 2518 1936 sustinemur,
2542 1868 2719 1938 quibus
2739 1866 3069 1933 oblectamur,
3092 1867 3273 1940 quibus
3294 1876 3601 1923 exterremur

1998 1959 2331 2034 (Tertullian.
2350 1961 2388 2015 Α
2398 1963 2617 2034 pologet.
2636 1972 2752 2034 cap.
2773 1956 2861 2029 l7,
2882 1972 3001 2033 pag.
3024 1956 3175 2031 576).
3204 1960 3339 2030 Quid
3357 1958 3499 2017 enim
3524 1966 3602 2015 tot

1998 2060 2255 2127 tantaque
2284 2069 2446 2126 opera
2476 2054 2618 2110 aliud
2645 2053 2915 2123 clamant,
2964 2053 3069 2110 nisi
3107 2053 3175 2110 ab
3200 2062 3311 2111 'uno
3343 2052 3452 2110 Deo
3480 2064 3601 2110 esse

1999 2146 2164 2218 edita,
2186 2148 2279 2221 qui
2307 2148 2574 2217 homines,
2600 2156 2696 2205 aut
2721 2148 3018 2217 beneﬁciis,
3048 2152 3139 2204 aut
3169 2158 3391 2217 terrore,
3421 2147 3488 2204 ad
3519 2146 3602 2206 sui

1999 2245 2361 2316 cognitionem
2387 2240 2638 2300 adducit?
2667 2245 2843 2316 Atque
2874 2242 2995 2299 inde
3025 2238 3268 2314 proiecto
3295 2242 3456 2315 paulo
3480 2236 3603 2314 post

2000 2332 2197 2408 adjecit
2224 2336 2365 2393 edita
2398 2335 2464 2393 ab
2505 2336 2596 2393 illo
2625 2338 2910 2408 majestatis
2953 2344 3061 2392 sum
3093 2338 3239 2410 signa
3278 2353 3367 2409 per
3394 2337 3599 2405 imbres,

2002 2430 2143 2486 haud
2171 2430 2333 2487 dubie
2357 2429 2622 2503 generalis
2650 2428 2868 2500 diluvii,
2918 2448 3007 2502 per
3030 2432 3192 2503 ignes,
3223 2446 3286 2487 ac
3315 2438 3408 2486 eos
3439 2428 3605 2502 potis-

1970 2569 1977 2577 .
2002 2528 2194 2582 simum
2229 2526 2421 2598 quibus
2436 2527 2596 2583 urbes
2616 2522 2852 2584 Sodoma
2874 2534 2928 2582 et
2947 2524 3244 2582 Gomorrita
3270 2533 3603 2595 consumptae

1999 2616 2239 2676 fuerunt.
2288 2614 2330 2676 It
2375 2635 2481 2692 quo
2511 2620 2675 2688 enim,
2709 2617 2933 2675 obsecro
2962 2628 3036 2687 te,
3068 2617 3183 2674 haec
3211 2616 3323 2674 fieri
3358 2624 3599 2689 potuere,

2002 2710 2106 2770 nisi
2126 2728 2155 2769 a
2177 2711 2291 2769 Deo
2314 2712 2492 2784 judice
2521 2712 2849 2784 :cquissimo,
2881 2712 2971 2784 qui
2996 2711 3064 2769 ab
3090 2711 3269 2783 impiis
3299 2720 3352 2767 et
3380 2726 3601 2768 consce-

1954 2848 1959 2855 -
2000 2800 2337 2865 ieratissimis
2368 2803 2675 2862 hominibus
2705 2804 2912 2862 debitas
2940 2802 3253 2861 criminibus
3282 2819 3472 2877 pmnas
3514 2819 3602 2861 re-
3663 2817 3670 2834 '

2043 2900 2219 2957 elebat
2239 2896 2263 2952 2

2043 2912 2219 2957 eteuat
2239 2912 2263 2952 τ

2002 2912 2037 2974 p
2075 2992 2192 3049 Alia
2220 3000 2350 3049 rere
2377 2992 2501 3048 sunt
2529 2986 2737 3061 adhuc,
2772 2988 2967 3063 quibus
2987 3033 3000 3060 ,
3033 2999 3089 3047 ut
3115 2989 3188 3046 ait
3212 2986 3598 3060 Tertullianus,

2004 3094 2335 3154 exterremur,
2364 3084 2618 3141 nimirum
2646 3082 2877 3156 fulgura,
2922 3083 3165 3150 fulmina,
3211 3081 3466 3153 tonitrua,
3497 3099 3600 3158 pu-

2005 3181 2160 3236 blicae
2185 3179 2367 3236 clades
2393 3189 2444 3235 ct
2472 3186 2838 3249 tempestates,
2863 3174 3071 3248 aliaque
3100 3174 3184 3231 his
3212 3170 3426 3232 similia.
3459 3170 3605 3231 Con-

298 3272 424 3328 huic
469 3274 823 3343 correctioni,
871 3275 1027 3346 cujus
1071 3276 1272 3331 nullam
1319 3273 1554 3331 reddidit
1594 3273 1895 3342 rationem,
1924 3277 1969 3341 C
2004 3272 2146 3332 sulto
2184 3281 2361 3328 autem
2407 3270 2523 3327 haec
2569 3268 2832 3342 adjecisse
2859 3269 3086 3339 videtur,
3129 3274 3184 3325 ut
3219 3266 3383 3324 variis
3412 3266 3600 3323 atheo-

295 3378 488 3424 omnes
519 3369 869 3441 manuscripti
899 3378 952 3425 et
978 3367 1308 3440 antiquiores
1334 3366 1463 3424 editi
1495 3364 1709 3423 codices
1740 3367 1899 3437 plane

295 3462 667 3520 adversantur.
695 3462 895 3521 Deinde
912 3476 1061 3532 vero,
1086 3477 1265 3519 nonne
1286 3462 1485 3518 Auctor
1498 3468 1681 3518 noster
1696 3467 1901 3533 poterat

299 3559 468 3615 verbo
496 3559 737 3631 imposuit
764 3558 945 3627 abuti,
995 3573 1101 3629 quo
1140 3554 1527 3629 significantius
1556 3555 1901 3635 eXprimeret,

297 3650 439 3724 (μιυύ
460 3660 613 3708 antea
636 3638 864 3718 dixerat,
892 3650 1157 3707 mundum
1178 3650 1208 3705 εἰ
1238 3649 1346 3706 Deo
1369 3657 1607 3706 creatum
1634 3663 1699 3704 ea:
1718 3647 1900 3717 nihilo,

297 3752 361 3800 ac
375 3754 621 3817 tanquam
635 3759 795 3818 supra
821 3754 1049 3801 mortem
1079 3745 1355 3799 vacationis
1367 3752 1413 3799 et
1438 3743 1699 3799 inanitatis
1728 3743 1902 3813 impo-

298 3841 499 3897 situm?
531 3841 707 3898 Potuit
732 3840 891 3897 etiam
923 3856 1019 3913 per
1044 3840 1327 3912 quamdam
1356 3832 1651 3911 emphasim
1673 3838 1905 3911 adjicere

298 3944 495 3990 nomen
536 3935 844 4002 animarum,
890 3943 947 3989 ut
989 3932 1313 3989 luculentius
1356 3931 1682 4005 signiﬁcaret
1730 3932 1901 3988 Deum

299 4038 409 4082 non
430 4025 593 4082 modo
614 4040 924 4098 corporum,
952 4025 1048 4082 sed
1070 4028 1231 4083 etiam
1254 4026 1552 4082 animarum
1570 4032 1696 4083 esse
1716 4030 1903 4082 reverti

298 4117 652 4176 animatorem
682 4129 735 4177 et
763 4113 1082 4176 creatorem.
1486 4135 1493 4142 ν

368 4192 679 4271 ὃεὰιιιᾱιιπη
721 4211 1036 4270 Tertulliani
1080 4222 1456 4285 argumentum
1500 4204 1798 4269 desumitur
1839 4218 1904 4267 ex

300 4306 573 4363 communi
596 4306 837 4362 omnium
860 4320 999 4377 pene
1019 4306 1294 4378 gentilium
1316 4305 1756 4377 philosophorum
1778 4314 1907 4363 con-

298 4408 461 4455 sensu
480 4438 495 4464 ,
527 4398 645 4467 qui,
679 4397 803 4453 licet
828 4397 881 4452 in
909 4397 1208 4453 deﬁnienda
1241 4398 1338 4454 Dei
1368 4406 1554 4454 natura
1580 4408 1689 4455 non
1720 4408 1904 4471 parum

297 4504 328 4545 a
354 4502 415 4547 se
442 4491 666 4545 invicem
687 4532 701 4556 ,
734 4498 791 4544 ut
816 4491 975 4560 paulo
1005 4497 1126 4560 post
1153 4491 1522 4559 ostendemus,
1552 4490 1902 4563 dissentiant,

301 4594 424 4639 eum
452 4589 631 4637 tamen
662 4596 849 4637 revera
878 4581 1110 4637 existere
1132 4581 1373 4639 volentes
1402 4580 1649 4641 nolentes
1674 4586 1905 4645 confessi

2006 3376 2125 3423 rum
2154 3365 2375 3437 argutiis
2404 3372 2743 3430 occurreret,
2785 3363 2875 3435 qui
2913 3350 3173 3433 objiciunt
3209 3358 3432 3417 fulmina
3482 3364 3604 3431 quae

2005 3469 2166 3529 supra
2195 3452 2602 3523 mentes,_verbi
2629 3454 2820 3527 gratia,
2853 3452 3070 3521 cadunt,
3094 3460 3149 3509 et
3172 3452 3275 3507 alia
3300 3449 3603 3523 hujusmndi

2007 3562 2129 3606 esse
2160 3558 2382 3621 prorsus
2407 3546 2614 3603 inutilia
2634 3589 2650 3614 ,
2684 3543 2991 3618 nullamque
3021 3542 3247 3618 proferri
3284 3560 3442 3617 posse
3470 3560 3600 3600 cau-

2006 3648 2158 3710 sam,
2206 3650 2425 3713 propter
2468 3650 2627 3712 quam
2666 3639 2932 3696 accidant.
2979 3637 3218 3695 Garrulis
3247 3636 3521 3696 enimvero
3549 3644 3606 3696 et

2006 3735 2184 3806 impiis
2226 3724 2374 3791 hisce
2413 3732 2753 3798 hominibus,
2782 3733 2895 3805 qui,
2941 3740 3117 3804 spreta
3162 3738 3253 3788 aut
3297 3742 3604 3804 compressa

2006 3827 2172 3883 animi
2213 3827 2577 3894 conscientia,
2621 3826 2797 3898 pravis
2835 3824 3145 3881 libidinibus
3172 3825 3380 3881 servire
3398 3822 3602 3896 volunt,

2006 3923 2298 3996 respondet
2340 3920 2462 3980 ideo
2510 3922 2625 3980 haec
2668 3920 2820 3993 fieri,
2856 3931 2917 3978 ut
2944 3928 3306 3993 exterreamur,
3356 3922 3459 3980 hoc
3485 3932 3605 3992 est,

2008 4019 2174 4075 Deum
2202 4028 2386 4075 verum
2429 4012 2643 4074 illorum
2684 4025 2956 4074 auctorem
3004 4018 3313 4084 timeamus,
3349 4024 3509 4089 atque
3538 4030 3606 4074 eo

2008 4109 2222 4179 timore,
2250 4120 2411 4183 Quem
2444 4111 2646 4167 homini
2674 4111 2915 4166 innatum
2930 4120 3063 4167 'eSSe
3092 4111 3216 4167 alibi
3245 4109 3605 4178 demonstrat,

2008 4214 2360 4279 agnoscamus
2386 4204 2531 4261 illum
2559 4212 2751 4276 reapse
2779 4206 3030 4273 existere,
3054 4207 3144 4279 qui
3166 4204 3384 4265 eosdem
3414 4209 3607 4281 impios

2008 4297 2246 4371 aliosque
2267 4296 2556 4355 sceleratos
2584 4308 2679 4369 pro
2706 4297 2897 4354 merito
2918 4299 3181 4373 castigare
3202 4309 3378 4374 potest
3408 4298 3457 4376 (1
3465 4302 3602 4375 dent,

2009 4395 2096 4450 lib.
2125 4395 2188 4450 de
2212 4390 2494 4451 Testimo‘n.
2526 4395 2684 4451 anim.
2712 4413 2826 4468 cap.
2855 4392 2936 4469 2).
2961 4400 2983 4422 '

2079 4484 2249 4542 Porro
2284 4496 2461 4544 autem
2504 4484 2630 4544 alibi
2663 4489 3016 4562 ostendimus,
3049 4484 3261 4550 etiamsi
3290 4492 3514 4551 inﬁrma:
3539 4507 3603 4551 ac

2009 4579 2311 4637 cmcutiend
2343 4581 2616 4638 hominum
2656 4582 2819 4640 menti
2848 4601 2955 4641 non
2983 4587 3204 4643 omnino
3229 4594 3504 4659 comperta
3533 4587 3606 4643 sit

300 4673 631 4750 sunt(ldem,
652 4691 767 4747 cap.
784 4674 874 4740 47,
891 4692 1010 4748 pag.
1031 4676 1158 4742 516;
1180 4673 1319 4749 Infr.
1349 4678 1574 4749 Itoccap.
1599 4687 1695 4735 art.
1714 4678 1898 4749 4;Dis-

2013 4672 2218 4757 inﬁnita
2250 4671 2346 4730 Dei
2374 4670 2702 4746 magnitudo,
2745 4678 3205 4752 quorumdamque
3233 4683 3351 4752 ejus
3378 4696 3603 4752 operum

300 4776 477 4824 certat.
517 4769 571 4823 in
600 4767 789 4822 Minut.
822 4783 936 4841 cap.
959 4765 1017 4836 4,
1044 4774 1143 4823 art.
1175 4769 1227 4835 l,
1256 4780 1302 4824 et
1328 4768 1379 4825 in
1408 4769 1640 4844 Lactant.
1667 4778 1783 4846 cap.
1813 4774 1898 4845 12,

303 4871 404 4918 art.
434 4864 461 4920 1
479 4863 521 4935 ).
552 4862 659 4920 Sed
681 4861 748 4919 de
769 4864 871 4919 hac
892 4859 1108 4919 illorum
1130 4864 1396 4923 sententia
1422 4865 1551 4922 alibi
1578 4865 1690 4922 fuse
1715 4866 1902 4940 dispu-

303 4955 558 5027 tavimus,
615 4970 714 5015 nec
752 4968 816 5014 ea
855 4971 973 5029 quae
1037 4954 1108 5013 ibi
1148 4955 1382 5014 diximus
1433 4970 1576 5016 nunc
1618 4958 1904 5032 repetenda

305 5056 449 5103 sunt.

377 5138 619 5196 Tertium
665 5140 825 5198 unius
872 5139 966 5199 Dei
1022 5140 1722 5215 existentisfargumentum
1769 5146 1904 5216 petit

306 5234 665 5313 Tertullianps
689 5247 755 5293 ex
785 5235 902 5309 ejus
932 5237 1206 5309 operibus,
1235 5245 1355 5310 quae
1382 5239 1521 5294 sicut
1547 5236 1757 5309 nullus,
1799 5239 1901 5296 nisi

303 5331 464 5404 plane
489 5328 734 5402 desipiat,
780 5345 887 5387 non
937 5340 1113 5402 potest
1159 5346 1266 5388 non
1322 5344 1632 5405 agnoscere,
1672 5333 1747 5390 ita
1803 5346 1903 5391 nec

303 5422 520 5482 dilﬂteri
569 5434 735 5481 unum
777 5424 946 5481 Deum
990 5438 1110 5482 esse
1156 5426 1369 5483 illorum
1413 5436 1710 5486 auctorem.
1766 5427 1902 5486 Nam

303 5517 555 5583 mundus,
585 5518 661 5573 uti
675 5522 824 5574 recte
849 5517 924 5573 ait
951 5513 1330 5585 Tertullianus,
1358 5519 1429 5574 ab
1456 5520 1546 5576 illo
1576 5518 1745 5578 iactus
1771 5531 1856 5579 est
1884 5565 1900 5591 ,

305 5610 372 5666 In
398 5619 749 5667 crumentum
777 5611 1059 5675 maiestatis
1098 5626 1206 5667 sua:
1246 5609 1591 5684 (Tertullian.
1627 5616 1898 5690 Apologet.

305 5718 426 5778 cap.
451 5704 539 5773 l7,
572 5720 689 5777 pag.
710 5703 874 5778 575).
902 5700 1041 5772 Quid
1066 5718 1195 5761 vero
1224 5704 1365 5763 illud.
1383 5718 1466 5764 est
1488 5708 1541 5763 in
1570 5710 1755 5766 divina:
1779 5729 1894 5767 ma-

290 5799 500 5871 jestatis
557 5806 932 5868 ornamentum,
978 5797 1079 5854 nisi
1128 5797 1182 5855 in
1228 5798 1370 5857 illius
1444 5800 1811 5873 probationem
1853 5814 1909 5863 et

306 5902 711 5967 argumentum,
767 5905 873 5967 (pio
919 5904 985 5951 ex
1024 5891 1211 5951 mundi
1253 5892 1527 5953 creatione
1569 5894 1748 5955 divina
1794 5896 1909 5971 ejus

2008 4776 2303 4832 causantes
2333 4764 2500 4839 ipsius
2528 4774 2703 4827 tamen
2735 4766 3031 4839 eil'ectibus,
3063 4772 3267 4828 nemini
3295 4773 3605 4845 incognitis,

2010 4858 2443 4918 manifestissime
2469 4861 2825 4920 demonstrari
2871 4864 3019 4921 illum
3060 4867 3325 4934 existere,
3358 4876 3413 4921 et
3442 4882 3605 4940 quem

2009 4950 2078 5009 ob
2108 4950 2268 5010 unum
2298 4954 2477 5011 omnia
2508 4954 2710 5013 fecerit.
2748 4954 2878 5013 ~Jam
2905 4973 3032 5014 vero
3058 4975 3164 5014 non
3196 4959 3483 5030 quaerimus
3506 4974 3605 5017 cur

2008 5054 2099 5103 aut
2122 5044 2394 5120 quomodo
2419 5051 2596 5107 omnia
2624 5048 2691 5109 ab
2730 5046 2821 5107 illo
2848 5049 2997 5118 ﬂant,
3028 5061 3120 5108 aut
3160 5045 3299 5124 facta
3339 5054 3469 5125 sint,
3512 5052 3609 5112 sed

2009 5148 2187 5198 utmm
2214 5141 2326 5212 ipse
2353 5145 2548 5202 existat
2571 5148 2730 5218 atque
2755 5146 2805 5203 id
2828 5156 2895 5203 ex
2925 5148 3042 5218 ejus
3064 5147 3315 5219 operibus
3339 5165 3601 5222 agnosca-

2008 5246 2113 5293 tur.
2133 5234 2186 5293 ln
2207 5234 2327 5294 aliis
2346 5248 2525 5295 autem
2547 5240 2745 5297 nostris
2759 5238 3223 5299 dissertationibus
3244 5232 3404 5315 plane
3424 5253 3607 5301 osten-

2007 5331 2183 5389 dimus
2208 5342 2367 5406 quam
2392 5343 2542 5392 certo
2582 5346 2635 5392 et
2674 5335 2951 5393 evidenter
2993 5328 3164 5394 Deum
3202 5340 3435 5397 existere
3480 5341 3604 5399 inde

2006 5426 2424 5499 demonstretur,
2472 5439 2525 5486 et
2558 5446 2716 5502 quam
2750 5428 3015 5488 imbecilla
3046 5433 3116 5487 sit
3150 5433 3485 5492 ethnicorum
3510 5450 3604 5491 ar-

2009 5523 2360 5595 gumentatio,
2408 5518 2497 5596 qui
2540 5522 2669 5579 illud
2705 5524 2828 5582 ideo
2854 5526 3140 5598 negabant,
3170 5528 3290 5600 quia
3320 5544 3436 5600 Ipse
3465 5529 3607 5588 Deus

2012 5616 2180 5674 videri
2209 5632 2315 5674 non
2346 5627 2519 5689 potest
2553 5615 2790 5692 (οἰκεῖ-ι.
2821 5619 2875 5677 iu
2898 5619 3087 5679 Μίνωι.
3115 5637 3232 5695 cap.
3258 5622 3314 5694 5,
3340 5631 3439 5682 art.
3470 5624 3523 5694 1,
3553 5632 3600 5679 et

2012 5728 2128 5784 cap.
2160 5710 2215 5782 6,
2247 5721 2347 5768 art.
2386 5710 2461 5787 1).

2084 5804 2283 5876 Quarta
2329 5806 2421 5863 Dei
2467 5824 2675 5867 revera.
2697 5812 2975 5873 existentis
2998 5813 3389 5873 demonstratio
3413 5831 3446 5875 a
3472 5814 3621 5876 Ter-.

2014 5894 2236 5959 tulliano
2266 5898 2477 5960 ducitur
2497 5917 2563 5963 ex
2585 5902 2773 5966 intimo
2793 5906 2985 5969 animae
3008 5906 3257 5971 humana:
3287 5925 3470 5986 sensu,
3495 5911 3608 5973 sive
