4092 6352
494 335 600 395 807

1529 329 1597 387 ΙΝ
1633 324 2094 387 TERTULLIANI
2134 324 2664 388 APOLOGETICUM

3696 331 3805 392 808

496 455 618 526 ejus
648 451 973 517 testimonio,
1004 449 1223 521 ipsaque
1253 447 1485 504 hominis
1513 444 1860 501 conscientia.
1916 442 2091 508 Visne,
2121 442 2173 503 Α
2200 458 2371 498 mana:
2409 444 2722 500 naturaliter
2764 443 2978 500 insitam
3030 458 3151 500 esse
3198 443 3312 500 veri
3360 444 3454 501 Dei
3502 445 3800 515 notionem,

497 550 573 604 ait
601 548 708 611 ille,
738 565 801 602 ex
817 547 1002 601 anima:
1023 545 1182 615 ipsius
1207 543 1489 599 testimonio
1511 541 1891 610 comprobemus
1914 554 1932 592 :
1962 552 2097 608 quw,

487 638 616 694 licet
646 654 846 693 carcere
869 637 1097 707 corporis
1126 652 1322 706 pressa,
1356 636 1472 689 licet
1502 630 1902 688 institutionibus
1933 627 2101 699 pravis

497 731 910 799 circumscripta,
961 729 1074 783 licet
1119 726 1410 782 libidinibus
1465 735 1512 780 et
1551 723 1968 799 concupiscentiis
1995 720 2101 774 evi-

499 805 698 894 gorata,
719 825 831 878 licet
849 822 993 895 falsis
1014 822 1112 877 diis
1136 820 1441 876 exancillata
1459 860 1474 884 ,
1503 835 1617 872 cum
1644 825 1810 870 tamen
1833 813 2099 879 resipiscit,

501 927 644 973 utea:
671 918 915 988 crapula,
958 927 1011 971 ut
1041 934 1104 972 ea:
1128 932 1339 983 somno,
1382 923 1436 968 ut
1474 930 1536 969 ea:
1575 912 1747 983 aliqua
1783 911 2099 976 valetudine,

503 1021 549 1066 et
579 1011 843 1066 sanitatem
888 1027 1034 1064 suam
1075 1010 1286 1081 patitur,
1331 1007 1492 1062 Deum
1539 1007 1800 1070 nominat,
1839 1004 1932 1058 hoc
1971 1003 2100 1070 solo,

502 1107 621 1175 quia
666 1104 872 1174 proprie
911 1119 1057 1157 verus
1099 1103 1181 1156 hic
1220 1118 1350 1154 unus
1378 1098 1540 1166 Deus,
1568 1099 1760 1163 bonus,.
1778 1107 1824 1151 et
1855 1113 2104 1166 magnus;

503 1206 594 1252 et:
627 1195 777 1263 Quod
804 1194 943 1249 Dens
968 1194 1179 1259 dederit,
1213 1193 1436 1247 omnium
1463 1207 1560 1245 vox
1585 1202 1692 1254 est;
1724 1189 1950 1261 judicent
1980 1205 2108 1258 quo-

503 1306 600 1362 que
625 1300 934 1344 contestatur
955 1289 1100 1342 illmn
1123 1304 1141 1342 :
1167 1285 1306 1342 Deus
1337 1287 1491 1352 videt;
1515 1295 1569 1341 et
1595 1283 1737 1342 :Deo
1762 1284 2057 1339 commendo
2085 1301 2105 1350 ;

508 1395 564 1440 et
586 1381 755 1439 :Deus
777 1383 901 1437 mihi
939 1383 1113 1437 reddet
1131 1380 1369 1452 (Tertull.
1395 1381 1634 1452 Apolog.,
1660 1397 1778 1452 cap.
1807 1380 1894 1448 17,
1916 1399 1969 1452 p.
2003 1381 2105 1436 576

507 1485 556 1531 et
608 1476 761 1548 βιῳ).
804 1475 861 1531 ltt
893 1474 994 1530 hoc
1019 1485 1196 1530 autem
1223 1475 1458 1530 auctoris
1489 1474 1655 1529 nostri
1687 1483 1832 1528 textu
1863 1472 2103 1544 qua-dant

509 1566 773 1638 Rigaltius
811 1582 960 1622 more
1003 1582 1102 1622 suo
1145 1565 1450 1621 immolavit
1491 1576 1546 1621 et
1591 1565 1816 1620 addidit.
1868 1565 2104 1620 Primum

508 1661 653 1716 enim
682 1676 747 1715 ex
777 1659 910 1725 sola,
941 1658 1036 1714 sed
1063 1658 1285 1714 forsitan
1314 1674 1419 1713 non
1449 1673 1668 1728 prorsus
1698 1656 1920 1723 infelici,
1967 1657 2109 1711 Lati-

509 1753 583 1809 uii
631 1751 959 1822 conjectura,
988 1768 1083 1823 pro
1126 1753 1295 1808 verbo
1343 1752 1553 1821 patitur,
1601 1750 1942 1805 emendatum
1977 1749 2108 1804 scri-

2202 553 2322 611 quzn
2363 539 2523 594 totius
2568 539 2878 595 christiana:
2924 539 3197 611 religionis
3240 548 3323 594 est
3371 538 3803 596 fundamentum.

2203 633 2319 686 Alia
2349 642 2528 687 autem
2557 634 2736 688 omnia
2766 632 2910 687 illius
2941 631 3195 703 mysteria
3235 640 3290 686 et
3312 631 3652 688 .docutncnta
3696 647 3805 688 non

2205 725 2498 793 cognoscit,
2528 725 2654 794 quin
2686 725 2832 793 prius
2858 723 2927 778 ab
2953 723 3366 800 aliisdoceatur.
3397 724 3571 794 Atque
3594 723 3664 778 ita
3687 724 3808 794 qui-

2205 814 2326 870 dem
2356 814 2645 870 Christiani
2678 816 2828 881 liuttt,
2859 831 2963 870 non
3001 825 3177 870 autem
3207 824 3528 883 nascuntur,
3561 816 3811 887 quamvis

2207 908 2518 962 naturaliter
2544 924 2706 962 untttn
2743 909 2905 964 Deum
2934 917 3228 980 agnoscant
3258 919 3310 964 ct
3339 909 3607 965 invocent.

2280 1000 2442 1056 Visne
2482 1000 2608 1056 illttd
2649 1002 2742 1056 tibi
2791 1018 2854 1056 ex
2904 1003 3134 1072 ipsemet
3171 1003 3506 1058 Tertulliano
3545 1003 3807 1074 probari?

2210 1093 2290 1150 Ad
2323 1093 2578 1150 Nationes
2609 1095 2701 1151 ille
2721 1095 2907 1150 scribit
2935 1094 3185 1150 Liberum
3215 1095 3428 1151 Patrem
3453 1109 3573 1150 cum
3603 1111 3702 1151 suo
3724 1111 3817 1151 sa-

2207 1202 2302 1242 cro
2329 1187 2557 1242 ab'urbe
2596 1187 2766 1242 lloma
2823 1196 3038 1258 totaque
3065 1187 3212 1242 ltalia
3243 1190 3563 1243 auctoritate
3590 1195 3814 1243 senatus

2207 1279 2461 1350 ejectum,
2493 1294 2815 1350 eversasque
2841 1279 3134 1350 Serapidis,
3188 1278 3342 1333 Isidis
3365 1289 3421 1334 et
3465 1279 3815 1350 llarpocratis

2207 1382 2430 1428 statuas.
2483 1375 2550 1431 At
2592 1364 2730 1428 hanc
2771 1371 2894 1429 inde
2923 1372 3070 1428 elicit
3112 1373 3514 1428 cenclusionem
3545 1390 3558 1426 :
3591 1371 3813 1429 Habetis

2207 1465 2362 1537 igitur
2419 1466 2474 1520 in
2511 1465 2788 1532 maioribus
2827 1467 3024 1532 vestris,
3070 1467 3163 1521 etsi
3202 1484 3304 1521 non
3348 1483 3549 1534 nomen,
3587 1477 3817 1522 attamen

2208 1569 2396 1612 sectam
2424 1558 2774 1624 Christianam,
2797 1575 2911 1627 qua:
2962 1559 3082 1614 deos
3131 1557 3380 1633 negligit(
3412 1558 3626 1614 Tertull.
3672 1560 3759 1615 lib.
3793 1558 3816 1614 l

2209 1650 2278 1702 ad
2328 1649 2542 1705 Nation.
2595 1667 2711 1721 cap.
2775 1650 2864 1718 10,
2924 1669 3044 1722 pag.
3094 1651 3200 1708 573
3243 1657 3282 1719 ).
3325 1651 3556 1707 V’ideSne
3599 1652 3668 1706 ob
3711 1656 3817 1709 hoc

2209 1741 2383 1795 solum
2416 1742 2610 1797 factutn
2640 1742 2900 1814 quosdam
2929 1743 3156 1814 gentiles
3187 1753 3350 1800 sectae
3379 1743 3684 1800 christiana:
3714 1759 3806 1800 no-

510 1858 766 1920 ptumque
788 1848 971 1912 voluit,
998 1849 1208 1917 potitur,
1238 1846 1340 1902 hoc
1361 1857 1462 1911 cst,
1489 1847 1679 1916 inquit,
1709 1845 1834 1900 (lunt
1858 1855 1940 1900 est
1960 1861 2108 1900 (‘Otlt-
2139 1841 2183 1901 Β
2213 1838 2357 1892 mine
2384 1836 2452 1892 ab
2478 1852 2544 1892 eo
2571 1837 2870 1908 appellari?
2911 1837 3112 1893 Eadem
3162 1839 3342 1910 itaque
3386 1839 3594 1894 ratione
3635 1839 3812 1895 anima

510 1956 611 2013 pos
655 1957 802 1997 sana:
847 1937 1064 1996 utentis.
1107 1941 1172 1994 Et
1217 1950 1364 1995 certe
1383 1954 1599 1994 momen
1629 1939 1823 1992 sanitas
1852 1938 2110 2008 accipitur

510 2033 800 2105 aliquando
829 2049 926 2104 pro
953 2033 1094 2088 houo
1119 2042 1264 2087 statu
1290 2033 1515 2096 utentis,
1560 2039 1717 2101 atque
1756 2031 1894 2102 apud
1940 2031 2110 2087 bonos

511 2136 759 2182 auctores
790 2127 1014 2197 legimus
1050 2126 1205 2197 potiri
1233 2125 1446 2196 gaudia.
1486 2124 1542 2179 lu
1575 2124 1783 2180 duobus
1809 2133 1989 2180 autem
2021 2141 2108 2180 re—

511 2220 838 2276 cautioribus
859 2220 1133 2275 codicibus
1157 2220 1410 2288 scriptum
1431 2226 1513 2274 est
1533 2219 1774 2284 pascitur.
1799 2217 1938 2286 Quid
1959 2233 2106 2286 vero,

510 2314 558 2370 si
600 2313 962 2370 Tcrtullianus
1004 2311 1180 2368 minus
1212 2312 1372 2368 latine
1401 2310 1670 2380 loquendo
1701 2311 1892 2365 dixerit
1924 2311 2112 2381 patitur

514 2407 822 2473 sanitatem,
855 2405 1100 2462 videlicet
1127 2403 1362 2459 nondum
1395 2403 1694 2474 integram?
1873 2407 1882 2412 ‘

588 2498 856 2570 Quidquid
895 2499 984 2565 sit,
1015 2497 1224 2554 videtur
1252 2495 1512 2568 Rigaltius
1554 2496 1755 2566 privata
1795 2493 2138 2576 auctoritate.

515 2589 600 2648 his
621 2591 799 2647 verbis
823 2608 835 2644 :
868 2588 978 2644 Hoc
1003 2590 1135 2656 solo,
1158 2589 1276 2658 quia
1293 2589 1496 2660 proprie
1516 2588 1597 2640 hic
1619 2602 1750 2640 unus
1772 2583 1932 2652 Deus,
1957 2586 2114 2638 bonus

515 2694 564 2740 et
593 2701 829 2756 magnus,
873 2684 1023 2740 istaec
1049 2683 1370 2753 sttbrngasse
1395 2701 1408 2735 :
1438 2679 1551 2735 Hoc
1587 2681 1718 2747 solo,
1752 2680 1869 2750 quia
1905 2679 2113 2748 praprio

515 2775 616 2834 Dei
641 2779 763 2833 veri.
796 2776 933 2832 Deus
961 2794 1194 2846 magnus,
1229 2775 1366 2830 Deus
1400 2776 1579 2830 bonus.
1627 2773 1733 2829 Sed
1774 2787 1955 2828 nonne
1984 2774 2114 2829 satis

517 2869 796 2942 perspicua
826 2879 981 2926 erant
1010 2868 1492 2938 manuscriptornm
1520 2865 1764 2922 codicum
1796 2866 1978 2931 verba,
2016 2882 2115 2921 nec

516 2962 602 3020 bis
630 2965 807 3020 minus
835 2962 1016 3018 clara?
1059 2961 1163 3018 Sed
1207 2961 1288 3017 fac
1331 2960 1642 3016 obscuriora
1681 2974 1822 3025 esse,
1855 2960 2113 3030 numquid

517 3056 718 3114 idcirco
752 3071 942 3112 manus
982 3054 1254 3110 inferenda
1293 3054 1490 3110 veteris
1531 3053 1809 3125 scriptoris
1834 3054 2024 3121 textui,
2060 3063 2116 3111 ut

518 3165 619 3223 pro
640 3149 796 3205 libito
819 3149 1137 3220 corrigatur,
1177 3164 1276 3204 nec
1301 3148 1530 3218 amplius
1558 3148 1700 3203 illius
1729 3147 1833 3202 sit?

2213 1920 2530 1988 naturaliter
2571 1931 2861 1988 christiana
2909 1933 3012 1988 dici
3062 1933 3249 2002 potuit,
3299 1951 3416 2005 qua:
3465 1934 3812 1990 conscientia:

2213 2039 2323 2080 sua:
2353 2027 2680 2094 testimonio,
2709 2026 3044 2095 naturalique
3089 2028 3288 2082 lumine
3343 2041 3406 2082 ac
3454 2035 3604 2081 ntotu
3628 2042 3811 2082 verum

2214 2117 2535 2188 unicumque
2565 2118 2729 2172 Deum
2783 2119 3043 2189 agnoscit.
3073 2117 3177 2172 Sed
3218 2133 3248 2172 a
3300 2119 3452 2174 nobis
3479 2118 3589 2189 jam
3622 2118 3808 2174 obser-

2213 2222 2394 2265 vatum
2437 2220 2520 2266 est
2549 2211 2630 2264 his
2671 2211 2826 2281 plane
2854 2210 3046 2265 similia
3079 2228 3106 2264 a
3138 2210 3358 2266 Mittutio
3383 2213 3566 2268 Felice
3590 2212 3813 2284 proferri

2216 2303 2522 2379 (Dissertat.
2548 2305 2597 2358 in
2622 2304 2674 2358 Μ
2685 2306 2840 2372 inul.,
2865 2322 2980 2372 cap.
3008 2306 3094 2370 15,
3128 2315 3220 2361 art.
3253 2305 3288 2360 4
3311 2307 3350 2376 ).

2285 2397 2414 2452 Jttre
2440 2398 2596 2468 igitur
2620 2398 3181 2454 nteritoTertullianus
3210 2399 3354 2465 inde,
3381 2408 3433 2454 et
3456 2415 3520 2455 ex
3549 2399 3615 2455 iis
3640 2400 3817 2455 omni-

2215 2490 2316 2547 bus
2345 2507 2463 2562 qua:
2488 2491 2745 2547 hactenus
2776 2493 3112 2563 probaverat,
3141 2493 3218 2548 sic
3256 2494 3524 2548 concludit
3553 2512 3566 2547 :
3597 2492 3723 2549 Haec
3741 2505 3818 2550 est

2215 2602 2411 2639 summa
2451 2584 2621 2639 delicti
2665 2586 2943 2640 nolentium
2980 2603 3355 2664 recognoscere,
3405 2605 3552 2658 quem
3580 2588 3817 2660 ignorare

2216 2696 2318 2733 non
2341 2689 2549 2749 possunt
2575 2678 2837 2750 (Apol.,c.
2886 2679 2975 2746 17,
3004 2696 3120 2751 pag.
3150 2679 3530 2751 576).Eadem
3561 2681 3715 2750 plane
3733 2689 3818 2736 est

2215 2771 2491 2842 Cypriani,
2516 2773 2632 2841 ejus
2658 2771 2902 2840 discipuli
2931 2782 2985 2827 et
3015 2773 3278 2842 sequacis,
3313 2773 3587 2829 conclusio
3611 2791 3624 2827 :
3651 2774 3817 2845 Atque

2217 2863 2324 2917 hazc
2353 2873 2426 2917 est
2455 2880 2654 2917 summa
2683 2864 2852 2918 delicti
2897 2865 3033 2919 nolle
3069 2882 3356 2937 agnoscere,
3397 2884 3542 2938 quem
3582 2868 3820 2939 ignorare

2217 2973 2319 3011 non
2359 2959 2515 3027 possit
2552 2956 2841 3030 (Cyprian,
2877 2959 2966 3012 lib.
3004 2959 3068 3012 de
3103 2959 3284 3013 idolor.
3327 2958 3518 3026 Vanit.,
3545 2978 3662 3032 pag.
3697 2961 3818 3033 15).

2216 3050 2388 3106 Nemo
2414 3049 2608 3121 quippe
2637 3059 2811 3120 potest
2841 3051 3194 3121 ignorantiam
3226 3067 3482 3107 excusare
3512 3053 3628 3124 Dei,
3655 3069 3816 3124 quem

2222 3154 2298 3200 tot
2343 3145 2673 3215 argumentis
2730 3155 2784 3199 et
2853 3145 3041 3200 itttittto
3085 3146 3266 3219 cordis
3311 3147 3610 3218 animmque
3656 3162 3821 3206 sensu

590 3243 706 3301 Non
739 3244 839 3300 hoc
862 3252 1038 3300 autem
1068 3253 1268 3299 tantum
1298 3244 1348 3298 itt
1377 3242 1516 3298 libro
1541 3241 1900 3298 Tertullianus
1926 3253 2113 3300 noster
2142 3236 2186 3298 C
2220 3253 2510 3310 agnoscere
2558 3240 2915 3309 compellitur.
2976 3240 3264 3296 Maximum
3317 3242 3476 3311 igitur
3519 3241 3770 3299 delictum
3797 3284 3816 3311 ,

519 3338 622 3397 hac
669 3338 926 3396 adversus
969 3337 1215 3395 ethnicos
1272 3340 1733 3408 argumentatione
1783 3340 1968 3406 utitur,
2019 3339 2115 3395 sed

518 3449 638 3489 eam
692 3447 905 3504 quoque
961 3429 1130 3487 fusius
1170 3430 1453 3501 acriusque
1484 3440 1633 3502 urget
1667 3439 1779 3486 toto
1805 3432 1857 3486 in
1889 3431 2024 3486 libro
2054 3432 2118 3486 de

519 3522 829 3581 Testimonio
852 3525 1040 3579 animae
1062 3523 1308 3578 adversus
1328 3533 1520 3594 gentes,
1541 3524 1626 3578 tibi
1649 3523 1805 3580 docet
1821 3526 1920 3579 hoc
1940 3524 2115 3595 ipsum

519 3618 636 3688 ejus
680 3618 1043 3675 testimonium
1083 3634 1203 3674 esse
1267 3621 1407 3672 onmi
1430 3620 1712 3674 litteratura
1755 3620 1942 3685 notius,
1973 3619 2111 3674 doc-

524 3716 659 3770 trina
695 3716 954 3787 agitatius,
1012 3715 1151 3768 omni
1196 3716 1415 3769 editione
1444 3715 1714 3786 vulgatius,
1750 3725 1853 3769 toto
1895 3715 2109 3770 homine

521 3809 726 3880 majus,
764 3807 819 3861 id
853 3817 955 3871 est,
991 3817 1151 3862 totum
1184 3808 1320 3878 quod
1339 3817 1412 3862 est
1433 3807 1652 3863 hominis
1703 3807 1904 3880 (Idem.
1937 3808 2024 3863 lib.
2057 3809 2119 3862 de

523 3901 707 3954 testim.
739 3900 898 3954 anim.
921 3916 1038 3969 cap.
1073 3900 1097 3954 1
1121 3898 1162 3971 ).
1197 3899 1312 3954 Alia
1341 3911 1519 3954 autem
1543 3900 1661 3970 ejus
1687 3901 1846 3955 verba
1879 3901 2006 3956 alibi
2034 3900 2111 3955 ci-

522 3993 776 4061 taviutus,
822 3991 1104 4063 palamque
1133 3991 1354 4049 fecimus
1398 3992 1538 4048 idem
1588 4003 1961 4064 argumentum
2016 3993 2117 4049 ad-

524 4083 698 4142 hiberi
765 4103 794 4142 a
854 4087 1076 4142 Minutio
1125 4087 1347 4156 Felice,
1403 4088 1712 4162 Cypriane,
1769 4088 2010 4143 Arnobio
2067 4097 2121 4143 ct

523 4177 820 4246 Lactantio,
845 4180 972 4250 qui,
1004 4181 1255 4235 Auctoris
1281 4182 1446 4236 nostri
1490 4180 1726 4250 vestigiis
1775 4181 2116 4245 inhaerentes,

525 4270 687 4343 hujus
706 4274 1007 4343 argumenti
1022 4273 1072 4327 vi
1091 4289 1152 4328 ac
1167 4275 1404 4344 pondere
1417 4290 1603 4328 omnes
1627 4273 1878 4328 falsorum
1895 4273 2118 4328 deorum

524 4365 761 4420 cultores
801 4365 1098 4436 atheosque
1139 4368 1441 4423 obruerunt
1487 4365 1782 4437 (Dissertat.
1813 4367 1865 4420 in
1896 4361 2114 4434 Minut.,

436 4464 458 4484 '
522 4476 638 4529 cap.
681 4459 737 4524 2,
769 4468 869 4513 art.
902 4459 955 4525 5,
1006 4468 1052 4513 et
1079 4476 1194 4530 cap.
1221 4460 1276 4526 5,
1305 4468 1402 4513 art.
1429 4461 1498 4524 ὃς
1528 4457 1799 4514 Dissertat.
1842 4459 1896 4514 in
1925 4458 2118 4514 Arnob.

522 4566 636 4624 cap.
663 4551 716 4616 5,
743 4560 842 4606 art.
872 4551 925 4617 1,
961 4559 1008 4605 et
1029 4550 1298 4606 Dissertat.
1321 4552 1373 4605 in
1399 4549 1633 4605 Lactant.
1657 4568 1770 4622 cap.
1799 4551 1887 4619 l2,
1912 4561 2011 4605 art.
2042 4551 2118 4622 1).

2220 3331 2329 3388 imo
2390 3348 2518 3388 vero
2556 3349 2824 3389 sunttnum
2878 3334 3116 3389 omnium
3163 3334 3480 3390 delicmrtttn
3547 3345 3630 3391 est
3676 3335 3818 3392 nolle

2222 3427 2388 3482 Deum
2429 3442 2851 3498 recognoscere,
2896 3431 2984 3498 qui
3025 3444 3053 3482 a
3085 3431 3318 3493 nemine,
3353 3431 3452 3484 nisi
3486 3430 3696 3502 penitus
3719 3446 3816 3488 ex-

2219 3535 2340 3575 cors
2365 3531 2413 3574 et
2445 3536 2632 3575 amens
2661 3521 2749 3582 sit,
2785 3529 2959 3591 potest
2989 3522 3243 3592 ignorari.

2291 3614 2485 3682 Quinta
2511 3613 2726 3681 divinat,
2775 3624 2834 3668 ut
2873 3615 3042 3683 aiunt,
3089 3617 3387 3671 cxistcntia‘.
3431 3616 3819 3672 demonstratio

2222 3705 2303 3763 his
2346 3708 2631 3762 includitur
2671 3708 2872 3774 verbis,
2915 3709 3108 3778 quibus
3135 3710 3337 3764 Auctor
3374 3719 3557 3764 noster
3583 3707 3723 3764 illaut
3753 3723 3819 3764 ex

2222 3801 2440 3857 infinitis
2478 3801 2566 3855 Dei
2600 3800 3015 3871 perfectionibus
3042 3802 3187 3857 elicit
3214 3803 3642 3858 conclusionem;
3667 3799 3820 3866 Ideo,

2223 3893 2414 3964 inquit,
2451 3894 2587 3948 Deus
2626 3908 2769 3946 verus
2807 3903 2852 3946 et
2897 3902 3067 3946 tantus
3105 3903 3176 3946 cst
3216 3892 3425 3967 (ΙὺίιΙ.).
3459 3893 3647 3949 Nonne
3674 3893 3822 3949 enim

2223 3985 2363 4042 hunc
2391 3998 2791 4057 argumentatur
2817 3987 2867 4042 itt
2900 3988 3160 4043 modum?
3197 3987 3322 4042 Veri
3374 3989 3465 4043 Dei
3513 3989 3732 4044 nomine
3774 3987 3818 4043 is

2223 4080 2553 4150 intelligitur,
2600 4079 2752 4150 cujus
2797 4081 3018 4135 inﬁnita:
3061 4089 3185 4134 sunt
3224 4079 3598 4148 perfectiones,
3632 4089 3688 4135 et
3715 4095 3821 4151 quo

2225 4175 2354 4230 nihil
2386 4174 2556 4244 majus
2577 4184 2668 4230 aut
2690 4174 2974 4244 perfectius
2994 4173 3285 4244 excogitari
3310 4181 3516 4242 petest;
3547 4189 3654 4226 non
3679 4174 3821 4228 enim

2224 4277 2367 4324 esset
2393 4284 2552 4324 verus
2578 4268 2738 4335 Deus,
2770 4270 2814 4323 si
2846 4279 3021 4323 tatttus
3051 4283 3157 4322 non
3185 4276 3329 4322 esset
3357 4285 3368 4320 :
3401 4277 3455 4320 at
3484 4268 3549 4334 is,
3577 4267 3667 4338 qui
3699 4267 3823 4322 inli-

2226 4363 2366 4418 uitas
2395 4360 2748 4432 perfectiones
2779 4361 2918 4417 inse
2961 4361 3358 4430 complectitur,
3404 4375 3432 4413 a
3479 4375 3537 4414 se
3575 4359 3822 4431 profecto

2227 4455 2406 4523 habet,
2450 4465 2505 4510 et
2533 4455 2674 4526 quod
2719 4457 2931 4521 cxistat,
2980 4465 3032 4509 et
3060 4454 3204 4525 quod
3235 4454 3354 4509 aliis
3382 4452 3578 4508 tribuat
3636 4463 3691 4508 ut
3722 4453 3827 4508 sint

2226 4559 2279 4604 et
2308 4550 2577 4614 existant;
2629 4563 2748 4603 cunt
2779 4549 2922 4602 cnim
2952 4563 3015 4602 ea
3045 4549 3114 4602 sit
3143 4560 3324 4603 rerum
3353 4547 3592 4602 omnium
3618 4553 3828 4600 creata-

594 4645 931 4716 QuaprOpter
965 4643 1053 4698 illa
1087 4644 1171 4698 hic
1200 4660 1306 4698 non
1343 4643 1630 4713 repetenda
1663 4659 1978 4712 censemus,
2026 4644 2118 4698 sed
2145 4638 2199 4700 D
2228 4659 2344 4697 t-unt
2371 4643 2558 4706 series,
2588 4652 2642 4695 ut
2673 4641 2995 4711 posteriores
3027 4640 3094 4695 ab
3124 4639 3516 4711 antiquioribus
3543 4638 3825 4709 originem,

525 4736 653 4794 illud
683 4737 942 4792 duntaxat
983 4735 1546 4805 exantinandtttnhcur
1576 4736 1770 4791 dixerit
1797 4735 1934 4792 hanc
1961 4746 2117 4791 natu-

523 4830 690 4889 ralem
721 4831 814 4886 Dei
847 4829 1238 4885 invocationem
1294 4845 1414 4883 esse
1451 4828 1794 4882 testimonium
1820 4831 2004 4884 (mima:
2029 4847 2121 4884 na-

526 4923 756 4979 turaliter
780 4923 1093 4978 christiana.
1139 4921 1402 4992 Numquid
1434 4922 1577 4976 enim
1605 4922 1782 4976 anima
1809 4923 2121 4979 naturaliter

525 5019 813 5076 christiana
859 5019 981 5075 est?
1025 5019 1214 5074 Nonne
1257 5017 1418 5088 paulo
1449 5029 1567 5087 post
1607 5017 1695 5091 ille
1735 5017 1907 5073 dixit:
1939 5017 2117 5085 Fiunt,

527 5133 629 5172 non
657 5101 934 5170 nascuntur
954 5113 1230 5170 Christiani
1247 5112 1575 5184 (Tertullian.
1593 5113 1632 5166 Α
1641 5113 1861 5184 pologet.
1885 5130 2002 5185 cap.
2028 5116 2117 5184 17,

527 5223 646 5279 pag.
676 5208 814 5273 377;
848 5205 984 5262 Ibid.
1017 5223 1134 5278 cap.
1169 5205 1260 5272 t8,
1293 5223 1414 5276 pag.
1447 5203 1904 5269 378)?Alibivero
1951 5207 2120 5278 ipsam

526 5303 759 5358 animam
777 5303 854 5357 sic
874 5301 1165 5373 alloquitur
1187 5319 1198 5355 :
1223 5298 1342 5354 Non
1364 5317 1436 5366 es,
1461 5299 1599 5372 quod
1619 5301 1794 5364 sciam,
1819 5300 2122 5367 christiana;

527 5397 640 5466 ﬁeri
677 5395 830 5461 enim,
874 5411 977 5449 non
1040 5395 1184 5449 nasci
1253 5392 1385 5448 soles
1451 5392 1728 5451 christiana
1768 5391 1987 5464 (Idem,
2029 5394 2120 5449 lib.

528 5490 591 5544 de
632 5485 838 5544 Testim.
898 5487 1082 5556 anim.,
1143 5486 1380 5557 cap.l).
1413 5485 1481 5540 At
1545 5484 1588 5542 si
1637 5483 1802 5538 homo
1858 5499 1968 5540 non
2024 5501 2122 5540 tta-

527 5585 714 5646 scitur,
734 5579 828 5636 sed
875 5579 936 5635 fit
972 5579 1326 5646 christianos,
1369 5592 1498 5649 ergo
1532 5576 1649 5647 ejus
1676 5575 1851 5631 anima
1903 5586 2122 5632 natura-

527 5675 650 5732 liter
678 5673 965 5730 christiana
990 5687 1094 5727 non
1118 5680 1222 5727 est.
1250 5670 1444 5726 Verum
1466 5669 1848 5738 Tertullianus,
1877 5669 1966 5741 qui
1989 5685 2115 5740 pau—

527 5784 620 5825 cas
665 5771 803 5824 inter
845 5767 1014 5823 lineas
1055 5765 1155 5820 sibi
1204 5765 1388 5835 procul
1433 5763 1600 5820 dubio
1639 5779 1748 5820 non
1774 5761 2116 5830 contradixit,

526 5863 796 5938 prioribus
821 5861 1000 5921 verbis
1023 5859 1155 5917 nihil
1178 5857 1323 5917 aliud
1353 5857 1636 5930 significat,
1667 5857 1771 5916 nisi
1793 5858 1987 5918 animae
2013 5857 2114 5916 hu.

2225 4753 2328 4808 qna
2352 4737 2936 4806 cxistunt,acceperint,
2951 4735 3136 4790 debuit
3152 4745 3277 4789 ante
3296 4751 3458 4789 omne
3481 4745 3688 4802 tempus
3707 4748 3830 4788 esse

2225 4831 2530 4902 aliqttis,qtti
2562 4845 2589 4883 a
2621 4831 2785 4896 nullo,
2809 4827 2900 4884 sed
2933 4829 3108 4899 potius
3134 4842 3161 4880 a
3192 4842 3251 4881 se
3279 4829 3393 4897 ipso
3414 4827 3655 4883 habuerit
3684 4825 3831 4896 quod

2226 4926 2439 4987 existat,
2469 4934 2520 4978 et
2551 4922 2709 4978 rebus
2735 4921 3030 4992 quibusque
3051 4919 3250 4973 creatis
3281 4933 3375 4972 eas
3399 4935 3586 4974 omnes
3635 4918 3831 4989 quibus

2229 5018 2465 5089 prteditac
2495 5027 2639 5082 sunt,
2673 5015 3026 5085 perfectiones
3057 5012 3310 5082 largiatur
3343 5030 3355 5066 :
3399 5023 3455 5067 at
3496 5014 3583 5068 ille.
3610 5013 3723 5067 ideo
3756 5024 3831 5067 est

2225 5126 2400 5175 verus,
2443 5109 2562 5177 quia
2592 5118 2759 5162 tantus
2780 5115 2872 5160 est.
2902 5105 2958 5159 ltt
2984 5119 3082 5159 suo
3107 5114 3285 5160 autem
3313 5104 3570 5160 adversus
3595 5104 3825 5161 Marcio-

2225 5216 2348 5256 nem
2377 5200 2514 5254 libro
2541 5214 2606 5254 ex
2638 5211 2846 5254 summa
2878 5196 2970 5252 Dei
3003 5193 3332 5265 perfectione
3356 5195 3629 5251 concludit
3674 5194 3825 5250 illum

2224 5311 2344 5352 esse
2375 5295 2612 5360 unicum,
2660 5292 2732 5346 ita
2759 5300 2816 5346 ut
2845 5305 2949 5346 non
2978 5289 3254 5357 existeret,
3281 5289 3326 5345 si
3358 5305 3464 5345 non
3491 5297 3636 5345 esset
3664 5303 3825 5344 unus.

2227 5390 2424 5446 Audias
2439 5377 2590 5443 velim
2608 5402 2727 5458 qua:
2749 5387 2817 5443 sit
2833 5386 2947 5457 ejus
2967 5385 3385 5456 argumentatio:
3405 5382 3542 5439 Deus
3568 5399 3834 5439 cumsum-

2227 5501 2366 5554 mum
2407 5498 2646 5553 magnum
2686 5482 2772 5546 sit,
2809 5463 3166 5536 recte-veritas
3213 5489 3386 5534 nostra
3426 5477 3771 5552 pronuntiavit
3812 5494 3834 5533 :

2226 5574 2388 5640 Deus,
2419 5577 2464 5629 si
2493 5591 2594 5629 non
2622 5591 2750 5628 unus
2790 5582 2881 5638 est,
2917 5590 3018 5628 non
3054 5582 3147 5627 est.
3200 5570 3323 5626 Non
3362 5572 3508 5640 quasi
3545 5570 3835 5628 dubitemus

2225 5687 2332 5725 esse
2382 5668 2568 5734 Deum,
2593 5667 2806 5724 dicendo
2830 5684 2849 5723 :
2875 5667 2936 5722 Si
2973 5684 3076 5723 non
3119 5683 3274 5733 unus,
3317 5683 3418 5721 non
3445 5675 3555 5730 est;
3599 5665 3689 5721 sed
3711 5666 3836 5736 quia

2225 5781 2370 5836 quem
2394 5763 2699 5832 conﬁdimus
2722 5778 2848 5832 esse,
2876 5762 2930 5816 id
2971 5778 3087 5818 eum
3115 5759 3418 5828 deﬁniamus
3459 5775 3583 5830 esse,
3626 5757 3761 5830 quod
3789 5747 3835 5812 si

2226 5873 2330 5916 non
2370 5866 2446 5918 est
2467 5899 2486 5930 ,
2529 5855 2671 5915 Deus
2717 5873 2820 5916 non
2864 5863 2974 5928 est,
3021 5865 3278 5913 summurn
3321 5853 3513 5912 scilicet
3562 5869 3836 5926 magnum.
