4092 6352
275 325 382 384 809

1404 326 1855 384 DISSERTATIO
1895 325 1956 382 D.
1997 327 2087 384 LE
2123 327 2434 388 NOURRY.

3419 405 3426 416 ,
3472 339 3578 394 διο

275 441 446 497 Porro
465 457 720 498 summum
740 456 980 514 magnum
1003 440 1210 495 unicum
1232 440 1294 494 sit
1320 456 1518 495 necesse
1543 451 1615 496 est
1642 455 1800 512 :ergo
1831 449 1876 494 et
1904 441 2049 500 Alis
2093 443 2258 501 videri
2296 460 2403 501 non
2461 446 2649 518 possit.
2694 445 2825 502 Nam
2855 456 2916 502 ut
2952 448 3066 520 ipse
3125 449 3180 506 in
3240 430 3428 508 Exodo
3491 455 3576 511 ιο..

277 531 418 588 Deus
445 533 624 588 unicus
664 533 779 599 erit,
821 533 1103 588 nonaliter
1135 531 1292 598 Deus,
1339 533 1438 587 nisi
1474 549 1724 587 summum
1767 549 1878 586 nia-

276 643 456 698 gnum,
489 642 578 680 nec
605 625 755 679 aliter
778 641 1030 679 sununum
1056 641 1320 696 magnum,
1349 624 1446 679 nisi
1473 641 1645 693 parem
1668 625 1768 678 non
1790 625 1881 677 ha-

276 723 410 788 beat,
458 739 550 778 nec
593 722 742 776 aliter
770 737 945 790 parem
983 738 1084 775 non
1124 720 1334 786 habens,
1367 719 1465 775 nisi
1505 719 1686 773 unicus
1728 719 1882 790 fuerit

275 816 509 890 (ldent.,
541 815 629 871 lib.
660 814 683 870 l
727 815 928 870 advers.
963 813 1240 878 Marciam,
1267 831 1382 884 cap.
1410 812 1489 885 3).

350 911 569 967 Sextam
601 918 652 964 et
686 908 926 964 ultimam
950 925 1052 979 qua
1078 908 1220 963 Deus
1250 908 1482 963 existere
1509 906 1764 978 probatur
1789 905 1884 962 de-

279 1000 723 1058 monstrationem
771 999 1102 1055 Tertulliano
1145 997 1506 1068 suppeditavit
1565 1013 1772 1053 summa
1821 1012 1884 1052 ac

279 1095 412 1150 mira
440 1091 866 1149 Christianorum
894 1092 960 1148 ad
988 1092 1264 1148 dznmones
1315 1092 1664 1165 expellendus
1706 1101 1884 1163 potes-

279 1196 381 1250 tas,
429 1195 615 1241 contra
658 1201 818 1257 quam
858 1185 1082 1254 quilibet
1107 1184 1450 1256 quantumvis
1480 1186 1722 1255 pertinax
1751 1201 1880 1255 gen-

279 1281 391 1338 tiiis
418 1297 486 1338 ne
517 1264 714 1336 mutire
740 1278 956 1352 quidem
990 1288 1221 1350 poterat.
1263 1279 1398 1334 Tum
1437 1280 1582 1334 enim
1614 1295 1757 1349 saepe
1786 1294 1884 1334 sa:-

282 1374 403 1445 pius
429 1371 702 1428 daemones
727 1385 758 1424 a
788 1370 1116 1435 christianis,
1148 1369 1352 1425 Christi
1385 1373 1600 1426 nomine
1629 1370 1884 1441 adjurati,

281 1481 388 1520 non
416 1464 588 1520 solum
610 1461 963 1533 ejiciebantur
1014 1478 1078 1517 ex
1109 1461 1190 1517 his
1214 1478 1348 1533 quos
1373 1461 1693 1518 obsidebant
1717 1461 1886 1516 homi-

283 1558 472 1625 nibus,
522 1555 618 1611 sed
645 1555 973 1626 cogebantur
998 1556 1159 1611 etiam
1191 1555 1364 1626 palam
1391 1565 1445 1610 et
1477 1555 1690 1626 publice
1717 1553 1888 1610 conli-

282 1649 408 1717 teri,
440 1665 540 1706 nec
569 1664 648 1716 se,
700 1664 801 1705 nec
841 1648 978 1704 alios
1023 1663 1158 1716 quos
1201 1650 1426 1718 gentiles
1455 1648 1721 1711 colebant,
1768 1663 1889 1704 esse

289 1743 446 1810 deos,
495 1740 591 1796 sed
624 1757 788 1796 unum
832 1741 1093 1796 duntaxat
1142 1743 1405 1807 existere,
1451 1757 1610 1812 quem
1638 1740 1886 1809 discipuli

1981 541 2162 606 quitur
2191 537 2410 608 (Exod.,
2437 555 2553 609 cap.
2577 538 2926 612 XXXIII,20)
2954 559 2966 596 :
2996 541 3118 598 Non
3139 546 3271 599 enim
3295 545 3482 602 videbit
3502 564 3583 603 me

1983 628 2132 684 Immo
2153 671 2168 695 ,
2228 638 2274 684 et
2297 631 2444 686 vivet.
2487 632 2650 688 Addit
2689 649 2814 689 vero
2844 634 3207 692 Tertullianus
3228 679 3242 704 ,
3277 640 3367 694 etsi
3396 641 3570 694 videa-

1984 731 2100 789 tur,
2135 723 2236 780 hoc
2283 734 2400 792 est,
2455 727 2665 782 tametsi
2699 725 2945 784 homines
2989 729 3162 785 allatis
3211 746 3370 800 supra
3415 745 3580 803 argu-

1983 817 2181 872 mentis
2211 832 2274 872 ac
2303 817 2440 887 (Art.
2473 816 2676 890 super.)
2704 818 3246 877 demonstratiouibus
3291 823 3444 879 illum
3489 840 3582 880 re-

1983 921 2107 962 vera
2137 908 2370 963 existere
2401 917 2583 966 mente
2613 909 2828 965 videant
2856 921 2910 967 et
2935 923 3280 984 cognoscant.

2063 998 2590 1071 incomprehensibilis
2613 1016 2826 1072 quoque
2855 1011 2970 1068 est,
2999 1005 3169 1076 pergit
3194 1005 3578 1064 Tertullianus.

1987 1089 2339 1162 ('l‘ertullian.,
2372 1092 2526 1163 ibid.)
2554 1093 2684 1148 Nam
2717 1105 2774 1150 ut
2803 1093 3001 1150 fatetur
3048 1096 3299 1153 Clemens
3351 1099 3585 1155 Alexan-

1986 1182 2172 1239 drinus
2220 1184 2402 1255 (Clem.
2436 1185 2714 1240 Alexandr.
2743 1228 2759 1254 ,
2786 1187 2874 1241 lib.
2911 1187 2949 1240 V
2983 1188 3177 1243 Strom.
3200 1233 3216 1256 ,
3265 1208 3386 1262 pag.
3413 1192 3585 1265 548):

1988 1284 2138 1338 Δῆλον
2160 1280 2342 1344 μηδένα
2365 1287 2481 1334 ποτὶ
2513 1281 2734 1332 δυνά-σθω
2766 1285 2903 1350 περὶ.
2930 1289 3008 1336 τόν
3034 1295 3118 1340 τῆς
3153 1285 3275 1348 ζωῆς
3315 1286 3472 1352 χρὸνον
3511 1294 3590 1341 τὸν

1987 1376 2099 1422 Θεὸν
2145 1375 2342 1442 ἐνκργῶς
2395 1379 2772 1428 κειτιλαϐξσθαιι.
2835 1371 3104 1427 Neminem
3169 1391 3392 1445 unquam
3442 1393 3589 1444 posse

1989 1479 2080 1530 per
2106 1463 2200 1516 hoc
2230 1465 2343 1518 vita:
2385 1473 2582 1533 tempus
2625 1463 2785 1518 Deum
2831 1467 3096 1536 perspicue
3138 1468 3586 1537 comprehendere.

1992 1554 2197 1622 Quibus
2225 1567 2450 1628 uterque
2473 1557 2654 1612 verbis
2682 1559 2945 1628 signilicat
2995 1560 3228 1615 infinitas
3262 1561 3351 1616 Dei
3379 1561 3588 1630 perfec-

1995 1646 2164 1702 tiones
2191 1647 2259 1702 ab
2286 1648 2626 1716 hominibus,
2657 1650 2818 1705 vitam
2850 1650 2988 1706 hanc
3015 1652 3294 1707 mortalem
3353 1654 3586 1709 viventi-

1995 1737 2092 1793 bus
2112 1781 2127 1806 ,
2159 1755 2264 1793 non
2290 1756 2448 1810 posse
2479 1743 2620 1795 clara
2651 1741 2898 1797 distincta
2927 1742 3044 1798 idea
3077 1754 3131 1799 et
3181 1745 3400 1800 notione
3431 1746 3588 1816 plane

285 1835 486 1890 Christi
512 1834 929 1891 venerabantur.
963 1835 1123 1905 Atqui
1154 1835 1318 1889 omnis
1349 1836 1467 1901 ista,
1500 1836 1570 1889 ait
1601 1835 1887 1892 Tertullia-
1921 1840 1968 1899 Β
1997 1833 2314 1904 penitusque
2339 1834 2743 1904 comprehendi.
2791 1836 3075 1908 Subjungit
3105 1849 3282 1894 tamen
3310 1857 3323 1893 :
3358 1838 3471 1893 Etsi
3499 1858 3590 1908 per

286 1941 408 1993 nus,
441 1927 691 1998 confessio
715 1925 946 1992 illorum,
974 1943 1075 1997 qua
1105 1942 1158 1979 se
1181 1926 1300 1982 deos
1327 1935 1511 1997 negant
1537 1943 1662 1994 esse,
1691 1942 1886 1997 quaque

286 2037 388 2074 non
409 2019 568 2074 alium
592 2016 760 2073 Deum
784 2018 1091 2089 respondent
1119 2027 1300 2086 praeter
1322 2034 1499 2083 unum,
1522 2019 1602 2071 cui
1629 2034 1720 2072 nos
1743 2033 1888 2070 man-

286 2113 537 2183 cipamur,
583 2113 707 2168 satis
741 2113 928 2167 idonea
955 2123 1028 2167 est
1057 2112 1124 2166 ad
1150 2111 1507 2182 depellendum
1531 2113 1724 2166 crimen
1753 2113 1888 2166 (teste

286 2208 511 2263 maxime
547 2222 776 2262 romanae
815 2207 1110 2279 religionis,
1159 2222 1280 2276 qua:
1331 2221 1438 2260 non
1467 2222 1653 2261 verum
1682 2217 1736 2262 et
1767 2206 1888 2259 uni-

288 2318 432 2370 ctim,
459 2302 552 2359 sed
580 2301 744 2358 falsos
773 2302 956 2373 utique
999 2301 1130 2356 deos
1158 2300 1512 2355 venerabatur
1542 2298 1886 2372 (Tcrtutlian.

290 2399 580 2470 Apologet.,
605 2414 722 2469 cap.
748 2395 842 2462 24,
875 2413 994 2468 pag.
1026 2394 1194 2467 416).
1240 2393 1372 2448 Nam
1417 2408 1606 2449 omnes
1653 2393 1893 2464 profecto

290 2489 492 2545 ethnici
537 2488 890 2554 daemonibus,
921 2503 1106 2542 verum
1135 2496 1320 2541 contra
1360 2487 1678 2555 semetipsos
1719 2484 1892 2540 confi-

293 2582 549 2647 tentibus,
581 2581 848 2638 debebant
888 2579 1130 2644 credere,
1161 2578 1254 2650 qui
1281 2578 1664 2634 mentientibus
1703 2577 1893 2632 crede-

295 2673 444 2728 haut.
497 2671 664 2727 Nemo
703 2671 987 2742 siquidem,
1038 2680 1097 2724 ut
1136 2680 1282 2725 recte
1310 2670 1396 2724 ille
1423 2669 1619 2740 arguit,
1651 2668 1719 2722 ad
1747 2685 1896 2723 suum

297 2767 513 2820 dedecus
542 2767 800 2830 mentitur,
837 2766 957 2836 quin
987 2765 1154 2834 potius
1181 2762 1248 2814 ad
1275 2762 1536 2816 honorem.
1573 2760 1741 2831 Magis
1771 2761 1897 2829 fides

298 2857 534 2930 proxima
563 2867 635 2911 est
663 2855 1223 2924 adversus-semetipsos
1242 2855 1554 2922 conﬁtentes,
1573 2869 1723 2923 quam
1737 2869 1827 2921 pro
1847 2869 1898 2906 sc

297 2951 670 3021 ipsisnegantes
691 2947 882 3021 (lbid.,
909 2965 1026 3018 cap.
1047 2946 1138 3011 25,
1160 2964 1278 3018 pag.
1305 2945 1606 3016 “5).Tam
1633 2945 1896 3014 publicum

299 3044 575 3098 enimvero
617 3041 978 3097 testimonium
1007 3041 1203 3094 nemini
1230 3039 1386 3108 plane
1424 3036 1643 3092 dubium
1675 3051 1898 3108 suspec-

302 3145 519 3206 tumque
563 3149 684 3190 esse
715 3141 941 3204 poterat.
987 3131 1349 3201 Quamobrem
1395 3129 1547 3195 illud,
1595 3129 1761 3199 pergit
1788 3128 1898 3182 Au-

1991 1927 2210 1996 gratiam
2247 1937 2648 1998 repraesentetur.
2694 1928 2799 1984 Sed
2833 1946 3076 1999 qutenam
3123 1941 3207 1986 est
3237 1932 3338 1987 ista
3387 1934 3588 2002 gratia,

1994 2019 2096 2074 nisi
2128 2018 2419 2075 Salvatoris
2447 2021 2612 2075 nostri
2645 2020 2878 2087 Christi,
2936 2023 3048 2092 qui,
3075 2022 3236 2078 homo
3257 2023 3429 2079 factus
3452 2066 3467 2089 ,
3493 2025 3591 2080 do-

1996 2111 2107 2166 cuit
2130 2111 2376 2168 homines
2399 2114 2670 2184 quomodo
2693 2115 2865 2186 ipsum
2893 2125 2947 2170 et
2975 2115 3212 2170 divinum
3240 2116 3356 2187 ejus
3379 2117 3591 2174 Patrem

1996 2205 2210 2259 unicum
2260 2221 2556 2276 verumque
2604 2206 2772 2261 Deum
2825 2221 2947 2263 esse
3001 2207 3303 2278 intelligant
3350 2227 3363 2264 :
3425 2209 3596 2265 Nemo

1995 2298 2226 2367 quippe,
2277 2299 2730 2368 quemadmodum
2778 2299 2963 2354 scribit
3009 2308 3198 2354 auctor
3242 2300 3486 2370 epistola:
3524 2301 3594 2356 ad

1998 2390 2354 2462 Diognetum,
2421 2393 2588 2448 Deum
2668 2392 2830 2459 vidit,
2906 2402 2998 2446 aut
3067 2391 3301 2464 perfecte
3351 2395 3602 2466 cognovit

1997 2481 2191 2553 (Epist.
2218 2483 2478 2556 Diognet.,
2513 2503 2634 2554 pag.
2653 2485 2779 2553 499,
2803 2487 3132 2540 edit.Justin.
3153 2485 3378 2559 Martyr)
3413 2504 3426 2540 :
3450 2493 3598 2549 Αὗτδς

2000 2580 2048 2630 δὲ
2069 2584 2232 2633 ἓαυτῦν
2258 2582 2504 2644 ἔπὲδειξεν⁸
2536 2583 2740 2645 ἐπέδειξε
2770 2583 2820 2632 δὲ
2847 2584 2928 2632 διὰ
2945 2591 3144 2641 πίστεως
3167 2586 3330 2652 ᾗμσνζί
3352 2587 3466 2634 Θεὸν
3489 2585 3602 2634 ἰδεῖν

1999 2679 2373 2742 συγκεχώρηται.
2400 2669 2506 2725 Sed
2532 2671 2640 2740 ipse
2664 2688 2716 2724 se
2735 2672 2900 2742 ipsum
2919 2671 3168 2726 ostendit:
3187 2673 3406 2726 ostendit
3429 2684 3601 2726 autem

2001 2777 2090 2832 per
2102 2761 2276 2830 ﬁdem,
2309 2779 2408 2831 qua
2439 2761 2552 2816 sola
2589 2761 2756 2816 Deum
2774 2764 2939 2818 videre
2978 2775 3380 2819 concessuntest.
3412 2764 3601 2819 Nonne

2003 2871 2130 2912 vero
2157 2867 2380 2928 uterque
2394 2857 2458 2912 ad
2478 2856 2593 2913 huc
2609 2858 2918 2914 collineavit
2941 2857 3173 2913 Matthaei
3199 2859 3360 2912 verba
3380 2858 3597 2928 (Matth.

2002 2947 2074 3003 XI
2108 2992 2122 3014 ,
2189 2950 2295 3021 17)
2329 2968 2341 3004 :
2377 2948 2543 3004 Nemo
2596 2951 2729 3005 novit
2779 2949 3013 3013 Filium,
3069 2952 3166 3006 nisi
3225 2951 3397 3015 Pater,
3447 2969 3604 3021 neque

2005 3040 2215 3096 Patrem
2243 3043 2356 3112 quis
2395 3043 2532 3097 novit
2555 3084 2570 3109 ,
2601 3043 2698 3096 nisi
2744 3041 2912 3096 Filius
2935 3085 2948 3107 ,
2980 3052 3025 3096 et
3061 3044 3142 3095 cui
3188 3044 3400 3096 voluerit
3435 3041 3602 3097 Filius

2002 3137 2244 3191 revelare.
2277 3137 2380 3191 Aut
2412 3135 2478 3191 ad
2526 3135 2614 3190 illa
2665 3134 2886 3190 Joannis
2944 3134 2962 3208 (
2994 3134 3175 3203 Joan.,
3206 3151 3322 3205 cap.
3377 3134 3414 3199 Ι,
3453 3132 3603 3205 18)ε

302 3239 420 3282 ctor
463 3236 665 3290 uoster,
714 3225 923 3281 solebat
965 3239 1030 3278 ex
1077 3221 1306 3278 ethnicis
1354 3220 1531 3275 facere
1577 3219 1899 3274 chl'iSlii‘HIOS
1926 3230 1971 3292 C
2006 3227 2167 3283 Deum
2218 3245 2362 3283 nemo
2405 3227 2529 3281 vidit
2556 3243 2797 3297 unquam.
2845 3226 3144 3298 Unigenitus
3176 3225 3376 3290 Filius,
3409 3227 3493 3295 qui
3534 3235 3608 3280 est

303 3320 556 3394 (lbid.).
610 3319 807 3390 Ecquis
856 3318 1006 3374 enim
1072 3316 1235 3371 homo
1290 3323 1497 3385 poterat
1549 3322 1655 3366 tam
1703 3323 1904 3367 certam

313 3411 619 3480 claramque
670 3409 1100 3465 testificatiouem
1156 3421 1432 3476 respuere,
1488 3404 1588 3459 nisi
1642 3405 1724 3458 cui
1775 3403 1905 3459 falsa

306 3501 616 3573 praeiudicia
661 3509 755 3556 aut
803 3501 1025 3572 privatae
1052 3499 1313 3554 utilitates
1341 3496 1563 3552 rationis
1608 3495 1786 3550 lumen
1819 3509 1910 3565 pe-

307 3598 452 3654 nitus
482 3597 829 3669 eripuei‘ant?
878 3595 1004 3652 Jure
1053 3594 1212 3664 igitur
1258 3593 1452 3647 merito
1479 3593 1683 3644 Auctor
1728 3600 1910 3644 noster

309 3705 572 3744 summam
620 3687 891 3756 redarguit
921 3685 1256 3756 iniquitatem
1284 3681 1587 3753 gentilium,
1618 3680 1706 3750 qui
1754 3678 1909 3732 Chri-

310 3783 512 3838 stianos
537 3781 860 3837 accusabant
889 3781 1029 3835 laesa:
1067 3785 1303 3834 romana:
1351 3774 1623 3844 religionis
1645 3815 1660 3839 ,
1710 3787 1911 3842 eosque

311 3884 496 3930 contra
517 3873 922 3938 conscientiam,
950 3881 1133 3939 totque
1159 3885 1221 3923 ac
1247 3867 1375 3922 tanti
1407 3865 1660 3937 ponderis
1685 3863 1911 3920 demou-

313 3967 623 4032 strationes,
672 3965 738 4020 ad
784 3963 944 4019 falsos
991 3963 1123 4017 deos
1165 3958 1423 4015 colendos
1503 3957 1911 4028 negandumque

313 4074 498 4114 verum
560 4058 728 4114 Deum
791 4053 1116 4128 quibuslibet
1183 4049 1459 4122 suppliciis
1509 4047 1724 4120 adigere
1775 4047 1912 4103 nite-

315 4155 530 4210 bantur.

930 4277 1224 4320 ARTICULUS
1263 4277 1320 4318 11.

319 4408 400 4466 De
439 4408 832 4483 perfectionibus
879 4406 982 4460 sive
1005 4404 1260 4459 attributis
1309 4400 1436 4466 Dei,
1469 4417 1527 4454 ac
1569 4413 1667 4469 quo
1703 4413 1852 4451 sensu
1883 4412 1916 4449 a

391 4503 709 4558 Tertulliano
737 4502 938 4554 dicatur
966 4496 1252 4552 hominibus
1292 4494 1528 4565 cognitus
1548 4533 1563 4558 ,
1596 4490 1822 4560 quamvis
1851 4490 1916 4543 sit

2009 3323 2061 3376 in
2089 3322 2206 3375 sinu
2238 3320 2414 3375 Patris
2441 3361 2456 3387 ,
2491 3322 2600 3390 ipse
2620 3320 2893 3375 enarravit.

2083 3414 2260 3484 Pergit
2315 3417 2514 3468 Auctor
2561 3422 2747 3467 noster
2779 3430 2791 3466 :
2821 3410 3191 3466 intestinmbilis
3211 3453 3224 3474 ,
3256 3410 3348 3463 (lsi
3373 3409 3610 3464 humanis

2009 3505 2238 3559 sensibus
2267 3505 2542 3559 wstimetur
2562 3546 2576 3572 ,
2609 3503 2661 3558 id
2692 3512 2794 3565 est,
2827 3504 2879 3557 in
2909 3503 3010 3557 hoc
3037 3511 3182 3557 recte
3213 3503 3280 3556 ab
3306 3502 3612 3556 hominibus

2011 3599 2320 3664 restituetur,
2373 3596 2516 3667 quod
2573 3598 2749 3650 sciunt
2825 3609 2947 3649 eum
3007 3609 3127 3649 esse
3178 3593 3606 3647 inaestimabilem

2013 3689 2340 3763 (Tertullum.
2389 3688 2686 3759 Apologet.,
2708 3703 2824 3758 cap.
2858 3688 2946 3752 17,
2983 3703 3102 3756 pag.
3137 3686 3292 3746 575).
3317 3685 3434 3754 Ipse
3463 3686 3608 3739 enim

2014 3797 2137 3836 mox
2158 3780 2360 3835 addidit
2394 3797 2406 3832 :
2457 3778 2567 3833 lloc
2596 3778 2825 3848 estquod
2853 3775 3018 3831 Deum
3045 3777 3285 3830 azstitnari
3316 3776 3458 3846 facit,
3488 3776 3612 3828 dum

2014 3875 2252 3929 azstimari
2306 3890 2406 3927 non
2459 3873 2629 3942 capit,
2681 3871 2907 3942 perinde
2956 3887 3019 3926 ac
3066 3871 3112 3924 si
3165 3870 3429 3925 dixisset:
3463 3869 3614 3924 Tunc

2017 3968 2185 4024 Deum
2215 3977 2362 4023 recte
2388 3967 2722 4022 :estimamus
2741 4007 2756 4032 ,
2784 3981 2906 4020 cum
2951 3964 3182 4019 fatemur
3211 3979 3308 4018 uec
3355 3963 3383 4018 it
3415 3965 3568 4019 nobis
3589 4006 3606 4031 ,

2015 4076 2116 4117 nec
2144 4061 2211 4115 ab
2234 4060 2346 4114 ullo
2376 4059 2593 4115 homine
2625 4073 2783 4129 posse
2812 4073 2907 4128 pro
2937 4057 3133 4112 merito
3164 4057 3444 4110 mstitiiari.

2089 4153 2289 4209 Horum
2321 4152 2558 4206 omnimn
2590 4150 2849 4205 rationem
2883 4150 2925 4204 si
2975 4150 3042 4204 ab
3070 4149 3162 4203 illo
3185 4147 3442 4218 postules,
3475 4151 3614 4203 hanc

2017 4244 2109 4301 ille
2155 4244 2351 4299 ibidem
2401 4241 2596 4299 reddet
2629 4261 2641 4296 ε
2681 4241 2832 4308 Quod
2861 4239 3017 4295 videri
3060 4241 3394 4294 communiter
3419 4281 3432 4306 ,
3476 4243 3613 4310 quod

2018 4335 2414 4408 comprehendi,
2443 4336 2578 4406 quod
2599 4334 2842 4388 wstimari
2867 4343 3066 4402 potest,
3116 4333 3280 4386 minus
3326 4343 3397 4386 est
3455 4333 3618 4386 oculis

2017 4433 2195 4504 quibus
2240 4439 2546 4500 occupatur,
2578 4438 2624 4482 et
2647 4427 2877 4481 manibus
2904 4427 3084 4497 quibus
3131 4427 3507 4480 contaminatur
3527 4468 3540 4491 ,
3571 4434 3621 4479 et

2019 4526 2246 4580 sensibus
2292 4521 2473 4594 quibus
2508 4523 2758 4576 invenitur
2782 4564 2796 4589 ,
2850 4521 2951 4576 hoc
2981 4530 3098 4586 est,
3135 4519 3392 4590 quidquid
3444 4518 3615 4572 oculis

379 4595 689 4690 invisibilis?
715 4589 1248 4690 Ϊ’¹Ῡ⁰”Ῥ’Ῐε(²εηῗί¹”¹ῗ⁸
1274 4629 1288 4654 ’
1344 4583 1752 4690 ἱηωξήᾴδίώηωιδ
1803 4597 1918 4690 1"“
1942 4631 1994 4690 ι)
2021 4583 2679 4687 corporeisuentnmuniter
2717 4613 2954 4668 cernitur
2974 4655 2988 4678 ,
3045 4612 3288 4667 manibus
3339 4611 3571 4680 tangitur
3599 4651 3616 4674 ,

395 4690 549 4762 hujus
573 4687 679 4742 veri
705 4685 800 4741 Dei
841 4692 886 4738 et
915 4684 1011 4737 vivi
1039 4681 1251 4736 scientia
1270 4720 1286 4747 ,
1339 4676 1587 4747 sapientia
1607 4716 1622 4741 ,
1677 4685 1721 4729 et
1771 4683 1917 4728 teter-

394 4784 550 4839 nitas.

396 4923 566 4978 Deum
596 4933 715 4975 esse
739 4913 1187 4988 perfectissimqu
1216 4907 1344 4965 inde
1384 4905 1747 4963 Tcrtullianus
1777 4910 1922 4958 recte

330 5013 559 5083 colligit,
587 5010 732 5082 quod
764 5008 1019 5063 mundum
1064 5014 1119 5060 ct
1166 5003 1345 5057 omnia
1388 5016 1508 5071 qua:
1556 5001 1608 5053 in
1660 5013 1725 5052 eo
1752 5004 1919 5061 sunt,

334 5106 473 5160 sicut
500 5106 552 5160 iu
600 5104 880 5173 superiore
907 5098 1133 5155 articulo
1188 5095 1455 5160 vidimus,
1510 5091 1578 5146 ah
1607 5091 1696 5146 illo
1746 5097 1922 5144 creata

331 5195 549 5252 fuerint.
599 5193 617 5266 (
659 5193 960 5248 Tcrtullian.
1018 5189 1305 5260 Apologet.,
1361 5202 1477 5256 cap.
1536 5183 1646 5250 11).
1711 5179 1923 5234 Etenim

331 5289 725 5360 imperfectum,
782 5286 953 5356 inquit
1015 5282 1136 5348 ille,
1211 5297 1312 5335 non
1366 5278 1529 5350 potuit
1600 5290 1743 5342 esse,
1791 5271 1926 5342 quod

332 5382 544 5457 perfecit
569 5380 773 5446 omnia,
802 5379 856 5434 id
897 5386 1012 5443 est,
1039 5377 1161 5448 quia
1196 5375 1340 5430 Deus
1382 5389 1410 5427 a
1461 5386 1520 5426 se
1575 5370 1694 5440 ipso
1724 5378 1838 5430 est,
1872 5376 1927 5422 et

332 5486 525 5533 cetera
554 5472 734 5528 omnia
782 5470 944 5536 fecit,
977 5469 1110 5524 nihil
1154 5480 1379 5538 prorsus
1437 5461 1778 5534 imperfecti,
1831 5457 1926 5514 sed

333 5582 522 5623 omnes
542 5565 764 5622 omnino
793 5562 1146 5634 perfectiones
1171 5558 1368 5614 habeat
1389 5599 1405 5624 ,
1441 5570 1663 5612 necesse
1702 5563 1805 5609 est.

406 5660 592 5716 Tantae
619 5669 799 5714 autem
831 5656 937 5712 illa:
961 5663 1086 5712 sunt
1106 5693 1121 5720 ,
1153 5651 1481 5721 humanique
1511 5648 1710 5719 ingenii
1751 5646 1924 5701 imbe-

334 5752 611 5808 cillitatem
637 5750 774 5805 adeo
793 5755 1084 5818 superant,
1116 5755 1171 5798 ut
1187 5742 1450 5799 invisibilis
1475 5742 1538 5795 sit
1592 5742 1608 5810 (
1631 5739 1794 5805 lbid.,
1813 5755 1929 5809 cap.

339 5848 426 5918 17,
459 5864 578 5919 pag.
601 5846 751 5915 375),
787 5841 860 5896 ait
891 5843 1091 5896 Auctor
1121 5847 1325 5908 noster,
1350 5835 1402 5893 id
1427 5844 1530 5902 cst,
1548 5833 1794 5892 humanis
1816 5847 1938 5890 ocuo

577 5939 1012 6003 Taurorum!
1052 5934 1107 5997 Ι.

2023 4721 2115 4766 aut
2145 4711 2246 4764 sub
2277 4709 2408 4764 alios
2439 4723 2629 4764 sensus
2657 4707 2798 4763 cadit
2821 4749 2834 4774 ,
2865 4707 2995 4761 illud
3027 4705 3110 4759 his
3157 4705 3405 4760 omnibus
3448 4705 3619 4758 sensi-

2025 4803 2128 4859 bus
2167 4801 2342 4856 minus
2390 4809 2473 4856 est
2499 4843 2514 4868 ,
2546 4799 2956 4871 inferiorisque,
3003 4814 3159 4869 quam
3205 4797 3372 4863 Deus,
3414 4797 3620 4851 ordinis

2030 4895 2238 4969 (lbid.).
2286 4893 2418 4950 Nam
2476 4894 2610 4965 quod
2661 4894 2963 4948 immensum
3017 4902 3126 4956 est,
3172 4890 3623 4960 quemadmodum

2027 4990 2170 5044 Deus
2191 5029 2205 5054 ,
2235 4988 2330 5043 soli
2359 4987 2456 5042 sibi
2477 4997 2652 5042 notum
2680 4997 2752 5041 est
2783 4985 2996 5060 (lbid.).
3029 4983 3279 5038 immensi
3316 4993 3492 5037 autem
3519 4999 3620 5037 no-

2030 5083 2175 5138 mine
2204 5080 2331 5137 illud
2365 5081 2728 5136 Tertullianus
2755 5081 2979 5151 praecise
3010 5093 3114 5131 non
3164 5076 3413 5146 intelligit
3433 5119 3448 5144 ,
3477 5077 3622 5148 ψωά

2031 5175 2232 5245 ubique
2258 5185 2312 5229 et
2340 5174 2391 5228 in
2420 5173 2565 5227 onmi
2596 5173 2716 5227 loco
2771 5171 2989 5236 existit,
3021 5167 3280 5238 sedquod
3311 5179 3394 5223 est
3445 5169 3626 5225 inlini-

2034 5275 2165 5320 ttun.
2197 5265 2273 5320 Eo
2301 5267 2496 5336 quippe
2519 5279 2680 5319 sensu
2703 5279 2730 5316 a
2755 5262 2912 5318 bonis
2937 5261 3248 5316 auctoribus
3297 5259 3492 5315 dicitur
3521 5261 3624 5316 im-

2033 5372 2253 5414 mensus
2278 5357 2428 5412 labor
2448 5399 2462 5424 ,
2489 5365 2543 5411 et
2568 5354 2721 5409 dolor
2753 5354 3081 5418 immensus,
3114 5350 3196 5404 vel
3223 5351 3482 5405 immensa
3534 5367 3629 5406 cu-

2032 5453 2244 5523 piditas.
2292 5451 2432 5505 Deus
2478 5449 2690 5519 itaque,
2741 5456 2924 5516 utpote
2977 5444 3249 5510 infinitus,
3293 5460 3322 5499 a
3386 5462 3444 5499 sc
3514 5447 3632 5502 solo

2033 5554 2262 5617 quantus
2318 5553 2401 5597 est
2433 5541 2773 5613 cognoscitur
2805 5538 3012 5612 (lbid.).
3045 5537 3220 5608 Atque
3253 5539 3322 5593 ita
3357 5540 3502 5593 illum
3523 5583 3539 5604 ,
3573 5552 3634 5594 ut

2035 5652 2241 5699 rursus,
2265 5636 2338 5690 ait
2366 5635 2567 5689 Auctor
2598 5644 2781 5688 noster
2801 5675 2815 5700 ,
2845 5632 2916 5687 vis
2947 5630 3332 5702 magnitudinis,
3364 5641 3411 5684 et
3460 5642 3636 5685 notum

2043 5729 2329 5786 hominibus
2375 5728 2584 5798 objicit,
2615 5739 2658 5781 et
2706 5727 2936 5800 ignotum
2993 5723 3290 5794 (Dissertat.
3348 5725 3400 5778 in
3435 5724 3632 5778 Minui.

2057 5826 2262 5891 0ctav.,
2287 5838 2403 5894 cap.
2434 5820 2486 5890 5,
2519 5829 2619 5875 art.
2671 5820 2722 5888 1;
2757 5819 2979 5876 Dissert.
3031 5819 3084 5870 in
3112 5815 3348 5871 Lactant.
3395 5834 3512 5888 car.
3544 5819 3634 5887 15,

2955 5908 3358 5993 (Vingt—six.)
