4092 6352
505 310 607 369 8H

1566 312 1637 370 IN
1672 307 2136 372 TERTULLIANI
2170 304 2704 376 APULOGETICUM

3696 294 3824 376 sta

505 438 607 483 art.-
666 426 743 500 t).
794 428 969 484 Tanta
1021 428 1299 485 enimvero
1344 433 1429 484 erit
1487 427 1609 499 eius
1653 426 2007 501 magnitudo,
2049 428 2557 500 etianuiloaiio,
2586 433 2787 491 habere
2813 430 3077 508 quidquid
3102 434 3223 508 ipse
3243 428 3346 493 est.
3389 426 3551 508 Atqui
3596 436 3824 492 si‘nihil

504 520 707 576 divinae
748 521 893 576 illius
940 528 1145 577 naturm
1196 520 1515 577 excellentis
1539 563 1555 588 ,
1600 529 1679 589 ut,
1714 525 1823 578 etsi
1856 518 2109 578 homines

501 625 653 669 certo
678 615 877 670 certius
907 618 1161 671 noverint
1184 615 1333 670 illum
1394 617 1630 673 existere
1650 659 1664 683 ,
1690 625 1885 687 capere
1917 626 2101 673 tamen

502 719 611 760 non
640 706 850 774 possint
869 714 1084 776 quanta:
1104 707 1399 779 qualesque
1418 708 1527 765 sint
1546 722 1736 763 omnes
1758 708 1875 778 ejus
1896 708 2101 779 perfec-

502 796 696 851 tiones.
733 796 839 853 Sed
887 797 955 854 de
1002 798 1085 854 his
1114 799 1368 856 omnibus
1392 799 1509 870 jam
1532 798 1865 870 disputatum
1915 811 1993 855 est
2047 800 2098 855 in

502 890 873 960 superioribus
898 892 1097 947 nostris
1122 891 1614 949 dissertatiunibtts.

588 984 776 1057 Neque
817 996 980 1057 porro
1031 987 1147 1043 ha-c
1194 997 1399 1043 tantum
1419 982 1695 1057 negatiia,
1723 995 1788 1043 ut
1808 988 1975 1054 aiunt,
2007 978 2099 1042 Dei

500 1078 757 1133 attributa
820 1095 850 1133 a
906 1078 1242 1136 Tertulliano
1303 1088 1511 1135 asserta
1575 1074 2097 1144 anintadveriintus,

497 1171 599 1226 sed
645 1174 795 1242 plura
843 1189 1055 1244 quoque
1086 1175 1189 1229 alia
1218 1216 1232 1239 ,
1287 1188 1415 1244 qua:
1460 1174 1789 1230 afﬁrmantia
1836 1174 2099 1231 vocantur

496 1264 828 1334 (.Tartullt'an.
845 1267 1134 1339 Apologet.,
1156 1285 1270 1338 cap.
1288 1269 1373 1336 50,
1397 1274 1517 1340 pag.
1532 1268 1689 1339 4η).
1720 1269 1885 1326 Deum
1900 1269 2105 1326 etenim

495 1374 686 1414 verum
713 1371 768 1415 et
788 1362 965 1415 vivum
996 1362 1263 1432 appellat,
1315 1366 1481 1433 atque
1521 1371 1601 1418 ita
1636 1362 1795 1418 ilium
1815 1363 2097 1434 gentilium

496 1450 600 1506 diis
626 1451 773 1507 falsis
798 1462 851 1508 et
875 1454 1103 1509 mortuis
1135 1456 1378 1525 opponit.

570 1548 774 1605 Deinde
824 1565 950 1607 vero
977 1553 1136 1609 docet
1166 1555 1339 1624 ipsum
1384 1568 1507 1610 esse
1536 1555 1761 1610 euntium
1805 1553 2086 1626 speculata-

496 1646 634 1705 rem,
693 1641 846 1713 cujus
890 1644 1094 1700 inﬁnita
1150 1657 1233 1700 est
1280 1647 1522 1702 scientiae
1556 1646 1864 1717 plenitudo,
1910 1656 1964 1703 et
2009 1645 2095 1701 cui

492 1732 627 1787 nihil
662 1736 1015 1803 prorsusnlla
1046 1738 1373 1793 latebrarum
1413 1738 1733 1795 difﬁcultate
1767 1739 1935 1794 latere
1986 1754 2091 1792 un-

2206 527 2259 581 ei
2284 541 2349 583 ex
2378 527 2482 583 alio
2510 528 2750 597 accidat,
2783 540 2835 586 et
2858 525 3214 602 perfectiones
3267 534 3383 601 ejus
3409 530 3517 587 sint
3543 528 3775 586 inﬁnitas
3798 574 3817 600 ,

2206 628 2306 675 nec
2335 620 2403 676 ab
2426 620 2532 676 ullo
2574 638 2806 694 unquam
2828 624 3197 680 circumscribi
3244 625 3515 690 patuer‘iut
3537 668 3552 691 ,
3580 623 3811 693 Sintpli-

2205 712 2421 768 cissima
2449 718 2633 785 procul
2665 716 2830 771 dubio
2873 725 2955 772 est
3008 716 3149 773 illius
3200 726 3387 771 natura
3417 759 3431 784 ,
3465 731 3529 772 ac
3567 716 3815 788 proinde

2206 805 2500 873 spiritualis
2525 852 2540 875 ,
2572 816 2627 863 et
2672 810 2848 865 omnis
2878 824 3154 881 corporea:
3186 809 3548 866 concretionis
3577 820 3813 881 cXpers.

2204 894 2420 951 Nullum
2466 913 2594 969 ergo
2649 898 2806 956 habet
2851 914 3080 972 corpus,
3129 898 3277 971 quod
3324 900 3508 971 utique
3562 900 3817 971 partibus

2204 990 2545 1060 componitur
2564 1034 2578 1056 ,
2606 1002 2769 1063 atque
2791 991 2993 1048 idcirco
3024 994 3201 1064 potest
3224 990 3485 1058 dissolvi,
3520 1001 3575 1048 et
3598 992 3814 1064 imper-

2204 1079 2402 1137 fectum
2426 1090 2528 1138 est.
2553 1082 2663 1139 Sed
2686 1083 2810 1155 quid
2842 1094 3067 1141 necesse
3094 1094 3177 1141 est
3225 1084 3407 1157 aliqua
3454 1090 3812 1156 argumenta-

2204 1172 2352 1229 tione
2382 1174 2519 1230 hanc
2543 1176 2772 1245 probare
2791 1176 3040 1233 Auctoris
3064 1176 3230 1234 nostri
3253 1176 3592 1233 doctrinam?
3611 1172 3816 1233 Nonne

2201 1266 2257 1321 id
2283 1268 2625 1337 apertissime
2647 1267 2735 1323 his
2772 1265 3080 1339 prmdicavit
3110 1268 3287 1325 verbis
3309 1264 3634 1340 (Tertullian.
3661 1269 3814 1342 Apo-

2159 1345 2173 1358 ’
2202 1361 2381 1433 loget.,
2438 1378 2553 1434 cap.
2606 1362 2703 1434 21)
2752 1380 2765 1417 :
2822 1361 2986 1419 Deum
3052 1363 3336 1431 ediximus,
3386 1364 3646 1436 propriam
3683 1365 3816 1419 sub-

2199 1456 2440 1510 stantiam
2484 1456 2717 1529 spiritum
2752 1457 3104 1514 inscribimus?
3154 1458 3223 1515 Et
3264 1454 3425 1529 paulo
3464 1470 3627 1530 post:
3659 1452 3811 1512 Nam

2201 1558 2248 1604 et
2267 1549 2406 1606 Beas
2432 1551 2663 1621 spiritus.

2271 1643 2455 1716 Neque
2481 1643 2808 1714 reSpondeas
2831 1644 2991 1700 velim‘
3020 1644 3092 1700 ibi
3118 1644 3340 1714 Spiritus
3366 1642 3583 1700 nomine
3605 1657 3809 1715 corpus

2197 1735 2445 1806 aliquod,
2479 1734 2574 1791 sed
2598 1735 2810 1792 eteteris
2840 1735 2998 1807 longe
3048 1735 3298 1791 subtilius
3338 1736 3406 1791 ab
3445 1748 3513 1792 eo
3544 1733 3795 1804 intelligi.

491 1841 652 1895 cptum
686 1836 864 1897 pateat
885 1828 1075 1901 (Ibid.,.
1099 1846 1219 1901 cap.
1248 1831 1338 1898 45,
1383 1849 1502 1903 pag.
1531 1832 1686 1901 500).
1718 1832 1833 1888 Non
1865 1832 1917 1887 in
1965 1831 2087 1888 solo
2116 1818 2169 1889 Β
2192 1825 2327 1881 Nam
2376 1826 2570 1885 ibidem
2607 1827 2841 1884 Verbum
2863 1870 2877 1892 ,
2924 1824 3123 1884 Sermo
3144 1838 3198 1884 et
3228 1824 3396 1883 Filius
3446 1820 3543 1883 Dei
3582 1820 3651 1884 ab
3682 1826 3806 1896 ipso

490 1930 672 1974 autem
701 1923 1051 1992 Apologetico
1069 1965 1082 1989 ,
1110 1923 1205 1979 sed
1233 1924 1341 1978 alio
1362 1936 1577 1995 quoque
1603 1924 1654 1978 in
1685 1923 1825 1979 libro
1852 1922 2089 1977 ditinam

489 2010 629 2067 lianc
660 2013 943 2069 scientiam
967 2015 1246 2087 praedicat.
1266 2016 1351 2071 Ab
1372 2015 1465 2070 illo
1494 2016 1637 2071 enim
1665 2016 1780 2071 haec
1807 2014 1933 2070 alibi
1960 2014 2093 2069 scri-

491 2108 599 2177 ptis
645 2107 839 2164 tra'dita
890 2110 1119 2181 legimus
1164 2108 1357 2181 (Idem.
1388 2110 1475 2165 lib.
1526 2110 1589 2164 de
1619 2109 1807 2164 Pcetm.
1839 2118 1952 2180 cap;
1983 2105 2043 2180 5)
2073 2126 2089 2164 :

489 2196 675 2270 Neque
723 2202 768 2256 si
820 2201 1140 2257 rnediocritas
1191 2203 1417 2258 humana
1453 2203 1575 2272 facti
1626 2200 1795 2256 solum
1851 2201 2092 2270 judicat,

495 2293 616 2362 quia
667 2294 944 2349 voluntatis
1000 2295 1205 2349 latebris
1257 2310 1353 2364 par
1407 2310 1509 2350 non
1583 2303 1657 2351 est
1683 2335 1699 2362 ,
1757 2293 1948 2349 ideirco
1991 2293 2095 2366 cri-

493 2387 639 2442 mina
662 2391 772 2460 ejus
823 2390 975 2442 etiam
999 2389 1091 2444 sub
1114 2387 1222 2443 Deo
1270 2387 1606 2460 negligemus.
1656 2386 1795 2442 Deus
1819 2388 1873 2441 in
1918 2386 2091 2440 omnia

489 2481 692 2552 sufﬁcit.
745 2480 896 2536 Nihil
934 2497 966 2535 a
991 2490 1261 2552 conspectu
1289 2484 1398 2549 eius
1424 2490 1692 2548 remotum,
1724 2481 1858 2536 unde
1886 2481 2093 2535 omnino

489 2574 820 2645 delinquitur.
860 2573 1069 2631 Omnes
1109 2576 1272 2647 igitur
1301 2575 1519 2631 humani
1568 2571 1751 2632 cordis
1794 2576 2016 2631 initum
2038 2568 2093 2631 et'

487 2666 815 2721 occultiores
855 2679 1103 2723 recessus
1136 2675 1415 2737 penetrat;
1447 2679 1609 2739 atque
1646 2672 1845 2723 caetera
1866 2667 2091 2737 preinde

494 2757 675 2812 omnia
696 2799 713 2826 ,
746 2772 1079 2828 quacunque
1106 2760 1211 2814 sint
1233 2802 1247 2826 ,
1275 2759 1513 2829 perfecte
1538 2760 1834 2830 cognoscit.

561 2850 675 2908 Nec
698 2853 874 2907 minus
903 2863 1279 2909 asseveranter
1303 2854 1609 2925 pronuntiat
1640 2860 1767 2909 eum
1796 2853 1866 2909 ab
1888 2858 2090 2908 aeterno

491 2958 613 3001 esse
638 2945 955 3002 rationalem
982 2988 996 3013 ,
1030 2947 1119 3018 qui
1148 2945 1417 3013 Verbum,
1450 2956 1509 3002 at
1538 2946 1675 3001 intra
1705 2942 1875 3001 iusius
1903 2955 2089 3001 osten-

489 3038 669 3108 detur,
704 3039 1050 3108 Sermonem,
1082 3039 1365 3111 Sophiatn,
1398 3040 1731 3110 Sapientiam
1750 3039 1970 3110 pratulit
1992 3058 2005 3107 ;
2029 3054 2091 3095 ac

491 3134 753 3191 mundum
795 3134 997 3202 verbo,
1030 3136 1238 3190 ratione
1264 3144 1320 3189 et
1358 3132 1622 3203 sapientia
1649 3131 1899 3197 molitus,
1932 3138 2088 3187 erea-

2194 1918 2395 1975 tficitur
2422 1936 2488 1975 ex
2515 1920 2635 1975 sinu
2668 1920 2952 1995 Patrissui
2983 1923 3170 1976 aeterni
3202 1920 3467 1992 prodiisse
3489 1964 3505 1989 ,
3528 1906 3593 1974 de
3610 1921 3803 1992 spiritu

2194 2014 2437 2083 spiritus,
2469 2023 2517 2068 et
2540 2013 2603 2067 de
2633 2013 2739 2068 Deo
2772 2011 2915 2070 Deus
2952 2011 3162 2086 (Ibid).
3190 2014 3258 2069 Ᾱι
3281 2022 3426 2070 certe
3454 2014 3540 2069 illa
3562 2016 3792 2078 (ciet-ua,

2197 2116 2253 2162 et
2305 2112 2621 2163 antemnae
2670 2120 2869 2178 corpus
2913 2114 3196 2176 creatum,
3245 2100 3345 2163 Dei
3377 2104 3606 2179 prolatio
3660 2105 3799 2160 nihil

2197 2201 2359 2271 plane
2413 2202 2657 2270 corporei
2689 2201 2979 2258 admittere
3032 2206 3227 2272 potest.
3259 2196 3383 2271 ipsa
3416 2198 3684 2272 siquidem
3716 2206 3805 2253 est

2196 2293 2295 2351 Dei
2320 2295 2575 2366 cogitatio
2614 2302 2668 2350 et
2703 2294 3082 2366 intelligentia,
3134 2309 3257 2366 quae
3285 2288 3497 2365 penitus
3542 2296 3804 2363 incerpo-

2196 2398 2311 2453 rea,
2341 2395 2395 2443 et
2422 2402 2571 2444 mere
2594 2387 2888 2457 spiritualis
2908 2398 3033 2443 esse
3057 2386 3238 2443 debet.
3266 2385 3407 2441 Vere
3431 2390 3560 2454 ergo
3576 2374 3802 2439 “rerun-

2196 2480 2369 2533 lianus
2396 2478 2654 2544 credidit,
2692 2478 2865 2536 Deum
2887 2476 3101 2535 Patrem
3148 2477 3457 2549 Filiumqtte‘
3500 2476 3617 2546 ejus
3674 2490 3803 2532 esse

2196 2571 2478 2641 spiritum,
2502 2568 2595 2642 qui
2620 2571 2759 2627 nihil
2775 2586 2997 2642 prorsus
3010 2568 3256 2642 corporis
3281 2579 3336 2626 et
3361 2569 3599 2625 materia:
3629 2570 3802 2639 (ptan-

2199 2664 2445 2719 tumlibet
2473 2663 2683 2719 subtilis
2708 2664 2918 2722 habeat.

2265 2756 2463 2814 Contra
2512 2765 2688 2815 tamen
2715 2758 2961 2815 nonnulli
2995 2759 3326 2826 reclamant,
3375 2756 3638 2827 nobisque
3663 2755 3804 2828 o‘bji-
3864 2790 3865 2797 η

2195 2851 2343 2905 ciunt
2386 2849 2777 2906 Tertullianum
2819 2850 3089 2914 docuisse,
3139 2850 3397 2921 quidquid
3433 2857 3517 2905 est
3562 2844 3655 2904 aut
3678 2861 3805 2904 cor-

2198 2956 2297 3014 pus
2337 2956 2457 2998 esse
2479 2986 2493 3010 ,
2524 2952 2615 2999 aut
2643 2943 2773 2998 nihil
2797 2986 2812 3012 ,
2843 2958 2941 2999 nec
2975 2956 3133 3014 posse
3163 2942 3385 2997 omnino
3407 2938 3609 3012 aliquid
3652 2940 3803 2996 inter

2201 3045 2488 3106 utrumque
2514 3035 2749 3109 medium
2772 3036 3055 3106 assignari.
3090 3030 3220 3089 Nam
3253 3034 3373 3089 hare
3414 3042 3540 3089 sunt
3591 3032 3806 3103 ipsissi-

2196 3146 2285 3185 ma
2317 3131 2433 3202 ejus
2460 3131 2620 3186 verba
2652 3148 2664 3183 :
2711 3103 2872 3184 bmne
2891 3129 3028 3201 quod
3064 3138 3135 3183 est
3158 3173 3173 3195 ,
3198 3144 3382 3200 corpus
3432 3136 3511 3183 cst
3534 3126 3616 3182 sui
3642 3142 3803 3197 gene-

489 3231 567 3285 vit
595 3245 659 3285 ex
688 3228 859 3284 nihilo
885 3270 900 3294 ,
925 3239 1084 3300 atque
1111 3227 1315 3283 idcirco
1347 3232 1513 3283 omne
1533 3232 1741 3297 tempus
1761 3225 2090 3296 antecessit,
2117 3222 2163 3289 C
2197 3226 2289 3279 ris.
2324 3221 2475 3278 Nihil
2500 3233 2571 3278 est
2597 3222 2937 3295 incorporale,
2972 3224 3070 3277 nisi
3088 3221 3225 3292 quod
3245 3237 3345 3275 non
3375 3229 3448 3275 est
3478 3217 3671 3291 (Idem,
3699 3219 3796 3273 tib.

497 3333 554 3379 et
581 3333 814 3379 aitet'nus
842 3332 923 3378 est
948 3322 967 3395 (
995 3320 1165 3389 Idem,
1196 3320 1489 3393 Apologet.,
1531 3332 1644 3392 cap.
1686 3306 1767 3387 17,
1804 3336 1924 3392 pag.
1950 3319 2090 3385 573;

493 3433 608 3487 cap.
645 3417 731 3481 Η,
766 3434 887 3489 pag.
923 3414 1070 3488 552).

569 3512 643 3564 At
683 3508 784 3564 hoc
811 3508 1023 3580 quidem
1051 3508 1177 3563 alibi
1222 3506 1369 3563 hisce
1397 3506 1575 3563 verbis
1594 3507 1877 3562 centirrnat
1905 3506 2091 3579 (Ibid,

493 3615 607 3673 cap.
636 3599 797 3673 26):
848 3600 952 3669 Qui
1008 3608 1125 3655 ante
1177 3606 1373 3671 tempus
1423 3599 1563 3670 fuit,
1617 3602 1667 3653 et
1703 3600 2092 3655 swculnmcor-

450 3708 453 3709 '
496 3700 592 3765 pits
642 3702 929 3764 temporum
972 3693 1107 3763 fecit.
1168 3692 1379 3748 Nomen
1430 3696 1613 3747 autem
1660 3698 1847 3763 corpus
1899 3692 1969 3747 ibi
2001 3709 2096 3746 su-

498 3787 666 3840 mitur
687 3800 783 3856 pro
806 3784 1037 3855 plurittm
1062 3784 1383 3839 collectione
1404 3798 1616 3850 rerum,
1658 3798 1721 3838 ac
1773 3791 2097 3854 congregata

498 3877 862 3933 multitudine.
891 3875 981 3933 Sic
1009 3888 1206 3947 corpus
1235 3877 1466 3931 civitatis
1487 3918 1502 3942 ,
1532 3884 1624 3930 aut
1667 3875 1983 3945 reipublicar
2020 3875 2100 3929 di-

501 3974 657 4027 citur.
684 3971 757 4026 De
777 3970 1101 4027 Christianis
1121 3984 1249 4026 vero
1273 3970 1391 4041 ipse
1416 3979 1604 4023 auctor
1630 3977 1813 4023 noster
1838 3986 1851 4023 :
1879 3966 2097 4041 Corpus,

501 4063 705 4132 inquit,
737 4078 928 4117 sumus.
952 4063 1158 4118 Sensus
1207 4062 1386 4132 itaque
1438 4060 1578 4115 illius
1621 4064 1705 4114 est
1733 4060 1752 4132 (
1775 4058 1938 4127 Ibid.,
1981 4077 2098 4130 cup.

500 4153 595 4228 '59)
626 4172 639 4207 :
668 4154 815 4210 Deus
879 4155 1122 4209 steculum
1187 4169 1371 4225 corpus
1447 4155 1729 4224 tcinpormn
1802 4154 1951 4225 fecit,
2005 4168 2101 4208 seu

506 4247 642 4303 fecit
687 4258 744 4304 ut
788 4248 1019 4304 mundus
1048 4264 1111 4304 ex
1143 4258 1249 4302 tcta
1273 4256 1574 4317 temporum
1601 4244 1923 4303 collectione
1975 4262 2105 4303 con-

507 4347 611 4395 stet
643 4337 833 4411 (Ibid.,
862 4356 978 4410 cap.
1013 4340 1098 4409 18,
1131 4356 1249 4411 pug.
1282 4338 1433 4409 577).
1469 4338 1802 4409 Quapropter
1830 4338 1918 4395 ille
1948 4348 2105 4396 antea

510 4434 727 4489 dixerat
763 4452 775 4487 :
810 4431 951 4487 Deus
979 4433 1222 4489 swculum
1269 4433 1421 4486 certis
1449 4437 1728 4502 temporum
1759 4432 2107 4502 dispositioni-

511 4529 603 4582 bus
628 4534 674 4584 et
700 4526 917 4583 exitibus
949 4526 1220 4580 ordinavit.
1270 4525 1341 4581 At
1386 4525 1437 4579 id
1484 4524 1660 4581 facere
1700 4539 1806 4581 non
1850 4534 2104 4597 poterat,

2199 3316 2264 3372 de
2315 3315 2480 3372 Carne
2534 3308 2741 3383 Cln'isti,
2808 3332 2924 3385 cap.
2984 3314 3040 3370 Il
3074 3304 3446 3387 ).fGehci‘alis
3490 3310 3677 3382 procul
3702 3312 3806 3368 du-

2200 3412 2292 3468 bio
2343 3419 2426 3467 est
2484 3412 2600 3467 haec
2650 3411 2769 3481 ejus
2799 3409 3123 3481 propositio,
3153 3422 3215 3463 ac
3270 3407 3495 3480 proinde
3522 3402 3595 3463 ab
3630 3418 3694 3463 eo
3722 3407 3807 3462 di-

2199 3516 2344 3562 serte
2391 3495 2647 3561 deﬁnitur
2691 3486 2950 3576 quidquid
2978 3505 3081 3569 sit,
3115 3504 3235 3558 sive
3281 3500 3451 3570 Deus,
3503 3503 3618 3559 sive
3671 3502 3803 3573 quid

2201 3600 2378 3668 aliud,
2405 3614 2471 3657 eo
2498 3590 2783 3671 ipsoquod
2809 3608 2929 3665 est,
2967 3597 3095 3653 illud
3127 3612 3247 3654 esse
3303 3608 3517 3668 corpus.
3555 3594 3689 3655 Cum
3723 3605 3805 3652 tot

2202 3694 2396 3765 igitur,
2446 3694 2519 3748 uti
2573 3692 2835 3759 vidimus,
2892 3691 3225 3763 argumentis
3277 3689 3587 3760 probaverit
3633 3688 3803 3745 Deum

2203 3802 2369 3841 unum
2398 3794 2452 3842 et
2472 3799 2660 3841 verum
2683 3784 2952 3853 existere,
2977 3798 3099 3839 eum
3144 3781 3325 3854 utique
3373 3797 3559 3838 revera
3609 3797 3806 3854 corpo-

2204 3895 2354 3935 reum
2384 3892 2504 3935 esse
2538 3876 2784 3933 credidit.
3267 3879 3276 3889 '

2277 3974 2384 4031 Sed
2406 3974 2531 4046 quid
2564 3974 2664 4030 hac
2690 4016 2703 4039 ,
2739 3973 2981 4044 inquient
3004 3972 3126 4039 alii,
3150 3971 3318 4027 aliave
3342 3968 3807 4042 argumentatione

2204 4083 2339 4138 Opus
2370 4066 2489 4122 est?
2541 4060 2728 4121 Nonne
2769 4064 2837 4121 de
2863 4065 3091 4135 ipsumet
3133 4063 3241 4119 Deo
3269 4062 3411 4118 hunc
3443 4062 3683 4132 loquitur
3740 4062 3807 4118 in.

2206 4139 2620 4226 modumiQuis
2664 4157 2864 4230 negabit
2921 4157 3083 4212 Deum
3131 4174 3316 4224 corpus
3345 4173 3451 4211 esse
3473 4198 3488 4223 ,
3517 4156 3617 4210 etsi
3662 4152 3809 4210 Deus

2208 4253 2417 4323 spiritus
2438 4253 2550 4307 est?
2581 4251 2808 4321 Spiritus
2832 4251 2971 4304 enim
2988 4266 3175 4320 corpus
3193 4251 3271 4304 sui
3298 4248 3492 4320 generis
3524 4249 3577 4302 in
3606 4264 3713 4301 sua
3732 4248 3810 4319 ef-

2208 4347 2347 4419 ﬁgie.
2384 4345 2490 4401 Sed
2529 4356 2574 4400 et
2604 4344 2874 4400 invisibilia
2929 4343 3024 4399 illa
3073 4360 3394 4415 quwcunque
3415 4354 3566 4410 sunt,
3618 4344 3805 4397 habent

2210 4439 2349 4509 apud
2404 4437 2568 4493 Deum
2613 4447 2659 4492 et
2700 4453 2851 4492 suum
2897 4452 3119 4507 corpus,
3163 4446 3210 4488 et
3252 4451 3399 4489 suam
3428 4434 3685 4504 formam,
3716 4448 3808 4504 per
3872 4454 3881 4455 ί

2210 4549 2323 4604 qua:
2348 4532 2444 4587 soli
2470 4530 2579 4586 Deo
2622 4529 2839 4586 uisibilia
2892 4540 3009 4585 sunt
3040 4529 3059 4600 (
3092 4527 3261 4598 Idem,
3292 4528 3418 4585 liber
3443 4528 3562 4585 adu.
3615 4526 3806 4596 Prusia,

510 4620 613 4675 nisi
642 4629 769 4676 ante
812 4633 1004 4684 omne,
1067 4626 1127 4673 ut
1162 4618 1277 4687 ipse
1331 4617 1593 4688 loquitur,
1643 4626 1885 4689 tempus,
1946 4620 2331 4699 atque‘Dcap.
2366 4626 2445 4694 7).

510 4713 714 4769 idcirco
739 4721 974 4768 :eternus
998 4709 1181 4766 fuerit.
1214 4708 1395 4781 Neque
1417 4709 1631 4767 dubites
1653 4710 1790 4768 hanc
1815 4727 1938 4769 esse
1966 4715 2107 4771 illius

511 4814 750 4863 mentem
779 4848 793 4874 ,
855 4805 946 4877 qui
992 4804 1119 4861 alibi
1146 4803 1576 4860 Christianorum
1625 4806 1844 4861 nomine
1893 4808 2112 4880 scripsit

512 4898 701 4970 (Ibid.,
756 4916 872 4971 cap.
924 4898 1017 4971 50)
1059 4916 1071 4952 :
1111 4895 1227 4953 Nos
1278 4886 1441 4952 D'eum
1500 4898 1791 4953 invocamus
1840 4909 2105 4957 wternum.

513 4998 585 5049 At
637 4994 709 5049 ibi
758 4994 909 5049 illum
970 5007 1075 5049 non
1130 4993 1293 5048 modo
1344 4994 1601 5048 mternut'n
1671 4992 1959 5063 praedicat,
2017 5008 2110 5051 ve-

514 5099 636 5139 rum
657 5085 819 5141 etiam
844 5084 1275 5157 omnipotentem
1291 5128 1306 5153 ,
1327 5083 1383 5139 in
1398 5082 1551 5153 cujus
1574 5088 1839 5154 poteStatc
1859 5085 1961 5141 sita
1985 5094 2112 5143 sunt

497 5177 715 5233 omnia.

1021 5294 1024 5297 ‘
1119 5278 1408 5328 ηπίξεως
1446 5286 1504 5327 ιη
1513 5314 1525 5325 .

520 5364 818 5420 Ostenditur
846 5363 1221 5420 Tertullianum
1269 5380 1445 5420 revera
1488 5364 1763 5423 credidisse
1791 5363 1957 5421 Deum
2005 5383 2113 5424 esse

589 5460 826 5529 spiritum
850 5500 866 5526 ,
901 5457 1126 5528 nihilque
1153 5457 1336 5517 habere
1363 5460 1596 5530 corporei
1615 5504 1629 5531 ,
1661 5471 1707 5515 et
1737 5462 1995 5515 contraria
2021 5478 2108 5515 ar-

512 5612 515 5619 .
588 5563 829 5624 gumento
856 5553 1141 5609 solvuntur.

589 5648 721 5717 Qua:
751 5646 821 5704 de
860 5655 937 5704 t0t
966 5646 1236 5719 tantisque
1277 5646 1371 5704 Dei
1401 5648 1816 5720 perfectionibus
1855 5657 1909 5705 et
1954 5650 2111 5705 attri-

516 5744 659 5799 butis
687 5742 948 5798 hactenus
979 5741 1224 5813 expasita
1242 5751 1386 5811 sunt,
1408 5740 1523 5800 haec
1548 5741 1834 5801 manifeste
1861 5742 2114 5800 demons-

517 5844 660 5894 trant
686 5835 802 5893 illas
834 5846 955 5893 esse
992 5846 1231 5894 summas
1254 5874 1269 5905 ,
1301 5848 1362 5894 ac
1393 5835 1557 5894 Deum
1584 5851 1612 5893 α
1645 5850 1703 5895 se
1724 5836 1842 5911 ipso
1872 5836 2026 5908 solo,
2060 5845 2113 5894 et

2284 4718 2485 4774 Verum
2532 4714 2873 4787 quantumvis
2916 4713 3182 4786 generalis
3222 4712 3291 4769 sit
3320 4712 3491 4784 prima
3517 4711 3634 4783 ejus
3680 4724 3808 4781 pro-

2215 4816 2444 4888 positio,
2490 4812 2720 4868 mediam
2774 4810 3124 4866 nihilominus
3162 4808 3396 4879 aliquam
3426 4807 3569 4862 inter
3609 4819 3810 4876 corpus

2215 4919 2267 4967 ct
2300 4908 2431 4964 nihil
2487 4904 2841 4962 substantiam
2888 4901 3183 4969 discernit,
3238 4917 3361 4973 quas
3410 4900 3697 4972 spiritalis,
3749 4914 3810 4955 ac

2214 5002 2434 5071 spiritus
2459 5015 2488 5054 a
2517 5013 2746 5069 corpore
2801 4996 3083 5052 distinctus
3113 5003 3213 5050 est.
3257 4994 3555 5050 Enimvero
3576 4993 3630 5047 in
3668 4992 3770 5049 hoc
3792 5033 3809 5061 ,

2215 5093 2282 5151 de
2311 5108 2417 5165 quo
2445 5093 2672 5163 agimus,
2701 5088 3047 5160 Apologctico
3077 5087 3215 5146 libro
3235 5086 3623 5143 dixitcrea'tam
3648 5099 3678 5140 a
3702 5084 3812 5140 Deo

2217 5188 2371 5246 istam
2399 5186 2582 5243 mundi
2610 5184 2805 5241 molem
2831 5226 2845 5251 ,
2874 5198 2987 5237 cum
3008 5182 3148 5237 omni
3181 5182 3514 5237 instrumento
3542 5177 3814 5233 elemento-

2214 5298 2364 5349 rum,
2388 5295 2657 5352 corporum
2685 5321 2701 5347 ,
2723 5279 2994 5349 spirituum
3019 5273 3212 5347 (Idem,
3252 5272 3519 5344 Apologet.
3547 5287 3663 5342 cap.
3698 5266 3810 5342 17).

2216 5377 2357 5447 Quid
2412 5384 2595 5431 autem
2652 5384 2877 5429 necesse
2929 5368 3176 5431 era't,ibi
3224 5365 3458 5439 adjicere
3503 5366 3812 5437 spirituum,

2217 5470 2263 5525 si
2328 5480 2523 5537 corpus
2578 5473 2633 5520 et
2692 5464 2971 5535 spiritum,
3024 5476 3186 5517 unum
3233 5458 3485 5530 idemque
3540 5464 3662 5514 esse
3707 5471 3816 5513 cre-

2218 5560 2483 5618 didisset?
2546 5555 2817 5628 Numquid
2868 5553 3218 5626 respondebis
3275 5563 3549 5623 corporum
3578 5551 3815 5626 _nomine

2217 5650 2509 5725 signiﬁcari
2536 5664 2761 5720 corpora
2791 5648 2953 5703 densa
2984 5658 3035 5704 ct
3056 5647 3354 5711 crassiora,
3402 5645 3680 5715 spirituum
3719 5658 3814 5699 au-

2220 5755 2331 5802 tem
2367 5743 2627 5801 vocabulo
2656 5758 2880 5816 corpora
2913 5741 3194 5799 subtiliora
3225 5756 3289 5796 ac
3316 5737 3672 5796 tenuissima?
3712 5732 3814 5791 Sed

2223 5838 2339 5894 hac
2365 5842 2566 5892 tantum
2591 5833 2818 5893 diversae
2859 5841 2981 5891 sunt
3024 5846 3306 5903 corporum
3340 5828 3657 5903 qualitates,
3700 5840 3814 5900 quat
