4090 6358
271 288 407 350 815

1443 292 1895 357 ΜΒΒΕΜΑΉΟ
1925 297 1992 354 D.
2032 297 2119 355 LE
2156 297 2462 357 NOURRY.

3498 305 3605 363 8N

281 416 555 481 poterant
606 408 725 465 solo
750 418 1045 489 corporum
1074 407 1293 469 nomine
1333 410 1467 469 satis
1496 412 1792 484 designari.
1830 416 1901 471 At
1926 414 1980 483 Α
2004 415 2305 475 adserenda
2325 459 2340 483 ,
2363 416 2610 475 concedit
2634 415 2869 489 aliquam
2892 417 3247 477 substantiam
3276 434 3398 479 esse
3423 421 3600 480 incor-

279 503 580 575 spirituum
610 503 827 559 nomine
854 517 960 559 non
986 517 1273 574 corporum
1298 503 1587 575 qualitates
1607 546 1625 573 ,
1660 506 1765 563 sed
1806 506 1902 563 ali-

276 595 429 667 quid
453 596 521 652 ab
573 596 719 652 omni
749 610 978 669 corpore
1022 596 1339 666 discretum,
1367 598 1671 671 signiﬁcare
1714 601 1900 671 procul

275 687 463 746 dubio
491 690 723 747 videtur.

364 781 508 849 Quid
537 799 691 851 vero,
716 783 864 856 quod
886 784 977 841 ille
995 784 1107 840 alio
1132 785 1184 839 in
1227 784 1366 842 libro
1410 801 1522 842 rem
1568 786 1900 857 spiritunlem

276 889 317 929 ει
350 876 627 944 eorpOrali
677 877 837 948 plane
883 878 1203 949 penitusque
1248 877 1565 951 distinguit?
1613 879 1714 937 Ubi
1754 882 1899 937 enim

281 967 361 1024 de
417 968 688 1035 hominis,
739 971 831 1040 qui
880 985 1147 1039 corpore,
1198 972 1277 1027 uti
1326 971 1416 1028 ille
1442 973 1550 1039 ait,
1609 983 1667 1029 et
1706 973 1899 1043 spiritu

278 1069 545 1129 constat,
605 1063 844 1132 peccatis
869 1062 1192 1134 delictisque
1234 1065 1491 1131 disserit,
1544 1074 1735 1136 aperte
1775 1080 1897 1136 pro.

279 1154 509 1209 nurniat
541 1172 555 1208 :
587 1153 904 1213 Deliciarum
932 1156 1170 1227 quietiam
1224 1172 1332 1213 esse
1379 1158 1655 1226 ctu-italia,
1696 1158 1751 1213 id
1787 1168 1859 1214 est
1881 1197 1898 1225 ,

282 1248 595 1319 Corporals'a
623 1289 639 1314 ,
696 1250 932 1322 quendam
981 1267 1098 1306 vero
1149 1251 1402 1323 spiritalia
1430 1251 1451 1323 (
1483 1250 1655 1319 Idem,
1699 1252 1795 1306 lib.
1840 1252 1904 1307 de

284 1336 489 1396 Pamil.
550 1357 667 1412 cap.
727 1342 762 1397 5
792 1342 833 1413 ).
887 1342 1022 1398 Tum
1076 1358 1207 1399 vero
1260 1343 1420 1413 paulo
1476 1353 1645 1415 post:
1699 1343 1904 1399 Exinde

280 1431 549 1502 spiritalia
602 1441 648 1486 et
697 1434 993 1504 corporalia
1057 1435 1407 1501 nominantur,
1463 1437 1598 1504 quod
1663 1437 1902 1492 delictum

288 1538 449 1576 omne
495 1534 582 1577 aut
636 1525 805 1596 agitur
850 1535 939 1579 aut
997 1528 1268 1598 cogitatur.
1302 1527 1371 1582 Ut
1414 1529 1677 1598 corporale
1721 1532 1818 1595 sit,
1848 1531 1901 1584 in

290 1617 440 1699 [acto
486 1626 597 1681 est;
627 1617 745 1685 quia
769 1617 981 1687 fectant,
1004 1628 1060 1673 ut
1084 1636 1269 1690 corpus
1288 1661 1303 1689 ,
1356 1630 1400 1674 ct
1431 1621 1586 1674 rideri
1607 1630 1651 1675 et
1677 1622 1903 1694 contingi

282 1704 461 1760 habet.
491 1704 738 1776 Spiritnle
772 1724 908 1775 vero,
937 1709 1075 1781 quod
1121 1711 1173 1764 in
1218 1712 1387 1765 animo
1419 1719 1510 1776 est,
1553 1711 1669 1783 quia
1695 1712 1902 1783 spiritus

2007 522 2260 580 porcam,
2286 524 2405 579 qua:
2433 519 2610 567 tamen
2634 511 2719 567 rei
2739 509 2907 582 ipsius
2927 526 3124 583 corpus
3147 522 3251 570 est.
3285 512 3424 570 Nihil
3450 530 3600 587 ergo,

2006 602 2106 661 nisi
2135 617 2457 673 corporeum
2492 618 2621 659 esse
2653 604 2994 674 opinabatur.
3024 604 3129 662 Sed
3173 606 3567 664 animadvertas
3587 650 3603 677 ,

2004 694 2194 762 velim,
2229 695 2379 751 illum
2427 695 2633 753 hmrere
2660 696 2919 753 duntaxat
2942 698 2995 753 in
3014 698 3173 769 hujus
3200 701 3467 767 neminis,
3493 717 3605 756 cor-

2005 806 2132 860 pus,
2165 788 2487 860 signiﬁcatu.
2521 789 2641 846 Non
2668 790 2898 847 obscure
2927 803 3107 849 tamen
3137 794 3336 851 ibidem
3373 786 3606 866 explicat

2005 880 2129 950 quid
2161 882 2260 936 hoc
2290 881 2508 937 nomine
2536 880 2861 938 intellexerit
2886 902 2899 938 :
2930 882 2956 936 1
2966 901 3093 955 psa,
3121 884 3327 956 inquit,
3357 887 3598 947 substan-

2005 974 2075 1027 tia
2103 990 2289 1043 corpus
2333 983 2407 1029 est
2456 975 2531 1028 rei
2573 975 2838 1045 cujusque.
2883 974 3138 1046 Corporis
3178 979 3359 1048 itature
3386 979 3604 1035 nomine

2004 1065 2294 1136 signiﬁcari
2328 1074 2477 1137 putat
2526 1065 2789 1137 Cujusque
2814 1067 2888 1123 rei
2918 1068 3296 1124 substantiam.
3349 1073 3418 1125 At
3448 1086 3606 1127 nemo

2003 1168 2086 1217 eat
2110 1201 2129 1227 ,
2154 1160 2244 1230 qui
2273 1174 2377 1215 non
2420 1159 2649 1216 fateatur
2680 1160 2880 1215 nullum
2924 1176 3143 1232 prorsus
3195 1177 3316 1219 esse
3371 1164 3606 1221 medium

2005 1260 2096 1305 aut
2134 1252 2343 1307 tertium
2379 1253 2517 1307 inter
2560 1251 2910 1308 substantiam
2958 1264 3013 1309 et
3064 1254 3237 1324 ipsum
3264 1256 3417 1311 nihil.
3467 1257 3606 1327 Quid

2003 1353 2182 1401 autem
2215 1345 2451 1423 mirum,
2482 1345 2524 1400 si
2576 1346 2823 1416 corporis
2849 1346 3062 1401 nomine
3105 1347 3272 1418 ipsam
3306 1349 3380 1403 rei
3424 1350 3604 1419 cujus-

2005 1453 2111 1508 que
2154 1437 2510 1493 substantiam
2565 1438 2969 1508 iutelligendam
3002 1454 3122 1494 esse
3173 1440 3602 1513 existimaverit,

2005 1541 2127 1586 cum
2158 1529 2355 1585 Paulus
2405 1531 2680 1602 apostolus
2712 1532 2813 1587 hoc
2844 1532 3016 1602 ipsum
3046 1547 3243 1588 nomen
3270 1549 3454 1604 corpus
3483 1548 3602 1588 um-

2008 1620 2121 1676 bris
2149 1631 2203 1677 et
2235 1621 2422 1692 ﬁguris
2442 1635 2710 1693 apponat,
2776 1638 2839 1679 ac
2866 1623 2997 1678 illud
3022 1638 3142 1680 esse
3185 1624 3413 1691 dixerit,
3461 1625 3603 1697 quod

2008 1729 2094 1770 res
2126 1714 2239 1784 ipsa
2267 1723 2320 1770 et
2350 1714 2548 1770 veritas
2578 1716 2694 1770 est?
2727 1715 2800 1770 De
2828 1715 3023 1772 veteris
3050 1717 3246 1789 quippe
3274 1717 3605 1773 Testameuti

289 1812 457 1871 neque
513 1796 708 1856 videtur
754 1817 915 1873 neque
968 1804 1213 1874 tangitur.
1271 1800 1375 1858 Per
1416 1803 1554 1875 quod
1596 1800 1896 1876 intelligitur
1924 1813 1973 1876 Β
2003 1806 2187 1878 ﬁguris
2216 1806 2359 1863 hunc
2387 1808 2571 1864 scribit
2600 1808 2651 1862 in
2683 1807 2902 1863 modum
2934 1807 3115 1882 (Paul.
3170 1806 3239 1863 ad
3286 1807 3604 1878 Coloss.,ll,

286 1898 397 1946 non
426 1892 551 1962 [acti
575 1892 773 1962 solum,
804 1908 979 1949 verum
1018 1903 1065 1949 et
1118 1895 1396 1951 voluntatis
1447 1894 1634 1952 delicta
1662 1896 1889 1952 vitanda.

285 1982 517 2042 Fatetur
548 1986 726 2058 itaque
776 1988 1004 2060 duplicis
1032 1991 1253 2062 generis
1278 1995 1403 2046 esSe
1443 1994 1658 2062 peacata
1683 2033 1697 2058 ,
1742 1992 1896 2046 nitui-

286 2096 412 2137 rum
454 2082 793 2151 corporalia,
841 2100 962 2153 qute
1006 2100 1035 2139 a
1090 2099 1355 2156 corpore,
1406 2101 1512 2141 non
1564 2095 1893 2158 repugnante

288 2175 476 2230 animo
513 2184 569 2230 et
597 2174 869 2232 voluntate
895 2219 911 2245 ,
958 2186 1356 2249 perpetrantur.
1391 2177 1508 2232 Alia
1557 2192 1684 2234 vero
1727 2179 1894 2234 solius

288 2266 514 2339 spiritus
537 2310 551 2334 ,
581 2285 700 2340 quae
727 2270 839 2325 sola
869 2269 1225 2327 admittuntur
1246 2273 1577 2344 cogitatione
1603 2280 1657 2329 et
1706 2273 1895 2329 volun-

288 2362 403 2415 tate
435 2401 450 2427 ,
479 2376 543 2416 ac
590 2361 706 2417 sine
738 2361 846 2417 ullo
874 2364 1120 2434 corporis
1151 2364 1475 2421 ministerio.
1535 2365 1674 2433 Quin
1731 2365 1891 2421 etiam

284 2452 422 2508 alios
440 2453 615 2509 adhuc
645 2468 767 2510 esse
786 2453 947 2511 docet
991 2455 1239 2526 pmprios
1268 2456 1464 2511 anima:
1488 2466 1689 2512 nostra:
1718 2466 1891 2524 actus,

287 2548 361 2603 ab
415 2548 532 2619 ejus
573 2563 802 2620 corpore
850 2565 1191 2621 nequaquam
1243 2550 1646 2621 dependentes,
1701 2551 1894 2621 quibus

286 2658 398 2697 non
451 2642 624 2696 solum
680 2657 873 2713 poena,
924 2643 1019 2699 sed
1074 2643 1353 2713 prremium
1400 2658 1614 2715 quoque
1668 2644 1895 2703 debetur

287 2734 485 2808 (Idan,
505 2735 590 2791 lib.
609 2736 673 2791 de
695 2738 890 2806 Anim,
913 2753 1035 2810 cap.
1066 2738 1182 2808 ss).
1206 2738 1367 2810 Atqui
1389 2737 1490 2796 bos
1511 2739 1679 2796 solius
1699 2739 1893 2796 animus

286 2839 381 2885 aut
400 2830 569 2885 bonos
590 2838 684 2885 aut
710 2830 884 2885 malos
906 2838 1087 2897 actus,
1120 2832 1343 2902 prsentia
1369 2840 1462 2886 aut
1505 2846 1665 2903 plena
1692 2832 1887 2902 dignos

288 2935 389 2977 nec
410 2936 637 2993 corpus,
669 2937 771 2977 nec
800 2922 931 2978 nihil
956 2965 971 2990 ,
999 2922 1095 2979 sed
1117 2923 1319 2995 aliquid
1367 2922 1742 2980 intermedium
1771 2938 1894 2980 esse

288 3014 708 3073 arbitrabantur.
746 3017 895 3087 Ergo
917 3017 1161 3088 quaedam
1193 3032 1317 3074 esse
1344 3019 1580 3089 putavit,
1624 3034 1747 3089 quae
1775 3028 1892 3074 tan-

288 3114 400 3163 tum
429 3110 692 3179 spiritalia
733 3126 834 3166 nec
863 3111 1021 3181 plane
1044 3110 1349 3183 corporalia
1369 3120 1514 3166 sunt.

2003 1900 2148 1971 i7):
2207 1900 2335 1968 Qua:
2402 1910 2520 1957 sunt
2597 1900 2778 1955 umbra
2850 1906 3183 1993 futurorum"
3238 1919 3423 1973 corpus
3501 1920 3598 1956 au-

1996 2003 2097 2048 tem
2138 1990 2361 2060 Christi,
2398 1993 2447 2048 id
2476 2003 2559 2049 est
2593 2010 2605 2048 ε
2638 1992 2729 2048 Hm
2760 1990 3119 2051 cmretuonite
3147 1993 3277 2047 nihil
3306 1994 3451 2050 aliud
3477 2005 3603 2051 sunt

1995 2103 2159 2158 quam
2194 2087 2401 2145 umbra:
2434 2087 2642 2143 illarum
2669 2096 2848 2143 autem
2879 2101 3078 2157 corpus
3097 2127 3113 2155 ,
3137 2088 3251 2143 sive
3299 2104 3383 2144 res
3412 2088 3525 2160 ipsa
3552 2097 3607 2142 et

1999 2180 2194 2235 veritas
2223 2188 2308 2235 est
2334 2178 2578 2235 Christus
2598 2220 2612 2245 ,
2648 2179 2698 2234 iu
2725 2195 2831 2250 quo
2853 2178 3234 2249 adimplentur.

2069 2258 2426 2342 Quamobrem
2461 2277 2513 2328 in
2545 2273 2607 2328 iis
2631 2315 2646 2338 ,
2676 2289 2795 2342 qua:
2841 2271 2996 2328 nobis
3040 2272 3250 2344 objecta
3283 2281 3428 2338 sunt,
3462 2273 3595 2329 Ter-

1998 2368 2204 2425 tulliani
2235 2366 2407 2423 nostri
2455 2366 2589 2423 locis
2614 2407 2631 2433 ,
2661 2366 2750 2421 ubi
2798 2365 2936 2422 dixit
2974 2381 3189 2422 omnem
3240 2366 3596 2423 substantiam

1995 2474 2117 2519 esse
2144 2476 2361 2532 corpus,
2393 2469 2485 2516 aut
2511 2459 2768 2531 quidquid
2795 2468 2878 2516 est
2914 2459 3016 2516 hoc
3036 2474 3158 2517 esse
3210 2476 3429 2532 corpus,
3455 2459 3598 2516 haud

1999 2551 2300 2609 inconsulte
2331 2552 2405 2607 ibi
2425 2550 2631 2606 addidit
2659 2551 2739 2603 sui
2781 2550 3000 2622 generis,
3031 2549 3081 2604 id
3104 2560 3207 2618 est,
3232 2551 3593 2607 substantiam

2001 2661 2124 2702 esse
2149 2646 2230 2701 sui
2254 2647 2471 2718 generis
2493 2687 2508 2711 ,
2543 2645 2624 2701 vel
2652 2646 2896 2715 corporei
2925 2644 3008 2699 vel
3031 2644 3308 2715 spiritalis.

2075 2738 2268 2795 Verum
2300 2738 2518 2794 instabit
2545 2737 2739 2809 aliquis
2762 2778 2778 2804 ,
2828 2736 3035 2793 etiamsi
3068 2736 3169 2792 hoc
3196 2735 3599 2793 evidentissime

1997 2831 2316 2901 probaretur
2343 2871 2359 2898 ,
2410 2831 2466 2886 in
2505 2829 2727 2885 dubium
2761 2838 2940 2884 tamen
2989 2829 3375 2900 vocat'iposse
3417 2839 3597 2885 utrum

1997 2919 2356 2977 Tertulliauus
2378 2920 2667 2992 aliquando
2694 2921 3082 2977 existimaverit
3126 2920 3295 2981 Deum
3326 2937 3445 2978 esse
3474 2939 3599 2978 cor-

1998 3028 2127 3084 pus,
2160 3028 2223 3069 ac
2260 3024 2449 3084 postea
2477 3013 2716 3068 animum
2748 3012 3036 3069 mutaverit
3066 3022 3122 3069 et
3149 3014 3491 3071 sententiam.
3527 3014 3601 3069 De

1998 3108 2091 3163 illo
2141 3123 2371 3177 namque
2427 3107 2755 3178 Augustinus
2813 3106 2955 3161 hunc
3006 3105 3321 3178 loquitnrin
3381 3106 3597 3162 modum

361 3201 441 3256 Ad
492 3202 785 3258 secundam
824 3219 953 3260 vero
998 3203 1143 3258 illius
1187 3203 1256 3259 de
1302 3204 1419 3259 Deo
1466 3201 1886 3273 propositionem
1913 3205 1959 3269 ε
1995 3202 2261 3272 (August.,
2286 3200 2351 3254 lilr
2377 3200 2638 3257 det-'enes.
2685 3201 2753 3253 ad
2795 3200 2979 3266 litter.,
3010 3216 3122 3271 cap.
3154 3198 3249 3266 26,
3276 3218 3394 3273 pag.
3422 3201 3550 3265 275)
3581 3219 3593 3255 :

291 3296 431 3369 quod
450 3304 658 3367 spectat
683 3339 697 3359 ,
728 3312 910 3352 nonne
931 3335 946 3362 ,
976 3298 1052 3351 uti
1077 3296 1311 3351 diximus
1333 3336 1349 3362 ,
1390 3295 1596 3352 diserte
1646 3294 1885 3351 afﬁrmat

288 3389 405 3460 ejus
429 3388 622 3444 Filium
649 3403 772 3444 esse
794 3388 1412 3458 ipsiusmetsapientiam
1433 3418 1449 3453 ,-
1470 3388 1741 3445 internum
1765 3403 1884 3445 ver-

290 3481 415 3537 bum
443 3490 497 3535 et
526 3495 829 3536 sermonem
851 3521 866 3548 ,
891 3481 1005 3535 sive
1032 3481 1440 3551 intelligentiam
1463 3522 1479 3549 ,
1513 3496 1636 3551 quae
1665 3481 1885 3552 penitus

292 3573 605 3642 incorporea
636 3571 900 3643 planeque
924 3571 1183 3643 apiritalis
1203 3575 1326 3627 est?
1363 3572 1467 3641 Qui
1518 3588 1649 3644 ergo
1678 3573 1729 3627 id
1771 3573 1886 3629 ﬁeri

292 3674 505 3739 potest,
534 3666 633 3720 nisi
666 3664 807 3721 Deus
836 3666 909 3720 sit
936 3665 1095 3737 plane
1124 3666 1476 3736 incorporeus
1502 3680 1566 3722 ac
1609 3666 1836 3737 spiritus
1862 3666 1886 3721 ἲ

292 3758 372 3815 Ad
399 3758 514 3815 hinc
541 3773 703 3824 vero,
733 3758 891 3828 plane
934 3756 1132 3813 sufﬁcit
1176 3756 1410 3829 aliquam
1456 3756 1526 3813 ab
1567 3772 1635 3815 eo
1678 3757 1887 3815 εὐωὶιιί

293 3852 647 3907 substantiam
693 3850 1028 3922 spiritualem
1051 3891 1069 3919 ,
1102 3850 1241 3907 inter
1284 3866 1482 3922 corpus
1521 3859 1578 3908 et
1615 3851 1747 3907 nihil
1771 3865 1887 3908 πιε-

293 3945 453 4000 diam.
476 3945 609 4001 Nam
650 3946 695 4000 si
727 3960 847 4016 quae
896 3947 1006 4012 sit,
1037 3944 1176 4002 hanc
1200 3944 1536 4017 potissimum
1562 3944 1727 4002 Demn
1768 3959 1888 4002 esse

278 4037 410 4119 quis
437 4036 751 4093 difﬁtebitur
775 4037 797 4091 ?

293 4192 300 4199 ﬂ
371 4129 598 4187 lnstabis
625 4139 802 4187 tamen
829 4130 899 4187 ab
928 4131 1019 4187 illo
1046 4131 1176 4187 nihil
1210 4132 1423 4188 tertium
1447 4132 1587 4189 inter
1605 4132 1888 4203 corporale

300 4231 352 4280 et
376 4224 712 4295 incorporale
765 4225 1004 4296 agnosci.
1049 4224 1259 4283 Etenim
1306 4226 1563 4282 adversus
1595 4226 1887 4297 Hermoge-

297 4332 415 4373 nem
462 4317 533 4372 ita
578 4326 981 4387 argumentatur
1027 4333 1043 4381 ;
1077 4316 1193 4372 Nisi
1244 4318 1434 4390 fallor,
1477 4319 1642 4377 carnis
1677 4335 1757 4373 res
1798 4327 1887 4371 aut

302 4407 577 4479 corporalis
598 4417 686 4461 aut
711 4408 1051 4474 incorporalis
1075 4409 1160 4475 sit,
1188 4422 1387 4465 necesse
1413 4420 1485 4466 est
1516 4410 1589 4481 (ut
1611 4410 1887 4468 concedam

307 4502 507 4557 interim
550 4516 655 4556 csse
697 4500 894 4572 aliquid
921 4502 1246 4572 incorporale
1294 4504 1358 4559 de
1384 4504 1676 4560 substantiis
1705 4505 1890 4559 dunta-

1990 3292 2343 3348 Tertullianus
2363 3293 2483 3363 quia
2534 3308 2726 3363 corpus
2752 3308 2858 3346 esse
2882 3292 3110 3349 animum
3138 3291 3382 3358 credidit,
3411 3309 3512 3346 non
3533 3297 3596 3346 ob

1987 3384 2135 3440 aliud
2153 3385 2287 3455 quod
2313 3400 2423 3438 eam
2445 3385 2796 3453 incorporeum
2815 3382 3040 3453 cogitare
3065 3399 3165 3436 non
3196 3383 3357 3454 potuit
3376 3398 3394 3445 ;
3416 3391 3460 3435 et
3481 3382 3595 3435 ideo

1991 3479 2155 3541 timuit
2181 3494 2244 3532 ne
2269 3476 2401 3533 nihil
2439 3483 2601 3541 esset,
2631 3476 2674 3530 si
2700 3492 2887 3545 corpus
2917 3491 3018 3529 non
3061 3484 3188 3533 esset
3209 3516 3223 3540 ,
3271 3490 3358 3531 nec
3384 3473 3447 3528 de
3490 3472 3594 3528 Deo

1990 3568 2146 3625 voluit
2174 3570 2323 3624 aliter
2339 3584 2516 3638 sapere
2539 3610 2551 3629 ,
2579 3568 2665 3638 qui
2687 3583 2810 3621 sane
2835 3567 3079 3638 quoniam
3103 3576 3285 3622 acutus
3311 3577 3381 3623 est
3398 3610 3412 3632 ,
3437 3568 3592 3623 inter-

1991 3666 2116 3720 dum
2140 3675 2317 3719 contra
2363 3662 2653 3733 opinionem
2696 3678 2845 3715 suam
2891 3662 2995 3715 visa
3043 3662 3250 3716 veritate
3298 3669 3589 3732 superatur.

1995 3754 2132 3823 Quid
2157 3755 2293 3810 enim
2320 3753 2483 3809 uerius
2509 3753 2676 3807 dicere
2706 3753 2899 3822 potuit,
2929 3768 3083 3821 (luam
3107 3752 3159 3805 id
3196 3752 3331 3821 quod
3370 3752 3441 3805 ait
3467 3768 3591 3821 quo-

1990 3849 2113 3904 datu
2135 3848 2247 3905 loco
2273 3864 2291 3901 ε
2323 3846 2486 3901 Omne
2514 3844 2777 3915 corporale
2807 3844 3046 3914 passibile
3076 3852 3145 3899 est
3187 3845 3206 3913 (
3231 3842 3431 3897 Tcrtul.
3481 3843 3551 3896 lib
3571 3885 3585 3899 .

1991 3943 2056 3996 de
2108 3941 2285 3998 Anim.
2343 3956 2457 4010 cap.
2519 3938 2548 3991 7
2579 3936 2642 4007 )?
2679 3935 2863 3990 Debuit
2926 3953 3044 4007 ergo
3106 3945 3305 3990 mutare
3376 3945 3581 3990 sentcn-

1992 4036 2115 4091 tiatu
2173 4050 2277 4102 qua
2324 4031 2479 4103 paulo
2507 4029 2739 4100 superius
2767 4029 2967 4083 dir-crat
3017 4029 3169 4083 etiam
3200 4026 3358 4082 Deum
3402 4042 3590 4099 corpus

1991 4143 2116 4183 esse.
2155 4124 2331 4197 Neque
2377 4125 2510 4177 enim
2550 4120 2770 4176 arbitror
2790 4137 2903 4175 eum
2930 4122 2999 4174 ita
3028 4120 3328 4191 desipuisse,
3363 4119 3590 4174 utetiam

1992 4219 2091 4277 Dei
2115 4228 2348 4275 naturam
2379 4216 2665 4289 passibilem
2709 4214 2962 4281 crederet,
2994 4223 3047 4268 ut
3078 4214 3194 4286 jam
3233 4213 3463 4269 Christus
3490 4229 3592 4268 non

1991 4316 2046 4370 in
2088 4329 2241 4369 carne
2281 4321 2507 4375 tantum,
2538 4309 2627 4364 sed
2652 4310 2706 4363 in
2753 4309 2864 4379 ipso
2918 4306 3110 4373 Verbo,
3144 4324 3235 4379 per
3266 4308 3404 4376 quod
3446 4309 3592 4377 facta

1992 4415 2107 4462 sunt
2135 4388 2307 4461 omnia
2327 4445 2342 4468 ,
2371 4402 2627 4473 passibilis
2685 4412 2729 4455 et
2788 4399 3158 4454 commutabilis
3182 4415 3286 4454 esse
3333 4396 3589 4460 credatur,

1992 4498 2130 4570 quod
2159 4497 2289 4554 absit
2311 4515 2342 4551 α
2369 4497 2518 4552 corde
2545 4496 2849 4551 christiano.

298 4603 403 4663 εει,
430 4610 546 4649 cum
565 4594 679 4665 ipsa
696 4592 982 4649 substantia
1010 4610 1196 4665 corpus
1216 4596 1281 4650 sit
1325 4598 1398 4652 rei
1423 4598 1724 4669 cujusque):
1760 4607 1892 4654 certe
1916 4605 1970 4667 1)
2071 4591 2270 4648 Verum
2293 4590 2545 4647 Petavius
2572 4589 2641 4644 ab
2668 4587 2965 4659 Augustino
2995 4583 3264 4651 dissentit,
3292 4596 3389 4637 nec
3407 4588 3590 4636 censet

299 4698 406 4761 post
456 4687 735 4757 corporale“
755 4696 803 4742 et
848 4686 1171 4758 incorporale
1223 4689 1354 4743 nihil
1408 4690 1634 4746 tertium.
1673 4688 1889 4762 (Idem,

298 4780 363 4836 ad
393 4778 658 4852 Hermog.,
690 4796 805 4853 cap.
837 4778 952 4854 35).
1010 4780 1209 4837 Verum
1261 4781 1333 4837 ibi
1384 4782 1741 4854 incorporalia
1796 4784 1893 4841 ad—

299 4875 505 4930 mittere
568 4874 782 4945 potius,
822 4891 981 4946 quam
1040 4890 1238 4947 negare
1289 4875 1635 4945 proculdubio
1662 4878 1891 4935 videtur.

302 4968 425 5023 Nam
453 4968 526 5024 ibi
547 4968 718 5040 imum
741 5009 757 5037 ,
791 4978 849 5024 ut
867 4968 1070 5025 dictum
1097 4976 1200 5038 est,
1238 4968 1438 5025 refellit
1465 4968 1890 5041 Hermogenem,

303 5061 389 5130 qui
406 5062 706 5130 materiam,
734 5062 837 5118 etsi
857 5077 1047 5119 revera
1084 5062 1405 5118 cxisteulem
1428 5102 1443 5127 ,
1475 5072 1532 5119 et
1577 5076 1893 5134 corpoream

308 5164 359 5207 et
399 5153 766 5223 bicorpoream
815 5170 936 5215 esse
983 5152 1282 5211 emittebat.
1333 5153 1696 5211 Tertullianus
1728 5169 1892 5223 vero,

310 5254 362 5300 ut
397 5243 499 5299 hoc
525 5259 677 5300 vanae
705 5245 973 5315 opinionis
992 5256 1360 5305 commentum
1400 5244 1641 5305 funditus
1668 5254 1895 5315 evertat,

310 5349 417 5391 rem
442 5344 658 5393 cautem
683 5336 868 5415 dividit
887 5338 939 5394 in
962 5353 1276 5409 corpoream
1303 5347 1359 5396 et
1385 5337 1771 5409 incorpoream.
1795 5339 1900 5394 Ita-

309 5427 657 5499 que-aliquam
684 5428 879 5486 fatetur
899 5444 1019 5488 esse
1046 5432 1460 5503 incorporalem.
1486 5432 1556 5489 At
1575 5432 1623 5488 si
1659 5447 1780 5505 quae
1804 5432 1897 5501 sit,

312 5537 412 5596 prec
433 5523 642 5577 caeteris
666 5533 815 5580 certe
850 5525 1095 5581 omnibus
1127 5526 1268 5583 Deus
1295 5536 1400 5584 est.

384 5613 609 5686 Urgebis
632 5612 859 5672 fortasse
900 5615 1039 5674 hanc
1061 5617 1385 5676 divisionem
1409 5619 1511 5689 ipsi
1536 5618 1760 5677 cumino
1782 5635 1901 5689 per-

312 5705 498 5764 fectam
519 5722 625 5764 non
650 5704 841 5765 videri.
868 5707 983 5765 Non
1010 5707 1255 5767 absolute
1294 5711 1562 5783 siquidem
1586 5712 1639 5768 id
1666 5727 1901 5783 pronun-

314 5797 431 5870 tiat,
477 5798 572 5858 sed
597 5798 904 5859 adversario
951 5812 1051 5859 suo
1079 5799 1292 5862 interitu
1334 5810 1390 5863 et
1415 5803 1587 5876 gratis
1610 5839 1627 5872 .
1654 5802 1901 5877 nihilque

1994 4684 2383 4741 ‘l'ertulliauutu
2409 4697 2594 4738 secum
2627 4695 2863 4752 pugnare
2886 4721 2900 4746 ,
2932 4687 3023 4733 aut
3052 4692 3202 4749 suam
3250 4674 3317 4730 de
3347 4673 3454 4728 Deo
3474 4686 3595 4727 cor-

1997 4792 2163 4850 porco
2211 4786 2448 4833 mutasse
2496 4774 2863 4839 sententiam,
2925 4769 3135 4825 tametsi
3187 4781 3348 4822 omne
3394 4777 3593 4847 corpus

1998 4870 2257 4945 possibile,
2289 4880 2532 4926 naturam
2566 4882 2693 4925 vero
2727 4867 2819 4921 Dei
2873 4864 3092 4920 tninime
3135 4858 3441 4932 passibilem
3473 4872 3596 4912 esse

1997 4962 2292 5021 crediderit
2320 4960 2527 5034 (Peleu.
2587 4969 2709 5014 tom.
2740 4958 2782 5023 Ι,
2827 4954 3072 5026 Tlteolog.
3108 4953 3360 5033 dogmat.,
3387 4966 3503 5022 cap.
3540 4949 3595 5013 1,

1999 5056 2084 5128 §5
2106 5066 2152 5111 et
2171 5056 2357 5128 seqq).
2390 5055 2520 5110 Nam
2564 5053 2728 5117 alias,
2760 5050 2958 5121 inquit,
2990 5048 3068 5105 rei
3097 5060 3394 5117 eorporcm,
3437 5058 3599 5114 quam

2001 5150 2113 5207 Deo
2156 5148 2341 5204 tribuit
2391 5147 2689 5219 passiones,
2719 5144 2834 5199 sive
2878 5140 3012 5196 alios
3044 5149 3220 5195 motus
3264 5149 3317 5194 et
3348 5136 3600 5192 allectus.

2002 5241 2257 5300 Marciani
2300 5239 2564 5312 siquidem
2611 5239 2701 5292 ll'il!
2734 5244 2936 5290 motum
2976 5232 3025 5286 in
3076 5231 3183 5286 Deo
3207 5244 3327 5285 esse
3354 5226 3600 5299 neganti,

2005 5345 2164 5406 atque
2190 5332 2465 5404 obiicienti
2500 5331 2647 5385 illum
2672 5371 2684 5394 ,
2718 5330 2761 5384 si
2793 5322 3078 5396 aliquando
3108 5323 3452 5395 irasceretur,
3481 5334 3604 5374 core

2006 5425 2240 5499 rupzioni
2264 5434 2319 5482 et
2341 5423 2498 5479 morti
2527 5420 2641 5477 fore
2669 5417 2956 5475 obnoxium
2976 5458 2989 5481 ,
3019 5412 3310 5486 respondet
3340 5413 3454 5483 ipse
3475 5409 3604 5466 Ter-

2007 5522 2259 5578 tullianus
2282 5518 2559 5591 passiones
2584 5560 2599 5587 ,
2656 5515 2770 5572 sive
2798 5522 3007 5578 motus,
3040 5518 3093 5565 et
3139 5522 3329 5565 sensus
3357 5504 3519 5560 animi
3552 5503 3605 5558 in

2008 5617 2116 5672 Deo
2136 5624 2189 5669 et
2217 5611 2432 5668 horuine
2458 5610 2646 5666 iisdem
2668 5623 2855 5665 revera
2881 5598 3482 5673 nominibusappellari,
3509 5596 3606 5652 sed

2007 5714 2214 5762 tantum
2244 5703 2298 5759 in
2328 5713 2554 5772 utroque
2573 5716 2694 5757 esse
2714 5701 2959 5757 diversos
2996 5706 3251 5769 quantum
3305 5689 3602 5750 substantia

2006 5807 2061 5857 et
2089 5810 2282 5868 corpus
2306 5810 2335 5851 a
2363 5808 2420 5851 se
2444 5792 2670 5849 invicem
2699 5790 3027 5863 discrepant.
3061 5784 3384 5846 Marcioucm
3407 5782 3610 5860 quippe
