4092 6352
500 281 613 340 sts
647 256 655 264 ’

1596 279 1665 336 ΙΝ
1701 274 2160 336 TERTULLIANI
2197 272 2731 336 APOLOGETICUM

3704 275 3838 334 816

507 399 598 454 his
621 396 909 470 compellat
933 395 1111 459 verbis
1140 414 1155 453 :
1188 392 1434 451 Discerne
1452 394 1784 459 substantias,
1806 402 1855 447 et
1883 409 2003 448 suos
2031 392 2105 456 eis
2129 391 2183 452 Α
2206 405 2367 462 supra
2391 390 2800 448 observavimus
2818 432 2833 459 ,
2858 397 2965 446 tam
2987 386 3294 445 luculenter
3315 385 3599 443 vindicatae
3624 427 3639 452 ,
3670 386 3834 445 nihil

508 490 760 547 distribue
786 505 961 545 sensus
983 531 1001 559 ,
1043 496 1145 543 tam
1179 488 1425 556 diversos,
1473 504 1627 558 quam
1653 486 1953 541 substantiae
1997 485 2105 540 eati-

508 592 657 656 gunt,
680 582 793 637 licet
815 581 1074 637 vocabulis
1089 582 1464 637 communicare
1478 580 1746 635 videantur
1785 579 1834 651 (Ι
1842 580 1977 644 dem,
2012 578 2101 632 lib.

508 672 556 729 II
586 673 784 729 advers.
832 671 1113 741 Marciam,
1152 690 1269 745 cap.
1314 672 1403 748 l6)
1434 672 1746 739 ....Quanta
1798 672 1892 727 erit
1942 671 2107 726 diver-

506 765 634 821 sitas
694 764 854 820 divini
909 765 1136 837 corporis
1190 775 1236 820 et
1286 765 1496 820 humani
1547 765 1641 820 sub
1686 764 1867 819 iisdem
1942 763 2108 819 nomi-

506 856 1067 926 nibus_membrorum,
1119 868 1261 913 tanta
1285 859 1379 913 erit
1428 867 1474 913 et
1500 854 1658 913 animi
1701 857 1859 911 divini
1912 866 1959 918 et
2009 857 2107 911 hu-

507 951 651 1007 mani
679 949 970 1019 differentia
993 954 1087 1008 sub
1106 952 1287 1009 iisdem
1310 951 1424 1008 licet
1441 953 1725 1007 nominibus
1744 951 2102 1018 membrorum,

505 1062 635 1117 quos
680 1057 784 1103 tam
826 1048 1173 1119 corruptorios
1215 1047 1373 1118 efﬁcit
1399 1048 1451 1101 in
1482 1047 1684 1101 homine
1708 1044 2105 1117 corruptibilitas

506 1141 806 1197 substantiae
850 1142 1109 1209 humanm,
1137 1156 1293 1212 quam
1338 1140 1738 1210 incorruptorios
1785 1139 1839 1193 in
1889 1137 2000 1193 Deo
2029 1137 2105 1209 ef-

508 1233 618 1304 ﬁcit
644 1234 1101 1306 incorruptibililas
1148 1231 1442 1289 substantia:
1484 1233 1687 1286 divinw.

587 1327 839 1384 Petavius
866 1328 1047 1398 itaque
1085 1325 1211 1382 inde
1254 1325 1457 1397 colligit
1496 1324 1882 1381 Tertullianum
1913 1323 2104 1382 existi-

506 1422 742 1478 mavisse
765 1432 871 1477 tam
919 1421 974 1476 in
1001 1420 1130 1485 Deo,
1158 1434 1319 1490 quam
1365 1419 1418 1474 in
1446 1418 1665 1476 homine
1690 1433 1812 1475 esse
1863 1433 2059 1489 corpus
2084 1459 2101 1485 ,

504 1512 958 1585 quemadmodum
982 1513 1258 1583 passiones
1284 1512 1397 1568 sive
1425 1517 1829 1577 sensus.‘motus
1858 1521 1913 1569 et
1939 1511 2104 1568 allec-

504 1614 625 1672 tus,
660 1604 755 1661 sed
784 1620 849 1661 eo
877 1603 1186 1660 discrimine
1205 1645 1223 1672 ,
1255 1603 1396 1675 quod
1426 1604 1479 1659 in
1509 1602 1727 1661 homine
1757 1605 2065 1675 corruptorii
2085 1642 2100 1669 ,

502 1697 561 1753 in
583 1697 696 1753 Deo
719 1706 898 1754 autem
923 1697 1286 1768 incorruptorii
1311 1696 1438 1753 sint.
1468 1696 1611 1752 Nihil
1633 1712 1761 1769 ergo
1802 1706 2102 1769 repugnat,

502 1788 681 1861 inquit
727 1789 815 1846 ille
838 1829 856 1856 ,
899 1789 1192 1861 quominus
1238 1798 1413 1845 stante
1464 1788 1780 1845 Tertulliani
1810 1791 2063 1861 opinione
2086 1831 2102 1857 ,
2134 1795 2184 1855 B

500 1881 648 1937 Deus
673 1879 868 1936 habeat
896 1894 1093 1952 corpus
1113 1922 1129 1948 ,
1158 1880 1300 1952 quod
1331 1896 1436 1936 non
1466 1880 1705 1952 passibile
1728 1880 1942 1952 quidem
1967 1923 1983 1947 ,
2010 1880 2105 1936 sed

502 1973 938 2043 incorruptorium
966 1986 1087 2028 esse
1117 1972 1403 2043 putaverit.
1440 1974 1509 2026 At
1546 1971 1818 2043 expendas
1842 2012 1858 2038 ,
1899 1971 2059 2027 velim
2087 2012 2102 2037 ,

502 2074 687 2122 utrum
742 2065 991 2122 Petavius
1045 2076 1387 2137 perspectum
1443 2066 1665 2120 omnino
1712 2063 1957 2121 habuerit
1998 2078 2106 2135 quo

504 2172 671 2215 sensu
718 2156 1079 2214 Tertullianus
1115 2159 1383 2227 acceperit
1426 2156 1555 2212 illud
1587 2156 1841 2228 passibilis
1872 2171 2103 2225 nomen,

505 2252 651 2325 quod
681 2268 713 2308 a
756 2251 868 2309 Deo
906 2238 1163 2309 excludit.
1196 2250 1314 2306 Non
1344 2252 1487 2307 enim
1518 2249 1663 2305 aliud
1688 2265 1756 2306 eo
1799 2247 2106 2320 significare

506 2344 723 2401 videtur
743 2386 759 2412 ,
792 2343 894 2399 nisi
920 2343 1061 2415 quod
1086 2341 1287 2413 aliquid
1311 2341 1610 2414 imperfecti
1631 2350 1683 2398 et
1711 2340 2108 2397 commutabilis

504 2452 690 2495 secum
722 2439 995 2509 importat.
1033 2437 1223 2493 Nonne
1251 2452 1380 2508 ergo
1409 2437 1736 2509 Augustinus
1777 2430 1925 2492 reete
1974 2434 2110 2491 dixit

505 2533 899 2591 Tertullianum
926 2542 1020 2589 aut
1065 2548 1250 2590 secum
1274 2547 1513 2604 pugnare
1533 2573 1548 2600 ,
1597 2541 1689 2588 aut
1713 2540 1952 2588 mutasse
1976 2545 2106 2586 sen-

512 2627 772 2695 tentiam,
802 2642 926 2683 eum
972 2627 1204 2682 asseruit
1231 2626 1399 2681 Deum
1444 2640 1564 2681 esse
1603 2639 1834 2696 corpus,
1864 2633 1918 2681 et
1945 2638 2107 2679 omne

507 2735 709 2792 corpus
737 2733 859 2777 esse
910 2718 1181 2791 passibile?
1216 2718 1347 2774 Nam
1380 2719 1521 2774 Deus
1540 2717 1967 2789 perfectissimus
1994 2758 2008 2783 ,
2043 2731 2108 2771 ac

504 2811 853 2884 simplicitate
879 2811 1132 2883 omnique
1158 2809 1545 2884 perfectionum
1569 2825 1769 2880 genere
1797 2807 2109 2865 cumulatis-

505 2904 680 2961 simus
704 2911 808 2961 est.
834 2902 997 2961 Nihil
1016 2904 1175 2976 igitur
1202 2918 1422 2975 prorsus
1447 2902 1744 2974 imperfecti
1785 2902 1983 2959 habere
2014 2917 2108 2974 po-

507 3007 636 3055 test.
666 2997 813 3069 Ergo
836 3012 1046 3053 summa
1076 2995 1335 3067 perfectio
1366 2995 1458 3051 Dei
1490 3005 1545 3052 et
1567 3010 1765 3066 corpus
1792 3010 1974 3053 secum
2005 3009 2107 3065 pu-

509 3099 677 3164 gnant
695 3132 711 3158 ,
736 3090 871 3148 etin
902 3090 1014 3148 Deo
1040 3106 1162 3147 esse
1188 3106 1293 3146 non
1321 3100 1569 3162 possunt.

2207 483 2428 540 omnino
2447 483 2698 554 corporei
2730 481 2933 538 habere
2979 489 3226 553 possunt.
3273 479 3485 536 Nullum
3538 479 3831 550 siquidem

2209 589 2406 647 corpus
2426 616 2441 643 ,
2481 572 2825 647 quantumvis
2854 583 3047 640 tenue;
3101 573 3244 628 nulla
3274 572 3495 635 materia
3521 612 3536 639 ,
3564 570 3833 644 quolibet

2208 676 2357 723 motu
2384 668 2619 738 agitata:
2647 665 2809 722 null-.e
2835 666 3023 734 atomi,
3065 665 3256 736 quovis
3285 679 3549 720 concursu
3581 664 3734 719 inter
3762 677 3834 721 se

2208 760 2567 829 cohaerentes,
2588 768 2815 831 possunt
2839 760 2915 815 rei
2937 759 3192 830 alicujus,
3223 758 3389 814 multo
3406 759 3588 835 minus
3618 772 3830 814 rerum

2208 858 2448 913 omnium
2462 858 2676 914 eflicere
2695 856 3081 941 cognitionem.
3101 855 3218 912 Non
3246 854 3415 927 potuit
3433 869 3562 925 ergo
3572 852 3831 923 .Tertul-

2209 951 2384 1008 lianus
2409 953 2520 1010 Deo
2541 969 2761 1025 corpus,
2789 952 2873 1009 vel
2903 954 3148 1024 corporei
3180 951 3378 1022 aliquid
3405 950 3670 1020 tribuere,
3706 950 3829 1009 nisi

2210 1044 2313 1102 hoc
2345 1046 2601 1114 nomine,
2632 1046 2775 1101 sicut
2803 1044 3056 1113 vidimus,
3079 1043 3434 1100 substantiam
3472 1043 3555 1099 sui
3573 1044 3827 1115 generis,

2209 1138 2262 1194 id
2284 1148 2401 1206 est,
2422 1138 2588 1196 divini
2619 1147 2675 1194 et
2699 1137 2957 1210 spiritalis
2996 1135 3350 1194 intellexerit.
3370 1135 3494 1192 'Sed
3524 1134 3609 1191 his
3628 1137 3829 1191 lucem

2209 1233 2386 1290 adhuc
2428 1249 2491 1290 ea
2519 1232 2798 1301 afferent,
2849 1249 2969 1305 qua:
2996 1231 3173 1303 capite
3201 1240 3464 1303 sequente
3501 1229 3570 1287 de
3607 1229 3830 1286 Christi

2208 1324 2507 1393 divinitate,
2534 1340 2598 1381 ac
2616 1334 2800 1397 postea
2821 1328 2888 1381 de
2917 1324 3122 1397 angelis
3145 1340 3208 1381 ac
3233 1323 3571 1381 daemonibus
3590 1364 3607 1391 ,
3646 1333 3830 1396 atque

2208 1417 2387 1474 anima
2414 1416 2666 1487 humana,
2688 1416 2955 1475 dicentur.

2796 1549 3090 1591 ABTICULUS
3127 1548 3200 1590 IV.

2211 1650 2347 1719 Quot
2372 1651 2611 1725 qualesve
2630 1652 2821 1723 fuerint
2842 1650 3113 1722 gentilium
3149 1647 3577 1721 philosophorum
3607 1645 3673 1702 de
3701 1645 3829 1703 Deo

2283 1746 2622 1804 dissensiones
2644 1788 2659 1814 ,
2691 1744 2923 1799 Thaletis
2946 1786 2961 1811 ,
3013 1759 3104 1798 seu
3135 1740 3422 1798 Simonidis
3443 1783 3457 1805 ,
3498 1742 3585 1811 qui
3633 1741 3700 1796 de
3724 1739 3830 1795 illo

2282 1840 2654 1910 interrogatus,
2675 1837 2807 1892 nihil
2833 1836 3143 1908 respondere
3166 1835 3368 1907 potuit;
3398 1832 3823 1900 Platonicorum,

2281 1932 2368 2003 qui
2402 1931 2614 1997 omnia;
2643 1930 3043 2001 Epicureorum,
3066 1929 3153 1999 qui
3181 1927 3311 1983 nihil
3351 1935 3655 1992 curantem;
3686 1924 3830 1978 Pla-

2283 2022 2586 2087 tonicorum,
2612 2027 2697 2091 qui
2721 2036 2837 2075 eum
2864 2021 3002 2074 intra
3036 2018 3327 2083 mundum;
3356 2017 3650 2073 Stoicorum
3674 2055 3692 2083 ,
3731 2014 3828 2086 qui

2284 2124 2427 2169 extra
2448 2114 2709 2184 positum;
2739 2111 2979 2167 Platonis
3000 2153 3015 2179 ,
3045 2112 3133 2181 qui
3154 2110 3333 2165 mundi
3357 2117 3674 2175 creatorem;
3700 2105 3826 2178 Pg-

2285 2208 2530 2278 tltagorte,
2570 2207 2658 2275 qui
2687 2205 2935 2260 mundum
2963 2206 3247 2259 increatum
3275 2219 3382 2259 esse
3406 2202 3690 2257 docuerunt
3720 2216 3742 2267 ;
3765 2207 3819 2255 et

2285 2313 2454 2356 utrum
2489 2299 2834 2357 Tertullianus
2861 2310 2996 2356 recte
3038 2299 3250 2355 illorum
3276 2298 3542 2372 Opiniones
3586 2295 3827 2368 explica.

2284 2395 2432 2448 verit.

2283 2529 2599 2601 Quanquam
2655 2526 2965 2601 philosophi
3012 2529 3241 2600 gentiles
3268 2528 3353 2583 vel
3402 2526 3609 2583 ratione
3655 2533 3822 2582 natu-

2210 2622 2309 2678 rali
2337 2664 2350 2688 ,
2382 2622 2468 2678 vel
2497 2637 2563 2678 ex
2592 2623 2763 2679 sacris
2787 2665 2802 2691 ,
2850 2632 2907 2678 ut
2953 2622 3027 2677 ait
3074 2622 3473 2690 Tertullianus,
3521 2620 3824 2692 Scripturis

2211 2718 2562 2788 agnoverint,
2595 2717 2682 2772 vel
2704 2730 3001 2788 agnoscere
3032 2714 3175 2770 haud
3202 2715 3500 2771 difﬁciliter
3544 2714 3825 2785 potuerint

2210 2826 2375 2866 unum
2406 2810 2667 2866 duntaxat
2692 2825 2812 2866 esse
2842 2808 3009 2865 Deum
3042 2808 3372 2882 (Tertullian.
3397 2808 3662 2888 Apologet.
3694 2823 3817 2879 cap.

2206 2902 2507 2974 47);inter
2558 2916 2618 2959 se
2675 2911 2877 2967 tamen,
2938 2903 3022 2958 vel
3079 2901 3253 2956 inanis
3297 2900 3484 2972 gloriae
3544 2899 3694 2964 vitio,
3729 2897 3820 2954 vel

2210 2994 2517 3067 disputandi
2564 2995 2919 3063 libidine,de
2964 2993 3078 3065 ipsa
3131 2994 3223 3049 Dei
3278 3002 3487 3062 natura,
3543 2992 3812 3064 qualitate

2212 3101 2276 3143 ac
2314 3086 2443 3143 sede
2485 3101 2752 3158 nunquam
2803 3102 2907 3141 non
2966 3085 3435 3157 digladiahantur:
3496 3083 3635 3149 Quid
3677 3085 3817 3138 enim

581 3182 868 3249 Caeterum,
889 3182 1131 3253 quamvis
1160 3182 1411 3239 Petavius
1439 3182 1773 3252 probavisset
1816 3182 2101 3240 Tertullia.
2133 3189 2182 3255 (ι
2217 3179 2430 3247 Thales,
2460 3178 2547 3234 ille
2565 3180 2798 3252 princeps
2824 3178 3171 3251 physicorum,
3196 3177 3430 3232 auctoris
3454 3176 3621 3231 nostri
3647 3175 3817 3232 verba

508 3288 640 3330 num
667 3287 774 3329 non
805 3271 1057 3334 incidisse
1087 3272 1141 3328 in
1168 3272 1355 3328 vitium
1386 3272 1602 3344 aliquod
1632 3273 2109 3341 contradictionis;

507 3366 709 3423 fatetur
736 3373 917 3422 tamen
941 3365 1026 3421 vir
1055 3364 1144 3421 ille
1168 3364 1560 3421 eruditissimus
1591 3365 1809 3441 majoris
1833 3367 1965 3423 illud
1991 3381 2112 3424 esse

512 3456 813 3524 momenti,
841 3456 986 3529 quod
1012 3457 1343 3528 Augustinus
1378 3457 1484 3512 alio
1511 3457 1561 3511 in
1591 3456 1728 3513 libro
1752 3456 1819 3513 ad
1849 3473 2112 3515 excusan-

510 3547 640 3604 dum
669 3548 1056 3604 Tertullianum
1080 3547 1196 3603 haec
1218 3551 1270 3603 in
1302 3548 1462 3604 verba
1484 3549 1664 3605 retulit
1692 3566 1705 3603 :
1730 3548 1994 3623 (August.,
2019 3551 2108 3606 lib.

511 3641 576 3696 de
609 3639 886 3708 Haresib.,
914 3658 1033 3712 cap.
1086 3641 1178 3707 86,
1230 3659 1348 3714 pag.
1376 3640 1473 3713 25)
1503 3659 1515 3695 :
1541 3641 1897 3698 Tertullianus
1944 3653 2111 3715 posset

510 3750 714 3805 quoquo
743 3733 895 3788 modo
925 3735 1095 3806 putari
1121 3734 1288 3804 ipsam
1315 3745 1551 3789 naturam
1570 3734 2003 3806 substantiamque
2032 3736 2109 3789 di-

509 3832 682 3887 vinam
706 3844 913 3898 corpus,
943 3828 1091 3899 cujus
1113 3837 1302 3899 partes,
1327 3828 1447 3884 alite
1472 3829 1691 3899 majores
1715 3869 1728 3895 ,
1760 3829 1877 3884 alia:
1893 3830 2113 3885 minores

511 3924 713 3978 valeant
738 3920 815 3974 vel
854 3919 1064 3973 debeant
1098 3920 1352 3991 cogitari,
1401 3920 1576 3990 qualia
1605 3930 1723 3975 sunt
1759 3922 1933 3976 omnia
1953 3964 1969 3988 ,
1998 3938 2113 3990 qua:

510 4012 720 4085 proprie
757 4011 972 4064 dicimus
1000 4027 1288 4091 corpora...
1331 4011 1420 4066 sed
1445 4012 1628 4083 potuit,
1661 4021 1714 4066 ut
1739 4013 1867 4079 dixi,
1902 4022 2111 4084 prapte-

509 4122 600 4160 rea
625 4105 795 4175 putari
814 4120 998 4173 corpus
1028 4103 1189 4159 Deum
1210 4094 1560 4175 dicere;“quia
1590 4123 1690 4160 non
1719 4117 1792 4162 est
1814 4107 1943 4162 nihil
1966 4149 1980 4175 ,
2010 4124 2111 4163 non

515 4206 590 4253 est
613 4192 858 4263 inanitas,
882 4213 984 4252 non
1025 4208 1096 4252 est
1146 4198 1374 4268 corporis
1418 4198 1493 4253 vel
1517 4199 1702 4253 anima:
1747 4199 1990 4269 qualitas,
2023 4200 2111 4254 sed

517 4289 702 4360 ubique
730 4299 883 4354 totus,
901 4299 947 4345 et
976 4307 1063 4360 per
1083 4292 1310 4345 locorum
1329 4292 1493 4360 spatia
1518 4292 1658 4346 nulla
1679 4292 1916 4362 partitus,
1945 4294 1998 4347 in
2018 4310 2111 4348 sua
2142 4312 2145 4315 '

516 4392 683 4437 tamen
697 4392 882 4436 natura
896 4391 1046 4453 atque
1060 4384 1340 4438 substantia
1352 4386 1471 4438 imm
1479 4385 1735 4440 utabiliter
1750 4398 2032 4456 permanet.

584 4472 775 4529 Mirum
802 4481 979 4528 tamen
1030 4475 1302 4530 nonnullis
1325 4516 1339 4541 ,
1368 4476 1563 4547 quibus
1587 4477 1716 4533 satis
1750 4486 1880 4533 nota
1907 4495 2011 4535 non
2040 4480 2112 4535 sit

2216 3283 2340 3331 sunt
2362 3318 2376 3342 ,
2395 3275 2671 3330 sciscitanti
2690 3272 2861 3328 Crasso
2883 3272 2947 3327 de
2967 3271 3244 3326 Divinitate
3263 3281 3455 3325 certum
3478 3266 3817 3324 renuntiavit?

2215 3365 2357 3422 Nihil
2384 3365 2560 3436 plane,
2589 3363 2682 3420 sed
2712 3373 3020 3418 commeatus
3056 3362 3371 3417 deliberandi
3415 3377 3550 3431 stupe
3596 3362 3816 3432 frustra-

2217 3467 2372 3514 tusest
2415 3456 2631 3532 (Ibid.,
2679 3474 2796 3527 cap.
2851 3456 3021 3522 46;et
3070 3455 3162 3510 lib.
3207 3453 3273 3508 ll.
3303 3454 3372 3507 ad
3418 3451 3639 3508 Nation.
3692 3467 3814 3521 cap.

2211 3551 2269 3620 2,
2300 3551 2341 3623 ).
2408 3554 2476 3606 At
2525 3550 2734 3615 Cicero,
2812 3557 2867 3603 et
2912 3548 3003 3620 qui
3053 3563 3211 3613 eum,
3268 3555 3326 3601 ut
3375 3546 3500 3601 alibi
3554 3543 3813 3611 vidimus,

2217 3646 2480 3718 sequitur,
2525 3644 2777 3700 Minutius
2820 3643 2992 3707 Felix,
3046 3643 3149 3698 hoc
3174 3639 3438 3698 Simonidi
3493 3650 3549 3697 et
3591 3637 3817 3696 Hieroni

2218 3751 2446 3812 tyranno
2482 3737 2888 3809 adscripserunt
2915 3735 3228 3811 (Dissertat.
3271 3736 3323 3788 in
3361 3733 3582 3801 Minnt.,
3610 3749 3730 3804 cap.
3756 3733 3812 3801 '5,

2215 3851 2314 3891 art.
2339 3835 2418 3906 2).
2445 3834 2627 3905 Neque
2648 3832 2976 3904 respondeas
2999 3830 3224 3888 subesse
3246 3829 3299 3885 iu
3322 3829 3641 3885 Tertulliani
3663 3836 3815 3885 textu

2216 3928 2470 3984 mendum
2495 3927 2732 3998 aliquod.
2761 3925 2893 3982 Nam
2920 3924 3118 3982 Thales
3142 3924 3210 3981 ab
3248 3940 3314 3980 eo
3349 3924 3647 3995 appellatur
3674 3923 3812 3995 phyr-

2214 4024 2433 4077 sicorum
2462 4020 2696 4092 princeps
2717 4016 2900 4090 (lbid.,
2926 4034 3042 4088 cap.
3074 4017 3127 4082 4,
3153 4025 3254 4070 art.
3290 4017 3315 4071 1
3345 4057 3360 4085 ,
3395 4025 3517 4070 tom.
3553 4013 3602 4081 l;
3634 4014 3813 4086 Appa-

2215 4125 2315 4169 rat.
2340 4130 2461 4186 pag.
2493 4113 2634 4169 lll9
2659 4112 2879 4185 etseq.),
2906 4111 2956 4167 id
3003 4120 3120 4179 est,
3153 4126 3338 4167 eorum
3371 4111 3593 4181 primus,
3616 4111 3709 4181 qui
3742 4108 3812 4167 de

2214 4208 2377 4263 rebus
2417 4207 2689 4278 physicis,
2742 4215 2801 4261 ut
2845 4207 3005 4261 etiam
3033 4204 3405 4271 ostendimus,
3461 4204 3812 4260 instituerunt

2214 4297 2627 4368 disputationes.
2666 4296 2855 4354 Utrum
2898 4306 3076 4353 autem
3123 4297 3302 4353 verior
3350 4297 3421 4353 sit
3459 4295 3809 4365 Tertulliani,

2214 4406 2375 4464 quam
2410 4390 2689 4447 Ciceronis
2736 4400 2791 4446 et
2818 4379 3031 4446 Minutii
3076 4391 3299 4462 Opinio,
3333 4399 3390 4444 ut
3440 4390 3768 4460 percipiatur
3792 4430 3810 4459 ,

2214 4484 2533 4555 inquirenda
2574 4494 2658 4540 est
2683 4483 2919 4540 Thaletis
2943 4527 2958 4553 ,
3000 4483 3291 4540 Simonidis
3311 4526 3326 4549 ,
3358 4495 3415 4540 et
3450 4484 3622 4541 Croesi
3654 4495 3807 4542 tetas.

512 4577 797 4650 Augustini
826 4576 1090 4633 modestia
1111 4618 1127 4645 ,
1160 4576 1388 4633 fortasse
1432 4576 1698 4634 videbitur
1721 4621 1736 4646 ,
1765 4594 1863 4635 cur
1885 4579 1976 4635 ille
2013 4595 2109 4651 pe-
2136 4588 2191 4650 1)
2216 4578 2287 4634 At
2302 4578 2458 4647 juxta
2486 4576 2846 4634 Eusebianum
2875 4576 3225 4644 Clironicum,
3257 4590 3398 4632 anno
3438 4575 3578 4633 1266
3624 4575 3811 4633 Thales

511 4672 658 4729 uitus
686 4670 957 4727 affirmare
998 4686 1104 4726 nou
1151 4669 1344 4725 audeat
1375 4670 1513 4725 hanc
1539 4671 1708 4741 ipsam
1738 4687 1924 4728 revera
1946 4716 1962 4742 ,
2012 4673 2106 4730 sed

509 4779 711 4835 quoquo
735 4763 886 4819 modo
914 4777 1073 4834 posse
1101 4763 1276 4835 putari
1310 4762 1624 4818 Tertulliani
1671 4762 1835 4821 fuisse
1882 4775 2103 4822 senten-

510 4858 659 4914 tiam.
692 4856 810 4913 Iam
835 4858 979 4914 enim
1003 4855 1336 4913 ostendimus
1356 4871 1477 4911 eum
1508 4855 1647 4911 baud
1676 4857 1902 4913 obscure
1930 4857 2123 4931 decla-I

506 4946 714 5004 ravisse
740 4948 982 5018 corporis
1012 4946 1231 5004 nomine
1259 4961 1289 5001 a
1335 4961 1394 5002 se
1437 4946 1659 5018 intelligi
1710 4947 2062 5005 substantiam
2087 4991 2103 5017 ,

508 5053 630 5109 quae
684 5039 873 5108 quovis
903 5038 1067 5095 modo
1095 5039 1316 5108 existit,
1344 5047 1399 5095 et
1429 5037 1595 5094 nihilo
1622 5041 1931 5111 opponitur.
1961 5041 2108 5098 Prae-

509 5142 657 5188 terea
708 5131 1189 5190 animadvertimus
1240 5132 1594 5199 substantiam
1635 5132 1705 5188 ab
1746 5148 1812 5189 eo
1860 5133 2023 5190 dividi
2052 5137 2106 5191 iu

506 5238 827 5295 corpoream
863 5234 919 5280 et
962 5226 1368 5297 incorporeum,
1418 5225 1470 5281 id
1503 5234 1614 5294 est,
1663 5226 1839 5281 omnis
1881 5226 2104 5285 omnino

502 5316 746 5386 corporis
772 5326 1068 5389 expertem,
1103 5327 1157 5374 et
1184 5333 1306 5389 quae
1334 5318 1404 5374 sit
1427 5334 1574 5375 mere
1603 5318 1878 5390 spiritalis.
1914 5320 2100 5393 Atqui,

503 5410 553 5466 si
578 5410 663 5467 vel
694 5426 855 5466 unam
883 5410 1187 5483 huiusmodi
1238 5427 1473 5483 unquam
1502 5428 1624 5469 esse
1669 5412 1957 5471 arbitratus
1982 5400 2064 5472 e'st
2083 5456 2098 5482 ,

502 5515 823 5572 persuasum
852 5503 1033 5574 utique
1058 5502 1246 5559 habuit
1271 5503 1440 5561 Deum
1463 5519 1583 5562 esse
1606 5505 1852 5576 spiritum
1880 5548 1895 5574 ,
1924 5515 1980 5563 et
1998 5522 2102 5563 ca:-

502 5594 642 5650 teris
688 5610 820 5651 sane
864 5594 1112 5651 omnibus
1160 5595 1318 5667 longe
1345 5596 1797 5667 praestantiorem.
1832 5596 1901 5654 Et
1952 5607 2101 5655 certe

494 5702 724 5744 summai
751 5688 894 5745 illius
922 5688 1301 5761 perfectiones,
1332 5698 1493 5761 atque
1539 5689 1744 5747 infinita
1774 5707 1954 5749 rerum
1983 5707 2100 5748 om-

496 5780 648 5841 nium
677 5782 915 5854 cognitio
943 5791 997 5842 et
1022 5782 1246 5842 scientia
1271 5823 1286 5853 ,
1315 5797 1343 5838 a
1373 5781 1727 5855 Tertulliano,
1761 5786 1914 5847 sicuti
1938 5786 2099 5860 paulo

2217 4671 2452 4728 Milesius
2496 4671 2736 4743 physicus
2767 4671 3103 4741 philosOphns
3131 4671 3455 4742 agnoscitur.
3484 4668 3565 4726 Ad
3605 4685 3806 4726 annum

2213 4775 2390 4820 autem
2416 4762 2574 4830 1465,
2621 4781 2680 4819 ea
2708 4779 2821 4835 qua:
2844 4764 2907 4817 de
2931 4761 3100 4818 Crmso
3139 4773 3484 4817 memorantur
3504 4804 3520 4828 ,
3555 4763 3808 4833 quomodo

2213 4868 2425 4913 tentaret
2476 4858 2720 4925 oracula,
2766 4857 2845 4912 his
2887 4861 3027 4927 fuere
3052 4856 3382 4928 temporibus.
3416 4857 3482 4912 Et
3525 4857 3660 4913 duos
3685 4864 3808 4927 post

2211 4967 2402 5016 annos,
2436 4951 2624 5007 Thales
2667 4953 2902 5007 moritur.
2926 4951 3040 5007 Duo
3061 4952 3258 5022 itaque,
3284 4962 3340 5006 ut
3369 4961 3518 5007 notat
3544 4951 3805 5022 Scaliger,

2212 5044 2468 5102 Thaleles
2495 5053 2864 5101 memorantur
2890 5087 2903 5107 ,
2928 5059 3155 5116 quorum
3187 5045 3332 5117 prior
3356 5043 3611 5117 physicus
3629 5042 3806 5114 philo.

2212 5137 2416 5209 scpbus
2459 5138 2687 5209 Lycurgi
2712 5147 2766 5193 et
2792 5136 2991 5208 Orphei
3033 5146 3191 5194 aetate
3210 5179 3225 5204 ,
3255 5138 3520 5208 posterior
3550 5146 3674 5207 post
3701 5135 3806 5191 du-

2210 5240 2400 5287 centos
2438 5246 2575 5302 pene
2605 5244 2777 5286 annos
2804 5228 2977 5287 ϐινωεί
3032 5240 3277 5302 tempore
3320 5228 3572 5285 ﬂoruisse
3623 5227 3805 5300 perhi-

2207 5323 2403 5380 bentur
2431 5322 2651 5395 (Scalig.
2680 5331 2787 5379 not.
2819 5322 2871 5377 in
2893 5323 3086 5379 Chron.
3110 5322 3324 5391 Euseb.,
3352 5338 3473 5396 pag.
3498 5318 3614 5394 74).
3640 5319 3804 5392 Atqui

2207 5413 2568 5471 Tertullianus
2604 5413 2672 5469 de
2715 5412 2940 5470 Thalete
2987 5414 3332 5487 physicorum
3362 5412 3603 5486 principe
3629 5412 3804 5485 loqui-

2208 5515 2324 5575 tur,
2352 5506 2442 5578 qui
2472 5504 2683 5562 duobus
2707 5505 2922 5561 saeculis
2950 5505 3137 5563 (Στωεο
3163 5506 3436 5578 antiquior
3480 5519 3604 5561 cum
3630 5518 3697 5586 eo
3724 5503 3804 5570 vin,

2203 5613 2362 5666 vere,
2389 5613 2453 5653 ac
2478 5597 2706 5671 proinde
2730 5598 2810 5655 illi
2837 5599 3189 5671 respondere,
3217 5614 3328 5655 non
3354 5606 3623 5669 potuerat.

2278 5689 2584 5748 Simonides
2628 5700 2806 5749 autem
2856 5691 2909 5748 in
2960 5691 3153 5749 eodem
3195 5684 3500 5751 Euscbiauo
3528 5690 3802 5750 Chronico

2204 5785 2405 5847 vixisse
2436 5785 2662 5845 traditur
2705 5787 3035 5848 3111101551.
3064 5785 3144 5849 ibi
3187 5784 3333 5852 enim
3372 5785 3636 5860 legimus:
3669 5783 3802 5845 Pin-
