4090 6358
307 352 427 418 517
736 350 754 378 ³

1470 352 1921 413 DISSERTATIO
2064 351 2155 408 LE
2190 353 2499 413 NOURRY.

3514 364 3626 424 .8l8

321 478 481 533 durus
535 482 583 531 et
636 474 926 532 Simonides
980 471 1127 546 lyrici
1172 478 1332 545 poeta:
1376 472 1597 544 insignes
1647 470 1914 527 habentur.
1946 467 1997 530 A
2023 483 2124 525 nus
2150 480 2337 527 noster
2368 471 2587 543 Diogeni
2615 472 2875 530 adscribit
2897 472 3007 548 ,³1)
3034 473 3141 530 alio
3166 473 3412 547 ejusdem
3435 477 3616 533 nomi-

321 571 512 630 Postea
532 587 661 628 vero
677 571 742 627 ad
773 586 971 626 annum
1012 567 1172 631 1542,
1203 566 1421 622 Hieron.
1444 609 1459 634 ,
1490 566 1640 637 cujus
1666 565 1917 621 Minatius

321 663 472 722 Felix
504 664 782 732 meminit,
832 672 946 735 post
989 661 1233 718 Gelonem
1275 660 1548 734 Syracusis
1594 659 1918 732 tyrannidem

320 756 604 813 exercebat.
628 755 896 824 Quantum
926 770 1056 825 ergo
1093 754 1240 826 prior
1264 753 1459 809 Thales
1486 767 1517 807 a
1541 750 1730 809 Crteso
1758 750 1918 806 distat

324 860 520 919 actate,
559 859 764 907 tantum
819 848 1125 906 Simonides
1156 847 1329 903 eidem
1375 847 1593 902 Hieroni
1643 844 1919 917 proximus

322 958 445 1002 esse
472 943 688 999 dicitur.
719 941 855 998 Huic
880 943 1040 1014 igitur
1068 940 1331 998 Simonidi
1360 940 1528 1009 magis
1548 980 1563 1005 ,
1592 953 1749 1009 quam
1778 937 1919 991 'l‘ba-

325 1037 420 1094 leti
462 1036 809 1109 physicorum
867 1035 1131 1106 principi,
1179 1033 1506 1089 conveniunt
1534 1032 1710 1087 citatze
1740 1030 1805 1086 de
1833 1031 1920 1086 Di-

321 1132 545 1187 vinitate
574 1130 924 1201 interregatio
948 1139 1004 1185 et
1044 1129 1349 1200 responsio.
1396 1126 1477 1182 Ad
1508 1126 1621 1182 haec
1648 1140 1780 1181 vero
1820 1124 1918 1180 Mi-

324 1224 458 1279 nutii
484 1223 668 1294 opinio
698 1237 764 1276 eo
792 1221 970 1278 adhuc
993 1221 1204 1276 videtur
1234 1220 1581 1292 probabilior,
1603 1218 1746 1291 quod
1772 1219 1923 1276 Cice-

328 1315 477 1371 ronis
500 1314 821 1369 auctoritate
851 1312 1171 1368 stabiliatnr.
1784 1366 1785 1369 η

394 1407 579 1477 Neque
601 1406 809 1461 dixeris
831 1406 1089 1476 plurimos
1111 1406 1162 1460 in
1186 1403 1493 1461 Eusebiano
1513 1403 1781 1460 Chronico
1802 1417 1923 1458 esse

323 1500 376 1555 in
408 1498 723 1571 assignanda
752 1499 1038 1554 illustrium
1064 1498 1300 1554 virorum
1328 1508 1487 1567 mtate
1517 1513 1766 1564 errores;
1799 1512 1920 1551 nam

322 1594 630 1665 quicunque
706 1592 780 1647 illi
830 1593 980 1661 sint,
1039 1607 1199 1648 nemo
1239 1606 1371 1647 sane
1418 1592 1636 1662 negabit
1683 1590 1924 1646 Thaletis

294 1685 853 1758 ’pbysici'Crtesique
902 1693 1143 1755 tempora
1174 1686 1344 1756 magis
1373 1700 1403 1739 a
1447 1699 1507 1740 se
1562 1684 1791 1739 invicem
1812 1681 1922 1739 'se-

325 1779 501 1851 jungi,
532 1794 691 1851 quam
723 1790 780 1834 ut
810 1777 973 1833 simul
1009 1778 1214 1834 vixisse
1241 1778 1503 1833 dicantur.
1538 1776 1647 1834 Nec
1670 1786 1753 1833 est
1780 1776 1923 1845 quod

2021 561 2143 630 nis,
2173 561 2268 618 sed
2317 561 2479 619 albeo
2499 605 2514 632 ,
2546 564 2745 636 scripta
2774 564 2945 622 fuisse
2982 566 3283 623 contendas
3307 608 3324 635 ,
3353 567 3619 626 habemus

2020 656 2237 728 quidem
2266 655 2537 712 .lElianum
2558 699 2574 723 ,
2606 658 2729 728 qui,
2763 665 2822 714 ut
2843 657 3059 729 quidam
3098 658 3283 728 aiunt,
3312 657 3616 730 ﬂagitiose-

2021 766 2142 805 rum
2172 749 2428 806 horumce
2455 748 2732 805 hominum
2758 750 2907 821 gregi
2928 750 3308 809 adnumeravit
3325 752 3617 825 Diogenem

2023 841 2281 914 pbrygem
2302 840 2529 913 (/Elian.
2554 842 2642 896 lib.
2671 842 2714 897 ll
2731 857 2837 896 var.
2865 840 3031 911 Hist.,
3061 842 3459 917 §5l).Verum,
3484 861 3630 919 pra:-

2024 944 2271 1005 terquam
2297 934 2441 1004 quod
2469 934 2524 988 in
2548 942 2735 989 nostra
2760 932 3020 989 librorum
3050 932 3248 992 Amani
3278 935 3517 995 editione
3540 938 3629 995 le-

2023 1027 2167 1096 gitur
2218 1027 2505 1098 Dionysius
2540 1024 2724 1098 Phryx
2750 1068 2767 1093 ,
2824 1025 3005 1081 nullus
3048 1025 3205 1084 nobis
3246 1027 3508 1086 indicavit
3531 1028 3623 1087 ubi

2026 1120 2289 1193 Diogenes
2317 1120 2437 1186 iste,
2458 1120 2570 1177 sive
2594 1119 2905 1191 Dionysius,
2930 1119 3092 1175 citata
3113 1120 3181 1178 ab
3199 1130 3420 1179 auctore
3434 1132 3626 1183 nostro

2024 1216 2189 1272 verba
2218 1214 2668 1286 pronuntiaverit.

2096 1307 2337 1363 Aliorum
2376 1320 2503 1361 vero
2534 1304 2972 1376 philosophorum
3003 1304 3253 1373 maxima,
3274 1304 3376 1362 fuit
3401 1306 3471 1367 de
3514 1307 3628 1366 Deo

2025 1400 2339 1471 opiniobum
2381 1399 2613 1454 varietas
2652 1407 2705 1452 et
2744 1397 3052 1453 dissensio:
3101 1396 3208 1451 Alii
3248 1398 3404 1466 enim,
3454 1399 3629 1471 inquit

2027 1493 2388 1567 Tertullianus
2409 1534 2426 1558 ,
2463 1493 2716 1546 nimirum
2743 1489 3028 1556 Platonici,
3056 1491 3431 1563 incorporalem
3455 1491 3627 1548 Deum

2027 1596 2315 1641 asseverant
2357 1584 2377 1656 (
2418 1584 2709 1656 Apologet.,
2754 1600 2871 1654 cap.
2918 1583 3018 1650 d7,
3062 1600 3182 1655 pag.
3225 1584 3333 1641 515
3368 1583 3413 1657 ).
3468 1567 3632 1642 Visne

2028 1679 2261 1749 aliquem
2290 1678 2381 1732 tibi
2415 1686 2607 1733 testem
2648 1675 2918 1746 proferri?
2946 1675 3028 1731 En
3074 1675 3227 1733 adest
3264 1676 3492 1746 Cicero,
3514 1678 3627 1750 iqui

2028 1772 2293 1828 Velleium
2335 1771 2416 1827 sic
2452 1770 2520 1827 de
2562 1770 2786 1827 Platone
2833 1770 3139 1840 loquentem
3201 1771 3442 1826 induxit:
3478 1771 3631 1839 Quod

326 1885 520 1940 urgeas
543 1879 931 1926 memorantem
945 1869 1356 1939 responsionem
1375 1869 1582 1926 Thaleti
1601 1869 1924 1940 philosomto
1951 1868 2000 1929 B
2030 1880 2143 1920 vero
2170 1865 2279 1919 sine
2302 1879 2515 1935 corpore
2544 1862 2648 1917 ulto
2682 1860 2850 1916 Deum
2870 1862 2979 1917 vult
3007 1879 3134 1928 esse,
3173 1873 3231 1917 ut
3258 1861 3423 1919 erci
3453 1863 3630 1919 dicunt

324 1974 377 2017 et
406 1954 751 2034 physicorum
782 1961 1011 2032 principi
1030 1968 1177 2018 recte
1199 1976 1522 2031 congruere,
1549 1962 1772 2017 minime
1795 1976 1926 2017 vero

326 2054 626 2120 Simonidi,
675 2055 764 2126 qui
797 2055 1041 2125 poeticm,
1070 2066 1130 2109 ut
1153 2053 1279 2109 alibi
1297 2053 1529 2109 vidimus
1548 2095 1563 2119 ,
1590 2068 1807 2124 operam
1833 2052 1927 2110 da-

326 2152 421 2208 bat
452 2149 741 2224 (Dissertat.
764 2152 817 2205 in
838 2148 1036 2205 Minue.
1057 2148 1263 2216 Oetam,
1290 2164 1408 2218 cap.
1437 2149 1492 2216 5,
1513 2159 1612 2202 art.
1638 2149 1675 2203 2
1693 2165 1708 2213 ;
1727 2158 1773 2203 et
1799 2156 1921 2203 tom.

326 2243 371 2298 1.
404 2244 656 2314 Apparat.
682 2259 801 2315 pag.
834 2240 1019 2314 1284).
1060 2241 1192 2296 Nam
1219 2249 1402 2311 poeta:
1431 2239 1573 2311 apud
1602 2239 1849 2297 ethnicos
1873 2240 1927 2296 in

333 2337 707 2407 theologorum
732 2334 1067 2390 habebantur
1094 2348 1342 2389 numero.

400 2429 640 2500 Denique
687 2427 964 2495 Minutius,
1017 2425 1295 2482 Ciceronis
1349 2424 1662 2481 testimonio
1714 2424 1923 2493 fretus,

326 2523 502 2595 potuit
527 2519 865 2587 Tertulliani,
897 2519 1110 2575 tametsi
1138 2518 1309 2589 plura,
1337 2518 1474 2572 sicut
1502 2516 1924 2584 observavimus,

329 2629 394 2668 ex
426 2613 541 2685 «jus
582 2613 731 2667 libris
761 2611 1095 2679 excerpscrit
1115 2652 1129 2675 ,
1161 2610 1304 2665 hanc
1331 2609 1608 2680 corrigere
1655 2607 1723 2662 de
1755 2608 1928 2678 primo

329 2706 557 2762 Thalete
583 2715 636 2761 et
658 2704 846 2761 Ct'ceso
874 2704 1206 2776 Opinionem.
1258 2703 1323 2758 Et
1352 2713 1498 2758 certe
1547 2700 1816 2772 quomodo
1844 2700 1930 2757 hic

330 2799 529 2856 Thales
572 2797 639 2854 de
684 2798 966 2853 Divinitate
1007 2797 1366 2866 interrogatus
1408 2794 1539 2849 nihil
1598 2793 1930 2864 respondere

327 2907 492 2949 ausus
513 2890 723 2956 fuisset,
748 2891 859 2963 qui,
882 2891 1020 2946 sicut
1046 2888 1170 2944 alibi
1203 2899 1319 2959 post
1339 2888 1587 2944 eumdem
1612 2886 1927 2943 Ciceronem

329 2984 738 3059 annotavimus,
772 2992 876 3038 tam
931 2992 1080 3039 certo
1130 2998 1289 3054 quam
1337 2981 1472 3036 falso
1514 2981 1696 3035 docuit
1734 2994 1928 3051 aquam

329 3094 452 3135 esse
474 3093 649 3133 rerum
675 3078 912 3132 omnium
943 3077 1192 3143 initium,
1223 3092 1286 3131 ac
1312 3076 1479 3130 Deum
1511 3081 1743 3129 mentem
1767 3089 1887 3128 esse
1907 3115 1923 3140 ,

327 3188 446 3244 qua:
474 3189 540 3229 ex
584 3187 719 3244 aqua
743 3171 920 3226 omnia
953 3170 1203 3226 formavit
1230 3169 1441 3239 (Cicer.,
1470 3168 1558 3222 lib.
1590 3167 1611 3222 Ι
1639 3167 1702 3221 de
1731 3165 1926 3220 Ναξίαν.

2030 1966 2282 2030 acapna:
2303 2000 2317 2024 ,
2358 1958 2412 2012 id
2448 1958 2599 2028 quale
2657 1973 2764 2019 esse
2815 1957 3004 2028 possit,
3053 1957 3273 2028 intelligi
3314 1974 3417 2012 non
3469 1966 3631 2030 potest

2028 2051 2216 2125 (Cicer.
2252 2053 2290 2107 ι.
2322 2050 2337 2105 Ι
2367 2052 2430 2105 de
2457 2050 2650 2105 Natur.
2669 2053 2835 2116 deor.,
2865 2065 2985 2120 pag.
3008 2047 3141 2117 200,
3168 2050 3206 2105 ι.
3234 2048 3395 2122 XIII).
3424 2050 3625 2107 Eadem

2029 2146 2098 2201 de
2124 2145 2229 2202 hoc
2249 2143 2693 2216 philosophorum
2718 2142 2959 2212 principe
2983 2148 3169 2196 narrat
3192 2140 3439 2197 Laertius
3466 2160 3480 2198 :
3510 2139 3635 2213 Opi-

2030 2249 2211 2304 natur,
2240 2238 2445 2309 inquit,
2471 2236 2717 2300 animam,
2737 2234 2865 2289 sicut
2897 2232 3084 2301 Deum,
3107 2249 3216 2288 esse
3255 2234 3630 2307 incorporalem

2030 2341 2284 2410 ἀσώματον
2340 2332 2465 2386 εἶναι
2504 2328 2729 2401 (Laert.
2782 2328 2874 2382 ιὶο.
2936 2326 3047 2394 111,
3107 2327 3163 2383 in
3231 2327 3349 2383 Vita
3392 2326 3634 2398 Platon.,

2034 2427 2159 2501 §77
2186 2426 2226 2499 ).
2272 2425 2488 2482 Laertio
2526 2432 2705 2478 autem
2755 2421 3104 2487 Plutarchus,
3150 2418 3452 2489 Eusebius,
3483 2422 3637 2493 Apu-

2031 2520 2191 2586 leius,
2222 2527 2278 2575 et
2303 2516 2392 2572 alii
2424 2514 2782 2585 suffragantur
2807 2513 2824 2582 (
2842 2510 3142 2579 Plutarch.,
3174 2511 3265 2566 lib.
3301 2511 3408 2568 [de
3436 2510 3630 2569 Placit.

2020 2613 2360 2685 pltilosopli.,
2383 2627 2500 2681 cap.
2537 2609 2591 2673 7,
2627 2624 2747 2678 pag.
2792 2604 2919 2670 88!;
2966 2602 3157 2659 Euseb.
3186 2613 3320 2660 orat.
3348 2604 3626 2673 Constant,

2033 2704 2276 2778 pag.200
2300 2721 2315 2770 ;
2343 2702 2538 2758 Platon
2559 2713 2680 2756 tom.
2713 2698 2803 2765 Ill,
2832 2715 2952 2781 pag.
2985 2697 3175 2767 27-28,
3202 2708 3251 2753 et
3273 2698 3399 2755 alibi
3422 2698 3630 2770 Apulei.

2033 2798 2096 2853 de
2118 2797 2246 2853 Deo.

2103 2888 2507 2959 Quantumlibet
2545 2898 2724 2944 autem
2760 2903 2885 2944 vera
2914 2887 2984 2942 sit
3021 2886 3141 2943 haec
3169 2884 3383 2957 opinio,
3417 2885 3484 2942 ab
3514 2884 3632 2943 aliis

2035 2991 2210 3039 tamen
2258 2984 2549 3054 gentilibus
2595 2981 2932 3053 philosophis
2963 2980 3163 3049 rejecta
3199 2988 3302 3035 est.
3340 2977 3473 3034 Nam
3509 2978 3633 3036 Vel-

2031 3075 2165 3130 leius
2189 3073 2328 3144 apud
2354 3075 2689 3141 Ciceronem,
2720 3075 2794 3128 uti
2826 3088 2951 3128 mox
2981 3071 3629 3139 dicebatuus,conteude-

2031 3166 2123 3220 bat
2152 3166 2371 3235 intelligi
2393 3182 2498 3220 non
2527 3181 2684 3236 posse
2708 3165 2834 3235 quid
2865 3164 3091 3235 qualeve
3116 3166 3185 3218 sit
3214 3162 3355 3234 quod
3386 3162 3630 3235 incorpo-

329 3265 472 3319 deor.
494 3307 509 3331 ,
541 3282 658 3337 pug.
693 3263 797 3319 199
823 3279 837 3329 ;
870 3261 1145 3317 Dissertat.
1176 3261 1227 3315 in
1255 3260 1451 3314 Minut.
1482 3276 1597 3330 cap.
1629 3259 1699 3325 4,
1734 3269 1835 3312 art.
1870 3259 1922 3324 1;
1951 3257 1997 3321 C
2031 3272 2181 3312 reum
2211 3267 2430 3311 vocatur
2469 3258 2487 3327 (
2517 3257 2744 3324 Socrat.,
2769 3255 2957 3321 Cicer.,
2992 3258 3090 3311 loc.
3115 3257 3203 3310 cit.
3243 3256 3283 3326 ).
3313 3253 3498 3326 Neque
3539 3255 3630 3309 alii

330 3369 377 3412 et
422 3360 474 3411 in
502 3356 737 3413 Lactant.
771 3374 888 3428 cap.
936 3355 1034 3422 12,
1061 3364 1162 3409 art.
1217 3356 1296 3427 1).
1327 3354 1499 3410 Nemo
1541 3361 1719 3407 autem
1771 3351 1928 3407 nobis

328 3452 573 3523 probavit
598 3451 749 3506 illum
792 3448 860 3504 de
904 3448 1005 3503 bac
1030 3446 1430 3515 sententia,aut
1456 3444 1741 3515 aliquando
1768 3443 1928 3498 dubi-

331 3554 479 3600 tasse
501 3585 516 3609 ,
548 3552 641 3597 aut
689 3557 810 3597 eam
841 3555 1075 3611 unquam
1100 3548 1360 3594 mutasse.
1388 3536 1443 3593 Si
1473 3537 1591 3608 quis
1613 3550 1773 3607 porro
1800 3534 1929 3590 illud

331 3636 398 3692 de
430 3637 539 3692 Deo
577 3650 895 3707 responsum
925 3633 1134 3690 Thaleti
1161 3630 1400 3688 secundo
1439 3628 1781 3686 tribuendum
1808 3643 1931 3685 esse

345 3728 672 3802 probaverit,
696 3726 920 3783 delenda
936 3742 1056 3781 esse
1085 3722 1335 3781 ostendet
1354 3738 1423 3778 ex
1447 3720 1759 3777 Tertulliani
1782 3729 1931 3776 textu

330 3823 449 3880 haec
500 3822 661 3878 verba
696 3821 1073 3893 :Pltysicornm
1128 3818 1379 3889 princeps.
1431 3815 1722 3879 Caeterum,
1750 3814 1931 3884 cujus-

330 3934 561 3989 cumque
615 3913 916 3988 philosophi
964 3912 1122 3969 fuerit
1170 3911 1259 3966 illa
1299 3895 1616 3981 responsio,
1646 3908 1765 3978 quis
1809 3923 1927 3963 eam

328 4012 398 4066 ab
427 4012 520 4066 illo
549 4010 819 4066 adsertam
843 4025 963 4065 esse
994 4009 1046 4063 in
1078 4006 1296 4063 dubium
1339 4001 1594 4060 vocabit?
1625 4001 1805 4056 Palam
1829 4002 1930 4073 igi-

328 4114 416 4160 tur
443 4102 722 4159 cont‘essus
745 4111 829 4158 est
850 4101 1087 4174 ignotam
1113 4098 1214 4155 sibi
1238 4097 1399 4153 fuisse
1421 4094 1783 4151 Divinitatem.

405 4202 475 4256 In.
507 4199 742 4255 secundo
786 4206 962 4252 autem
994 4194 1060 4249 ad
1089 4193 1348 4249 Nationes
1384 4190 1522 4246 libro
1566 4187 1930 4245 'l‘ertullianus

329 4294 542 4350 Thaleti
574 4291 835 4364 prmuiisit
856 4290 1147 4360 Diogenem
1169 4328 1185 4355 ,
1213 4288 1300 4358 qui
1329 4287 1591 4340 consultus
1614 4282 1737 4353 quid
1758 4283 1806 4335 in
1831 4297 1931 4335 cm-

331 4388 394 4443 lis
438 4397 620 4458 agatur
667 4384 922 4457 (ipsamet
962 4391 1090 4436 sunt
1132 4380 1277 4435 illius
1322 4376 1553 4450 verba):
1604 4376 1926 4445 Nunquam,

334 4479 543 4550 inquit,
590 4478 644 4530 in
691 4475 870 4529 (mlum
932 4472 1173 4526 adsceudi
1201 4470 1443 4544 (Tertull.
1478 4471 1565 4525 lib.
1613 4468 1659 4525 Il
1698 4470 1766 4523 ad
1796 4467 1923 4522 Nat.

337 4588 455 4641 cap.
510 4567 607 4640 2).
668 4566 823 4633 Item,
877 4582 943 4619 an
1013 4565 1085 4617 dii
1136 4573 1298 4621 essent
1346 4580 1364 4618 :
1415 4563 1637 4629 Nescio,
1706 4577 1931 4632 reSpon-

2032 3348 2193 3402 etiam
2220 3346 2526 3418 philosophi
2550 3348 2818 3417 explicare
2848 3357 3136 3418 potuerunt
3155 3362 3275 3419 qua:
3303 3346 3374 3401 sit
3398 3360 3524 3402 vera
3546 3343 3625 3401 rei

2034 3440 2368 3510 incorporeas
2391 3440 2509 3495 idea
2531 3449 2586 3494 et
2613 3440 2781 3494 notio.

2103 3531 2267 3588 Stoici
2298 3547 2451 3597 vero,
2486 3532 2658 3602 pergit
2693 3533 2896 3586 Auctor
2930 3539 3132 3599 noster,
3166 3531 3337 3586 Deum
3368 3543 3628 3602 corpora-

2034 3625 2138 3679 lem
2187 3638 2309 3679 esse
2355 3622 2718 3693 praedicarunt
2756 3622 2777 3695 (
2815 3620 3123 3678 Tertullian.
3174 3622 3472 3694 Apologet.,
3501 3638 3625 3693 cap.

2035 3718 2162 3784 515,
2211 3727 2332 3772 ιοηι.
2392 3715 2416 3770 Ι
2464 3715 2739 3787 Apparat.,
2790 3715 2880 3771 lib.
2961 3714 3023 3771 lll
3055 3758 3071 3784 ,
3127 3716 3327 3771 dissert.
3394 3717 3421 3770 1
3450 3756 3467 3785 ,
3510 3731 3629 3787 cap.

2035 3814 2124 3880 11,
2148 3821 2249 3866 art.
2289 3809 2358 3877 2;
2391 3804 2663 3865 Dissertat.
2695 3811 2750 3865 in
2777 3808 2990 3877 Minut.,
3022 3827 3138 3881 cap.
3176 3810 3231 3877 ι,
3262 3818 3361 3866 art.
3396 3810 3525 3882 10).
3556 3810 3634 3868 De

2033 3906 2136 3962 bac
2174 3912 2352 3961 autem
2395 3904 2695 3960 Stoicorum
2740 3905 3026 3974 opinione,
3059 3920 3179 3977 qua:
3218 3906 3365 3973 suis,
3412 3915 3634 3977 propter

2034 4001 2247 4056 illorum
2280 3999 2690 4070 repugnantias,
2719 3997 3124 4055 difficultatibus
3162 4015 3267 4055 non
3309 4009 3485 4069 caret,
3530 4015 3630 4058 nos

2033 4093 2163 4148 alibi
2196 4091 2607 4162 disputavimus.
2641 4090 2831 4145 Plures
2856 4100 3035 4146 autem
3066 4092 3366 4162 citavimus,
3391 4095 3479 4165 qui
3503 4094 3627 4151 illos

2032 4186 2086 4241 in
2120 4185 2263 4240 hunc
2283 4199 2521 4240 errorem
2545 4198 2730 4239 revera
2754 4183 2932 4253 lapsos
2959 4182 3122 4240 fuisse
3144 4186 3516 4242 testiﬁcantur.

2104 4278 2454 4349 Prosequitur
2481 4276 2873 4333 Tertullianus:
2906 4276 3030 4341 Alii,
3063 4277 3312 4333 nimirum
3361 4279 3625 4350 Epicurus

2034 4373 2257 4445 ejusque
2284 4378 2600 4437 sectatores,
2627 4385 2688 4424 ea:
2712 4370 2914 4436 atomis,
2947 4370 3040 4424 alii
3060 4386 3125 4424 ea:
3166 4372 3412 4439 numeris,
3434 4389 3630 4444 quem-

2033 4463 2322 4521 admodum
2380 4461 2745 4533 Pythagoras,
2777 4462 2870 4515 alii
2926 4477 2989 4516 επ
3031 4462 3178 4532 igne,
3206 4461 3344 4517 sicut
3387 4463 3629 4520 Heracli-

2036 4568 2140 4627 tus,
2174 4559 2343 4613 Deum
2370 4562 2620 4611 constare
2648 4554 2954 4625 garriehant
2981 4556 3001 4629 (
3024 4553 3357 4622 Tertullian.,
3387 4555 3485 4612 loc.
3510 4557 3625 4626 cit.,

330 4663 409 4720 dit
431 4704 443 4728 ,
473 4662 571 4716 nisi
602 4669 656 4713 ut
696 4659 793 4713 sint
822 4656 1091 4727 expedire,
1128 4656 1229 4710 hoc
1259 4663 1361 4720 est,
1391 4654 1585 4710 Nescio
1605 4696 1619 4719 ,
1643 4654 1740 4710 sed
1766 4670 1926 4711 cunc-
1949 4652 2007 4715 D
2032 4663 2155 4707 tom.
2185 4650 2223 4717 l,
2253 4650 2525 4722 Apparat.,
2549 4667 2668 4721 pag.
2702 4649 2848 4715 455;
2874 4648 3147 4704 Dissertat.
3192 4650 3245 4703 in
3287 4647 3475 4705 Μίνωι.
3526 4648 3627 4703 loc.

332 4757 399 4811 tis
420 4754 550 4809 utile
578 4759 737 4807 estet
764 4748 977 4820 expedit
1004 4747 1136 4803 deos
1161 4762 1300 4802 esse.
1317 4746 1433 4801 Non
1458 4747 1684 4801 multum
1711 4746 1925 4816 quidem

331 4863 359 4902 a
394 4847 572 4918 priore
594 4857 855 4911 responso
874 4840 1003 4895 illud
1029 4840 1215 4907 abest,
1245 4837 1389 4909 quod
1416 4853 1446 4893 a
1477 4837 1714 4909 Diogene
1736 4840 1931 4909 cynico

333 4939 534 4995 homini
570 4937 639 4993 de
691 4934 1000 4993 caelestibus
1059 4932 1342 4988 disserenti
1384 4931 1564 4986 datum
1586 4930 1833 4987 Laertius
1853 4932 1931 4988 sic

332 5033 511 5088 retulit
534 5049 547 5086 :
579 5035 805 5091 uenatio;
831 5036 973 5101 πάρει
999 5032 1099 5083 οἱπὸ
1142 5033 1225 5082 τοῦ
1260 5030 1474 5097 οὖρανοῦ,
1508 5024 1846 5093 Quandonam
1871 5024 1935 5079 de

335 5123 460 5177 cazlo
484 5124 658 5178 venisti
679 5122 872 5193 (Laert.
892 5123 931 5176 ι.
948 5120 1037 5176 VI.
1060 5120 1123 5175 de
1149 5118 1248 5174 Vit.
1270 5118 1496 5191 Diog.,§
1529 5118 1657 5189 39)?
1687 5119 1757 5173 At
1785 5116 1928 5184 vide,

338 5228 524 5287 quaeso
546 5255 560 5281 ,
593 5224 770 5269 utrum
799 5231 827 5268 a
855 5213 1090 5270 secunda
1137 5213 1349 5284 longius
1379 5211 1520 5266 absit
1549 5210 1665 5265 haec
1691 5209 1932 5280 ejusdem

338 5306 589 5378 Diogenis
608 5307 894 5362 sciscitanti
915 5307 1086 5379 Lysim
1109 5304 1629 5377 pharmacopolaman
1656 5303 1787 5359 deos
1813 5316 1934 5360 esse

335 5403 586 5461 crederet
612 5445 628 5464 ,
660 5404 935 5472 responsio
972 5422 984 5457 :
1015 5411 1116 5463 Πῶς
1166 5405 1217 5457 οὗ
1243 5409 1437 5470 νομίζω,
1464 5405 1584 5453 ὅπου
1623 5404 1703 5453 καὶ
1724 5421 1772 5451 σε
1813 5400 1934 5457 θεοῖς

337 5510 505 5575 εχθρῦν
534 5502 868 5563 υιπολαμϐένω,
903 5495 1168 5562 Quomodo
1187 5514 1288 5552 non
1313 5498 1486 5565 credo,
1516 5498 1601 5568 qui
1622 5508 1669 5551 te
1710 5498 1807 5551 diis
1832 5496 1935 5550 ini-

334 5597 525 5652 micum
573 5600 694 5657 puto
726 5589 914 5663 (lbid.,
944 5591 972 5664 §
1003 5591 1075 5646 42
1099 5591 1151 5663 )?
1191 5591 1298 5648 Nos
1338 5602 1515 5649 tamen
1562 5592 1806 5648 Laertius
1836 5593 1933 5648 ibi-

336 5690 462 5747 dem
494 5686 752 5743 admonet
783 5685 917 5741 hanc
945 5687 1261 5742 sententiam
1293 5686 1455 5742 tribui
1497 5686 1819 5755 Theodoro,
1842 5688 1933 5758 qui

335 5779 482 5840 haud
511 5778 675 5834 dubie
705 5777 893 5831 atheus
914 5820 927 5843 ,
959 5786 1018 5833 ut
1062 5792 1093 5832 a
1125 5776 1279 5833 nobis
1306 5777 1445 5833 haud
1473 5779 1639 5835 semel
1677 5779 1935 5835 observa-

336 5888 453 5934 tum
472 5917 487 5943 ,
518 5868 928 5945 cognominatus
963 5880 1067 5927 est.
1099 5869 1156 5926 Si
1180 5885 1242 5926 ea
1274 5879 1449 5927 tamen
1481 5886 1601 5942 qua:
1639 5870 1932 5928 Tertullia.

2034 4746 2121 4800 cit.
2162 4743 2435 4799 Dissertat.
2464 4744 2518 4797 in
2544 4741 2808 4810 Lactant.,
2831 4758 2947 4814 cap.
2981 4742 3070 4807 12,
3103 4751 3202 4798 art.
3233 4741 3310 4813 1).
3339 4740 3403 4796 lli
3446 4749 3627 4798 autem

2034 4853 2227 4895 omnes
2273 4837 2631 4909 opinabantur
2678 4851 2740 4892 ea
2789 4850 2911 4892 esse
2966 4836 3136 4906 prima
3177 4849 3355 4890 rerum
3387 4834 3629 4891 omnium

2035 4931 2316 5005 principia,
2342 4946 2441 4987 nec
2470 4931 2605 4985 alios
2631 4944 2750 4986 esse
2779 4928 2932 4995 deos,
2957 4937 3016 4984 ut
3039 4927 3167 4984 alibi
3195 4943 3292 4984 nec
3317 4930 3483 4989 semel
3513 4930 3631 5001 qui-

2035 5027 2158 5082 dem
2185 5025 2676 5081 animadvertimus.

2107 5118 2292 5190 Neque
2323 5119 2499 5174 minus
2524 5115 2805 5172 manifeste
2830 5114 3173 5187 probavimus
3199 5117 3375 5172 varias
3402 5159 3416 5184 ,
3444 5127 3499 5174 et
3526 5118 3631 5175 sibi

2038 5213 2266 5270 invicem
2307 5211 2579 5282 Oppositas
2625 5210 2789 5266 fuisse
2840 5209 3277 5280 philosophorum
3309 5209 3379 5266 de
3425 5210 3629 5281 divina,

2039 5306 2178 5362 sicut
2202 5303 2679 5370 aitTertnllianus,
2711 5300 3046 5375 providentia
3077 5301 3365 5373 opiniones
3394 5320 3408 5357 :
3439 5302 3630 5359 Plato-

2038 5397 2141 5451 nici
2195 5396 2359 5459 enim,
2391 5396 2559 5465 inquit
2581 5395 2687 5461 ille,
2719 5403 2976 5449 curantem
2997 5408 3168 5446 rerum
3193 5409 3208 5459 ;
3234 5404 3408 5448 contra
3441 5391 3636 5465 Epicu-

2036 5497 2109 5553 rei
2131 5496 2346 5551 otiosum
2376 5503 2424 5547 et
2452 5492 2794 5557 inexercitum,
2828 5499 2875 5546 et
2915 5498 2970 5542 ut
2998 5488 3071 5541 ita
3092 5487 3309 5542 dixerim
3327 5529 3341 5551 ,
3384 5486 3635 5541 neminem

2041 5590 2276 5647 humanis
2330 5589 2479 5643 rebus
2524 5603 2631 5641 esse
2684 5584 3028 5657 pra'dicabant
3083 5580 3440 5652 (Tertullian.
3485 5581 3627 5651 Apo-

2036 5687 2215 5758 loget.,
2268 5700 2383 5751 cap.
2436 5683 2526 5748 47,
2581 5690 2629 5736 et
2685 5680 2771 5736 lib.
2832 5679 2874 5735 11
2930 5679 2997 5734 ad
3060 5676 3299 5744 Nation.,
3333 5693 3452 5747 cap.
3509 5676 3616 5748 2).

2037 5780 2115 5836 De
2164 5777 2388 5834 Platone
2440 5778 2482 5831 si
2541 5776 2693 5846 plura
2740 5773 2895 5839 velis,
2964 5774 3049 5830 adi
3106 5771 3404 5834 Laertium,
3437 5778 3494 5826 et
3537 5768 3633 5824 di.

2036 5881 2246 5931 ceutem
2274 5859 2458 5929 a'udies
2494 5878 2687 5925 τοῖετειι
2730 5869 2810 5924 καὶ
2850 5874 2972 5929 θεοὺς
3016 5873 3181 5938 ἰρθρᾷν
3222 5870 3308 5942 ,τὰ
3325 5866 3635 5940 ξάνθρὼτινι.
