4090 6358
330 317 439 399 ρει

1474 309 1925 375 DlSSERTATlO
1965 309 2035 371 D.
2074 307 2163 372 LE
2196 310 2543 374 MURRY.’

336 435 523 510 g’nare,
546 448 705 509 quam
728 434 783 509 id
807 432 892 494 vel
915 434 1113 495 intima:
1140 434 1301 497 sortis
1316 433 1609 495 christiano
1631 442 1936 507 promptum
1962 436 2017 500 Α
2041 443 2089 489 et
2116 451 2233 506 cap.
2262 434 2328 490 21
2357 433 2398 508 ).
2463 434 2620 504 Quod
2665 433 2881 508 quidem
2919 435 2988 495 ab
3040 450 3105 493 eo
3158 437 3447 511 repetitum
3480 478 3496 506 ,
3523 449 3577 495 et
3602 454 3636 495 a

337 530 601 603 facileque
625 530 744 586 fuit.

408 623 607 685 Verum
635 622 762 687 illud
790 622 970 683 adhuc
996 622 1321 679 auctoritate
1346 620 1699 681 conﬁrmatur
1744 619 1928 677 Plato-

2037 524 2259 583 blinntio
2321 526 2533 594 Felice,
2586 536 2645 583 ut
2695 529 2823 584 stibi
2871 529 3391 599 animadvertimus,
3459 540 3635 587 trans-

2033 622 2263 692 criptum
2313 632 2396 678 εει
2444 621 2756 694 (Dissertat.
2812 625 2866 678 in
2891 623 3079 679 Minut.
3131 624 3335 692 Oetam,
3387 641 3503 696 cap.
3553 625 3627 693 2,

334 715 440 783 nis,
472 716 681 779 illorum
715 717 953 777 omnium
994 718 1149 773 facile
1195 715 1472 788 principis,
1496 715 1610 786 qui,
1643 714 1785 773 sicut
1810 712 1931 783 ipse
2033 724 2133 770 art.
2165 716 2201 772 ὅ
2229 714 2272 786 ).
2300 714 2405 772 Sed
2436 717 2579 787 quod
2601 716 2669 773 de
2690 716 2794 773 hoc
2825 718 2917 773 Dei
2945 717 3110 774 verbo
3139 718 3506 776 Tertullianus
3526 719 3626 776 do—

337 807 698 875 Tertnllianus
734 821 1003 877 memorat
1043 826 1245 881 nosque
1286 809 1427 865 baud
1474 809 1640 869 semel
1680 806 1926 867 animad-

334 906 620 973 vertimus,
640 906 821 979 palam
850 904 1122 976 professus
1144 914 1226 963 est
1247 946 1262 971 ,
1286 905 1626 973 factitatorem
1676 901 1925 965 uniuersi-

338 999 458 1055 totis
482 1014 644 1069 neque
694 999 913 1054 inveniri
954 997 1180 1069 facilem,
1206 1007 1253 1054 et
1300 998 1563 1053 inventum
1598 996 1830 1067 enarrari
1872 997 1928 1053 in

334 1108 508 1166 omnes
579 1090 833 1163 difﬁcilem
878 1089 1243 1161 (Tertullian.
1319 1090 1612 1163 Apologet.,
1661 1106 1780 1160 cap.
1832 1090 1925 1157 ιϐ,

334 1185 478 1243 Plat.
504 1184 638 1241 Tim.
666 1203 789 1258 pag.
812 1185 881 1242 28
906 1187 944 1253 ).
972 1183 1333 1252 Quamobrem
1363 1193 1658 1247 sectatores
1682 1182 1819 1252 ejus,
1844 1180 1927 1239 uti

330 1278 438 1335 alio
466 1279 520 1333 in
551 1279 690 1345 libro
715 1281 792 1334 ait
816 1280 1016 1337 Auctor
1043 1286 1248 1346 noster,
1281 1278 1451 1344 illum,
1479 1294 1628 1350 quem
1656 1293 1758 1332 non
1782 1276 1927 1347 peni-

331 1378 413 1424 tus
443 1370 753 1427 admiserant
771 1411 786 1437 ,
823 1386 982 1441 neque
1008 1385 1157 1429 nosse
1190 1379 1469 1439 potuerunt
1496 1410 1511 1435 ,
1538 1384 1699 1439 neque
1727 1368 1923 1432 timere,

330 1476 419 1519 nec
438 1461 559 1529 inde
577 1476 775 1532 sapere,
801 1461 1142 1517 exorbitantes
1168 1461 1358 1517 scilicet
1384 1460 1446 1514 ab
1469 1460 1617 1517 initio
1636 1458 1921 1531 sapientia,

327 1550 382 1604 id
411 1559 510 1617 est,
552 1561 693 1607 metu
732 1552 787 1607 in
826 1550 989 1607 Deum
1028 1550 1217 1623 (Tom.
1249 1550 1273 1608 Ι
1318 1552 1595 1624 Apparat.,
1630 1567 1748 1623 pag.
1794 1549 1921 1618 948;

326 1643 598 1699 Dissertat.
640 1646 694 1699 in
742 1643 933 1700 Minut.
966 1645 1170 1713 Oetam,
1196 1655 1313 1717 cap.
1353 1647 1410 1711 ι,
1432 1655 1534 1700 art.
1558 1643 1653 1719 2).
1688 1644 1925 1712 Quilibet

326 1752 457 1793 vero
484 1736 811 1795 cltristianus
836 1739 983 1793 illum
1017 1738 1239 1801 invenit,
1266 1748 1323 1797 et
1348 1738 1489 1809 quod
1509 1738 1563 1793 in
1595 1737 1701 1792 Deo
1732 1737 1924 1807 quieri-

2033 815 2137 875 cet,
2162 807 2296 879 jam,
2320 809 2364 864 si
2390 808 2588 881 placet,
2615 809 2901 881 diligenter
2923 811 3309 882 expendamus.

2629 938 2855 1000 CAPUT
2897 943 3031 997 VIII.

2519 1086 2600 1143 De
2626 1086 2812 1142 Christi
2837 1087 3116 1147 divinitate.

2559 1217 2852 1257 ABTICULUS
2880 1216 3092 1257 Ρωκσε.

2032 1318 2108 1374 De
2137 1321 2291 1375 variis
2320 1318 2447 1375 Filii
2471 1318 2569 1374 Dei
2594 1319 2901 1385 nominibus,
2934 1335 2993 1373 ac
3014 1335 3168 1389 quant
3203 1318 3481 1373 luculenter
3503 1318 3628 1373 Ter-

2102 1413 2348 1469 tullianus
2395 1414 2574 1469 doceat
2626 1414 2731 1468 ueri
2784 1414 3065 1484 summique
3117 1412 3210 1467 Dei
3260 1413 3504 1467 attributa
3555 1414 3634 1468 illi

2100 1506 2383 1573 convenire,
2417 1522 2627 1577 euntque
2652 1521 2811 1560 unum
2849 1515 2896 1560 et
2938 1514 3181 1560 wternum
3211 1521 3326 1559 cum
3359 1503 3516 1559 Patre
3539 1521 3632 1560 suo

2101 1613 2206 1653 esse
2229 1597 2415 1653 Deum.

2099 1735 2236 1806 Quid
2257 1736 2327 1793 sit
2348 1735 3075 1817 Verbum,Ratio,Sermo,et
3094 1735 3266 1801 Filius
3290 1735 3470 1801 Dei,ut
3494 1736 3618 1792 Ter-

328 1839 428 1897 ιω,
454 1846 513 1884 re
538 1845 738 1902 quoque
764 1829 1001 1902 adsignat
1020 1830 1373 1901 (Tertulliatt.,
1397 1829 1488 1887 lib.
1510 1828 1558 1885 ll
1577 1830 1647 1893 ad
1678 1828 1920 1898 Notium,
1953 1841 2002 1902 Β
2032 1832 2286 1903 tulliauns
2315 1831 2565 1903 omnibus
2592 1831 2895 1902 patefaciet,
2919 1829 3131 1889 duobus
3152 1829 3331 1886 modis
3356 1838 3412 1889 et.
3432 1830 3623 1896 Deum,

327 1937 443 1995 cap.
473 1920 590 1995 2)?
627 1922 800 1992 ipsum
858 1920 1107 1979 videlicet
1153 1937 1276 1981 esse
1328 1938 1531 1987 unum,
1587 1923 1923 1993 omnipoten-

329 2022 459 2081 tem,
490 2014 784 2082 inﬁnitum,
819 2015 1006 2071 mundi
1034 2024 1357 2081 creatorem,
1388 2023 1444 2071 et
1493 2030 1609 2085 quo
1648 2015 1777 2071 nihil
1810 2030 1925 2073 ma-

325 2106 413 2177 jus
473 2105 776 2178 meliusque
816 2108 1107 2179 excogitari
1170 2116 1367 2179 potest.
1414 2106 1750 2178 Quapropter
1801 2122 1923 2165 eum

326 2196 498 2263 timet,
528 2206 582 2257 et
611 2198 769 2270 longe
796 2198 966 2270 magis
994 2199 1156 2271 sapit,
1180 2214 1337 2270 quam
1360 2198 1421 2254 bi
1444 2198 1660 2255 exteris
1689 2198 1925 2270 philoso-

329 2291 448 2362 phis
470 2292 850 2362 sapientiores.

397 2381 639 2453 Denique
664 2398 774 2439 non
800 2384 1078 2439 minimam
1106 2383 1284 2440 adhuc
1320 2398 1382 2441 ea
1412 2383 1731 2443 Tertulliani
1757 2382 1922 2451 yerba

329 2472 529 2530 habent
564 2474 958 2543 difﬁcultatem,
989 2476 1185 2546 quibus
1210 2476 1355 2531 aliud
1384 2476 1828 2547 philos0phorum
1855 2478 1927 2537 de

329 2566 443 2623 Dco
486 2569 668 2624 mundi
717 2579 963 2624 creatore
1003 2567 1280 2625 dissidium
1312 2569 1515 2625 notavit
1542 2587 1556 2623 :
1588 2568 1776 2627 Totum
1801 2612 1817 2638 ,
1844 2572 1926 2631 in-

329 2662 467 2732 quit,
496 2661 592 2716 hoc
614 2662 790 2719 mundi
808 2678 1015 2734 corpus,
1037 2663 1139 2718 sive
1158 2663 1390 2719 innatum
1408 2674 1454 2719 et
1479 2665 1724 2737 infectum
1746 2681 1928 2720 secun-

316 2754 455 2807 dum
484 2752 855 2826 Pythagoram,
887 2756 991 2811 siue
1014 2764 1191 2811 natum
1215 2766 1260 2810 et
1286 2758 1481 2827 factum
1501 2757 1778 2815 secundum
1800 2757 1928 2812 Pla-

332 2856 497 2900 tonem
531 2849 547 2914 (
578 2844 875 2903 Tertullian.
901 2846 1191 2919 Apologet.,
1216 2864 1336 2918 cap.
1366 2849 1456 2914 11,
1485 2867 1541 2919 p.
1566 2848 1717 2920 352).
1748 2849 1921 2917 Quam

332 2940 473 2996 enim
496 2949 704 2995 certum
724 2951 807 2996 est
830 2940 972 2999 hanc
993 2941 1062 2998 de
1085 2942 1288 3001 mundo
1305 2951 1493 2999 creato
1515 2943 1700 3011 fuisse,
1725 2954 1782 3001 ut
1801 2944 1926 3003 alibi

333 3034 687 3102 ostendimus,
722 3034 963 3098 Platonis
985 3034 1317 3103 Opinionem,
1342 3044 1455 3093 tam
1480 3035 1677 3097 falsum
1712 3038 1926 3101 videtur

333 3126 690 3200 Pythagomm
759 3128 1008 3185 docuisse
1057 3128 1201 3189 illum
1275 3128 1512 3187 innatum
1562 3141 1625 3187 et
1662 3131 1919 3191 intectum

2027 1938 2083 1983 et
2109 1927 2343 1991 Vedium
2382 1927 2475 1985 Dei
2502 1926 2698 1995 Filium
2723 1924 3056 1987 considerari
3076 1938 3237 1994 posse
3257 1922 3434 1980 docet.
3456 1922 3628 1983 Ambo

2027 2018 2169 2091 enim
2201 2018 2436 2090 spectari
2464 2025 2696 2089 possunt
2718 2028 3009 2088 antequam
3046 2016 3161 2086 ipse
3199 2015 3339 2072 Deus
3367 2015 3626 2075 mundum

2028 2110 2109 2166 vel
2140 2118 2439 2165 creaturam
2474 2108 2633 2162 ullam
2666 2107 2989 2174 condiderit,
3022 2106 3108 2165 vel
3137 2106 3353 2178 quando
3398 2105 3629 2165 mundus

2028 2203 2096 2256 ab
2123 2215 2189 2257 eo
2217 2209 2430 2256 creatus
2450 2208 2552 2255 est.
2583 2199 2659 2255 De
2688 2206 2917 2271 utroque
2942 2207 3122 2253 autem
3141 2207 3267 2252 ante
3295 2195 3625 2253 creationem

2028 2292 2212 2350 mundi
2260 2292 2363 2348 hoc
2408 2303 2659 2364 tauquam
2718 2291 3080 2347 certissimum
3131 2288 3449 2347 constituit:
3500 2289 3629 2343 Ante

2029 2386 2201 2441 omnia
2238 2384 2378 2440 Deus
2420 2395 2527 2440 erat
2565 2383 2725 2452 solus,
2754 2388 2864 2454 ipse
2899 2383 2993 2439 sibi
3033 2384 3275 2452 mundus,
3307 2393 3354 2438 et
3389 2382 3551 2451 locus,
3582 2393 3630 2440 et

2028 2479 2220 2533 omnia.
2252 2476 2408 2533 Solus
2428 2486 2620 2543 autem,
2647 2478 2767 2548 quia
2792 2476 2919 2530 nihil
2943 2477 3086 2531 aliud
3115 2478 3424 2532 extrinsecus
3446 2486 3630 2548 prazter

2026 2573 2193 2627 illum.
2214 2570 2464 2625 Caeterum
2484 2586 2547 2625 ne
2572 2580 2688 2625 tunc
2713 2569 2915 2644 quidem
2944 2570 3120 2635 solus;
3147 2569 3357 2622 habebat
3386 2570 3520 2622 enim
3545 2585 3628 2623 se-

2028 2682 2163 2732 cum,
2186 2682 2339 2735 quant
2363 2664 2573 2718 habebat
2599 2664 2651 2718 in
2669 2664 2959 2734 semetipso,
2981 2664 3231 2717 rationem
3253 2678 3398 2717 suam
3414 2663 3625 2735 scilicet.

2032 2760 2342 2827 Rationalis,
2367 2769 2412 2813 et
2437 2759 2568 2813 ratio
2597 2759 2649 2812 in
2675 2759 2786 2829 ipso
2829 2759 2992 2827 prius,
3017 2768 3062 2811 et
3084 2758 3156 2811 ita
3192 2758 3255 2812 ab
3277 2758 3388 2829 ipso
3432 2759 3625 2813 omnia.

2034 2854 2162 2923 Quae
2186 2854 2317 2909 ratio
2341 2868 2517 2908 sensus
2544 2852 2704 2923 ipsius
2729 2861 2818 2906 est.
2856 2851 3004 2906 Hanc
3036 2851 3200 2909 (ἔνωσὶ
3228 2856 3358 2925 λόγον
3403 2852 3579 2915 dicunt
3608 2896 3626 2922 ,

2028 2965 2130 3019 quo
2155 2949 2397 3003 vocabulo
2426 2947 2579 3003 etiam
2604 2962 2882 3002 sermonem
2909 2945 3246 3015 appellamus.
3274 2943 3503 3017 Ideoque
3513 2948 3631 3018 jam

2028 3042 2084 3096 in
2116 3058 2214 3096 ustt
2251 3052 2323 3095 est
2361 3049 2649 3094 nostrorum
2681 3055 2768 3108 per
2794 3036 3170 3110 simplicitatem
3198 3038 3633 3109 interpretationis

2030 3147 2309 3186 sermonem
2345 3130 2512 3184 dicere
2538 3130 2592 3183 in
2635 3128 2914 3199 primordio
2939 3128 3079 3198 apud
3102 3126 3269 3182 Deum
3308 3128 3481 3200 fuisse,
3515 3146 3635 3191 cum

332 3219 519 3287 fuisse.
547 3219 679 3277 Nam
715 3220 912 3278 ibidem
964 3219 1367 3285 observayimtts
1394 3236 1425 3275 ιι
1456 3222 1734 3281 Lactantio
1756 3223 1917 3285 adlir-
1952 3232 1997 3295 ί]
2031 3226 2196 3296 magis
2223 3224 2472 3278 rationem
2502 3232 2751 3293 competat
2776 3222 3110 3292 antiquiorem
3138 3221 3348 3286 haberi;
3383 3225 3504 3293 quia
3529 3240 3632 3278 non

335 3322 477 3369 male
513 3314 849 3383 pronuntiari
894 3329 1087 3372 omnes
1117 3315 1184 3370 ad
1224 3314 1517 3385 Epicurum
1548 3315 1925 3387 philosophos,

334 3420 399 3467 ac
439 3407 753 3463 nominatim
804 3406 1221 3479 Pythagoricos,
1267 3418 1578 3467 constanter
1619 3411 1928 3467 adseruisse

335 3497 597 3555 mundum
621 3513 743 3555 esse
768 3497 966 3566 factum
996 3510 1050 3559 et
1075 3501 1357 3573 creatum(
1387 3500 1664 3558 Dissertat.
1700 3504 1756 3559 in
1796 3503 1929 3559 Lac-

338 3599 494 3654 tant.,
515 3606 633 3660 cap.
664 3592 756 3657 Ἡ,
780 3576 879 3646 art.
909 3590 944 3645 2
962 3591 1006 3663 ).
1055 3592 1194 3660 Quin
1222 3594 1383 3649 etiam
1416 3594 1734 3653 Plutarchus
1757 3595 1931 3655 diser-

343 3684 552 3740 tislsime
598 3683 840 3741 declarat
882 3685 1133 3743 eamdem
1176 3686 1344 3743 tuisse
1400 3687 1716 3759 Pythagora:
1767 3699 1931 3761 atque

338 3775 581 3832 Platonis
601 3791 667 3833 ea
692 3776 761 3833 de
783 3792 843 3833 re
867 3779 1215 3837 sententiam.
1248 3778 1328 3839 Et)
1368 3794 1543 3851 graeca
1576 3781 1694 3851 ejus
1722 3782 1883 3839 .verba
1913 3801 1928 3838 :

338 3873 608 3943 nussum
625 3874 708 3929 tuti
722 3879 916 3930 Πλιὶτων
924 3882 1113 3944 γενητὴν
1128 3879 1218 3929 ὑπὸ
1228 3880 1349 3930 Θεοῦ
1363 3883 1442 3933 τὸν
1460 3877 1647 3944 κόσμων.
1666 3874 1904 3949 Pythago
1915 3906 1933 3919 -

338 3980 423 4019 ras
450 3974 494 4018 et
526 3963 679 4020 Plato
701 3965 947 4023 mundum
967 3982 999 4019 a
1018 3963 1129 4029 Deo
1154 3966 1350 4035 factum
1372 3968 1610 4025 arbitrati
1633 3979 1752 4025 sunt
1774 3965 1932 4040 (Plu-

338 4064 490 4120 tam,
526 4054 616 4111 lib.
640 4055 683 4110 ll
730 4057 794 4112 de
823 4055 996 4113 Placi.
1029 4057 1310 4127 philosop.,
1346 4074 1464 4128 cap.
1494 4059 1552 4119 4.
1584 4076 1706 4130 pag.
1752 4058 1930 4133 886).

338 4146 476 4215 Quid
503 4148 674 4220 ergo?
702 4148 987 4205 Erravitue
1013 4148 1194 4205 adhuc
1223 4148 1610 4217 Tertullianus,
1640 4166 1706 4207 ac
1731 4167 1933 4209 nomen

340 4239 660 4313 Pythagorae
710 4257 807 4312 pro
842 4242 951 4298 alio
976 4241 1054 4297 ibi
1087 4242 1221 4312 ipse,
1252 4242 1339 4300 .vel
1368 4242 1620 4299 librarius
1648 4244 1934 4315 scripsisse

340 4332 598 4389 dicendus
628 4333 745 4389 est?
768 4333 1034 4404 Numquid
1063 4335 1261 4405 potius,
1292 4335 1417 4405 quia
1444 4336 1778 4408 celebrisihic
1817 4337 1936 4405 phi-

340 4426 594 4496 1050pltus
618 4425 685 4481 ab
712 4425 902 4483 eodem
932 4426 1223 4489 Plutarcho
1240 4468 1253 4491 ,
1278 4426 1498 4487 Laertio
1516 4470 1531 4495 ,
1566 4428 1932 4500 Theodoreto,

342 4529 398 4577 et
442 4520 562 4573 aliis
615 4518 866 4575 docuisse
915 4519 1228 4589 perhibetur
1266 4520 1526 4577 unitatem
1576 4536 1700 4579 esse
1748 4538 1932 4580 rerum

2028 3318 2380 3383 sermonalisa
2416 3317 2688 3388 principio,
2733 3318 2821 3371 sed
2841 3315 3106 3371 rationalis
3136 3314 3281 3383 Deus
3319 3317 3471 3381 etiam
3514 3328 3631 3372 ante

2030 3413 2375 3485 principium,
2414 3420 2458 3466 et
2486 3412 2605 3483 quia
2636 3412 2744 3482 ipse
2781 3425 2981 3481 quoque
3018 3426 3183 3464 sermo
3214 3411 3409 3465 ratione
3453 3412 3629 3465 consi-

2029 3515 2188 3573 stens,
2210 3505 2427 3577 priorem
2456 3519 2591 3570 eam,
2609 3511 2664 3557 ut
2683 3501 3019 3557 substantiam
3047 3517 3216 3569 suant,
3245 3503 3497 3556 ostendat.
3530 3502 3632 3556 Ta-

2032 3614 2149 3652 men
2172 3610 2219 3653 et
2254 3598 2347 3660 sic,
2370 3596 2499 3651 nihil
2528 3596 2755 3650 interest.
2787 3593 2928 3648 Nam
2957 3602 3004 3648 et
3029 3595 3073 3649 si
3100 3593 3238 3649 Deus
3267 3595 3493 3650 nondum
3527 3612 3633 3649 ser-

2031 3707 2231 3746 ntonent
2248 3707 2399 3745 suum
2420 3690 2647 3754 miserat,
2678 3688 2896 3760 proinde
2923 3703 3039 3742 eum
3067 3704 3184 3743 cum
3207 3689 3321 3760 ipsa
3351 3699 3397 3742 et
3422 3689 3476 3742 in
3515 3690 3630 3759 ipsa

2032 3786 2231 3841 ratione
2256 3786 2392 3840 intra
2430 3784 2751 3856 semetipsum
2776 3783 3009 3849 habebat,
3069 3782 3219 3837 tacite
3261 3782 3550 3853 cogitando,
3584 3790 3633 3836 et

2034 3880 2350 3952 disponendo
2379 3895 2563 3945 secum,
2599 3893 2713 3949 qua:
2736 3893 2825 3948 per
2847 3892 3127 3931 serntonem
3163 3891 3283 3930 mox
3320 3885 3427 3930 erat
3468 3874 3632 3928 dictu-

2034 3990 2142 4028 rus.
2167 3974 2293 4028 Cunt
2344 3972 2542 4026 ratione
2580 3971 2714 4025 enim
2739 3986 2835 4025 sua
2863 3969 3112 4040 cogitans,
3145 3978 3296 4037 atque
3327 3968 3629 4038 disponens,

2034 4080 2311 4121 sermonem
2369 4079 2482 4118 eam
2534 4061 2786 4132 efﬁciebat
2809 4102 2825 4126 ,
2873 4075 3028 4125 quam
3095 4074 3327 4113 sermone
3380 4059 3630 4113 tractabat

2035 4157 2391 4231 (Tertullian.
2444 4154 2531 4209 lib.
2590 4154 2710 4208 adv.
2767 4151 2955 4216 Prax.,
3009 4168 3126 4222 cap.
3184 4151 3279 4223 5).
3353 4152 3478 4207 Haec
3523 4166 3624 4206 au-

2038 4258 2170 4318 tem,
2197 4250 2299 4306 etsi
2331 4248 2489 4321 paulo
2536 4247 2797 4319 longiora,
2828 4245 3029 4301 ideirco
3072 4245 3276 4316 integra
3304 4244 3584 4302 retulimus
3606 4282 3623 4307 ,

2041 4344 2164 4415 quia
2215 4343 2393 4399 omnia
2436 4340 2692 4414 singulari
2730 4338 3026 4394 attentione
3086 4346 3141 4394 et
3182 4338 3429 4394 examine
3470 4337 3632 4409 digna

2038 4448 2292 4585 8⁸2⁵έίωο
2328 4528 2507 4596 itaque
2547 4526 2788 4583 declarat
2825 4524 2996 4582 Deum
3023 4533 3148 4581 ante
3189 4523 3507 4594 principium
3529 4562 3546 4587 ,
3575 4520 3633 4576 id

341 4618 584 4675 omnium
632 4616 951 4686 principium
968 4657 984 4683 ,
1011 4623 1171 4687 atque
1200 4633 1266 4674 ex
1304 4620 1543 4676 numeris
1580 4620 1761 4678 omnia
1795 4621 1934 4688 ﬁeri,
1962 4632 2016 4694 ι)
2041 4631 2143 4687 est,
2166 4620 2237 4677 ab‘
2252 4618 2396 4676 omni
2423 4617 2745 4685 aeternitate,
2771 4632 2836 4673 ac
2865 4617 3062 4688 poinde
3086 4624 3374 4686 antequam
3399 4611 3635 4668 mundus

344 4712 470 4768 inde
513 4712 717 4771 Auctor
759 4721 943 4773 uoster
981 4710 1171 4768 conﬁci
1217 4728 1376 4783 posse
1415 4716 1623 4784 putavit
1653 4716 1933 4781 mundum,

343 4806 480 4859 sicut
511 4806 766 4867 imitatem
808 4816 869 4863 ct
890 4820 1165 4871 numeros,
1196 4820 1293 4860 nec
1312 4815 1489 4861 ortum
1506 4806 1679 4863 fuisse
1705 4825 1803 4865 nec
1830 4809 1940 4865 fac-

345 4907 458 4961 tum
498 4897 688 4969 (Idem
730 4898 877 4963 ibid.,
938 4897 1028 4953 lib.
1065 4894 1145 4961 ll,
1193 4912 1310 4965 cap.
1346 4897 1400 4952 5.
1454 4895 1623 4952 Laert.
1681 4899 1770 4953 lib.
1800 4899 1935 4967 Vlll,

348 4992 379 5064 ἓ
410 4992 479 5051 25
498 5008 515 5058 ;
544 4991 850 5053 Theodoret.
877 5005 1028 5045 serm.
1074 4987 1110 5045 2
1148 4989 1212 5044 de
1258 4988 1510 5059 principio
1544 5029 1559 5055 ,
1611 5006 1733 5059 pag.
1763 4990 1871 5047 £89
1891 4992 1939 5063 )i

348 5086 458 5143 Sed
483 5088 527 5141 si
552 5086 632 5141 ira
656 5100 748 5147 res
772 5099 835 5140 se
862 5082 1076 5149 habeat,
1104 5082 1253 5139 citati
1274 5082 1307 5142 it
1332 5082 1490 5139 nobis
1513 5092 1764 5139 auctores
1788 5099 1941 5139 erro-

350 5178 427 5235 ris
454 5177 638 5248 procul
659 5176 825 5233 dubio
844 5176 1255 5234 convincentur.
1281 5174 1552 5246 Numquid
1568 5174 1728 5246 igitur
1746 5178 1943 5246 proba-

350 5272 513 5333 bilius
540 5270 643 5328 dici
673 5278 850 5341 potest
878 5270 1239 5342 Pythagoram
1268 5270 1570 5327 errantium
1597 5283 1749 5325 more
1771 5269 1824 5325 in
1854 5285 1948 5325 eno

349 5368 473 5425 dem
512 5381 619 5424 non
660 5365 1025 5438 permansisse
1066 5363 1374 5420 sententia?
1398 5364 1531 5420 Haec
1555 5364 1719 5420 velim
1744 5378 1946 5435 expen-

348 5462 467 5527 das,
494 5469 547 5521 et
570 5459 912 5531 pronunties.

422 5554 592 5611 Multo
640 5553 820 5625 itaque
867 5552 1050 5608 verius
1098 5552 1403 5623 certiusque
1448 5552 1580 5609 illud
1638 5561 1751 5619 est,
1801 5552 1946 5624 quod

351 5649 556 5705 Auctor
578 5657 763 5703 noster
782 5644 1017 5706 tradidit.
1051 5644 1307 5699 mundum
1333 5661 1399 5701 ex
1422 5647 1588 5703 nihilo
1613 5646 1646 5702 it
1669 5647 1779 5703 Deo
1802 5662 1949 5703 crea-

352 5753 492 5806 tum,
539 5741 688 5796 verbo
737 5756 839 5811 quo
885 5739 1073 5813 jussit;
1126 5737 1321 5792 ratione
1376 5755 1477 5808 qua
1524 5738 1811 5809 disposuit,
1845 5740 1941 5796 uir-

354 5828 458 5892 tute
498 5850 598 5905 qua
652 5834 813 5906 potuit
882 5832 1237 5905 (Tertullian.
1312 5830 1580 5904 Apologet.
1613 5873 1628 5901 ,
1678 5850 1797 5904 cap.
1852 5834 1944 5902 17,

2041 4719 2340 4777 crearetur,
2368 4710 2534 4766 luisse
2561 4719 2615 4764 et
2639 4708 2815 4765 solum
2839 4718 2897 4764 et
2921 4723 3030 4764 non
3060 4708 3257 4764 solum.
3282 4707 3421 4761 Ante
3442 4703 3633 4760 mundi

2042 4797 2239 4875 quippe
2266 4800 2593 4859 creationem
2617 4799 2767 4857 solus
2793 4806 2931 4866 erat,
2959 4800 3069 4870 ipse
3096 4798 3191 4853 sibi
3220 4796 3464 4864 mundus,
3488 4796 3631 4852 locus

2044 4905 2090 4952 et
2116 4894 2326 4960 omnia;
2350 4892 2474 4964 quia
2514 4892 2646 4948 nihil
2676 4902 2873 4963 praeter
2900 4907 2960 4948 se
2996 4890 3335 4957 extrinsecus
3376 4890 3629 4946 habebat.

2045 4987 2183 5049 Tum
2233 4998 2409 5045 tamen
2441 5000 2549 5041 non
2563 4993 2682 5041 erat
2700 4984 2869 5052 solus,
2891 4984 3015 5055 quia
3041 4998 3193 5039 suam
3217 4981 3447 5038 habebat
3471 4983 3639 5039 ratio-

2047 5098 2192 5147 nem.
2218 5083 2356 5147 Ante
2383 5080 2702 5153 principium
2729 5079 3033 5144 enimvero,
3071 5092 3166 5134 seu
3209 5092 3241 5132 a
3283 5084 3389 5133 tota
3415 5076 3634 5132 aeterni-

2046 5186 2155 5234 tate
2175 5178 2453 5236 rationalis
2480 5176 2613 5243 fuit;
2638 5172 3071 5248 quandoquidem
3096 5172 3236 5228 Deus
3261 5186 3385 5228 esse
3406 5185 3511 5226 non
3544 5184 3641 5240 po-

2049 5280 2173 5339 test,
2206 5272 2306 5329 nisi
2333 5271 2404 5327 sit
2428 5286 2592 5331 sensu
2620 5277 2676 5327 et
2702 5269 2911 5325 ratione
2939 5266 3219 5339 praeditus.

2118 5362 2389 5427 Secundo,
2420 5360 2653 5415 divinant
2683 5360 2827 5415 illam
2854 5369 3222 5429 aeternamque
3255 5356 3349 5413 Dei
3378 5357 3641 5413 rationem

2048 5457 2221 5528 greci,
2250 5453 2441 5524 inquit.
2498 5455 2629 5524 λόγον
2683 5453 2879 5520 dicunt,
2933 5450 3075 5507 haud
3114 5450 3275 5506 dubie
3322 5450 3444 5520 quia
3470 5449 3636 5505 Joan-

2053 5565 2149 5607 nes
2197 5547 2467 5619 Evangelii
2510 5547 2593 5600 sui
2625 5546 2779 5601 initio
2824 5547 3039 5617 scripsit
3065 5568 3076 5603 :
3112 5533 3179 5604 ἑν
3202 5555 3329 5619 ἀρχῇ
3359 5550 3415 5607 ἦν
3443 5555 3469 5602 ὀ
3495 5551 3653 5619 Λόγος

2051 5642 2376 5713 (Joann.,l,
2419 5642 2509 5713 Ι).
2564 5640 2699 5698 Nam
2762 5643 2876 5712 ipse
2928 5642 3290 5700 Tertullianus
3356 5644 3471 5697 hanc
3532 5640 3655 5696 lati-

2052 5751 2120 5793 ne
2169 5737 2240 5791 ita
2295 5735 2510 5793 citavit:
2538 5733 2609 5790 In
2654 5735 2906 5808 principio
2952 5746 3060 5791 erat
3097 5750 3379 5802 sermo....,
3407 5745 3454 5790 et
3479 5750 3646 5790 sermo

2051 5828 2192 5903 apud
2211 5826 2395 5901 Deum,
2410 5838 2457 5887 et
2478 5828 2616 5887 Deus
2630 5839 2740 5888 erat
2763 5829 3275 5902 sermo(Tertutlian.
3293 5828 3410 5885 adv.
3437 5828 3623 5885 Herm.
3640 5868 3660 5898 ,
