4092 6352
439 273 554 330 825

1527 267 1594 323 IN
1622 263 2084 326 TERTULLIANI
2123 265 2657 326 APOLOGETICUM

3639 270 3746 328 8Ξὶ

444 410 555 463 cap.
603 389 736 464 20).
809 390 940 462 Ejus
1005 396 1182 444 autem
1237 395 1480 458 tempore
1546 401 1666 443 mos
1711 386 2044 453 invaluerat,
2073 383 2125 445 Α
2152 389 2289 442 niam
2316 389 2464 444 multi
2493 389 2730 443 dicuntur
2773 387 2920 457 Filii,
2967 387 3054 461 qui
3096 404 3200 444 non
3243 397 3358 444 sunt
3387 385 3409 460 (
3440 386 3745 444 Tertullian.

445 497 506 542 ut
535 486 705 542 Filius
752 485 845 540 Dei
878 484 907 538 ὸ
955 483 1159 538 Latinis
1217 482 1487 538 diceretur
1536 495 1739 547 sermo,
1771 495 1891 536 cum
1926 494 2044 535 me-

443 578 548 632 lius
600 573 832 646 grtﬁcum
884 573 1011 630 illud
1077 588 1274 628 nomen
1328 577 1456 644 tam
1485 571 1554 626 ab
1602 572 1709 626 illis
1756 572 1894 626 ratio
1941 569 2045 626 dici

449 669 741 725 debuisset.
791 666 906 734 Qua
937 664 1152 736 quidem
1190 665 1258 721 de
1324 665 1766 734 interpretatione
1816 665 2045 735 egimus,

449 764 538 818 ubi
566 761 900 820 ostendimus
930 761 1310 831 transcriptum
1342 759 1506 815 fuisse
1536 758 1566 813 ὲ
1597 759 1876 814 Lactantio
1907 758 2049 814 hunc

449 853 760 909 Tertulliani
803 854 976 908 locum
1011 856 1026 922 (
1060 852 1333 908 Dissertat.
1381 853 1434 906 in
1478 849 1740 915 Lactant.,
1787 866 1905 919 cap.
1957 851 2045 918 16,

449 958 550 1002 art.
596 948 623 1000 Ξ
643 949 682 1018 ).

523 1062 726 1127 Tertio,
765 1078 862 1117 nos
904 1063 993 1117 ille
1024 1061 1255 1117 monitos
1295 1060 1419 1116 facit
1456 1077 1552 1116 cur
1591 1075 1823 1131 grmcum
1855 1075 2048 1116 nomen

452 1159 578 1225 λόγος
634 1154 797 1210 latine
845 1155 974 1207 ratio
1031 1154 1230 1224 potius,
1280 1168 1438 1223 quam
1482 1169 1646 1207 sermo
1671 1153 1806 1207 verti
1836 1153 2048 1208 debeat.

457 1247 619 1310 Deus,
644 1245 834 1316 inquit,
865 1255 989 1300 ante
1018 1245 1335 1316 principium
1377 1245 1645 1298 rationalis
1669 1245 1787 1308 fuit,
1816 1245 2050 1300 nondum

459 1349 636 1394 tamen
670 1340 993 1402 scrmonalis,
1015 1340 1136 1410 quia
1161 1338 1392 1394 habebat
1422 1339 1556 1392 intra
1581 1353 1638 1393 se
1656 1339 1939 1403 rationem,
1960 1339 2053 1393 sed

455 1434 692 1488 nondum
718 1449 1022 1490 sermonem
1053 1443 1200 1488 extra
1223 1449 1281 1488 se
1309 1435 1480 1502 ipsum
1511 1432 1785 1488 emiserat.
1821 1434 1890 1486 At
1915 1447 2056 1501 quo-

462 1528 604 1581 niam
633 1527 700 1582 ab
730 1537 935 1581 aeterno
961 1527 1100 1582 sicut
1132 1528 1415 1590 rationem,
1451 1527 1520 1581 ita
1561 1534 1616 1582 ct
1640 1543 1945 1582 sermonem
1972 1527 2055 1582 in-

461 1629 540 1676 tra
568 1636 626 1675 se
655 1619 836 1674 habuit
857 1663 871 1686 ,
899 1621 1170 1676 licentiam
1207 1621 1570 1675 Tertullianns
1599 1619 1884 1692 unicuique
1912 1620 2060 1675 dedit

460 1724 689 1783 utroque
731 1713 954 1768 rationis
983 1721 1037 1769 et
1060 1714 1326 1770 sermonis
1349 1717 1566 1768 nomine
1596 1729 1692 1783 pro
1725 1714 1876 1769 libito
1903 1724 2057 1770 uten-

2152 482 2240 537 lib.
2263 483 2382 537 adv.
2415 482 2632 550 Praxe.,
2663 500 2775 554 cap.
2804 483 2936 548 17).

2222 577 2292 631 At
2329 577 2557 647 quibus,
2604 577 2833 633 obsecro
2878 586 2960 644 te,
2993 579 3193 635 'verbis
3235 577 3432 635 clarius
3483 577 3747 636 declarari

2151 677 2205 724 et
2229 668 2396 723 asseri
2428 677 2604 739 potest
2629 683 2880 740 suprema
2909 669 3108 726 Christi
3155 671 3270 726 Filii
3320 669 3413 726 Dei
3444 669 3744 728 divinitas?

2153 759 2283 828 Quis
2307 775 2370 816 ea
2392 761 2569 816 omnia
2589 762 2698 817 veri
2725 763 3028 834 summique
3054 763 3167 830 Dei,
3187 762 3441 818 attributa
3468 763 3747 834 possidere

2154 865 2367 929 potest,
2415 856 2519 912 nisi
2568 872 2810 912 summus
2861 867 2917 914 et
2984 873 3125 914 unus
3171 875 3292 913 cum
3347 867 3552 913 aeterno
3595 857 3756 914 Patre

2156 950 2339 1006 Deus?
2377 949 2515 1018 Quid
2562 966 2691 1006 vero
2713 950 2902 1022 ,quod
2943 950 3310 1006 Tertullianus
3341 949 3459 1005 haec
3490 949 3668 1004 omnia
3698 959 3757 1006 et

2160 1045 2368 1116 singula
2395 1044 2644 1102 Sermoni
2673 1044 2923 1114 Filioque
2957 1044 3053 1099 Dei
3095 1044 3404 1107 convenire,
3445 1057 3552 1098 non
3581 1042 3757 1098 solum

2157 1137 2427 1203 adﬁrmat,
2450 1137 2542 1192 sed
2571 1136 2760 1207 probat
2786 1137 2970 1203 etiam,
3003 1136 3270 1207 variisque
3299 1134 3599 1190 rationibus
3626 1149 3758 1190 con-

2159 1229 2372 1286 ﬁrmare
2422 1230 2651 1285 nititur?
2693 1230 3019 1286 Persuasum
3051 1245 3180 1300 ergo
3228 1228 3416 1283 habuit
3445 1227 3636 1282 Filium
3665 1228 3761 1284 Dei

2159 1339 2321 1378 unum
2350 1323 2705 1394 eamdemque
2726 1338 2850 1378 cum
2886 1339 2986 1379 suo
3016 1323 3172 1378 Patre
3201 1336 3322 1378 esse
3351 1321 3540 1376 Deum.

2231 1415 2414 1487 Neque
2447 1417 2684 1486 insurgat
2740 1417 2922 1471 nescio
2951 1415 3071 1486 quis
3113 1424 3204 1468 aut
3241 1414 3457 1468 arianus
3498 1420 3592 1468 aut
3624 1411 3764 1469 soei-

2162 1511 2372 1576 nianus,
2397 1519 2448 1564 et
2472 1509 2624 1563 nobis
2645 1509 2862 1579 objiciat
2891 1509 2958 1563 ab
2982 1524 3049 1563 eo
3074 1522 3177 1561 non
3206 1517 3350 1562 recte
3381 1507 3594 1577 probari
3621 1520 3756 1576 quo-

2162 1603 2322 1658 modo
2350 1603 2529 1658 divina
2553 1602 2638 1657 illa
2661 1603 2910 1657 attributa
2945 1600 3079 1656 Filio
3112 1601 3204 1656 Dei
3230 1600 3574 1654 conveniant.
3609 1598 3761 1654 Nunc

2164 1697 2306 1752 enim
2336 1712 2441 1750 non
2474 1696 2791 1767 inquirimus
2818 1709 2975 1764 quam
3008 1693 3203 1754 valida,
3252 1691 3393 1762 quod
3423 1690 3647 1760 probatu
3679 1699 3760 1744 ta-

463 1806 538 1860 di.
581 1807 666 1861 Ab
696 1806 786 1860 illo
812 1817 990 1861 autem
1024 1806 1191 1861 Filius
1216 1807 1310 1862 Dei
1335 1823 1437 1862 nou
1469 1817 1672 1862 tantum
1696 1822 1897 1874 sermo,
1926 1809 2062 1863 ratio
2091 1784 2140 1844 Β
2171 1805 2292 1844 me"
2342 1789 2648 1844 facillimum
2689 1796 2806 1850 θεῖν
2839 1801 2902 1840 ac
2940 1785 3090 1839 ﬁrm“
3135 1785 3241 1839 Si"!
3285 1785 3400 1853 “ius
3427 1791 3761 1853 πιόηῐηθηίθς

464 1907 519 1952 et
548 1898 772 1968 verbum
795 1939 809 1964 ,
841 1899 934 1951 sed
984 1897 1173 1967 sephia‘
1217 1899 1378 1953 etiam
1423 1914 1517 1954 seu
1554 1899 1815 1970 sapientia
1844 1909 2066 1955 vocatur

463 1989 813 2063 (Tertullian.
847 1992 936 2044 lib.
980 1992 1043 2044 de
1081 2008 1231 2045 carne
1282 1991 1490 2059 Christi,
1535 2007 1650 2062 cap.
1686 1990 1793 2057 18;
1825 1991 1914 2046 lib.
1942 1993 2058 2046 adv.

470 2082 746 2153 Hermog.,
767 2100 882 2154 cap.
917 2083 982 2138 '18
1010 2084 1048 2152 ).

537 2223 802 2279 Prazterea
830 2223 920 2278 ille
949 2225 1000 2276 in
1023 2238 1122 2277 suo
1140 2222 1513 2294 Apologetico,
1538 2238 1600 2279 ac
1624 2231 1809 2294 postea
1832 2225 2064 2282 Lactan~

465 2317 592 2384 tius,
618 2325 677 2370 ut
699 2332 797 2370 suo
821 2318 937 2371 loco
965 2317 1217 2379 vidimus,
1241 2317 1501 2372 certiores
1529 2331 1629 2372 nos
1654 2316 1897 2373 fecerunt
1921 2318 2066 2374 hunc

462 2413 596 2480 λόγον
633 2425 661 2463 a
713 2409 929 2463 Zenone
969 2409 1186 2463 ctbnieo
1233 2409 1554 2480 philosopho
1611 2411 1872 2479 agnitum,
1904 2426 2064 2481 quem

464 2504 812 2556 univcrsitatis
845 2501 1198 2556 factitatorem
1222 2517 1342 2556 esse
1369 2502 1754 2576 prmdicabatU
1762 2504 1898 2568 dem,
1924 2504 2066 2574 Apo-

469 2596 648 2666 loget.,
717 2612 831 2666 cap.
882 2595 972 2658 2|;
1045 2593 1309 2648 Dissertat.
1362 2595 1415 2648 in
1487 2592 1750 2662 Lactant,
1798 2612 1913 2666 cap.
1974 2595 2064 2661 16,

469 2697 569 2742 art.
605 2689 630 2742 1
666 2687 705 2758 ).
735 2686 897 2741 Addit
940 2688 1142 2741 Auctor
1171 2697 1385 2741 noster:
1417 2687 1687 2742 Cleanthes
1736 2689 1787 2742 in
1829 2690 2068 2759 spiritum

466 2779 714 2850 congerit,
741 2796 886 2851 quem
910 2790 1271 2848 permeatorem
1291 2781 1626 2834 universitatis
1649 2780 1714 2834 ad
1719 2781 1889 2848 ﬁrmat
1921 2781 2069 2854 (Ter-

469 2873 675 2927 tullian.
705 2872 804 2926 loc.
829 2873 943 2936 cit.;
965 2883 1085 2926 tom.
1124 2872 1139 2925 l
1169 2875 1443 2945 Apparal.,
1477 2891 1594 2945 pag.
1620 2873 1761 2939 782;
1793 2873 2066 2932 Dissertat.

465 2967 518 3019 in
548 2964 744 3018 Minue.
773 2964 912 3029 0ct.,
938 2981 1050 3034 cap.
1081 2965 1135 3030 4,
1159 2975 1258 3018 art.
1286 2967 1337 3031 1,
1361 2974 1408 3018 et
1434 2964 1709 3020 Dissertat.
1727 2967 1781 3020 in
1803 2965 2067 3034 Lactant.,

471 3074 589 3126 cap.
622 3057 710 3125 1'2,
739 3069 836 3110 art.
870 3059 892 3113 1
924 3061 960 3127 ).
995 3059 1064 3112 At
1085 3058 1173 3112 hic
1199 3056 1484 3113 Cleanthes
1516 3057 1753 3118 Zenonis
1774 3058 2069 3129 discipulus

2170 1882 2263 1938 sed
2313 1896 2454 1952 qum,
2480 1880 2549 1935 sit
2598 1879 2714 1949 ejus
2759 1877 3058 1942 sententia,
3091 1892 3248 1948 quam
3301 1874 3531 1947 probare
3580 1874 3764 1929 voluit.

2170 1975 2329 2045 Atqui
2361 1989 2422 2029 ex
2450 1973 2614 2042 ipsius
2645 1971 2825 2026 verbis
2849 1969 3251 2024 evidentissime
3276 1967 3564 2022 conficitur
3593 1967 3762 2033 illum,

2169 2067 2412 2136 aliosque
2454 2079 2641 2118 ontnes
2672 2061 3003 2117 ortltndoxos
3042 2062 3158 2128 ejus
3205 2060 3378 2114 artatis
3420 2058 3766 2123 christianos,

2171 2174 2270 2230 pro
2298 2167 2445 2214 certe
2474 2157 2686 2226 penitus
2714 2154 2963 2209 habuisse
2992 2153 3223 2208 Verbum
3253 2160 3308 2206 et
3339 2151 3532 2206 Filium
3561 2150 3652 2204 Dei
3676 2163 3768 2205 ve-

2171 2266 2288 2306 rum
2311 2265 2430 2305 esse
2457 2249 2645 2312 Deum,
2666 2262 2888 2316 eosque,
2909 2245 3061 2300 sicuti
3087 2244 3373 2308 Praxcam,
3396 2250 3584 2298 contra
3605 2256 3764 2311 quem

2173 2344 2246 2400 ibi
2288 2344 2376 2399 ille
2419 2341 2676 2411 disputat,
2706 2349 2762 2395 et
2792 2339 2924 2394 alios
2978 2337 3197 2391 omnino
3227 2350 3459 2403 errasse,
3492 2334 3584 2406 qui
3613 2349 3775 2390 secus

2171 2435 2494 2492 sentiebant.

2244 2531 2582 2600 Quapropter
2604 2526 2732 2580 alibi
2753 2526 2892 2580 hunc
2917 2525 3006 2582 Dei
3027 2538 3331 2579 sermonem
3350 2531 3402 2578 et
3416 2522 3612 2577 Filium
3630 2520 3778 2576 Patri

2171 2638 2270 2678 suo
2300 2637 2482 2692 parem
2525 2629 2580 2675 et
2605 2619 2886 2688 aequalem,
2921 2617 3042 2672 alibi
3077 2616 3193 2686 ipso
3221 2631 3326 2669 non
3356 2614 3618 2669 minorem
3645 2629 3769 2670 esse

2175 2713 2535 2770 disertissime
2573 2709 3053 2780 prolitetueram
3100 2723 3211 2761 cum
3255 2707 3503 2771 Patrem,
3567 2705 3775 2774 inquit,

2174 2823 2348 2876 parem
2369 2804 2462 2858 sibi
2494 2804 2708 2874 faciens,
2737 2802 2798 2856 de
2844 2819 2944 2871 quo
2997 2800 3318 2871 procedendo
3378 2797 3550 2852 Filius
3603 2801 3774 2870 [actus

2175 2911 2247 2955 est
2308 2896 2525 2968 (Ibid,
2577 2914 2695 2965 cap.
2762 2896 2869 2966 7).
2907 2895 3096 2950 Postea
3147 2909 3312 2949 vero:
3346 2891 3488 2948 Idem
3547 2892 3638 2946 Dei
3687 2892 3782 2949 Fi-

2177 2993 2299 3057 lius,
2337 2990 2508 3046 Unum
2532 3006 2727 3052 sumus,
2760 2989 2952 3049 dicens,
2985 3003 3078 3057 ego
3108 2997 3154 3040 et
3188 2985 3363 3051 Pater,
3392 2984 3611 3039 ostendit
3646 2983 3777 3040 duos

2177 3101 2283 3141 esse
2307 3128 2322 3153 ,
2371 3099 2498 3150 quos
2537 3093 2702 3148 aequat
2755 3091 2804 3135 et
2840 3081 3006 3151 iungit
3053 3078 3262 3151 (lbid.,
3293 3095 3408 3149 cap.
3462 3076 3534 3132 ‘22
3563 3079 3604 3148 ).
3648 3077 3782 3132 Rur-

471 3148 602 3215 l'uit,
653 3149 1103 3243 quemadmodum
1152 3149 1279 3243 alibi
1325 3149 1734 3243 annotavimus,
1769 3149 1857 3243 ubi
1907 3151 2068 3207 etiam
2096 3179 2141 3241 ρ
2175 3194 2268 3235 sus
2296 3148 2471 3234 autem
2494 3177 2598 3231 alio
2621 3177 2670 3230 in
2707 3148 2877 3230 mm),
2905 3148 2971 3227 E"
2999 3148 3202 3237 Samo,
3241 3148 3443 3243 ειηηίι,
3477 3171 3646 3238 Dem,
3685 3171 3774 3242 qui

471 3242 821 3310 exposuimus
846 3257 965 3311 quze
990 3242 1128 3295 illius
1150 3240 1311 3294 fuerit
1334 3240 1402 3295 de
1430 3241 1538 3295 Deo
1565 3242 1853 3306 sententia,
1883 3257 1946 3297 ex
1966 3259 2068 3314 qua

471 3335 547 3402 id,
580 3336 718 3406 quod
748 3344 927 3390 narrat
955 3335 1339 3401 Tertullianus,
1373 3335 1710 3405 desumptum
1737 3335 1963 3392 videtur.

545 3449 663 3503 1am
690 3464 820 3503 vero
840 3465 906 3503 ex
939 3449 1043 3513 his,
1077 3463 1196 3518 qua:
1221 3448 1312 3502 ille
1363 3446 1429 3502 de
1461 3447 1552 3503 Dei
1581 3447 1782 3514 Verbo.
1823 3465 2077 3508 sermone

476 3549 532 3595 et
577 3541 782 3595 ratione
828 3540 994 3605 dixit,
1029 3542 1097 3594 ita
1128 3539 1440 3609 eXpIicatis,
1468 3540 1650 3612 colligi
1681 3543 1864 3613 utique
1900 3552 2077 3613 potest

481 3647 796 3701 persuasum
861 3634 1079 3687 onniino
1143 3633 1241 3702 ipsi
1296 3633 1459 3688 fuisse
1513 3634 1642 3688 illttd
1693 3635 1916 3692 interius
1983 3638 2077 3694 Dei

475 3723 712 3781 Verbum
737 3736 842 3780 tam
865 3735 1122 3781 :eternum
1157 3741 1300 3790 esse,
1325 3742 1481 3797 quam
1515 3728 1801 3796 ipsummet
1827 3729 1944 3799 ejus
1973 3730 2072 3785 Pa-

482 3829 643 3884 trem,
675 3819 763 3888 qui
803 3819 950 3872 illum
997 3818 1064 3872 ab
1095 3826 1299 3873 azterno
1323 3818 1559 3888 quidem,
1595 3820 1692 3874 sed
1736 3820 1870 3875 intra
1898 3837 2078 3878 seme-

478 3914 678 3982 tipsum
709 3913 987 3978 duntaxat,
1027 3912 1266 3982 protulit.
1295 3912 1369 3966 Dc
1394 3913 1491 3966 hac
1513 3922 1688 3968 autem
1720 3913 1880 3970 Verbi
1913 3914 2079 3970 divini

479 4008 778 4062 mternitate
803 4007 938 4062 iulra
973 4005 1142 4061 fusius
1167 4005 1431 4077 agendum
1455 4005 1590 4079 (Inf.
1622 4015 1723 4060 art.
1756 4007 1790 4062 8
1819 4017 1865 4062 et
1888 4008 2076 4080 seqq.).

482 4099 642 4152 Prius
671 4099 813 4152 enim
839 4113 962 4152 vera
987 4113 1050 4152 ac
1081 4098 1292 4152 sincera
1325 4097 1574 4152 Auctoris
1598 4098 1767 4153 nostri
1797 4099 1864 4154 de
1895 4114 2082 4169 supre-

483 4207 572 4244 ma
607 4190 752 4244 illius
781 4190 1061 4244 divinitate
1088 4190 1354 4244 sententia
1396 4189 1803 4245 accuratissime
1848 4206 1876 4243 a
1924 4191 2082 4247 nobis

482 4280 811 4336 enucleanda
844 4279 1270 4350 exponendaque
1299 4289 1398 4334 cst.

555 4397 794 4452 Primum
844 4397 1022 4466 itaque
1065 4394 1381 4452 docet/huic
1423 4395 1608 4450 divino
1659 4395 1837 4452 Verbo
1877 4406 1931 4453 et
1989 4399 2081 4454 Dei

484 4490 622 4545 Filio
667 4489 843 4543 omnia
888 4489 1060 4543 Patris
1104 4489 1185 4542 sui
1227 4487 1411 4543 a3terni
1455 4489 1668 4543 nomina
1727 4499 1781 4544 et
1828 4491 2081 4547 attributa

2177 3274 2230 3327 in
2273 3272 2436 3344 eﬂigie
2473 3268 2570 3323 Dei
2591 3269 2915 3330 constitutus,
2944 3283 3045 3320 non
3073 3267 3306 3336 rapinam
3348 3264 3654 3319 existimavit
3681 3280 3778 3334 pa-

2187 3366 2316 3419 riari
2372 3359 2714 3429 Deo(Idem
2765 3360 2850 3415 lib.
2895 3359 2957 3413 de
3021 3359 3237 3413 Resurr.
3295 3373 3458 3423 carn.,
3518 3373 3637 3426 cap.
3697 3355 3775 3427 6).

2180 3456 2444 3512 Audivisti
2488 3470 2618 3509 sane
2667 3469 2825 3523 quam
2869 3453 3153 3523 perspicue
3206 3449 3402 3504 Filium
3472 3449 3568 3504 Dei
3633 3447 3776 3503 Patri

2179 3565 2278 3606 suo
2328 3564 2508 3621 parem
2561 3547 2927 3616 mqualemquc
2972 3543 3224 3608 adserat;
3258 3543 3368 3614 jam
3408 3541 3531 3596 audi
3557 3554 3783 3612 quomo-

2179 3643 2249 3697 do
2275 3641 2420 3697 illum
2453 3655 2559 3694 non
2591 3638 2853 3693 minorem
2879 3651 2999 3693 eSse
3027 3636 3283 3704 praedicet
3310 3653 3321 3689 :
3345 3636 3534 3689 Omnia
3553 3635 3650 3688 sibi
3672 3643 3774 3689 tra-

2181 3734 2290 3786 dita
2328 3732 2456 3803 dicit
2507 3748 2538 3784 a
2570 3727 2747 3783 Patre.
2790 3727 3000 3791 Credas,
3037 3728 3081 3780 si
3119 3726 3362 3780 creatoris
3406 3735 3478 3780 est
3515 3725 3776 3790 Christus,

2182 3825 2329 3894 cuius
2360 3823 2532 3877 omnia
2551 3864 2566 3888 ,
2589 3823 2708 3892 quia
2743 3837 2844 3874 non
2885 3821 3069 3874 minori
3095 3837 3149 3875 se
3187 3819 3398 3874 tradidit
3427 3820 3600 3873 omnia
3639 3817 3780 3874 Filio

2183 3925 2401 3977 creator,
2421 3931 2532 3979 qua:
2562 3930 2650 3985 per
2676 3929 2789 3966 eum
2810 3913 3059 3978 condidit,
3090 3927 3179 3982 per
3200 3928 3482 3966 sermonem
3505 3928 3654 3965 suum
3681 3913 3779 3966 scio

2185 4011 2300 4064 licet
2356 4005 2563 4079 (Idem,
2619 4004 2707 4059 lib.
2764 4005 2964 4058 advers.
3023 4003 3280 4067 Marcion,
3325 4019 3442 4073 cap.
3497 4003 3569 4057 25
3601 4004 3642 4073 ).
3676 4004 3776 4058 At-

2186 4104 2278 4174 qui
2326 4103 2371 4156 si
2418 4116 2528 4156 non
2583 4100 2779 4165 minor,
2823 4099 2915 4154 sed
2956 4114 3050 4169 par
3078 4108 3132 4154 et
3171 4099 3392 4170 aequalis
3422 4099 3562 4154 Patri
3593 4115 3691 4156 suo
3715 4101 3786 4157 sit

2187 4196 2278 4252 Dei
2308 4195 2498 4260 Filius,
2531 4207 2688 4247 verus
2727 4191 2913 4261 procul
2947 4191 3109 4246 dubio
3137 4202 3219 4246 est
3246 4207 3368 4247 cum
3409 4206 3474 4246 eo
3521 4191 3685 4247 Deus.
3716 4189 3785 4247 Et

2187 4289 2328 4345 enim
2356 4288 2424 4343 ab
2452 4285 2642 4342 eodem
2676 4284 3013 4341 Tertulliauo
3033 4327 3048 4351 ,
3082 4284 3219 4340 sicut
3249 4299 3373 4339 mox
3403 4284 3638 4340 vidimus
3662 4328 3676 4350 ,
3703 4286 3786 4341 al-

2188 4382 2427 4437 tissimus
2451 4389 2509 4434 et
2533 4379 2876 4448 omnipotens
2902 4376 3116 4432 dicitur.
3151 4379 3219 4431 At
3254 4392 3352 4432 nec
3388 4376 3494 4432 duo
3533 4377 3783 4434 altissimi

2188 4484 2242 4531 et
2262 4475 2680 4544 omnipotentes,
2708 4472 2846 4525 sicut
2876 4485 2975 4526 nec
3002 4471 3110 4525 duo
3139 4469 3214 4524 dii
3236 4485 3354 4526 esse
3377 4480 3622 4540 possunt.
3648 4470 3784 4526 Nam

485 4583 780 4639 convenire
808 4601 820 4638 :
848 4582 1098 4646 Nomina,
1127 4580 1502 4652 inquit,Patris
1528 4598 1545 4634 :
1569 4580 1706 4635 Deus
1738 4584 2069 4652 omnipotens,

2187 4567 2335 4633 alibi,
2374 4567 2448 4620 uti
2493 4563 3003 4629 animadvertimus,
3043 4563 3254 4617 dixerat
3290 4563 3456 4617 Deum
3501 4562 3622 4618 ideo
3665 4577 3789 4619 esse

489 4679 797 4742 altissimus,
839 4677 1087 4731 Dominus
1125 4677 1388 4740 virtutum,
1420 4691 1510 4729 rea:
1554 4673 1787 4739 Israelis,
1822 4677 1924 4743 Qui
1968 4687 2082 4738 est;

485 4780 731 4838 quatenus
761 4771 831 4822 ita
865 4769 1149 4837 Scripturte
1175 4768 1374 4829 docent,
1417 4767 1523 4820 [nec
1571 4767 1786 4821 dicimus
1811 4777 1856 4821 et
1901 4769 1953 4821 in
1984 4767 2081 4823 Fi-

486 4863 613 4916 lium
642 4863 956 4931 competisse.
983 4871 1027 4914 et
1059 4862 1109 4913 in
1139 4862 1214 4912 his
1241 4859 1433 4912 Filium
1459 4860 1666 4924 uenisse,
1699 4870 1743 4912 et
1771 4861 1822 4914 iu
1853 4861 1930 4915 his
1951 4878 2084 4916 sem-

485 4973 578 5024 per
605 4957 780 5025 egisse,
824 4966 869 5007 et
896 4956 967 5008 sic
987 4971 1045 5007 ea
1075 4954 1200 5007 inse
1235 4953 1524 5006 hominibus
1550 4953 1918 5023 manifestasse.
1955 4954 2083 5009 0m-

485 5052 595 5112 nia,
621 5051 803 5121 inquit,
840 5049 1010 5104 Patris
1032 5067 1142 5103 mea
1172 5061 1307 5105 sunt.
1343 5048 1444 5106 Cur
1471 5067 1569 5105 non
1618 5062 1662 5105 et
1693 5052 1936 5106 nomina?
1957 5051 2084 5106 Cum

488 5159 607 5213 ergo
637 5141 760 5212 legis
785 5140 943 5195 Deum
979 5142 1390 5210 omnipotentem,
1419 5154 1465 5196 et
1491 5143 1816 5201 altissimum.
1847 5152 1895 5196 et
1921 5141 2086 5196 Deum

489 5235 750 5299 virtutum,
783 5243 831 5286 et
861 5231 1046 5302 Regem
1079 5233 1310 5295 lsraclis,
1331 5243 1374 5287 et
1395 5234 1497 5301 Qui
1521 5244 1612 5299 est,
1642 5234 1753 5288 vide
1776 5251 1838 5288 ne
1857 5251 1948 5304 per
1976 5234 2085 5288 [nec

487 5325 661 5379 Filius
699 5326 849 5379 etiam
895 5324 1286 5386 demonstretur,
1316 5343 1407 5379 suo
1443 5325 1564 5395 jure
1607 5325 1946 5394 onmipoteus,
1983 5343 2085 5396 qua

490 5434 656 5472 sermo
688 5416 780 5470 Dei
819 5418 1194 5488 omnipotentis,
1220 5419 1415 5488 quaque
1449 5418 1675 5470 omnium
1703 5419 1898 5487 accepit
1940 5427 2085 5487 pote-

488 5518 670 5565 statem
699 5525 716 5562 :
741 5509 1062 5574 Altissimus,
1095 5527 1194 5578 qua
1225 5512 1434 5562 dextera
1491 5506 1589 5561 Dei
1628 5508 1916 5572 exaltatus,
1960 5509 2089 5563 sicut

489 5600 684 5654 Petrus
719 5601 770 5654 in
816 5601 950 5654 Actis
990 5603 1320 5654 conciouatur
1341 5617 1360 5653 :
1388 5599 1637 5654 Dominus
1678 5600 1938 5664 virtutum,
1966 5601 2090 5671 quia

491 5692 666 5745 omnia
688 5693 914 5762 subjecta
939 5701 1056 5745 sunt
1076 5691 1151 5743 illi
1175 5708 1205 5743 a
1225 5690 1387 5745 Patre
1412 5708 1425 5745 :
1459 5690 1572 5745 Rea:
1599 5690 1830 5759 Israelis,
1858 5692 1986 5763 quia
2007 5691 2089 5746 illi

487 5785 694 5855 proprie
723 5783 907 5838 excidit
935 5800 1046 5838 sors
1097 5783 1258 5853 gentis
1297 5781 1462 5838 istius.
1495 5781 1649 5848 Item,
1693 5782 1794 5848 Qui
1834 5792 1925 5850 est,
1957 5800 2087 5855 quo-

2190 4675 2375 4724 unum,
2397 4659 2520 4729 quia
2547 4668 2630 4714 est
2651 4673 2914 4723 summus,
2950 4667 3110 4728 atque
3137 4656 3361 4724 ideirco,
3391 4656 3548 4724 Deus,
3581 4658 3775 4730 inquit,

2186 4757 2231 4810 si
2257 4771 2357 4809 non
2388 4770 2521 4808 unus
2550 4763 2642 4818 est,
2676 4761 2865 4806 nonest
2887 4751 3042 4822 (cap.
3072 4767 3269 4820 super.,
3299 4759 3400 4804 art.
3425 4752 3452 4807 1
3479 4751 3523 4821 ).

2263 4849 2424 4905 Plura
2466 4855 2646 4902 autem
2687 4846 2730 4899 si
2768 4846 2886 4915 quis
2929 4843 3220 4909 desideret,
3253 4843 3296 4897 is
3341 4843 3538 4913 ipsum,
3569 4843 3638 4899 de
3680 4857 3791 4913 quo

2188 4943 2416 5013 agimus,
2439 4937 2843 5009 Apologeticum
2862 4936 2978 5005 ejus
3005 4936 3197 4989 librum
3213 4934 3390 5000 adeat,
3411 4935 3502 4990 ubi
3532 4936 3641 5002 ille,
3667 4944 3792 5006 post

2191 5039 2410 5095 brevem
2433 5035 2741 5090 christiauze
2759 5031 2826 5086 de
2845 5031 2986 5086 Filio
3015 5030 3130 5095 Dei,
3147 5030 3365 5085 Christo
3388 5029 3638 5095 Domino,
3662 5030 3792 5086 doc-

2193 5133 2354 5188 trinae
2387 5128 2801 5199 expositionem,
2836 5122 3078 5178 ethnicos
3104 5121 3219 5176 haec
3246 5122 3534 5192 alloquitur
3574 5123 3627 5177 in
3669 5137 3793 5178 ver-

2193 5225 2258 5279 ba
2289 5241 2302 5278 :
2349 5219 2572 5290 Quaerite
2600 5233 2736 5288 ergo,
2777 5216 2818 5267 si
2847 5231 2963 5268 vera
2993 5223 3065 5268 est
3092 5215 3188 5268 ista
3221 5215 3459 5277 divinitas
3494 5212 3725 5270 Christi:
3745 5215 3793 5269 si

2193 5335 2252 5372 ea
2281 5325 2374 5381 est,
2404 5331 2501 5382 qua
2529 5310 2753 5382 cognita,
2783 5308 2851 5361 ad
2879 5307 3069 5361 bonum
3095 5307 3208 5361 auis
3235 5309 3589 5379 reformatur;
3625 5307 3790 5377 sequi-

2192 5419 2274 5463 tur
2297 5417 2352 5462 ut
2375 5406 2508 5479 falsa
2529 5404 2593 5456 sit
2618 5401 2806 5472 qumvis
2830 5401 2933 5453 alia
2956 5410 3238 5468 comperta,
3253 5415 3306 5452 tn
3335 5415 3512 5470 prmus
3541 5401 3653 5466 ιλιι,
3679 5413 3793 5469 quis

2195 5501 2215 5573 (
2233 5497 2580 5568 manuscripti
2610 5496 2778 5550 nostri
2813 5494 3030 5549 codices
3059 5503 3115 5548 et
3141 5492 3268 5548 editi
3298 5493 3504 5548 addunt
3528 5493 3664 5546 omni
3697 5509 3790 5546 ra-

2191 5596 2345 5655 tione,
2369 5605 2490 5663 qua:
2516 5589 2777 5659 Rigaltius
2822 5587 3078 5656 sustulit)
3111 5585 3412 5640 delitescens
3439 5583 3530 5638 sub
3567 5584 3792 5639 nomini-

2192 5687 2282 5741 bus
2311 5695 2355 5740 et
2376 5682 2677 5754 imaginibus
2704 5691 3039 5745 mortuorum,
3070 5679 3377 5749 quibusdam
3402 5679 3581 5750 signis,
3605 5687 3654 5734 et
3691 5679 3791 5733 nti.

2191 5778 2380 5835 raculis
2421 5784 2469 5831 et
2515 5773 2736 5830 oraculis
2767 5773 2920 5843 fidem
2967 5771 3247 5826 divinitatis
3273 5780 3514 5842 operatur
3563 5769 3782 5845 (Idem,
