4092 6352
286 306 391 371 825

1429 323 1878 386 DlSSERTATlO
1914 326 1978 386 D.
2018 327 2107 389 LE
2142 326 2442 395 NOURRY.

3477 346 3588 411 ses

285 430 579 506 Apologet.,
623 449 741 506 cap.
795 433 858 490 2!
887 430 934 508 ).
988 434 1107 505 Quo
1164 443 1344 495 autem
1402 439 1564 496 modo
1637 456 1765 498 vera
1832 450 1887 498 et
1913 447 1967 506 A
1996 445 2068 502 At
2091 463 2198 518 quo
2223 451 2397 523 magis
2417 467 2542 510 vera
2565 461 2817 528 certaque
2841 464 2924 515 est
2943 456 3043 514 ista
3070 457 3354 532 expositio,
3378 475 3443 520 eo
3468 478 3587 521 ma-

286 539 539 597 suprema
591 526 792 584 Christi
864 529 1114 587 divinitas
1188 534 1362 604 potuit
1413 550 1647 607 unquam
1720 537 1889 607 magis

287 629 476 690 aperte
520 629 574 677 ct
608 633 982 681 asseveranter
1018 627 1185 682 asseri
1215 642 1280 683 ac
1319 628 1638 697 praedicari?
1672 629 1888 686 Tertul-

298 712 476 768 lianus
496 714 692 785 quippe
724 715 900 788 palam
944 727 1219 775 asseverat
1243 735 1361 775 eam
1396 730 1501 777 tam
1532 736 1651 778 esse
1681 738 1887 790 veram,

290 821 451 878 quam
491 805 624 863 falsa
668 820 752 864 est
791 810 1046 881 quarlibet
1086 813 1187 868 alia
1227 813 1480 871 divinitas
1522 831 1551 870 a
1602 817 1894 888 gentilibus

289 903 467 970 agnita
491 910 545 956 et
573 901 898 957 introducta.
941 904 1052 960 lmo
1088 922 1218 964 vero
1243 908 1438 964 clamat
1462 910 1531 965 ita
1567 926 1747 966 veram
1770 927 1891 968 esse

290 989 492 1047 Christi
547 992 877 1050 divinitatem
932 1006 989 1053 nt
1036 998 1164 1055 inde
1210 1011 1465 1068 sequatur
1524 1004 1707 1059 falsam
1770 1019 1892 1061 esse

248 1116 256 1122 -
291 1082 520 1140 aliorum
550 1086 814 1155 omnium,
832 1099 993 1159 atque
1010 1091 1173 1148 etiam
1197 1092 1502 1151 drcmonum
1530 1096 1890 1165 divinitatem,

291 1177 382 1248 qui
412 1177 513 1232 sub
539 1187 872 1235 mortuorum
917 1184 1224 1241 nominibus
1268 1195 1323 1243 et
1361 1188 1681 1260 imaginibus
1704 1189 1893 1247 delite-

291 1278 526 1336 scentes,
565 1271 754 1342 signis,
786 1273 1077 1341 miraculis,
1113 1278 1343 1333 oraculis
1384 1280 1545 1337 ﬁdem
1591 1281 1890 1341 divinitatis

270 1354 680 1431 ~operabantur,
702 1363 752 1417 id
776 1354 883 1433 est,
909 1367 1162 1424 omnibus
1201 1372 1527 1439 persuadere
1555 1374 1891 1433 conabantur

293 1450 412 1507 haec
456 1454 630 1525 signa,
658 1456 940 1524 miracula,
967 1469 1023 1514 et
1061 1463 1281 1516 oracula
1319 1464 1433 1519 ﬁcri
1462 1464 1641 1521 divina
1670 1482 1764 1522 sua
1795 1484 1890 1539 po-

294 1556 509 1616 testate,
540 1565 603 1605 ac
627 1565 787 1607 veros
814 1566 873 1609 se
895 1568 1016 1611 esse
1040 1554 1192 1611 deos.
1232 1557 1361 1624 Quis
1396 1574 1525 1631 ergo
1548 1577 1671 1628 ;nou
1713 1563 1892 1621 videat

293 1640 396 1696 bac
422 1640 703 1714 utriusque
730 1660 870 1701 verte
907 1656 963 1702 et
993 1647 1197 1704 ﬁctitire
1225 1649 1520 1707 divinitatis
1550 1655 1890 1725 oppositione

292 1748 476 1790 veram
498 1750 561 1790 ac
582 1751 851 1793 summam
876 1753 907 1793 a
927 1737 1260 1796 Tertulliano
1285 1741 1547 1799 declarari
1577 1743 1776 1801 Christi
1806 1746 1888 1803 di-

290 1827 569 1884 vinitatem
592 1830 618 1883 ’ἲ

362 1918 544 1991 Neque
583 1921 716 1977 satis
746 1922 921 1979 adhuc
943 1940 1065 1981 esse
1095 1927 1298 1997 putavit
1322 1926 1427 1985 hoc
1454 1928 1524 1984 ibi
1552 1929 1776 1997 dixisse,
1797 1931 1893 1988 sed

292 2012 450 2082 paulo
470 2022 593 2085 post
621 2014 839 2072 eosdem
873 2016 1118 2074 ethnicos
1141 2018 1223 2074 his
1251 2020 1426 2077 adhuc
1456 2024 1745 2093 compellat
1772 2041 1894 2080 ver-

294 2103 409 2159 bis:
443 2104 631 2161 Dicere
656 2122 761 2162 non
792 2110 1013 2179 potestis
1036 2109 1306 2167 Christum
1330 2129 1451 2169 esse
1470 2117 1751 2172 communis
1771 2134 1895 2172 con-

291 2196 497 2252 ditionis
547 2199 817 2256 hominem
852 2202 1057 2275 (Ibid.,
1105 2221 1221 2276 cap.
1256 2206 1374 2279 25).
1407 2208 1673 2265 Venturus
1722 2211 1889 2281 siqui-

291 2287 414 2344 dem
460 2298 546 2347 est.
590 2292 643 2347 in
695 2295 801 2349 line
859 2298 1067 2364 mundi,
1093 2307 1146 2352 ut
1189 2297 1288 2355 Dei
1340 2302 1521 2368 virtus,
1545 2311 1594 2355 et
1619 2301 1718 2357 Dei
1741 2304 1896 2374 spiri-

292 2388 394 2449 tus,
425 2392 472 2438 et
500 2401 689 2452 sermo,
729 2396 778 2441 et
804 2390 1079 2461 sapientia,
1110 2401 1156 2446 et
1187 2395 1339 2458 ratio,
1366 2404 1413 2448 et
1449 2394 1545 2450 Dei
1576 2394 1625 2450 F
1626 2395 1765 2452 ilius.
1789 2398 1891 2453 Pa-

292 2474 399 2530 lam
432 2475 612 2547 igitur,
655 2488 815 2551 atque
860 2481 914 2536 in
960 2499 1056 2539 ore
1103 2494 1158 2540 et
1196 2486 1366 2541 oculis
1406 2486 1891 2546 infensissimorum

302 2565 596 2624 Christiani
646 2572 880 2629 nominis
922 2573 1153 2631 hostium
1203 2577 1457 2634 audacter
1496 2580 1807 2650 pronuntiat
1841 2589 1897 2637 et

293 2669 626 2717 contestatur
652 2661 921 2722 Christum
952 2682 1074 2724 esse
1113 2672 1300 2726 interni
1337 2671 1510 2727 Patris
1538 2673 1621 2728 sui
1669 2672 1893 2730 Sermo-

190 2796 193 2799 .
293 2768 441 2820 nent,
467 2754 793 2826 Sapientiam
824 2771 877 2814 et
904 2760 1204 2829 Rationem,
1245 2779 1349 2834 qua
1378 2763 1447 2819 ab
1480 2774 1687 2821 reterno
1718 2765 1887 2822 Filius

294 2843 412 2916 ejus
441 2856 543 2901 est.
573 2847 911 2920 Quapropter
939 2853 1142 2911 diserte
1175 2856 1418 2912 adﬁrmat
1444 2857 1496 2912 in
1521 2857 1735 2914 Christo
1759 2859 1894 2916 duas

295 2951 419 2993 esse
443 2936 537 2994 Dei
565 2948 621 2995 et
645 2940 877 2997 hominis
900 2953 1137 3014 naturas,
1161 2947 1417 3019 illumque
1437 2956 1544 3004 tam
1563 2964 1751 3006 verum
1772 2966 1895 3010 esse

292 3026 485 3097 Detuu,
513 3046 670 3102 quam
705 3048 888 3089 verum
921 3035 1217 3094 hominem.

904 3147 1197 3190 ARTICULUS
1237 3150 1293 3190 ll.

1990 535 2073 609 gis
2098 540 2338 598 studiose
2367 558 2397 598 a
2423 545 2581 601 nobis
2600 548 2892 605 examinari
2921 549 3099 606 debet.

2063 632 2202 689 Dicit
2234 633 2413 706 itaque
2439 637 2650 707 primo:
2684 639 2844 696 Hunc
2869 657 2935 697 ea:
2964 641 3074 699 Deo
3104 645 3359 716 prolatum
3400 647 3586 703 didici-

1992 740 2125 779 mus.
2156 724 2262 782 Sed
2295 726 2457 807 unde,
2488 745 2695 801 quaeso,
2720 732 2810 790 ille
2841 735 3038 806 aliique
3062 736 3339 795 christiani
3365 739 3419 796 id
3448 740 3588 796 didi-

1992 821 2221 877 cerant?
2248 821 2362 877 Non
2401 823 2618 881 aliunde
2668 826 2929 897 profecto,
2962 829 3064 885 nisi
3094 845 3161 886 ex
3200 833 3367 888 sacris
3408 833 3591 905 Scrip-

1995 913 2149 980 turis,
2201 930 2267 970 ac
2294 924 2442 971 certa
2491 919 2869 990 constantique
2899 921 2966 977 ab
3010 924 3283 993 Apostolis
3322 924 3389 980 ad
3431 942 3585 983 suum

1995 1019 2162 1076 usque
2184 1014 2394 1078 tempus
2414 1008 2719 1066 traditione.
2750 1010 2910 1067 Plura
2935 1020 3115 1069 autem
3142 1015 3267 1070 alibi
3291 1016 3422 1071 citat
3446 1017 3588 1075 hanc

1996 1098 2046 1152 in
2075 1114 2187 1155 rem
2208 1100 2448 1170 ejusdem
2478 1116 2648 1159 sacra:
2664 1103 3110 1177 Scripturzcloca,
3139 1117 3298 1180 atque
3320 1110 3371 1165 in
3403 1112 3590 1182 primis

1994 1188 2047 1245 in
2080 1191 2217 1247 libro
2243 1192 2501 1250 adversus
2531 1196 2813 1263 Praxeam,
2867 1198 3143 1256 haereseos
3173 1203 3593 1274 patripassiano—

1996 1300 2113 1340 rum
2155 1285 2437 1344 fautorem.
2468 1290 2538 1344 At
2581 1291 2652 1346 ibi
2689 1307 2905 1363 quoque
2954 1294 3211 1364 praeclare
3251 1295 3411 1353 docet
3454 1298 3594 1356 hanc

1994 1393 2114 1436 esse
2137 1381 2254 1437 ﬁdei
2288 1392 2483 1438 nostrae
2510 1386 2750 1457 regulam
2795 1403 2913 1459 qua:
2935 1388 3006 1444 ab
3031 1389 3303 1462 Evangelii
3327 1392 3480 1448 initio
3500 1394 3596 1451 tle-

1993 1475 2268 1541 cucurrit,
2317 1486 2373 1531 et
2418 1477 2745 1548 quibuslibet
2813 1479 3082 1538 hrcreticis
3135 1492 3219 1538 est
3272 1485 3589 1556 antiquior:

1995 1564 2203 1621 Constat
2230 1577 2396 1623 autem
2430 1569 2505 1633 id,
2531 1570 2720 1641 inquit,
2767 1587 2939 1626 verum
2964 1588 3071 1628 esse
3110 1574 3446 1646 quodcunque
3487 1578 3599 1648 pri-

1995 1673 2153 1725 mum,
2185 1659 2243 1713 id
2280 1675 2386 1716 esse
2428 1660 2619 1730 falsum
2663 1663 2997 1733 quodcunque
3034 1667 3285 1734 posterius
3325 1666 3592 1738 (Tertull.

1993 1752 2085 1810 lib.
2147 1754 2266 1809 adv.
2310 1753 2525 1823 Prome,
2572 1772 2687 1826 cap.
2743 1755 2837 1829 2).
2883 1758 3209 1830 Perpcram,
3269 1761 3428 1831 igitur
3481 1763 3599 1833 qui-

1919 1847 1967 1907 B
1996 1844 2116 1900 dam
2158 1846 2493 1902 insulsissimi
2524 1848 2769 1905 homines
2814 1850 3153 1907 venditarunt
3178 1852 3309 1907 illud
3343 1853 3411 1909 de
3462 1858 3599 1927 λόγου

1997 1949 2050 1994 et
2082 1938 2215 1994 Filio
2238 1940 2334 1995 Dei
2364 1940 2558 2011 dogma
2587 1941 2860 2012 Apostolis
2890 1943 3186 2015 primisque
3210 1959 3396 2000 eorum
3427 1945 3596 2002 disci-

1998 2034 2137 2104 pnlis
2165 2032 2333 2088 fuisse
2366 2034 2716 2105 incognitmu,
2749 2050 2813 2092 ac
2841 2036 3083 2092 secundo
3110 2037 3371 2094 duntaxat
3404 2039 3598 2096 Eccle-

1997 2129 2091 2183 sia:
2121 2129 2320 2183 steculo
2351 2126 2600 2183 haustum
2628 2144 2698 2184 ex
2746 2130 3187 2201 phil050phorum
3225 2118 3595 2201 Opinionibus,

1997 2230 2053 2276 et
2076 2219 2450 2277 a‘Christianis
2475 2231 2768 2292 receptum.
2801 2223 2856 2278 Si
2889 2238 3008 2293 quae
3039 2224 3181 2278 enim
3204 2264 3219 2287 ,
3249 2223 3301 2277 in
3330 2223 3600 2295 praecipuo

1997 2313 2122 2368 ﬁdei
2169 2313 2478 2368 christiana:
2520 2313 2695 2383 capite
2740 2312 2879 2368 facta
2911 2314 3097 2369 fuisset
3128 2314 3446 2383 immutatio,
3483 2314 3600 2372 lucc

1997 2406 2237 2461 omnium
2285 2421 2348 2461 ac
2389 2407 2660 2477 prmcipuc
2689 2406 3005 2463 Tertulliani
3035 2409 3273 2463 animum
3305 2410 3600 2480 percellcrc

1997 2499 2245 2556 debebat.
2275 2499 2392 2555 Non
2435 2499 2779 2556 mediocriter
2806 2500 2948 2555 enim
2991 2500 3232 2557 eruditus
3265 2502 3354 2559 ille
3390 2503 3472 2558 vir
3496 2505 3600 2560 sub

1996 2592 2215 2647 secundi
2234 2591 2411 2647 smculi
2435 2601 2483 2647 et
2515 2592 2656 2648 tertii
2684 2593 2888 2647 initium
2917 2592 3112 2657 ﬁoruit,
3145 2609 3245 2650 nec
3266 2595 3488 2665 proinde
3512 2611 3599 2666 po«

1999 2686 2099 2741 tuit
2119 2686 2366 2757 ignorare
2386 2701 2545 2757 quam
2573 2696 2723 2741 certo
2746 2684 2859 2741 hsce
2881 2688 3181 2741 communis
3198 2687 3439 2744 omnium
3465 2687 3596 2744 doc-

2000 2780 2134 2834 trina
2165 2778 2234 2835 ab
2263 2778 2534 2849 Apostolis
2560 2775 2626 2832 ad
2653 2793 2810 2833 suum
2845 2793 3012 2850 usque
3041 2788 3251 2850 tempus
3278 2780 3595 2837 transmissa

2068 2964 2337 3027 Secundo,
2364 2966 2452 3022 ille
2480 2965 2640 3023 docet
2666 2965 2900 3022 Verbum
2923 2965 3166 3022 divinum
3188 2980 3309 3022 esse
3325 2965 3389 3020 de
3401 2965 3601 3029 Spiritu

1999 3057 2284 3128 Spiritum;
2313 3060 2436 3131 quia
2488 3059 2582 3114 Dei
2622 3060 2715 3117 'est
2763 3058 3036 3128 Verbum,
3088 3059 3267 3124 Ratio,
3316 3068 3372 3115 et
3392 3058 3601 3128 jSermo

1996 3149 2017 3222 (
2044 3150 2217 3217 Idem,
2249 3153 2517 3224 Apologet.
2565 3170 2681 3224 cap.
2706 3152 2772 3209 2|
2798 3153 2844 3226 ).
2870 3152 3003 3209 Nam
3025 3154 3164 3208 sicut
3191 3151 3321 3207 alibi
3350 3152 3601 3224 ait:Spi-

303 3217 469 3286 Quam
512 3221 697 3276 diserte
736 3221 1086 3280 Tertullianus
1112 3236 1363 3282 asseverat
1387 3244 1542 3283 unam
1582 3239 1630 3284 et
1655 3231 1893 3286 eamdem

1998 3246 2150 3300 ritum
2171 3246 2502 3319 intelligimus
2529 3249 2582 3300 in
2600 3246 2802 3301 nomine
2828 3246 3114 3301 sermonis:
3138 3244 3211 3299 ita
3242 3255 3289 3299 et
3318 3260 3599 3299 sermonem

369 3329 477 3367 esse
499 3311 671 3368 Patris
696 3317 876 3371 teterni
895 3318 1103 3389 ejusque
1131 3317 1259 3374 Filii
1282 3319 1616 3376 substantiam
1652 3339 1713 3377 ac
1741 3332 1893 3377 natu-

365 3422 498 3472 ram,
527 3406 643 3461 licet
669 3408 910 3464 distincta
939 3411 1005 3464 sit
1030 3412 1293 3483 utriusque
1318 3429 1555 3482 persona.

375 3528 548 3596 Quam
582 3530 784 3586 diserte
828 3544 892 3585 ac
928 3536 1240 3585 constanter
1278 3529 1644 3587 Tertullianus
1679 3532 1886 3600 docuit,

299 3624 495 3681 Filium
540 3622 630 3679 Dei
662 3637 825 3677 unum
874 3630 931 3677 et
968 3619 1216 3677 eumdem
1261 3636 1385 3678 esse
1426 3637 1549 3678 cum
1596 3623 1756 3680 Patre
1795 3640 1895 3680 suo

296 3716 466 3773 Deum
492 3732 509 3781 ;
546 3715 617 3769 ita
649 3728 782 3770 sane
813 3727 971 3767 unam
993 3722 1047 3768 et
1072 3712 1316 3768 eamdem
1344 3714 1621 3786 utriusque
1646 3715 1897 3772 substan-

297 3807 426 3864 tiam
456 3821 520 3862 ac
554 3817 823 3871 naturam,
853 3804 947 3860 sed
975 3804 1255 3860 distinctas
1294 3820 1553 3875 personas
1586 3822 1708 3864 esse
1747 3824 1896 3866 asse-

296 3899 424 3956 ruit.
455 3898 570 3954 Non
593 3897 758 3953 semel
787 3897 985 3966 quippe
1014 3894 1068 3950 id
1092 3894 1249 3959 dixit,
1277 3896 1372 3952 sed
1402 3898 1619 3967 saepius,
1661 3914 1732 3954 ac
1751 3914 1894 3970 pra:-

296 3990 483 4047 sertim
531 3989 584 4043 in
626 4003 725 4044 suo
763 3986 1136 4058 Apologctico,
1167 3986 1254 4041 ubi
1294 3987 1366 4043 de
1405 3987 1566 4044 Verbi
1611 3989 1731 4046 sive
1771 3989 1896 4048 Filii

293 4082 391 4141 Dei
419 4082 763 4154 generatione
800 4079 1193 4150 sic-diSptuat:
1227 4078 1400 4147 Hunc,
1432 4080 1621 4152 inquit,
1665 4086 1797 4155 λόγον
1832 4100 1897 4139 ea:

294 4177 404 4233 Deo
437 4176 692 4250 prolatum
731 4174 1022 4238 didicimus,
1056 4184 1102 4228 et
1147 4173 1432 4244 prolatione
1466 4183 1764 4246 generatum
1788 4216 1806 4244 ,
1842 4187 1893 4231 et

295 4271 489 4326 idcirco
516 4268 712 4323 Filium
737 4266 850 4327 Det,
875 4275 921 4319 et
949 4264 1112 4321 Deum
1133 4266 1325 4321 dictum
1345 4282 1408 4322 ex
1432 4267 1623 4322 unitate
1649 4266 1884 4322 substan-

296 4365 399 4419 tiae.
422 4360 561 4417 Nam
586 4370 634 4415 et
665 4359 801 4414 Deus
826 4359 1035 4429 spiritus
1065 4374 1083 4412 :
1112 4368 1158 4412 et
1197 4375 1310 4412 cum
1340 4360 1520 4415 radius
1549 4376 1614 4415 ea:
1637 4361 1745 4415 sole
1770 4376 1894 4431 por-

294 4456 481 4526 rigitur
500 4495 515 4520 ,
548 4452 713 4523 portio
750 4466 814 4505 ea:
849 4466 1081 4514 summa;
1129 4450 1218 4504 sed
1255 4452 1333 4506 sol
1359 4452 1452 4505 erit
1481 4452 1533 4506 in
1563 4453 1745 4519 radio,
1773 4453 1895 4525 quia

294 4547 419 4602 solis
453 4554 527 4599 est
550 4544 747 4609 radius,
775 4558 865 4596 uec
904 4551 1173 4611 separatur
1198 4542 1500 4609 substantia,
1530 4545 1619 4597 sed
1655 4544 1891 4599 extendi-

1996 3354 2197 3409 quoque
2218 3338 2543 3410 agnoscimus
2573 3338 2625 3392 in
2651 3340 2856 3392 nomine
2878 3338 3109 3408 spiritus.
3142 3335 3285 3391 Nam
3311 3346 3358 3391 et
3387 3336 3600 3406 spiritus

1997 3433 2277 3487 substantia
2321 3442 2392 3488 est
2432 3433 2678 3488 sermonis
2699 3474 2713 3499 ,
2742 3442 2789 3487 et
2830 3448 2995 3486 sermo
3022 3431 3250 3502 Operatio
3279 3428 3511 3501 spiritus,
3553 3435 3601 3482 et

1998 3524 2102 3577 duo
2135 3540 2294 3577 unum
2344 3534 2460 3578 sunt
2488 3522 2698 3594 (Idem,
2756 3523 2847 3579 lib.
2874 3522 2993 3578 adv.
3058 3521 3275 3587 Praxe.,
3307 3537 3423 3591 cap.
3483 3516 3599 3590 26).

2000 3614 2340 3671 Existimavit
2394 3616 2571 3687 itaque
2619 3615 2959 3680 Sermonem,
2991 3630 3086 3671 seu
3129 3613 3386 3678 Verbum,
3415 3621 3472 3669 et.
3506 3611 3603 3668 Fi-

1998 3706 2127 3761 lium
2184 3706 2274 3763 Dei
2320 3722 2441 3763 esse
2486 3707 2730 3778 spiritum
2754 3748 2769 3773 ,
2800 3722 3023 3778 remque
3054 3707 3212 3777 plane
3237 3704 3600 3776 spiritualem,

1996 3798 2027 3854 ὲ
2074 3815 2410 3873 quacumque
2438 3802 2688 3867 materia,
2712 3811 2767 3858 et
2797 3801 2942 3856 omni
2995 3815 3055 3857 re
3087 3814 3345 3871 corporea
3393 3798 3601 3854 discre-

1998 3899 2126 3946 tam.
2160 3892 2292 3960 Quae
2318 3892 2535 3964 quidem
2585 3892 2727 3948 illius
2764 3893 3031 3949 sententia
3062 3891 3186 3946 inde
3225 3890 3600 3955 conﬁrmatur,

1998 3986 2140 4057 quod
2171 3987 2285 4057 ipse
2330 3986 2527 4042 ibidem
2568 3988 2878 4057 pronuntiat
2907 3986 3053 4041 illum
3093 3999 3214 4040 esse
3263 3984 3496 4055 spiritum
3540 3982 3604 4038 de

1997 4081 2201 4151 spiritu,
2234 4081 2284 4135 id
2307 4090 2411 4147 est,
2440 4080 2630 4151 spiritu
2650 4094 2714 4135 ac
2739 4080 3065 4150 cogitatione
3094 4077 3283 4134 :eterni
3314 4077 3489 4133 Patris
3518 4076 3604 4133 sui

1999 4175 2262 4245 prolatum
2315 4188 2378 4228 ac
2429 4173 2665 4245 genitum
2718 4170 2930 4243 (Idem,
2984 4172 3278 4243 Apologet.,
3338 4187 3453 4242 cap.
3484 4168 3602 4243 21).

1998 4267 2204 4323 Divina:
2256 4266 2522 4338 siquidem
2588 4266 2930 4337 cogitationis
2980 4265 3209 4335 prolatio
3273 4279 3384 4319 non
3431 4263 3603 4319 solum

1998 4360 2131 4416 nihil
2165 4363 2411 4431 corporei
2452 4359 2721 4427 admittit,
2755 4359 2848 4416 sed
2882 4374 3018 4414 unus
3047 4374 3170 4413 cum
3200 4373 3299 4414 suo
3347 4359 3536 4425 Patre,
3572 4357 3604 4413 ὸ

1998 4468 2103 4524 quo
2133 4453 2420 4523 profertur,
2460 4453 2600 4508 Deus
2630 4461 2734 4508 est.
2766 4454 2835 4508 At
2863 4451 2988 4523 quid
3018 4466 3156 4522 opus
3183 4459 3266 4506 est
3301 4449 3352 4505 id
3383 4450 3414 4504 it
3444 4449 3603 4505 nobis

2000 4544 2233 4616 probari,
2253 4543 2398 4614 quod
2422 4544 2489 4598 ab
2514 4544 2606 4597 illo
2627 4543 2987 4600 disertissime
3009 4543 3200 4613 hisque
3222 4542 3466 4612 ipsisuiet
3482 4556 3606 4594 ver-

295 4650 380 4695 tur
404 4656 425 4694 :
453 4638 526 4692 ita
549 4646 595 4690 ct
624 4635 687 4689 de
719 4635 917 4705 Spiritu
948 4634 1175 4704 Spiritus
1195 4677 1210 4700 ,
1243 4645 1289 4688 et
1319 4634 1382 4688 de
1409 4634 1516 4689 Deo
1549 4634 1707 4702 Deus,
1741 4647 1795 4691 ut
1821 4638 1895 4691 lu-
1918 4640 1972 4700 D
1999 4637 2082 4691 bis
2107 4639 2403 4692 asseritur:
2430 4636 2579 4704 Quod
2607 4636 2670 4690 de
2699 4636 2806 4691 Deo
2834 4637 3113 4707 profectum
3137 4645 3230 4701 est,
3267 4632 3406 4687 Deus
3439 4640 3533 4696 est,
3555 4639 3605 4686 ct

296 4751 411 4791 men
437 4734 500 4789 de
527 4733 721 4787 lumine
764 4746 1057 4786 accensum.
1097 4729 1272 4786 Manet
1302 4732 1500 4802 integra
1537 4741 1590 4787 et
1636 4732 1891 4805 indefecta

295 4828 520 4886 materiae
552 4827 773 4891 matrix,
813 4824 905 4880 etsi
952 4824 1123 4895 plures
1162 4824 1280 4878 inde
1320 4826 1554 4881 traduces
1581 4824 1890 4891 qualitatum

298 4923 584 4980 mutueris:
609 4923 681 4975 ita
710 4919 847 4991 quod
881 4919 945 4974 de
974 4918 1077 4973 Deo
1106 4920 1391 4991 profectum
1431 4929 1525 4986 est,
1558 4918 1697 4975 Deus
1720 4930 1814 4986 est,
1842 4930 1893 4976 et

295 5017 397 5073 Dei
427 5016 617 5083 Filius,
649 5025 696 5071 et
725 5030 857 5069 unus
885 5013 1032 5069 ambo
1055 5028 1075 5067 :
1102 5013 1173 5068 ita
1204 5014 1267 5068 de
1296 5015 1480 5086 spiritu
1496 5015 1724 5086 spiritus,
1757 5026 1805 5070 et
1833 5017 1898 5072 de

295 5110 408 5168 Deo
429 5111 568 5168 Deus
596 5110 802 5166 modulo
823 5110 1073 5164 alternum
1104 5125 1369 5164 nunterum
1401 5109 1588 5181 gradu,
1614 5126 1716 5165 non
1758 5121 1896 5165 statu

293 5204 439 5277 fecit,
469 5212 514 5256 et
565 5219 597 5257 a
636 5203 845 5256 matrice
893 5203 1129 5267 excessit,
1162 5218 1264 5257 non
1312 5202 1516 5256 recessit
1547 5199 1735 5274 (Ibid,
1776 5219 1894 5274 cap.

289 5294 425 5368 21).
456 5297 529 5351 Ita
575 5309 705 5350 sane
752 5294 823 5349 ibi
865 5294 1154 5365 gentilibus
1220 5294 1537 5364 simpliciter
1581 5309 1644 5350 ac
1681 5296 1895 5353 sincere

288 5388 539 5445 declarat
564 5384 688 5457 quid
728 5384 1018 5441 Christiani
1049 5386 1117 5442 de
1138 5385 1301 5441 divini
1339 5384 1534 5452 Verbi,
1566 5401 1629 5441 ac
1670 5387 1895 5457 proinde

288 5481 409 5540 Filii
442 5480 534 5536 Dei
565 5488 752 5534 natura
785 5492 848 5533 ac
875 5479 1225 5550 generatione
1249 5479 1535 5535 sentirent.
1568 5480 1739 5550 Quam
1778 5482 1891 5537 sin-

287 5590 413 5632 cera
441 5584 620 5628 autem
666 5573 735 5627 sit
778 5572 897 5626 haec
937 5570 1245 5640 explicatio,
1277 5571 1401 5627 inde
1442 5573 1631 5645 liquet,
1669 5574 1813 5646 quod
1842 5577 1888 5631 si
1928 5572 1929 5575 “

287 5668 468 5724 celare
503 5675 593 5720 aut
626 5664 971 5721 dissimulare
997 5662 1199 5733 aliquid
1230 5665 1529 5735 potuisset,
1559 5668 1685 5723 illud
1728 5680 1881 5726 certe
1910 5666 1913 5669 ’

290 5774 398 5815 non
427 5768 543 5815 erat
567 5758 813 5814 dicturus
835 5758 887 5812 in
911 5757 1049 5812 libro
1079 5755 1310 5823 publico,
1331 5773 1489 5827 quem
1515 5760 1747 5816 ethnicis
1763 5777 1887 5817 om-

289 5855 472 5922 nibus,
492 5867 557 5912 ac
583 5851 810 5909 Romani
830 5850 992 5907 etiam
1026 5848 1235 5920 imperii
1257 5848 1580 5907 antistitibus
1607 5851 1867 5910 oﬁ‘ercbat

2000 4726 2100 4781 Dei
2129 4726 2314 4792 Filius,
2347 4735 2391 4782 et
2418 4744 2549 4781 unus
2573 4729 2742 4794 ambo,
2766 4739 2812 4781 et
2837 4728 2901 4782 de
2926 4727 3034 4782 Deo
3056 4725 3197 4781 Deus
3223 4723 3276 4794 (1
3283 4723 3495 4794 bident).

2074 4823 2285 4887 Tertio,
2310 4823 2678 4879 Tertullianus
2725 4823 2957 4878 affirmat
2983 4823 3129 4878 illuni
3157 4836 3277 4877 cum
3311 4821 3419 4875 Deo
3444 4820 3607 4876 Patre

2002 4934 2168 4973 unum
2213 4933 2335 4974 esse
2366 4918 2535 4975 Deum
2568 4934 2631 4973 ea;
2674 4919 2868 4972 unitate
2913 4916 3209 4971 substantia:
3232 4957 3247 4979 ,
3280 4931 3343 4968 ac
3372 4914 3597 4984 proinde

2004 5029 2166 5068 unam
2192 5020 2246 5068 et
2270 5011 2514 5069 eamdem
2546 5026 2670 5068 esse
2696 5011 2975 5082 utriusque
3000 5008 3354 5065 substantiam
3386 5007 3602 5081 (Ibid.).

2000 5107 2041 5161 Δ
2074 5106 2230 5162 Patre
2258 5105 2403 5160 enim
2430 5119 2529 5160 suo
2574 5120 2677 5159 non
2709 5114 3007 5177 separatur,
3044 5101 3244 5172 inquit;
3273 5098 3556 5155 substantia
3585 5142 3601 5166 ,

1998 5199 2088 5254 sed
2116 5199 2405 5255 extenditur
2425 5214 2445 5263 ;
2465 5200 2719 5268 quoniam
2750 5199 2885 5252 Inmc
2919 5210 2981 5250 ea:
3009 5193 3153 5259 Deo,
3197 5192 3272 5247 uti
3304 5192 3480 5248 adhuc
3513 5193 3607 5248 illo

1998 5292 2239 5362 loquitur
2258 5334 2272 5355 ,
2302 5291 2565 5363 prolatum
2594 5291 2872 5345 didicimus
2889 5331 2904 5355 ,
2929 5298 2979 5342 et
3007 5286 3295 5359 prolatione
3312 5294 3606 5357 generatum

1998 5385 2209 5458 (Ibid.).
2243 5387 2374 5455 Quia
2409 5400 2539 5440 vero
2579 5385 2648 5439 ah
2686 5384 2780 5439 illo
2805 5383 2876 5438 ita
2902 5381 3123 5454 prodiit,
3147 5390 3202 5437 et
3229 5381 3443 5453 genitus
3474 5389 3600 5447 est;

1996 5478 2698 5551 idcirco,quemadmodum
2730 5494 2762 5533 a
2813 5478 2971 5532 Patre
3011 5491 3111 5532 suo
3157 5490 3262 5531 non
3318 5483 3602 5545 separatur

1995 5574 2291 5630 substantia
2313 5615 2327 5639 ,
2358 5574 2435 5628 sic
2451 5571 2518 5626 ab
2541 5571 2634 5627 illo
2659 5585 2886 5641 persona
2917 5570 3278 5642 distinguitur.
3305 5566 3426 5622 Non
3450 5567 3593 5622 enim
3674 5602 3683 5609 -

1995 5667 2179 5723 eadem
2204 5680 2325 5720 esse
2352 5674 2525 5735 potest
2555 5663 2729 5719 Patris
2759 5674 2814 5720 et
2858 5663 2979 5719 Filii
3010 5663 3102 5719 Dei
3130 5676 3386 5734 persona.
3412 5660 3480 5716 At
3501 5674 3602 5715 eau

1995 5760 2116 5816 dem
2152 5769 2325 5814 tamen
2353 5767 2437 5814 est
2480 5759 2761 5831 utriusque
2789 5758 3118 5821 substantia;
3143 5754 3578 5827 quandoquidem

1995 5867 2133 5909 unus
2157 5862 2240 5908 est
2265 5867 2386 5907 cum
2413 5850 2567 5907 Patre
2595 5849 2739 5908 Deus
2764 5866 2828 5907 ea:
2850 5852 3043 5906 unitate
3066 5848 3360 5906 substantia
3383 5887 3399 5918 ,
3428 5862 3459 5903 a
3484 5862 3590 5920 qua
