  <div class='ocr_page' id='page_1' title='image "/cluster/home/n/w/nwhite01/storage/ocr_20150623/1/hvd.32044015466733/440.png"; bbox 0 0 4092 6352; ppageno 0'>
   <div class='ocr_carea' id='block_1_1' title="bbox 324 338 1936 410">
    <p class='ocr_par' dir='ltr' id='par_1_1' title="bbox 324 338 1936 403">
     <span class='ocr_line' id='line_1_1' title="bbox 324 338 1936 403; baseline -0.001 0"><span class='ocrx_word' id='word_1_1' title='bbox 324 385 330 391; x_wconf 90' lang='grc'><strong><em>-</em></strong></span> <span class='ocrx_word' id='word_1_2' title='bbox 354 338 465 403; x_wconf 68' lang='grc'><strong>899</strong></span> <span class='ocrx_word' id='word_1_3' title='bbox 1495 341 1936 402; x_wconf 75' lang='lat' dir='ltr'><strong>DISSERTATIU</strong></span> 
     </span>
    </p>
   </div>
   <div class='ocr_carea' id='block_1_2' title="bbox 2037 338 3663 410">
    <p class='ocr_par' dir='ltr' id='par_1_2' title="bbox 2037 342 3663 410">
     <span class='ocr_line' id='line_1_2' title="bbox 2037 342 3663 410; baseline 0.007 -12"><span class='ocrx_word' id='word_1_4' title='bbox 2037 381 2050 398; x_wconf 91' lang='lat'><strong>.</strong></span> <span class='ocrx_word' id='word_1_5' title='bbox 2084 342 2174 400; x_wconf 80' lang='lat' dir='ltr'><strong>LE</strong></span> <span class='ocrx_word' id='word_1_6' title='bbox 2210 342 2520 403; x_wconf 80' lang='lat' dir='ltr'><strong>NOURRY.</strong></span> <span class='ocrx_word' id='word_1_7' title='bbox 3551 342 3663 410; x_wconf 72' lang='lat'><strong>830</strong></span> 
     </span>
    </p>
   </div>
   <div class='ocr_carea' id='block_1_3' title="bbox 358 448 3660 534">
    <p class='ocr_par' dir='ltr' id='par_1_3' title="bbox 358 448 3660 534">
     <span class='ocr_line' id='line_1_3' title="bbox 358 448 3660 534; baseline 0 -18"><span class='ocrx_word' id='word_1_8' title='bbox 358 461 477 517; x_wconf 82' lang='lat' dir='ltr'><strong>Filii</strong></span> <span class='ocrx_word' id='word_1_9' title='bbox 504 460 597 518; x_wconf 85' lang='lat' dir='ltr'><strong>Dei</strong></span> <span class='ocrx_word' id='word_1_10' title='bbox 620 460 930 533; x_wconf 73' lang='lat' dir='ltr'><strong>Christique</strong></span> <span class='ocrx_word' id='word_1_11' title='bbox 958 459 1175 517; x_wconf 83' lang='lat' dir='ltr'><strong>Domini</strong></span> <span class='ocrx_word' id='word_1_12' title='bbox 1194 458 1474 517; x_wconf 67' lang='lat' dir='ltr'><strong>divinitate</strong></span> <span class='ocrx_word' id='word_1_13' title='bbox 1496 462 1816 517; x_wconf 87' lang='lat' dir='ltr'><strong>sententiam</strong></span> <span class='ocrx_word' id='word_1_14' title='bbox 1841 468 1949 516; x_wconf 83' lang='lat' dir='ltr'><strong>tam</strong></span> <span class='ocrx_word' id='word_1_15' title='bbox 1976 462 2033 523; x_wconf 69' lang='grc' dir='ltr'><strong>Α</strong></span> <span class='ocrx_word' id='word_1_16' title='bbox 2056 475 2172 513; x_wconf 85' lang='lat' dir='ltr'><strong>cum</strong></span> <span class='ocrx_word' id='word_1_17' title='bbox 2205 459 2407 530; x_wconf 86' lang='lat' dir='ltr'><strong>Spiritu</strong></span> <span class='ocrx_word' id='word_1_18' title='bbox 2438 464 2614 515; x_wconf 82' lang='lat' dir='ltr'><strong>sancto</strong></span> <span class='ocrx_word' id='word_1_19' title='bbox 2631 458 2909 514; x_wconf 84' lang='lat' dir='ltr'><strong>secundum</strong></span> <span class='ocrx_word' id='word_1_20' title='bbox 2937 458 3185 516; x_wconf 89' lang='lat' dir='ltr'><strong>rationem</strong></span> <span class='ocrx_word' id='word_1_21' title='bbox 3211 460 3518 525; x_wconf 70' lang='lat' dir='ltr'><strong>mcenomiat.</strong></span> <span class='ocrx_word' id='word_1_22' title='bbox 3542 448 3660 534; x_wconf 64' lang='lat' dir='ltr'><strong>quid</strong></span> 
     </span>
    </p>
   </div>
   <div class='ocr_carea' id='block_1_4' title="bbox 355 552 3659 625">
    <p class='ocr_par' dir='ltr' id='par_1_4' title="bbox 355 552 3659 625">
     <span class='ocr_line' id='line_1_4' title="bbox 355 552 3659 625; baseline 0.001 -16"><span class='ocrx_word' id='word_1_23' title='bbox 355 563 732 613; x_wconf 76' lang='lat' dir='ltr'><strong>asseveranter</strong></span> <span class='ocrx_word' id='word_1_24' title='bbox 762 568 921 625; x_wconf 88' lang='lat' dir='ltr'><strong>quam</strong></span> <span class='ocrx_word' id='word_1_25' title='bbox 955 554 1239 624; x_wconf 82' lang='lat' dir='ltr'><strong>perspicue</strong></span> <span class='ocrx_word' id='word_1_26' title='bbox 1269 562 1453 608; x_wconf 89' lang='lat' dir='ltr'><strong>tuetur</strong></span> <span class='ocrx_word' id='word_1_27' title='bbox 1480 568 1544 610; x_wconf 89' lang='lat' dir='ltr'><strong>ac</strong></span> <span class='ocrx_word' id='word_1_28' title='bbox 1575 553 1826 610; x_wconf 86' lang='lat' dir='ltr'><strong>vindicat.</strong></span> <span class='ocrx_word' id='word_1_29' title='bbox 1846 554 1956 611; x_wconf 83' lang='lat' dir='ltr'><strong>Sed</strong></span> <span class='ocrx_word' id='word_1_30' title='bbox 2060 552 2185 622; x_wconf 82' lang='lat' dir='ltr'><strong>facit</strong></span> <span class='ocrx_word' id='word_1_31' title='bbox 2213 568 2511 615; x_wconf 85' lang='lat' dir='ltr'><strong>numerum,</strong></span> <span class='ocrx_word' id='word_1_32' title='bbox 2548 568 2611 606; x_wconf 88' lang='lat' dir='ltr'><strong>ne</strong></span> <span class='ocrx_word' id='word_1_33' title='bbox 2651 561 2709 606; x_wconf 87' lang='lat' dir='ltr'><strong>ut</strong></span> <span class='ocrx_word' id='word_1_34' title='bbox 2750 561 2914 607; x_wconf 80' lang='lat' dir='ltr'><strong>uestra</strong></span> <span class='ocrx_word' id='word_1_35' title='bbox 2938 554 3235 623; x_wconf 76' lang='lat' dir='ltr'><strong>perversitas</strong></span> <span class='ocrx_word' id='word_1_36' title='bbox 3277 554 3429 625; x_wconf 83' lang='lat' dir='ltr'><strong>infert</strong></span> <span class='ocrx_word' id='word_1_37' title='bbox 3448 597 3464 620; x_wconf 94' lang='lat'><strong>,</strong></span> <span class='ocrx_word' id='word_1_38' title='bbox 3495 553 3659 611; x_wconf 88' lang='lat' dir='ltr'><strong>Pater</strong></span> 
     </span>
    </p>
   </div>
   <div class='ocr_carea' id='block_1_5' title="bbox 355 646 1952 718">
    <p class='ocr_par' dir='ltr' id='par_1_5' title="bbox 355 646 1952 718">
     <span class='ocr_line' id='line_1_5' title="bbox 355 646 1952 718; baseline 0 -16"><span class='ocrx_word' id='word_1_39' title='bbox 355 649 479 718; x_wconf 89' lang='lat' dir='ltr'><strong>quia</strong></span> <span class='ocrx_word' id='word_1_40' title='bbox 500 647 556 702; x_wconf 89' lang='lat' dir='ltr'><strong>in</strong></span> <span class='ocrx_word' id='word_1_41' title='bbox 580 648 644 703; x_wconf 89' lang='lat' dir='ltr'><strong>iis</strong></span> <span class='ocrx_word' id='word_1_42' title='bbox 668 646 987 704; x_wconf 82' lang='lat' dir='ltr'><strong>catholicum</strong></span> <span class='ocrx_word' id='word_1_43' title='bbox 1011 662 1224 718; x_wconf 89' lang='lat' dir='ltr'><strong>quoque</strong></span> <span class='ocrx_word' id='word_1_44' title='bbox 1253 646 1321 703; x_wconf 87' lang='lat' dir='ltr'><strong>de</strong></span> <span class='ocrx_word' id='word_1_45' title='bbox 1349 646 1580 717; x_wconf 83' lang='lat' dir='ltr'><strong>Spiritus</strong></span> <span class='ocrx_word' id='word_1_46' title='bbox 1601 648 1782 704; x_wconf 87' lang='lat' dir='ltr'><strong>Sancti</strong></span> <span class='ocrx_word' id='word_1_47' title='bbox 1813 648 1952 702; x_wconf 83' lang='lat' dir='ltr'><strong>divi-</strong></span> 
     </span>
    </p>
   </div>
   <div class='ocr_carea' id='block_1_6' title="bbox 355 740 1953 815">
    <p class='ocr_par' dir='ltr' id='par_1_6' title="bbox 355 740 1953 815">
     <span class='ocr_line' id='line_1_6' title="bbox 355 740 1953 815; baseline -0.001 -19"><span class='ocrx_word' id='word_1_48' title='bbox 355 742 523 796; x_wconf 87' lang='lat' dir='ltr'><strong>nitate</strong></span> <span class='ocrx_word' id='word_1_49' title='bbox 558 755 620 797; x_wconf 86' lang='lat' dir='ltr'><strong>ac</strong></span> <span class='ocrx_word' id='word_1_50' title='bbox 670 740 1022 796; x_wconf 76' lang='lat' dir='ltr'><strong>sanctissima:</strong></span> <span class='ocrx_word' id='word_1_51' title='bbox 1042 740 1319 795; x_wconf 84' lang='lat' dir='ltr'><strong>Trinitatis</strong></span> <span class='ocrx_word' id='word_1_52' title='bbox 1348 742 1606 815; x_wconf 85' lang='lat' dir='ltr'><strong>mysterio</strong></span> <span class='ocrx_word' id='word_1_53' title='bbox 1631 740 1822 812; x_wconf 82' lang='lat' dir='ltr'><strong>dogma</strong></span> <span class='ocrx_word' id='word_1_54' title='bbox 1847 755 1953 796; x_wconf 91' lang='lat' dir='ltr'><strong>non</strong></span> 
     </span>
    </p>
   </div>
   <div class='ocr_carea' id='block_1_7' title="bbox 354 831 1952 904">
    <p class='ocr_par' dir='ltr' id='par_1_7' title="bbox 354 831 1952 904">
     <span class='ocr_line' id='line_1_7' title="bbox 354 831 1952 904; baseline -0.001 -14"><span class='ocrx_word' id='word_1_55' title='bbox 354 834 533 890; x_wconf 88' lang='lat' dir='ltr'><strong>minus</strong></span> <span class='ocrx_word' id='word_1_56' title='bbox 571 832 773 891; x_wconf 85' lang='lat' dir='ltr'><strong>diserte</strong></span> <span class='ocrx_word' id='word_1_57' title='bbox 795 831 994 889; x_wconf 80' lang='lat' dir='ltr'><strong>asserit</strong></span> <span class='ocrx_word' id='word_1_58' title='bbox 1020 841 1074 888; x_wconf 89' lang='lat' dir='ltr'><strong>et</strong></span> <span class='ocrx_word' id='word_1_59' title='bbox 1107 832 1394 903; x_wconf 67' lang='lat' dir='ltr'><strong>praedicat,</strong></span> <span class='ocrx_word' id='word_1_60' title='bbox 1426 832 1555 888; x_wconf 92' lang='lat' dir='ltr'><strong>illud</strong></span> <span class='ocrx_word' id='word_1_61' title='bbox 1579 833 1866 904; x_wconf 78' lang='lat' dir='ltr'><strong>separatim</strong></span> <span class='ocrx_word' id='word_1_62' title='bbox 1898 834 1952 888; x_wconf 75' lang='lat' dir='ltr'><strong>in</strong></span> 
     </span>
    </p>
   </div>
   <div class='ocr_carea' id='block_1_8' title="bbox 355 926 1955 997">
    <p class='ocr_par' dir='ltr' id='par_1_8' title="bbox 355 926 1955 997">
     <span class='ocr_line' id='line_1_8' title="bbox 355 926 1955 997; baseline 0.001 -15"><span class='ocrx_word' id='word_1_63' title='bbox 355 927 459 984; x_wconf 90' lang='lat' dir='ltr'><strong>hoc</strong></span> <span class='ocrx_word' id='word_1_64' title='bbox 487 927 715 982; x_wconf 88' lang='lat' dir='ltr'><strong>articulo</strong></span> <span class='ocrx_word' id='word_1_65' title='bbox 742 926 1119 997; x_wconf 83' lang='lat' dir='ltr'><strong>exponendum</strong></span> <span class='ocrx_word' id='word_1_66' title='bbox 1149 942 1271 984; x_wconf 83' lang='lat' dir='ltr'><strong>esse</strong></span> <span class='ocrx_word' id='word_1_67' title='bbox 1302 927 1572 984; x_wconf 85' lang='lat' dir='ltr'><strong>duximus.</strong></span> <span class='ocrx_word' id='word_1_68' title='bbox 1599 927 1836 984; x_wconf 87' lang='lat' dir='ltr'><strong>Primum</strong></span> <span class='ocrx_word' id='word_1_69' title='bbox 1855 929 1955 983; x_wconf 88' lang='lat' dir='ltr'><strong>ita—</strong></span> 
     </span>
    </p>
   </div>
   <div class='ocr_carea' id='block_1_9' title="bbox 353 1018 1951 1092">
    <p class='ocr_par' dir='ltr' id='par_1_9' title="bbox 353 1018 1951 1092">
     <span class='ocr_line' id='line_1_9' title="bbox 353 1018 1951 1092; baseline 0.002 -18"><span class='ocrx_word' id='word_1_70' title='bbox 353 1034 459 1091; x_wconf 85' lang='lat' dir='ltr'><strong>que</strong></span> <span class='ocrx_word' id='word_1_71' title='bbox 502 1029 688 1075; x_wconf 87' lang='lat' dir='ltr'><strong>eontra</strong></span> <span class='ocrx_word' id='word_1_72' title='bbox 712 1018 977 1077; x_wconf 76' lang='lat' dir='ltr'><strong>Praxeam</strong></span> <span class='ocrx_word' id='word_1_73' title='bbox 1029 1019 1477 1090; x_wconf 71' lang='lat' dir='ltr'><strong>patripassianum</strong></span> <span class='ocrx_word' id='word_1_74' title='bbox 1504 1062 1518 1087; x_wconf 94' lang='lat'><strong>,</strong></span> <span class='ocrx_word' id='word_1_75' title='bbox 1562 1020 1650 1092; x_wconf 87' lang='lat' dir='ltr'><strong>qui</strong></span> <span class='ocrx_word' id='word_1_76' title='bbox 1703 1021 1951 1076; x_wconf 89' lang='lat' dir='ltr'><strong>eumdem</strong></span> 
     </span>
    </p>
   </div>
   <div class='ocr_carea' id='block_1_10' title="bbox 354 1111 1947 1181">
    <p class='ocr_par' dir='ltr' id='par_1_10' title="bbox 354 1111 1947 1181">
     <span class='ocr_line' id='line_1_10' title="bbox 354 1111 1947 1181; baseline -0.001 -12"><span class='ocrx_word' id='word_1_77' title='bbox 354 1115 566 1170; x_wconf 80' lang='lat' dir='ltr'><strong>Patrem</strong></span> <span class='ocrx_word' id='word_1_78' title='bbox 595 1123 650 1169; x_wconf 89' lang='lat' dir='ltr'><strong>et</strong></span> <span class='ocrx_word' id='word_1_79' title='bbox 680 1112 874 1168; x_wconf 84' lang='lat' dir='ltr'><strong>Filium</strong></span> <span class='ocrx_word' id='word_1_80' title='bbox 920 1113 1013 1169; x_wconf 92' lang='lat' dir='ltr'><strong>Dei</strong></span> <span class='ocrx_word' id='word_1_81' title='bbox 1039 1128 1161 1169; x_wconf 89' lang='lat' dir='ltr'><strong>esse</strong></span> <span class='ocrx_word' id='word_1_82' title='bbox 1184 1111 1458 1169; x_wconf 80' lang='lat' dir='ltr'><strong>et‘futiebat</strong></span> <span class='ocrx_word' id='word_1_83' title='bbox 1478 1157 1493 1181; x_wconf 91' lang='lat'><strong>,</strong></span> <span class='ocrx_word' id='word_1_84' title='bbox 1518 1112 1633 1169; x_wconf 68' lang='lat' dir='ltr'><strong>hmc</strong></span> <span class='ocrx_word' id='word_1_85' title='bbox 1657 1114 1725 1170; x_wconf 91' lang='lat' dir='ltr'><strong>de</strong></span> <span class='ocrx_word' id='word_1_86' title='bbox 1765 1113 1947 1169; x_wconf 86' lang='lat' dir='ltr'><strong>Trini-</strong></span> 
     </span>
    </p>
   </div>
   <div class='ocr_carea' id='block_1_11' title="bbox 352 1205 1953 1277">
    <p class='ocr_par' dir='ltr' id='par_1_11' title="bbox 352 1205 1953 1277">
     <span class='ocr_line' id='line_1_11' title="bbox 352 1205 1953 1277; baseline 0.002 -17"><span class='ocrx_word' id='word_1_87' title='bbox 352 1205 480 1261; x_wconf 83' lang='lat' dir='ltr'><strong>tatis</strong></span> <span class='ocrx_word' id='word_1_88' title='bbox 504 1206 787 1277; x_wconf 81' lang='lat' dir='ltr'><strong>,mysterio</strong></span> <span class='ocrx_word' id='word_1_89' title='bbox 811 1248 825 1271; x_wconf 95' lang='lat'><strong>,</strong></span> <span class='ocrx_word' id='word_1_90' title='bbox 881 1207 1049 1261; x_wconf 88' lang='lat' dir='ltr'><strong>tribus</strong></span> <span class='ocrx_word' id='word_1_91' title='bbox 1078 1205 1328 1261; x_wconf 78' lang='lat' dir='ltr'><strong>videlicet</strong></span> <span class='ocrx_word' id='word_1_92' title='bbox 1374 1206 1570 1261; x_wconf 86' lang='lat' dir='ltr'><strong>divinis</strong></span> <span class='ocrx_word' id='word_1_93' title='bbox 1627 1207 1873 1277; x_wconf 85' lang='lat' dir='ltr'><strong>personis</strong></span> <span class='ocrx_word' id='word_1_94' title='bbox 1897 1215 1953 1263; x_wconf 86' lang='lat' dir='ltr'><strong>et</strong></span> 
     </span>
    </p>
   </div>
   <div class='ocr_carea' id='block_1_12' title="bbox 351 1300 1951 1371">
    <p class='ocr_par' dir='ltr' id='par_1_12' title="bbox 351 1300 1951 1371">
     <span class='ocr_line' id='line_1_12' title="bbox 351 1300 1951 1371; baseline 0.002 -16"><span class='ocrx_word' id='word_1_95' title='bbox 351 1316 456 1356; x_wconf 85' lang='lat' dir='ltr'><strong>una</strong></span> <span class='ocrx_word' id='word_1_96' title='bbox 487 1300 781 1371; x_wconf 87' lang='lat' dir='ltr'><strong>eademque</strong></span> <span class='ocrx_word' id='word_1_97' title='bbox 820 1315 1005 1356; x_wconf 84' lang='lat' dir='ltr'><strong>earum</strong></span> <span class='ocrx_word' id='word_1_98' title='bbox 1039 1310 1248 1367; x_wconf 87' lang='lat' dir='ltr'><strong>natura,</strong></span> <span class='ocrx_word' id='word_1_99' title='bbox 1278 1302 1502 1356; x_wconf 83' lang='lat' dir='ltr'><strong>ﬁrmiter</strong></span> <span class='ocrx_word' id='word_1_100' title='bbox 1534 1301 1800 1357; x_wconf 82' lang='lat' dir='ltr'><strong>credenda</strong></span> <span class='ocrx_word' id='word_1_101' title='bbox 1830 1316 1951 1358; x_wconf 89' lang='lat' dir='ltr'><strong>esse</strong></span> 
     </span>
    </p>
   </div>
   <div class='ocr_carea' id='block_1_13' title="bbox 327 1391 1948 1463">
    <p class='ocr_par' dir='ltr' id='par_1_13' title="bbox 327 1391 1948 1463">
     <span class='ocr_line' id='line_1_13' title="bbox 327 1391 1948 1463; baseline 0.001 -17"><span class='ocrx_word' id='word_1_102' title='bbox 327 1391 592 1447; x_wconf 35' lang='lat' dir='ltr'><strong>‘dcclarat</strong></span> <span class='ocrx_word' id='word_1_103' title='bbox 615 1409 627 1446; x_wconf 89' lang='lat'>:</span> <span class='ocrx_word' id='word_1_104' title='bbox 653 1392 1001 1460; x_wconf 75' lang='lat' dir='ltr'><strong>Custodiatur,</strong></span> <span class='ocrx_word' id='word_1_105' title='bbox 1029 1392 1220 1463; x_wconf 84' lang='lat' dir='ltr'><strong>inquit,</strong></span> <span class='ocrx_word' id='word_1_106' title='bbox 1244 1394 1535 1448; x_wconf 73' lang='lat' dir='ltr'><strong>oeconomia:</strong></span> <span class='ocrx_word' id='word_1_107' title='bbox 1552 1404 1948 1462; x_wconf 80' lang='lat' dir='ltr'><strong>sacramentum,</strong></span> 
     </span>
    </p>
   </div>
   <div class='ocr_carea' id='block_1_14' title="bbox 350 1486 1951 1561">
    <p class='ocr_par' dir='ltr' id='par_1_14' title="bbox 350 1486 1951 1561">
     <span class='ocr_line' id='line_1_14' title="bbox 350 1486 1951 1561; baseline 0.002 -21"><span class='ocrx_word' id='word_1_108' title='bbox 350 1502 465 1556; x_wconf 81' lang='lat' dir='ltr'><strong>qua:</strong></span> <span class='ocrx_word' id='word_1_109' title='bbox 485 1487 727 1540; x_wconf 83' lang='lat' dir='ltr'><strong>unitatem</strong></span> <span class='ocrx_word' id='word_1_110' title='bbox 758 1488 809 1540; x_wconf 91' lang='lat' dir='ltr'><strong>in</strong></span> <span class='ocrx_word' id='word_1_111' title='bbox 830 1486 1139 1541; x_wconf 80' lang='lat' dir='ltr'><strong>Trinitatem</strong></span> <span class='ocrx_word' id='word_1_112' title='bbox 1167 1487 1430 1558; x_wconf 85' lang='lat' dir='ltr'><strong>disponit,</strong></span> <span class='ocrx_word' id='word_1_113' title='bbox 1453 1498 1554 1543; x_wconf 87' lang='lat' dir='ltr'><strong>tres</strong></span> <span class='ocrx_word' id='word_1_114' title='bbox 1580 1488 1821 1561; x_wconf 86' lang='lat' dir='ltr'><strong>dirigens,</strong></span> <span class='ocrx_word' id='word_1_115' title='bbox 1850 1489 1951 1544; x_wconf 83' lang='lat' dir='ltr'><strong>Pa-</strong></span> 
     </span>
    </p>
   </div>
   <div class='ocr_carea' id='block_1_15' title="bbox 353 1577 1952 1649">
    <p class='ocr_par' dir='ltr' id='par_1_15' title="bbox 353 1577 1952 1649">
     <span class='ocr_line' id='line_1_15' title="bbox 353 1577 1952 1649; baseline 0.005 -18"><span class='ocrx_word' id='word_1_116' title='bbox 353 1587 476 1632; x_wconf 86' lang='lat' dir='ltr'><strong>trem</strong></span> <span class='ocrx_word' id='word_1_117' title='bbox 499 1619 513 1645; x_wconf 94' lang='lat'><strong>,</strong></span> <span class='ocrx_word' id='word_1_118' title='bbox 545 1588 588 1632; x_wconf 84' lang='lat' dir='ltr'><strong>et</strong></span> <span class='ocrx_word' id='word_1_119' title='bbox 618 1577 665 1632; x_wconf 79' lang='lat' dir='ltr'><em>F</em></span> <span class='ocrx_word' id='word_1_120' title='bbox 667 1579 815 1633; x_wconf 86' lang='lat' dir='ltr'><strong>ilium</strong></span> <span class='ocrx_word' id='word_1_121' title='bbox 834 1622 849 1645; x_wconf 96' lang='lat'><strong>,</strong></span> <span class='ocrx_word' id='word_1_122' title='bbox 871 1588 918 1633; x_wconf 85' lang='lat' dir='ltr'><strong>et</strong></span> <span class='ocrx_word' id='word_1_123' title='bbox 949 1578 1206 1649; x_wconf 83' lang='lat' dir='ltr'><strong>Spiritum</strong></span> <span class='ocrx_word' id='word_1_124' title='bbox 1229 1589 1461 1635; x_wconf 88' lang='lat' dir='ltr'><strong>sanctum</strong></span> <span class='ocrx_word' id='word_1_125' title='bbox 1485 1597 1503 1635; x_wconf 71' lang='grc' dir='ltr'><strong><em>ε</em></strong></span> <span class='ocrx_word' id='word_1_126' title='bbox 1526 1589 1624 1636; x_wconf 89' lang='lat' dir='ltr'><strong>tres</strong></span> <span class='ocrx_word' id='word_1_127' title='bbox 1648 1592 1819 1637; x_wconf 87' lang='lat' dir='ltr'><strong>autem</strong></span> <span class='ocrx_word' id='word_1_128' title='bbox 1848 1599 1952 1639; x_wconf 87' lang='lat' dir='ltr'><strong>non</strong></span> 
     </span>
    </p>
   </div>
   <div class='ocr_carea' id='block_1_16' title="bbox 349 1671 1951 1748">
    <p class='ocr_par' dir='ltr' id='par_1_16' title="bbox 349 1671 1951 1748">
     <span class='ocr_line' id='line_1_16' title="bbox 349 1671 1951 1748; baseline 0.003 -21"><span class='ocrx_word' id='word_1_129' title='bbox 349 1681 484 1727; x_wconf 86' lang='lat' dir='ltr'><strong>statu</strong></span> <span class='ocrx_word' id='word_1_130' title='bbox 501 1714 516 1739; x_wconf 94' lang='lat'><strong>,</strong></span> <span class='ocrx_word' id='word_1_131' title='bbox 540 1671 629 1727; x_wconf 90' lang='lat' dir='ltr'><strong>sed</strong></span> <span class='ocrx_word' id='word_1_132' title='bbox 657 1672 858 1743; x_wconf 83' lang='lat' dir='ltr'><strong>gradu;</strong></span> <span class='ocrx_word' id='word_1_133' title='bbox 880 1688 970 1726; x_wconf 88' lang='lat' dir='ltr'><strong>nec</strong></span> <span class='ocrx_word' id='word_1_134' title='bbox 997 1672 1305 1737; x_wconf 74' lang='lat' dir='ltr'><strong>substantia,</strong></span> <span class='ocrx_word' id='word_1_135' title='bbox 1335 1674 1424 1727; x_wconf 82' lang='lat' dir='ltr'><strong>sed</strong></span> <span class='ocrx_word' id='word_1_136' title='bbox 1445 1674 1650 1743; x_wconf 76' lang='lat' dir='ltr'><strong>forma;</strong></span> <span class='ocrx_word' id='word_1_137' title='bbox 1669 1692 1760 1730; x_wconf 90' lang='lat' dir='ltr'><strong>nec</strong></span> <span class='ocrx_word' id='word_1_138' title='bbox 1785 1685 1951 1748; x_wconf 58' lang='lat' dir='ltr'><strong>potes.</strong></span> 
     </span>
    </p>
   </div>
   <div class='ocr_carea' id='block_1_17' title="bbox 350 1764 1950 1845">
    <p class='ocr_par' dir='ltr' id='par_1_17' title="bbox 350 1764 1950 1845">
     <span class='ocr_line' id='line_1_17' title="bbox 350 1764 1950 1845; baseline 0.003 -26"><span class='ocrx_word' id='word_1_139' title='bbox 350 1773 453 1820; x_wconf 86' lang='lat' dir='ltr'><strong>tate</strong></span> <span class='ocrx_word' id='word_1_140' title='bbox 480 1807 493 1832; x_wconf 92' lang='lat'><strong>,</strong></span> <span class='ocrx_word' id='word_1_141' title='bbox 519 1764 609 1821; x_wconf 84' lang='lat' dir='ltr'><strong>sed</strong></span> <span class='ocrx_word' id='word_1_142' title='bbox 637 1765 835 1834; x_wconf 78' lang='lat' dir='ltr'><strong>specie;</strong></span> <span class='ocrx_word' id='word_1_143' title='bbox 863 1765 1015 1819; x_wconf 87' lang='lat' dir='ltr'><strong>unius</strong></span> <span class='ocrx_word' id='word_1_144' title='bbox 1052 1774 1222 1819; x_wconf 89' lang='lat' dir='ltr'><strong>autem</strong></span> <span class='ocrx_word' id='word_1_145' title='bbox 1247 1765 1543 1821; x_wconf 72' lang='lat' dir='ltr'><strong>substantia:</strong></span> <span class='ocrx_word' id='word_1_146' title='bbox 1566 1808 1580 1832; x_wconf 85' lang='lat'><strong>,</strong></span> <span class='ocrx_word' id='word_1_147' title='bbox 1603 1777 1650 1821; x_wconf 85' lang='lat' dir='ltr'><strong>et</strong></span> <span class='ocrx_word' id='word_1_148' title='bbox 1678 1769 1827 1845; x_wconf 74' lang='lat' dir='ltr'><strong>unius</strong></span> <span class='ocrx_word' id='word_1_149' title='bbox 1850 1770 1950 1824; x_wconf 83' lang='lat' dir='ltr'><strong>stti-</strong></span> 
     </span>
    </p>
   </div>
   <div class='ocr_carea' id='block_1_18' title="bbox 2052 644 3655 718">
    <p class='ocr_par' dir='ltr' id='par_1_18' title="bbox 2052 644 3655 718">
     <span class='ocr_line' id='line_1_18' title="bbox 2052 644 3655 718; baseline 0.004 -21"><span class='ocrx_word' id='word_1_150' title='bbox 2052 644 2167 713; x_wconf 76' lang='lat' dir='ltr'><strong>ipse</strong></span> <span class='ocrx_word' id='word_1_151' title='bbox 2221 644 2461 699; x_wconf 86' lang='lat' dir='ltr'><strong>credatur</strong></span> <span class='ocrx_word' id='word_1_152' title='bbox 2512 654 2661 699; x_wconf 87' lang='lat' dir='ltr'><strong>natus</strong></span> <span class='ocrx_word' id='word_1_153' title='bbox 2707 655 2753 699; x_wconf 85' lang='lat' dir='ltr'><strong>et</strong></span> <span class='ocrx_word' id='word_1_154' title='bbox 2803 662 3020 716; x_wconf 81' lang='lat' dir='ltr'><strong>passus,</strong></span> <span class='ocrx_word' id='word_1_155' title='bbox 3070 647 3208 718; x_wconf 89' lang='lat' dir='ltr'><strong>qttod</strong></span> <span class='ocrx_word' id='word_1_156' title='bbox 3232 664 3335 703; x_wconf 90' lang='lat' dir='ltr'><strong>non</strong></span> <span class='ocrx_word' id='word_1_157' title='bbox 3376 649 3491 703; x_wconf 84' lang='lat' dir='ltr'><strong>licet</strong></span> <span class='ocrx_word' id='word_1_158' title='bbox 3544 665 3655 704; x_wconf 86' lang='lat' dir='ltr'><strong>crc-</strong></span> 
     </span>
    </p>
   </div>
   <div class='ocr_carea' id='block_1_19' title="bbox 2054 738 3653 812">
    <p class='ocr_par' dir='ltr' id='par_1_19' title="bbox 2054 738 3653 812">
     <span class='ocr_line' id='line_1_19' title="bbox 2054 738 3653 812; baseline 0.003 -21"><span class='ocrx_word' id='word_1_159' title='bbox 2054 738 2132 804; x_wconf 66' lang='grc' dir='ltr'><strong>Αἱ,</strong></span> <span class='ocrx_word' id='word_1_160' title='bbox 2154 739 2393 809; x_wconf 84' lang='lat' dir='ltr'><strong>quoniam</strong></span> <span class='ocrx_word' id='word_1_161' title='bbox 2422 755 2523 793; x_wconf 89' lang='lat' dir='ltr'><strong>non</strong></span> <span class='ocrx_word' id='word_1_162' title='bbox 2568 740 2643 792; x_wconf 87' lang='lat' dir='ltr'><strong>ita</strong></span> <span class='ocrx_word' id='word_1_163' title='bbox 2677 739 2922 793; x_wconf 88' lang='lat' dir='ltr'><strong>traditum</strong></span> <span class='ocrx_word' id='word_1_164' title='bbox 2974 749 3049 795; x_wconf 89' lang='lat' dir='ltr'><strong>est</strong></span> <span class='ocrx_word' id='word_1_165' title='bbox 3074 740 3096 809; x_wconf 91' lang='lat'><strong>(</strong></span> <span class='ocrx_word' id='word_1_166' title='bbox 3127 739 3288 805; x_wconf 87' lang='lat' dir='ltr'><strong>Ibid.,</strong></span> <span class='ocrx_word' id='word_1_167' title='bbox 3340 758 3458 811; x_wconf 85' lang='lat' dir='ltr'><strong>cap.</strong></span> <span class='ocrx_word' id='word_1_168' title='bbox 3506 743 3576 798; x_wconf 78' lang='grc'><strong>15</strong></span> <span class='ocrx_word' id='word_1_169' title='bbox 3611 745 3653 812; x_wconf 83' lang='lat'><strong>).</strong></span> 
     </span>
    </p>
   </div>
   <div class='ocr_carea' id='block_1_20' title="bbox 2054 830 3655 899">
    <p class='ocr_par' dir='ltr' id='par_1_20' title="bbox 2054 830 3655 899">
     <span class='ocr_line' id='line_1_20' title="bbox 2054 830 3655 899; baseline 0.002 -12"><span class='ocrx_word' id='word_1_170' title='bbox 2054 830 2189 887; x_wconf 72' lang='lat' dir='ltr'><strong>.(Junt</strong></span> <span class='ocrx_word' id='word_1_171' title='bbox 2220 840 2398 887; x_wconf 87' lang='lat' dir='ltr'><strong>autem</strong></span> <span class='ocrx_word' id='word_1_172' title='bbox 2421 830 2511 885; x_wconf 91' lang='lat' dir='ltr'><strong>ille</strong></span> <span class='ocrx_word' id='word_1_173' title='bbox 2536 830 2652 885; x_wconf 76' lang='lat' dir='ltr'><strong>inec</strong></span> <span class='ocrx_word' id='word_1_174' title='bbox 2680 830 2976 896; x_wconf 89' lang='lat' dir='ltr'><strong>scriberet,</strong></span> <span class='ocrx_word' id='word_1_175' title='bbox 3007 836 3115 898; x_wconf 71' lang='lat' dir='ltr'><strong>iam</strong></span> <span class='ocrx_word' id='word_1_176' title='bbox 3158 831 3433 893; x_wconf 76' lang='lat' dir='ltr'><strong>defecerat</strong></span> <span class='ocrx_word' id='word_1_177' title='bbox 3453 834 3522 899; x_wconf 81' lang='lat' dir='ltr'><strong>ab</strong></span> <span class='ocrx_word' id='word_1_178' title='bbox 3553 834 3655 890; x_wconf 85' lang='lat' dir='ltr'><strong>Ec-</strong></span> 
     </span>
    </p>
   </div>
   <div class='ocr_carea' id='block_1_21' title="bbox 2052 910 3656 993">
    <p class='ocr_par' dir='ltr' id='par_1_21' title="bbox 2052 910 3656 993">
     <span class='ocr_line' id='line_1_21' title="bbox 2052 910 3656 993; baseline 0.001 -14"><span class='ocrx_word' id='word_1_179' title='bbox 2052 910 2222 979; x_wconf 82' lang='lat' dir='ltr'><strong>clesia</strong></span> <span class='ocrx_word' id='word_1_180' title='bbox 2262 923 2523 979; x_wconf 86' lang='lat' dir='ltr'><strong>catholica</strong></span> <span class='ocrx_word' id='word_1_181' title='bbox 2571 924 2638 977; x_wconf 88' lang='lat' dir='ltr'><strong>ad</strong></span> <span class='ocrx_word' id='word_1_182' title='bbox 2692 922 3134 979; x_wconf 68' lang='lat' dir='ltr'><strong>Montanistarum</strong></span> <span class='ocrx_word' id='word_1_183' title='bbox 3177 940 3426 993; x_wconf 82' lang='lat' dir='ltr'><strong>errores,</strong></span> <span class='ocrx_word' id='word_1_184' title='bbox 3456 934 3511 981; x_wconf 91' lang='lat' dir='ltr'><strong>et</strong></span> <span class='ocrx_word' id='word_1_185' title='bbox 3553 926 3656 987; x_wconf 82' lang='lat' dir='ltr'><strong>ab-</strong></span> 
     </span>
    </p>
   </div>
   <div class='ocr_carea' id='block_1_22' title="bbox 2048 1015 3654 1075">
    <p class='ocr_par' dir='ltr' id='par_1_22' title="bbox 2048 1015 3654 1075">
     <span class='ocr_line' id='line_1_22' title="bbox 2048 1015 3654 1075; baseline 0.001 -3"><span class='ocrx_word' id='word_1_186' title='bbox 2048 1016 2275 1073; x_wconf 82' lang='lat' dir='ltr'><strong>surdum</strong></span> <span class='ocrx_word' id='word_1_187' title='bbox 2304 1015 2424 1072; x_wconf 80' lang='lat' dir='ltr'><strong>falsi</strong></span> <span class='ocrx_word' id='word_1_188' title='bbox 2446 1015 2709 1072; x_wconf 86' lang='lat' dir='ltr'><strong>Paracleti</strong></span> <span class='ocrx_word' id='word_1_189' title='bbox 2730 1025 3093 1072; x_wconf 82' lang='lat' dir='ltr'><strong>commentum</strong></span> <span class='ocrx_word' id='word_1_190' title='bbox 3122 1017 3429 1075; x_wconf 81' lang='lat' dir='ltr'><strong>imbiberat.</strong></span> <span class='ocrx_word' id='word_1_191' title='bbox 3454 1018 3654 1075; x_wconf 84' lang='lat' dir='ltr'><strong>Sanam</strong></span> 
     </span>
    </p>
   </div>
   <div class='ocr_carea' id='block_1_23' title="bbox 2049 1108 3655 1185">
    <p class='ocr_par' dir='ltr' id='par_1_23' title="bbox 2049 1108 3655 1185">
     <span class='ocr_line' id='line_1_23' title="bbox 2049 1108 3655 1185; baseline -0.002 -16"><span class='ocrx_word' id='word_1_192' title='bbox 2049 1118 2239 1169; x_wconf 68' lang='lat' dir='ltr'><strong>teliteli</strong></span> <span class='ocrx_word' id='word_1_193' title='bbox 2269 1117 2325 1165; x_wconf 88' lang='lat' dir='ltr'><strong>et</strong></span> <span class='ocrx_word' id='word_1_194' title='bbox 2371 1108 2729 1165; x_wconf 78' lang='lat' dir='ltr'><strong>orthodoxam</strong></span> <span class='ocrx_word' id='word_1_195' title='bbox 2782 1108 2851 1165; x_wconf 88' lang='lat' dir='ltr'><strong>de</strong></span> <span class='ocrx_word' id='word_1_196' title='bbox 2896 1108 3175 1165; x_wconf 79' lang='lat' dir='ltr'><strong>Trinitatis</strong></span> <span class='ocrx_word' id='word_1_197' title='bbox 3211 1112 3466 1185; x_wconf 79' lang='lat' dir='ltr'><strong>mysterio</strong></span> <span class='ocrx_word' id='word_1_198' title='bbox 3495 1110 3655 1168; x_wconf 86' lang='lat' dir='ltr'><strong>iidem</strong></span> 
     </span>
    </p>
   </div>
   <div class='ocr_carea' id='block_1_24' title="bbox 2052 1201 3651 1277">
    <p class='ocr_par' dir='ltr' id='par_1_24' title="bbox 2052 1201 3651 1277">
     <span class='ocr_line' id='line_1_24' title="bbox 2052 1201 3651 1277; baseline 0 -17"><span class='ocrx_word' id='word_1_199' title='bbox 2052 1201 2255 1262; x_wconf 78' lang='lat' dir='ltr'><strong>diserte</strong></span> <span class='ocrx_word' id='word_1_200' title='bbox 2281 1202 2477 1257; x_wconf 75' lang='lat' dir='ltr'><strong>asserit</strong></span> <span class='ocrx_word' id='word_1_201' title='bbox 2523 1216 2588 1257; x_wconf 89' lang='lat' dir='ltr'><strong>ac</strong></span> <span class='ocrx_word' id='word_1_202' title='bbox 2632 1209 2830 1257; x_wconf 83' lang='lat' dir='ltr'><strong>tuetur.</strong></span> <span class='ocrx_word' id='word_1_203' title='bbox 2861 1201 2996 1270; x_wconf 77' lang='lat' dir='ltr'><strong>Quis</strong></span> <span class='ocrx_word' id='word_1_204' title='bbox 3040 1217 3173 1273; x_wconf 80' lang='lat' dir='ltr'><strong>ergo</strong></span> <span class='ocrx_word' id='word_1_205' title='bbox 3200 1204 3417 1277; x_wconf 78' lang='lat' dir='ltr'><strong>negabit</strong></span> <span class='ocrx_word' id='word_1_206' title='bbox 3463 1219 3651 1260; x_wconf 84' lang='lat' dir='ltr'><strong>verum</strong></span> 
     </span>
    </p>
   </div>
   <div class='ocr_carea' id='block_1_25' title="bbox 2050 1292 3723 1367">
    <p class='ocr_par' dir='ltr' id='par_1_25' title="bbox 2050 1292 3723 1367">
     <span class='ocr_line' id='line_1_25' title="bbox 2050 1292 3723 1367; baseline 0.001 -17"><span class='ocrx_word' id='word_1_207' title='bbox 2050 1308 2175 1350; x_wconf 81' lang='lat' dir='ltr'><strong>esse</strong></span> <span class='ocrx_word' id='word_1_208' title='bbox 2206 1293 2311 1349; x_wconf 87' lang='lat' dir='ltr'><strong>hoc</strong></span> <span class='ocrx_word' id='word_1_209' title='bbox 2342 1294 2671 1364; x_wconf 59' lang='lat' dir='ltr'><strong>praécipuum</strong></span> <span class='ocrx_word' id='word_1_210' title='bbox 2703 1292 3014 1349; x_wconf 76' lang='lat' dir='ltr'><strong>christiana:</strong></span> <span class='ocrx_word' id='word_1_211' title='bbox 3043 1294 3319 1365; x_wconf 77' lang='lat' dir='ltr'><strong>religionis</strong></span> <span class='ocrx_word' id='word_1_212' title='bbox 3362 1295 3657 1351; x_wconf 83' lang='lat' dir='ltr'><strong>documen—</strong></span> <span class='ocrx_word' id='word_1_213' title='bbox 3722 1364 3723 1367; x_wconf 20' lang='grc' dir='ltr'><strong>η</strong></span> 
     </span>
    </p>
   </div>
   <div class='ocr_carea' id='block_1_26' title="bbox 2046 1386 3652 1458">
    <p class='ocr_par' dir='ltr' id='par_1_26' title="bbox 2046 1386 3652 1458">
     <span class='ocr_line' id='line_1_26' title="bbox 2046 1386 3652 1458; baseline 0 -14"><span class='ocrx_word' id='word_1_214' title='bbox 2046 1396 2201 1453; x_wconf 63' lang='lat' dir='ltr'><strong>ctum,</strong></span> <span class='ocrx_word' id='word_1_215' title='bbox 2231 1387 2373 1458; x_wconf 90' lang='lat' dir='ltr'><strong>quod</strong></span> <span class='ocrx_word' id='word_1_216' title='bbox 2428 1386 2518 1442; x_wconf 90' lang='lat' dir='ltr'><strong>ille</strong></span> <span class='ocrx_word' id='word_1_217' title='bbox 2541 1401 2879 1457; x_wconf 87' lang='lat' dir='ltr'><strong>quocumque</strong></span> <span class='ocrx_word' id='word_1_218' title='bbox 2927 1388 2978 1441; x_wconf 90' lang='lat' dir='ltr'><strong>in</strong></span> <span class='ocrx_word' id='word_1_219' title='bbox 3010 1394 3191 1454; x_wconf 87' lang='lat' dir='ltr'><strong>statu,</strong></span> <span class='ocrx_word' id='word_1_220' title='bbox 3233 1401 3296 1442; x_wconf 79' lang='lat' dir='ltr'><strong>ac</strong></span> <span class='ocrx_word' id='word_1_221' title='bbox 3342 1404 3437 1458; x_wconf 85' lang='lat' dir='ltr'><strong>per</strong></span> <span class='ocrx_word' id='word_1_222' title='bbox 3486 1398 3652 1444; x_wconf 88' lang='lat' dir='ltr'><strong>totam</strong></span> 
     </span>
    </p>
   </div>
   <div class='ocr_carea' id='block_1_27' title="bbox 2053 1480 3654 1551">
    <p class='ocr_par' dir='ltr' id='par_1_27' title="bbox 2053 1480 3654 1551">
     <span class='ocr_line' id='line_1_27' title="bbox 2053 1480 3654 1551; baseline 0.002 -16"><span class='ocrx_word' id='word_1_223' title='bbox 2053 1480 2241 1545; x_wconf 74' lang='lat' dir='ltr'><strong>vitam,</strong></span> <span class='ocrx_word' id='word_1_224' title='bbox 2264 1488 2370 1534; x_wconf 88' lang='lat' dir='ltr'><strong>tam</strong></span> <span class='ocrx_word' id='word_1_225' title='bbox 2417 1488 2728 1535; x_wconf 87' lang='lat' dir='ltr'><strong>constanter</strong></span> <span class='ocrx_word' id='word_1_226' title='bbox 2755 1481 3110 1550; x_wconf 83' lang='lat' dir='ltr'><strong>propugnavit</strong></span> <span class='ocrx_word' id='word_1_227' title='bbox 3131 1521 3146 1545; x_wconf 94' lang='lat'><strong>,</strong></span> <span class='ocrx_word' id='word_1_228' title='bbox 3178 1488 3232 1533; x_wconf 89' lang='lat' dir='ltr'><strong>et</strong></span> <span class='ocrx_word' id='word_1_229' title='bbox 3257 1494 3289 1533; x_wconf 87' lang='lat' dir='ltr'><strong>a</strong></span> <span class='ocrx_word' id='word_1_230' title='bbox 3332 1480 3465 1536; x_wconf 83' lang='lat' dir='ltr'><strong>solis</strong></span> <span class='ocrx_word' id='word_1_231' title='bbox 3498 1482 3654 1551; x_wconf 85' lang='lat' dir='ltr'><strong>plane</strong></span> 
     </span>
    </p>
   </div>
   <div class='ocr_carea' id='block_1_28' title="bbox 2050 1570 3315 1642">
    <p class='ocr_par' dir='ltr' id='par_1_28' title="bbox 2050 1570 3315 1642">
     <span class='ocr_line' id='line_1_28' title="bbox 2050 1570 3315 1642; baseline -0.002 -15"><span class='ocrx_word' id='word_1_232' title='bbox 2050 1572 2357 1628; x_wconf 84' lang='lat' dir='ltr'><strong>errantibus</strong></span> <span class='ocrx_word' id='word_1_233' title='bbox 2380 1572 2750 1642; x_wconf 84' lang='lat' dir='ltr'><strong>impugnatum</strong></span> <span class='ocrx_word' id='word_1_234' title='bbox 2784 1570 2950 1626; x_wconf 83' lang='lat' dir='ltr'><strong>fuisse</strong></span> <span class='ocrx_word' id='word_1_235' title='bbox 2978 1571 3315 1629; x_wconf 70' lang='lat' dir='ltr'><strong>testificatur.</strong></span> 
     </span>
    </p>
   </div>
   <div class='ocr_carea' id='block_1_29' title="bbox 2124 1664 3651 1736">
    <p class='ocr_par' dir='ltr' id='par_1_29' title="bbox 2124 1664 3651 1736">
     <span class='ocr_line' id='line_1_29' title="bbox 2124 1664 3651 1736; baseline 0.003 -16"><span class='ocrx_word' id='word_1_236' title='bbox 2124 1665 2281 1720; x_wconf 85' lang='lat' dir='ltr'><strong>Prius</strong></span> <span class='ocrx_word' id='word_1_237' title='bbox 2326 1667 2606 1721; x_wconf 89' lang='lat' dir='ltr'><strong>enimvero</strong></span> <span class='ocrx_word' id='word_1_238' title='bbox 2656 1665 2786 1720; x_wconf 86' lang='lat' dir='ltr'><strong>illud</strong></span> <span class='ocrx_word' id='word_1_239' title='bbox 2827 1665 2895 1720; x_wconf 87' lang='lat' dir='ltr'><strong>ab</strong></span> <span class='ocrx_word' id='word_1_240' title='bbox 2939 1678 3007 1719; x_wconf 89' lang='lat' dir='ltr'><strong>eo</strong></span> <span class='ocrx_word' id='word_1_241' title='bbox 3063 1664 3323 1735; x_wconf 87' lang='lat' dir='ltr'><strong>scriptum</strong></span> <span class='ocrx_word' id='word_1_242' title='bbox 3384 1665 3651 1736; x_wconf 80' lang='lat' dir='ltr'><strong>legimus:</strong></span> 
     </span>
    </p>
   </div>
   <div class='ocr_carea' id='block_1_30' title="bbox 2043 1756 3655 1827">
    <p class='ocr_par' dir='ltr' id='par_1_30' title="bbox 2043 1756 3655 1827">
     <span class='ocr_line' id='line_1_30' title="bbox 2043 1756 3655 1827; baseline 0.002 -17"><span class='ocrx_word' id='word_1_243' title='bbox 2043 1756 2219 1824; x_wconf 60' lang='lat' dir='ltr'><strong>Quale</strong></span> <span class='ocrx_word' id='word_1_244' title='bbox 2247 1766 2394 1813; x_wconf 83' lang='lat' dir='ltr'><strong>estut</strong></span> <span class='ocrx_word' id='word_1_245' title='bbox 2424 1756 2561 1811; x_wconf 85' lang='lat' dir='ltr'><strong>Deus</strong></span> <span class='ocrx_word' id='word_1_246' title='bbox 2580 1756 2879 1811; x_wconf 82' lang='lat' dir='ltr'><strong>divisionem</strong></span> <span class='ocrx_word' id='word_1_247' title='bbox 2905 1766 2951 1811; x_wconf 90' lang='lat' dir='ltr'><strong>et</strong></span> <span class='ocrx_word' id='word_1_248' title='bbox 2974 1757 3341 1826; x_wconf 85' lang='lat' dir='ltr'><strong>dispersionem</strong></span> <span class='ocrx_word' id='word_1_249' title='bbox 3361 1759 3464 1827; x_wconf 88' lang='lat' dir='ltr'><strong>pati</strong></span> <span class='ocrx_word' id='word_1_250' title='bbox 3483 1760 3655 1814; x_wconf 83' lang='lat' dir='ltr'><strong>uidea-</strong></span> 
     </span>
    </p>
   </div>
   <div class='ocr_carea' id='block_1_31' title="bbox 349 1849 3653 1932">
    <p class='ocr_par' dir='ltr' id='par_1_31' title="bbox 349 1849 3653 1932">
     <span class='ocr_line' id='line_1_31' title="bbox 349 1849 3653 1932; baseline 0 -23"><span class='ocrx_word' id='word_1_251' title='bbox 349 1866 470 1921; x_wconf 73' lang='lat' dir='ltr'><strong>tus,</strong></span> <span class='ocrx_word' id='word_1_252' title='bbox 503 1865 550 1910; x_wconf 89' lang='lat' dir='ltr'><strong>et</strong></span> <span class='ocrx_word' id='word_1_253' title='bbox 597 1856 750 1911; x_wconf 87' lang='lat' dir='ltr'><strong>unius</strong></span> <span class='ocrx_word' id='word_1_254' title='bbox 788 1858 1089 1927; x_wconf 89' lang='lat' dir='ltr'><strong>potestatis;</strong></span> <span class='ocrx_word' id='word_1_255' title='bbox 1118 1858 1237 1927; x_wconf 81' lang='lat' dir='ltr'><strong>quia</strong></span> <span class='ocrx_word' id='word_1_256' title='bbox 1281 1874 1412 1913; x_wconf 86' lang='lat' dir='ltr'><strong>unus</strong></span> <span class='ocrx_word' id='word_1_257' title='bbox 1440 1857 1615 1922; x_wconf 84' lang='lat' dir='ltr'><strong>Deus,</strong></span> <span class='ocrx_word' id='word_1_258' title='bbox 1666 1877 1730 1915; x_wconf 81' lang='lat' dir='ltr'><strong>ea:</strong></span> <span class='ocrx_word' id='word_1_259' title='bbox 1776 1876 1876 1932; x_wconf 85' lang='lat' dir='ltr'><strong>quo</strong></span> <span class='ocrx_word' id='word_1_260' title='bbox 1901 1871 1950 1916; x_wconf 85' lang='lat' dir='ltr'><strong>et</strong></span> <span class='ocrx_word' id='word_1_261' title='bbox 1976 1864 2025 1925; x_wconf 75' lang='grc' dir='ltr'><strong>Β</strong></span> <span class='ocrx_word' id='word_1_262' title='bbox 2052 1860 2137 1909; x_wconf 79' lang='lat' dir='ltr'><strong>tur</strong></span> <span class='ocrx_word' id='word_1_263' title='bbox 2164 1850 2218 1907; x_wconf 86' lang='lat' dir='ltr'><strong>in</strong></span> <span class='ocrx_word' id='word_1_264' title='bbox 2245 1849 2384 1907; x_wconf 82' lang='lat' dir='ltr'><strong>Filio</strong></span> <span class='ocrx_word' id='word_1_265' title='bbox 2441 1861 2487 1906; x_wconf 88' lang='lat' dir='ltr'><strong>et</strong></span> <span class='ocrx_word' id='word_1_266' title='bbox 2529 1851 2731 1921; x_wconf 81' lang='lat' dir='ltr'><strong>Spiritu</strong></span> <span class='ocrx_word' id='word_1_267' title='bbox 2781 1860 2954 1905; x_wconf 89' lang='lat' dir='ltr'><strong>sancto</strong></span> <span class='ocrx_word' id='word_1_268' title='bbox 2982 1892 2996 1917; x_wconf 95' lang='lat'><strong>,</strong></span> <span class='ocrx_word' id='word_1_269' title='bbox 3049 1851 3330 1907; x_wconf 85' lang='lat' dir='ltr'><strong>secundum</strong></span> <span class='ocrx_word' id='word_1_270' title='bbox 3377 1863 3422 1908; x_wconf 87' lang='lat' dir='ltr'><strong>et</strong></span> <span class='ocrx_word' id='word_1_271' title='bbox 3451 1854 3653 1910; x_wconf 85' lang='lat' dir='ltr'><strong>tertium</strong></span> 
     </span>
    </p>
   </div>
   <div class='ocr_carea' id='block_1_32' title="bbox 349 1949 1946 2021">
    <p class='ocr_par' dir='ltr' id='par_1_32' title="bbox 349 1949 1946 2021">
     <span class='ocr_line' id='line_1_32' title="bbox 349 1949 1946 2021; baseline 0.003 -19"><span class='ocrx_word' id='word_1_272' title='bbox 349 1949 539 2020; x_wconf 85' lang='lat' dir='ltr'><strong>gradus</strong></span> <span class='ocrx_word' id='word_1_273' title='bbox 574 1949 690 2014; x_wconf 86' lang='lat' dir='ltr'><strong>isti,</strong></span> <span class='ocrx_word' id='word_1_274' title='bbox 730 1958 777 2003; x_wconf 86' lang='lat' dir='ltr'><strong>et</strong></span> <span class='ocrx_word' id='word_1_275' title='bbox 808 1951 988 2021; x_wconf 69' lang='lat' dir='ltr'><strong>forma:</strong></span> <span class='ocrx_word' id='word_1_276' title='bbox 1007 1993 1020 2015; x_wconf 93' lang='lat'><strong>,</strong></span> <span class='ocrx_word' id='word_1_277' title='bbox 1068 1958 1113 2003; x_wconf 86' lang='lat' dir='ltr'><strong>et</strong></span> <span class='ocrx_word' id='word_1_278' title='bbox 1141 1950 1329 2021; x_wconf 82' lang='lat' dir='ltr'><strong>species</strong></span> <span class='ocrx_word' id='word_1_279' title='bbox 1355 1951 1409 2004; x_wconf 91' lang='lat' dir='ltr'><strong>in</strong></span> <span class='ocrx_word' id='word_1_280' title='bbox 1433 1952 1639 2005; x_wconf 85' lang='lat' dir='ltr'><strong>nomine</strong></span> <span class='ocrx_word' id='word_1_281' title='bbox 1665 1951 1870 2019; x_wconf 83' lang='lat' dir='ltr'><strong>Patris,</strong></span> <span class='ocrx_word' id='word_1_282' title='bbox 1898 1962 1946 2007; x_wconf 82' lang='lat' dir='ltr'><strong>et</strong></span> 
     </span>
    </p>
   </div>
   <div class='ocr_carea' id='block_1_33' title="bbox 349 2039 1944 2115">
    <p class='ocr_par' dir='ltr' id='par_1_33' title="bbox 349 2039 1944 2115">
     <span class='ocr_line' id='line_1_33' title="bbox 349 2039 1944 2115; baseline 0.004 -21"><span class='ocrx_word' id='word_1_283' title='bbox 349 2039 478 2095; x_wconf 85' lang='lat' dir='ltr'><strong>Filii</strong></span> <span class='ocrx_word' id='word_1_284' title='bbox 502 2083 515 2105; x_wconf 94' lang='lat'><strong>,</strong></span> <span class='ocrx_word' id='word_1_285' title='bbox 545 2049 592 2095; x_wconf 77' lang='lat' dir='ltr'><strong>et</strong></span> <span class='ocrx_word' id='word_1_286' title='bbox 620 2040 849 2111; x_wconf 82' lang='lat' dir='ltr'><strong>Spiritus</strong></span> <span class='ocrx_word' id='word_1_287' title='bbox 872 2043 1035 2096; x_wconf 86' lang='lat' dir='ltr'><strong>sancti</strong></span> <span class='ocrx_word' id='word_1_288' title='bbox 1060 2042 1374 2112; x_wconf 84' lang='lat' dir='ltr'><strong>deputantur</strong></span> <span class='ocrx_word' id='word_1_289' title='bbox 1398 2042 1417 2115; x_wconf 97' lang='lat'><strong>(</strong></span> <span class='ocrx_word' id='word_1_290' title='bbox 1434 2042 1682 2111; x_wconf 80' lang='lat' dir='ltr'><strong>Tertull.,</strong></span> <span class='ocrx_word' id='word_1_291' title='bbox 1708 2045 1796 2098; x_wconf 89' lang='lat' dir='ltr'><strong>lib.</strong></span> <span class='ocrx_word' id='word_1_292' title='bbox 1826 2047 1944 2101; x_wconf 85' lang='lat' dir='ltr'><strong>adv.</strong></span> 
     </span>
    </p>
   </div>
   <div class='ocr_carea' id='block_1_34' title="bbox 351 2128 1944 2205">
    <p class='ocr_par' dir='ltr' id='par_1_34' title="bbox 351 2128 1944 2205">
     <span class='ocr_line' id='line_1_34' title="bbox 351 2128 1944 2205; baseline 0.003 -20"><span class='ocrx_word' id='word_1_293' title='bbox 351 2128 570 2199; x_wconf 57' lang='lat' dir='ltr'><strong>Praua,</strong></span> <span class='ocrx_word' id='word_1_294' title='bbox 626 2149 742 2203; x_wconf 86' lang='lat' dir='ltr'><strong>cap.</strong></span> <span class='ocrx_word' id='word_1_295' title='bbox 773 2131 874 2202; x_wconf 69' lang='grc'><strong>2).</strong></span> <span class='ocrx_word' id='word_1_296' title='bbox 914 2132 1087 2187; x_wconf 76' lang='lat' dir='ltr'><strong>Nemo</strong></span> <span class='ocrx_word' id='word_1_297' title='bbox 1112 2144 1198 2188; x_wconf 88' lang='lat' dir='ltr'><strong>est</strong></span> <span class='ocrx_word' id='word_1_298' title='bbox 1253 2142 1430 2198; x_wconf 88' lang='lat' dir='ltr'><strong>autem</strong></span> <span class='ocrx_word' id='word_1_299' title='bbox 1484 2136 1573 2205; x_wconf 88' lang='lat' dir='ltr'><strong>qui</strong></span> <span class='ocrx_word' id='word_1_300' title='bbox 1626 2151 1732 2190; x_wconf 91' lang='lat' dir='ltr'><strong>non</strong></span> <span class='ocrx_word' id='word_1_301' title='bbox 1780 2136 1944 2191; x_wconf 87' lang='lat' dir='ltr'><strong>intel-</strong></span> 
     </span>
    </p>
   </div>
   <div class='ocr_carea' id='block_1_35' title="bbox 344 2225 1947 2297">
    <p class='ocr_par' dir='ltr' id='par_1_35' title="bbox 344 2225 1947 2297">
     <span class='ocr_line' id='line_1_35' title="bbox 344 2225 1947 2297; baseline 0.004 -18"><span class='ocrx_word' id='word_1_302' title='bbox 344 2225 517 2297; x_wconf 82' lang='lat' dir='ltr'><strong>ligat,</strong></span> <span class='ocrx_word' id='word_1_303' title='bbox 572 2225 791 2280; x_wconf 84' lang='lat' dir='ltr'><strong>nomine</strong></span> <span class='ocrx_word' id='word_1_304' title='bbox 832 2235 1038 2292; x_wconf 23' lang='lat' dir='ltr'><strong>istatus,</strong></span> <span class='ocrx_word' id='word_1_305' title='bbox 1087 2227 1227 2281; x_wconf 89' lang='lat' dir='ltr'><strong>sicut</strong></span> <span class='ocrx_word' id='word_1_306' title='bbox 1277 2227 1328 2281; x_wconf 88' lang='lat' dir='ltr'><strong>in</strong></span> <span class='ocrx_word' id='word_1_307' title='bbox 1394 2228 1671 2297; x_wconf 89' lang='lat' dir='ltr'><strong>superiore</strong></span> <span class='ocrx_word' id='word_1_308' title='bbox 1720 2230 1947 2286; x_wconf 90' lang='lat' dir='ltr'><strong>articulo</strong></span> 
     </span>
    </p>
   </div>
   <div class='ocr_carea' id='block_1_36' title="bbox 258 2316 1946 2393">
    <p class='ocr_par' dir='ltr' id='par_1_36' title="bbox 258 2316 1946 2393">
     <span class='ocr_line' id='line_1_36' title="bbox 258 2316 1946 2393; baseline 0.004 -23"><span class='ocrx_word' id='word_1_309' title='bbox 258 2388 263 2393; x_wconf 27' lang='lat'>.</span> <span class='ocrx_word' id='word_1_310' title='bbox 345 2317 688 2382; x_wconf 84' lang='lat' dir='ltr'><strong>monuimus,</strong></span> <span class='ocrx_word' id='word_1_311' title='bbox 736 2316 876 2373; x_wconf 85' lang='lat' dir='ltr'><strong>idem</strong></span> <span class='ocrx_word' id='word_1_312' title='bbox 898 2316 1192 2389; x_wconf 79' lang='lat' dir='ltr'><strong>signiﬁcari</strong></span> <span class='ocrx_word' id='word_1_313' title='bbox 1237 2333 1301 2375; x_wconf 85' lang='lat' dir='ltr'><strong>ac</strong></span> <span class='ocrx_word' id='word_1_314' title='bbox 1325 2319 1679 2375; x_wconf 81' lang='lat' dir='ltr'><strong>substantiam</strong></span> <span class='ocrx_word' id='word_1_315' title='bbox 1707 2330 1762 2377; x_wconf 88' lang='lat' dir='ltr'><strong>et</strong></span> <span class='ocrx_word' id='word_1_316' title='bbox 1792 2332 1946 2377; x_wconf 89' lang='lat' dir='ltr'><strong>natu-</strong></span> 
     </span>
    </p>
   </div>
   <div class='ocr_carea' id='block_1_37' title="bbox 347 2410 1945 2483">
    <p class='ocr_par' dir='ltr' id='par_1_37' title="bbox 347 2410 1945 2483">
     <span class='ocr_line' id='line_1_37' title="bbox 347 2410 1945 2483; baseline 0.003 -18"><span class='ocrx_word' id='word_1_317' title='bbox 347 2425 464 2465; x_wconf 87' lang='lat' dir='ltr'><strong>ram</strong></span> <span class='ocrx_word' id='word_1_318' title='bbox 497 2410 619 2475; x_wconf 79' lang='lat' dir='ltr'><strong>Dei;</strong></span> <span class='ocrx_word' id='word_1_319' title='bbox 650 2411 850 2481; x_wconf 85' lang='lat' dir='ltr'><strong>gradus</strong></span> <span class='ocrx_word' id='word_1_320' title='bbox 877 2420 1089 2480; x_wconf 87' lang='lat' dir='ltr'><strong>autem,</strong></span> <span class='ocrx_word' id='word_1_321' title='bbox 1134 2412 1323 2467; x_wconf 75' lang='lat' dir='ltr'><strong>forma:</strong></span> <span class='ocrx_word' id='word_1_322' title='bbox 1362 2423 1419 2468; x_wconf 87' lang='lat' dir='ltr'><strong>et</strong></span> <span class='ocrx_word' id='word_1_323' title='bbox 1462 2412 1660 2483; x_wconf 71' lang='lat' dir='ltr'><strong>Speciei</strong></span> <span class='ocrx_word' id='word_1_324' title='bbox 1717 2415 1945 2470; x_wconf 87' lang='lat' dir='ltr'><strong>nomini-</strong></span> 
     </span>
    </p>
   </div>
   <div class='ocr_carea' id='block_1_38' title="bbox 338 2501 1947 2574">
    <p class='ocr_par' dir='ltr' id='par_1_38' title="bbox 338 2501 1947 2574">
     <span class='ocr_line' id='line_1_38' title="bbox 338 2501 1947 2574; baseline 0.001 -17"><span class='ocrx_word' id='word_1_325' title='bbox 338 2501 448 2557; x_wconf 74' lang='lat' dir='ltr'><strong>bus</strong></span> <span class='ocrx_word' id='word_1_326' title='bbox 475 2544 489 2568; x_wconf 95' lang='lat'><strong>,</strong></span> <span class='ocrx_word' id='word_1_327' title='bbox 522 2501 729 2557; x_wconf 81' lang='lat' dir='ltr'><strong>divinas</strong></span> <span class='ocrx_word' id='word_1_328' title='bbox 768 2516 1064 2573; x_wconf 83' lang='lat' dir='ltr'><strong>personas,</strong></span> <span class='ocrx_word' id='word_1_329' title='bbox 1114 2512 1276 2574; x_wconf 81' lang='lat' dir='ltr'><strong>atque</strong></span> <span class='ocrx_word' id='word_1_330' title='bbox 1322 2519 1509 2559; x_wconf 88' lang='lat' dir='ltr'><strong>eorum</strong></span> <span class='ocrx_word' id='word_1_331' title='bbox 1555 2504 1796 2560; x_wconf 86' lang='lat' dir='ltr'><strong>ordinem</strong></span> <span class='ocrx_word' id='word_1_332' title='bbox 1825 2547 1839 2570; x_wconf 93' lang='lat'><strong>,</strong></span> <span class='ocrx_word' id='word_1_333' title='bbox 1889 2515 1947 2569; x_wconf 78' lang='lat' dir='ltr'><strong>et</strong></span> 
     </span>
    </p>
   </div>
   <div class='ocr_carea' id='block_1_39' title="bbox 349 2591 1945 2669">
    <p class='ocr_par' dir='ltr' id='par_1_39' title="bbox 349 2591 1945 2669">
     <span class='ocr_line' id='line_1_39' title="bbox 349 2591 1945 2669; baseline 0.004 -19"><span class='ocrx_word' id='word_1_334' title='bbox 349 2593 616 2650; x_wconf 83' lang='lat' dir='ltr'><strong>existendi</strong></span> <span class='ocrx_word' id='word_1_335' title='bbox 672 2597 911 2651; x_wconf 88' lang='lat' dir='ltr'><strong>modum.</strong></span> <span class='ocrx_word' id='word_1_336' title='bbox 944 2596 1225 2653; x_wconf 79' lang='lat' dir='ltr'><strong>Manileste</strong></span> <span class='ocrx_word' id='word_1_337' title='bbox 1275 2591 1437 2669; x_wconf 77' lang='lat' dir='ltr'><strong>igitur</strong></span> <span class='ocrx_word' id='word_1_338' title='bbox 1475 2599 1633 2654; x_wconf 85' lang='lat' dir='ltr'><strong>docet</strong></span> <span class='ocrx_word' id='word_1_339' title='bbox 1682 2608 1795 2655; x_wconf 86' lang='lat' dir='ltr'><strong>tres</strong></span> <span class='ocrx_word' id='word_1_340' title='bbox 1823 2616 1945 2657; x_wconf 75' lang='lat' dir='ltr'><strong>esse</strong></span> 
     </span>
    </p>
   </div>
   <div class='ocr_carea' id='block_1_40' title="bbox 348 2686 1945 2761">
    <p class='ocr_par' dir='ltr' id='par_1_40' title="bbox 348 2686 1945 2761">
     <span class='ocr_line' id='line_1_40' title="bbox 348 2686 1945 2761; baseline 0.006 -23"><span class='ocrx_word' id='word_1_341' title='bbox 348 2687 700 2742; x_wconf 73' lang='lat' dir='ltr'><strong>sanctissimm</strong></span> <span class='ocrx_word' id='word_1_342' title='bbox 743 2686 1020 2743; x_wconf 71' lang='lat' dir='ltr'><strong>Trinitatis</strong></span> <span class='ocrx_word' id='word_1_343' title='bbox 1072 2705 1330 2759; x_wconf 86' lang='lat' dir='ltr'><strong>personas</strong></span> <span class='ocrx_word' id='word_1_344' title='bbox 1356 2731 1370 2756; x_wconf 93' lang='lat'><strong>,</strong></span> <span class='ocrx_word' id='word_1_345' title='bbox 1404 2706 1526 2761; x_wconf 79' lang='lat' dir='ltr'><strong>qua:</strong></span> <span class='ocrx_word' id='word_1_346' title='bbox 1553 2708 1818 2746; x_wconf 82' lang='lat' dir='ltr'><strong>numerum</strong></span> <span class='ocrx_word' id='word_1_347' title='bbox 1835 2694 1945 2748; x_wconf 88' lang='lat' dir='ltr'><strong>sine</strong></span> 
     </span>
    </p>
   </div>
   <div class='ocr_carea' id='block_1_41' title="bbox 348 2778 1941 2857">
    <p class='ocr_par' dir='ltr' id='par_1_41' title="bbox 348 2778 1941 2857">
     <span class='ocr_line' id='line_1_41' title="bbox 348 2778 1941 2857; baseline 0.006 -27"><span class='ocrx_word' id='word_1_348' title='bbox 348 2778 595 2833; x_wconf 84' lang='lat' dir='ltr'><strong>diuisione</strong></span> <span class='ocrx_word' id='word_1_349' title='bbox 615 2779 899 2849; x_wconf 82' lang='lat' dir='ltr'><strong>patiuntur,</strong></span> <span class='ocrx_word' id='word_1_350' title='bbox 928 2780 1022 2835; x_wconf 84' lang='lat' dir='ltr'><strong>sed</strong></span> <span class='ocrx_word' id='word_1_351' title='bbox 1047 2796 1205 2839; x_wconf 87' lang='lat' dir='ltr'><strong>unam</strong></span> <span class='ocrx_word' id='word_1_352' title='bbox 1229 2782 1580 2857; x_wconf 76' lang='lat' dir='ltr'><strong>eamdemque</strong></span> <span class='ocrx_word' id='word_1_353' title='bbox 1609 2798 1732 2845; x_wconf 81' lang='lat' dir='ltr'><strong>esse</strong></span> <span class='ocrx_word' id='word_1_354' title='bbox 1755 2799 1941 2840; x_wconf 86' lang='lat' dir='ltr'><strong>earum</strong></span> 
     </span>
    </p>
   </div>
   <div class='ocr_carea' id='block_1_42' title="bbox 345 2872 722 2928">
    <p class='ocr_par' dir='ltr' id='par_1_42' title="bbox 345 2872 722 2928">
     <span class='ocr_line' id='line_1_42' title="bbox 345 2872 722 2928; baseline 0.003 -2"><span class='ocrx_word' id='word_1_355' title='bbox 345 2872 722 2928; x_wconf 83' lang='lat' dir='ltr'><strong>substantiam.</strong></span> 
     </span>
    </p>
   </div>
   <div class='ocr_carea' id='block_1_43' title="bbox 417 2954 1937 3039">
    <p class='ocr_par' dir='ltr' id='par_1_43' title="bbox 417 2954 1937 3039">
     <span class='ocr_line' id='line_1_43' title="bbox 417 2954 1937 3039; baseline 0.005 -18"><span class='ocrx_word' id='word_1_356' title='bbox 417 2966 611 3022; x_wconf 85' lang='lat' dir='ltr'><strong>Postea</strong></span> <span class='ocrx_word' id='word_1_357' title='bbox 637 2982 764 3023; x_wconf 85' lang='lat' dir='ltr'><strong>vero</strong></span> <span class='ocrx_word' id='word_1_358' title='bbox 792 2954 931 3023; x_wconf 79' lang='lat' dir='ltr'><strong>hanc</strong></span> <span class='ocrx_word' id='word_1_359' title='bbox 970 2968 1253 3025; x_wconf 64' lang='lat' dir='ltr'><strong>catholica:</strong></span> <span class='ocrx_word' id='word_1_360' title='bbox 1297 2969 1556 3026; x_wconf 73' lang='lat' dir='ltr'><strong>Ecclesia:</strong></span> <span class='ocrx_word' id='word_1_361' title='bbox 1600 2971 1897 3027; x_wconf 87' lang='lat' dir='ltr'><strong>doctrinam</strong></span> <span class='ocrx_word' id='word_1_362' title='bbox 1922 3014 1937 3039; x_wconf 90' lang='lat'><strong>,</strong></span> 
     </span>
    </p>
   </div>
   <div class='ocr_carea' id='block_1_44' title="bbox 347 3060 1939 3133">
    <p class='ocr_par' dir='ltr' id='par_1_44' title="bbox 347 3060 1939 3133">
     <span class='ocr_line' id='line_1_44' title="bbox 347 3060 1939 3133; baseline 0.003 -20"><span class='ocrx_word' id='word_1_363' title='bbox 347 3069 531 3129; x_wconf 86' lang='lat' dir='ltr'><strong>atque,</strong></span> <span class='ocrx_word' id='word_1_364' title='bbox 563 3069 617 3114; x_wconf 90' lang='lat' dir='ltr'><strong>ut</strong></span> <span class='ocrx_word' id='word_1_365' title='bbox 648 3061 761 3129; x_wconf 87' lang='lat' dir='ltr'><strong>ipse</strong></span> <span class='ocrx_word' id='word_1_366' title='bbox 787 3060 1143 3131; x_wconf 86' lang='lat' dir='ltr'><strong>ail,regnlam</strong></span> <span class='ocrx_word' id='word_1_367' title='bbox 1175 3061 1344 3116; x_wconf 83' lang='lat' dir='ltr'><strong>fusius</strong></span> <span class='ocrx_word' id='word_1_368' title='bbox 1375 3061 1623 3133; x_wconf 81' lang='lat' dir='ltr'><strong>hancque</strong></span> <span class='ocrx_word' id='word_1_369' title='bbox 1645 3064 1698 3118; x_wconf 92' lang='lat' dir='ltr'><strong>in</strong></span> <span class='ocrx_word' id='word_1_370' title='bbox 1722 3063 1939 3119; x_wconf 89' lang='lat' dir='ltr'><strong>modum</strong></span> 
     </span>
    </p>
   </div>
   <div class='ocr_carea' id='block_1_45' title="bbox 344 3151 1940 3225">
    <p class='ocr_par' dir='ltr' id='par_1_45' title="bbox 344 3151 1940 3225">
     <span class='ocr_line' id='line_1_45' title="bbox 344 3151 1940 3225; baseline 0.003 -19"><span class='ocrx_word' id='word_1_371' title='bbox 344 3157 565 3222; x_wconf 83' lang='lat' dir='ltr'><strong>exponit</strong></span> <span class='ocrx_word' id='word_1_372' title='bbox 622 3167 685 3207; x_wconf 89' lang='lat' dir='ltr'><strong>ac</strong></span> <span class='ocrx_word' id='word_1_373' title='bbox 732 3152 1017 3208; x_wconf 81' lang='lat' dir='ltr'><strong>conﬁrmat</strong></span> <span class='ocrx_word' id='word_1_374' title='bbox 1043 3172 1054 3207; x_wconf 92' lang='lat'><strong>:</strong></span> <span class='ocrx_word' id='word_1_375' title='bbox 1090 3151 1318 3207; x_wconf 85' lang='lat' dir='ltr'><strong>Trinitas</strong></span> <span class='ocrx_word' id='word_1_376' title='bbox 1347 3170 1436 3224; x_wconf 85' lang='lat' dir='ltr'><strong>per</strong></span> <span class='ocrx_word' id='word_1_377' title='bbox 1459 3164 1717 3225; x_wconf 82' lang='lat' dir='ltr'><strong>consertes</strong></span> <span class='ocrx_word' id='word_1_378' title='bbox 1740 3165 1789 3209; x_wconf 89' lang='lat' dir='ltr'><strong>et</strong></span> <span class='ocrx_word' id='word_1_379' title='bbox 1813 3171 1940 3210; x_wconf 84' lang='lat' dir='ltr'><strong>con-</strong></span> 
     </span>
    </p>
   </div>
   <div class='ocr_carea' id='block_1_46' title="bbox 2046 1942 3652 2014">
    <p class='ocr_par' dir='ltr' id='par_1_46' title="bbox 2046 1942 3652 2014">
     <span class='ocr_line' id='line_1_46' title="bbox 2046 1942 3652 2014; baseline 0.002 -17"><span class='ocrx_word' id='word_1_380' title='bbox 2046 1943 2237 1997; x_wconf 82' lang='lat' dir='ltr'><strong>sortitis</strong></span> <span class='ocrx_word' id='word_1_381' title='bbox 2269 1942 2436 1997; x_wconf 82' lang='lat' dir='ltr'><strong>locant</strong></span> <span class='ocrx_word' id='word_1_382' title='bbox 2463 1984 2478 2007; x_wconf 94' lang='lat'><strong>,</strong></span> <span class='ocrx_word' id='word_1_383' title='bbox 2513 1955 2616 1998; x_wconf 88' lang='lat' dir='ltr'><strong>tam</strong></span> <span class='ocrx_word' id='word_1_384' title='bbox 2642 1942 2961 1998; x_wconf 76' lang='lat' dir='ltr'><strong>consortibus</strong></span> <span class='ocrx_word' id='word_1_385' title='bbox 2988 1942 3284 1999; x_wconf 78' lang='lat' dir='ltr'><strong>substantia:</strong></span> <span class='ocrx_word' id='word_1_386' title='bbox 3312 1942 3506 2010; x_wconf 86' lang='lat' dir='ltr'><strong>Patris,</strong></span> <span class='ocrx_word' id='word_1_387' title='bbox 3526 1962 3652 2014; x_wconf 85' lang='lat' dir='ltr'><strong>quas</strong></span> 
     </span>
    </p>
   </div>
   <div class='ocr_carea' id='block_1_47' title="bbox 2046 2035 3651 2109">
    <p class='ocr_par' dir='ltr' id='par_1_47' title="bbox 2046 2035 3651 2109">
     <span class='ocr_line' id='line_1_47' title="bbox 2046 2035 3651 2109; baseline 0.003 -21"><span class='ocrx_word' id='word_1_388' title='bbox 2046 2051 2150 2090; x_wconf 86' lang='lat' dir='ltr'><strong>non</strong></span> <span class='ocrx_word' id='word_1_389' title='bbox 2196 2036 2390 2107; x_wconf 88' lang='lat' dir='ltr'><strong>patitur</strong></span> <span class='ocrx_word' id='word_1_390' title='bbox 2438 2037 2492 2090; x_wconf 85' lang='lat' dir='ltr'><strong>in</strong></span> <span class='ocrx_word' id='word_1_391' title='bbox 2558 2044 2631 2090; x_wconf 82' lang='lat' dir='ltr'><strong>tot</strong></span> <span class='ocrx_word' id='word_1_392' title='bbox 2691 2035 2993 2108; x_wconf 85' lang='lat' dir='ltr'><strong>angelorum</strong></span> <span class='ocrx_word' id='word_1_393' title='bbox 3046 2053 3258 2092; x_wconf 86' lang='lat' dir='ltr'><strong>numero</strong></span> <span class='ocrx_word' id='word_1_394' title='bbox 3284 2078 3299 2103; x_wconf 94' lang='lat'><strong>,</strong></span> <span class='ocrx_word' id='word_1_395' title='bbox 3345 2047 3391 2093; x_wconf 87' lang='lat' dir='ltr'><strong>et</strong></span> <span class='ocrx_word' id='word_1_396' title='bbox 3446 2039 3651 2109; x_wconf 84' lang='lat' dir='ltr'><strong>quidem</strong></span> 
     </span>
    </p>
   </div>
   <div class='ocr_carea' id='block_1_48' title="bbox 2044 2118 3652 2204">
    <p class='ocr_par' dir='ltr' id='par_1_48' title="bbox 2044 2118 3652 2204">
     <span class='ocr_line' id='line_1_48' title="bbox 2044 2118 3652 2204; baseline 0.005 -24"><span class='ocrx_word' id='word_1_397' title='bbox 2044 2136 2155 2201; x_wconf 61' lang='lat' dir='ltr'><strong>tam</strong></span> <span class='ocrx_word' id='word_1_398' title='bbox 2202 2143 2234 2183; x_wconf 89' lang='lat' dir='ltr'><strong>a</strong></span> <span class='ocrx_word' id='word_1_399' title='bbox 2286 2126 2565 2187; x_wconf 80' lang='lat' dir='ltr'><strong>substantia</strong></span> <span class='ocrx_word' id='word_1_400' title='bbox 2610 2128 2792 2183; x_wconf 88' lang='lat' dir='ltr'><strong>alienis</strong></span> <span class='ocrx_word' id='word_1_401' title='bbox 2832 2127 3018 2201; x_wconf 81' lang='lat' dir='ltr'><strong>(Ibid.</strong></span> <span class='ocrx_word' id='word_1_402' title='bbox 3048 2144 3166 2200; x_wconf 85' lang='lat' dir='ltr'><strong>cap.</strong></span> <span class='ocrx_word' id='word_1_403' title='bbox 3200 2130 3234 2185; x_wconf 79' lang='lat'><strong>5</strong></span> <span class='ocrx_word' id='word_1_404' title='bbox 3267 2129 3335 2203; x_wconf 86' lang='lat'><strong>)?</strong></span> <span class='ocrx_word' id='word_1_405' title='bbox 3392 2118 3652 2204; x_wconf 68' lang='lat' dir='ltr'><strong>intelligis</strong></span> 
     </span>
    </p>
   </div>
   <div class='ocr_carea' id='block_1_49' title="bbox 2049 2218 3648 2293">
    <p class='ocr_par' dir='ltr' id='par_1_49' title="bbox 2049 2218 3648 2293">
     <span class='ocr_line' id='line_1_49' title="bbox 2049 2218 3648 2293; baseline 0.004 -20"><span class='ocrx_word' id='word_1_406' title='bbox 2049 2218 2291 2290; x_wconf 80' lang='lat' dir='ltr'><strong>profecto</strong></span> <span class='ocrx_word' id='word_1_407' title='bbox 2353 2228 2552 2290; x_wconf 88' lang='lat' dir='ltr'><strong>quanta</strong></span> <span class='ocrx_word' id='word_1_408' title='bbox 2621 2220 3003 2292; x_wconf 87' lang='lat' dir='ltr'><strong>perspicuitate</strong></span> <span class='ocrx_word' id='word_1_409' title='bbox 3056 2220 3232 2276; x_wconf 86' lang='lat' dir='ltr'><strong>adhuc</strong></span> <span class='ocrx_word' id='word_1_410' title='bbox 3300 2224 3648 2293; x_wconf 83' lang='lat' dir='ltr'><strong>pronuntiet,</strong></span> 
     </span>
    </p>
   </div>
   <div class='ocr_carea' id='block_1_50' title="bbox 2044 2312 3649 2384">
    <p class='ocr_par' dir='ltr' id='par_1_50' title="bbox 2044 2312 3649 2384">
     <span class='ocr_line' id='line_1_50' title="bbox 2044 2312 3649 2384; baseline 0.003 -17"><span class='ocrx_word' id='word_1_411' title='bbox 2044 2313 2263 2370; x_wconf 83' lang='lat' dir='ltr'><strong>Patrem</strong></span> <span class='ocrx_word' id='word_1_412' title='bbox 2290 2329 2320 2371; x_wconf 86' lang='lat' dir='ltr'><strong>a</strong></span> <span class='ocrx_word' id='word_1_413' title='bbox 2351 2312 2489 2368; x_wconf 84' lang='lat' dir='ltr'><strong>Filio</strong></span> <span class='ocrx_word' id='word_1_414' title='bbox 2520 2324 2575 2370; x_wconf 89' lang='lat' dir='ltr'><strong>et</strong></span> <span class='ocrx_word' id='word_1_415' title='bbox 2607 2313 2810 2383; x_wconf 86' lang='lat' dir='ltr'><strong>Spiritu</strong></span> <span class='ocrx_word' id='word_1_416' title='bbox 2857 2321 3045 2369; x_wconf 86' lang='lat' dir='ltr'><strong>saneto</strong></span> <span class='ocrx_word' id='word_1_417' title='bbox 3091 2314 3169 2369; x_wconf 91' lang='lat' dir='ltr'><strong>sic</strong></span> <span class='ocrx_word' id='word_1_418' title='bbox 3198 2328 3426 2384; x_wconf 84' lang='lat' dir='ltr'><strong>persona</strong></span> <span class='ocrx_word' id='word_1_419' title='bbox 3457 2316 3649 2373; x_wconf 84' lang='lat' dir='ltr'><strong>distin-</strong></span> 
     </span>
    </p>
   </div>
   <div class='ocr_carea' id='block_1_51' title="bbox 2040 2404 3647 2476">
    <p class='ocr_par' dir='ltr' id='par_1_51' title="bbox 2040 2404 3647 2476">
     <span class='ocr_line' id='line_1_51' title="bbox 2040 2404 3647 2476; baseline 0.003 -15"><span class='ocrx_word' id='word_1_420' title='bbox 2040 2407 2158 2476; x_wconf 72' lang='lat' dir='ltr'><strong>gui,</strong></span> <span class='ocrx_word' id='word_1_421' title='bbox 2180 2413 2245 2463; x_wconf 75' lang='lat' dir='ltr'><strong>et</strong></span> <span class='ocrx_word' id='word_1_422' title='bbox 2268 2404 2434 2461; x_wconf 88' lang='lat' dir='ltr'><strong>Filius</strong></span> <span class='ocrx_word' id='word_1_423' title='bbox 2459 2414 2514 2465; x_wconf 90' lang='lat' dir='ltr'><strong>et</strong></span> <span class='ocrx_word' id='word_1_424' title='bbox 2536 2405 2771 2476; x_wconf 88' lang='lat' dir='ltr'><strong>Spiritus</strong></span> <span class='ocrx_word' id='word_1_425' title='bbox 2791 2415 3009 2461; x_wconf 88' lang='lat' dir='ltr'><strong>sanctus</strong></span> <span class='ocrx_word' id='word_1_426' title='bbox 3028 2406 3323 2463; x_wconf 83' lang='lat' dir='ltr'><strong>secundum</strong></span> <span class='ocrx_word' id='word_1_427' title='bbox 3350 2418 3404 2462; x_wconf 91' lang='lat' dir='ltr'><strong>et</strong></span> <span class='ocrx_word' id='word_1_428' title='bbox 3430 2408 3647 2469; x_wconf 80' lang='lat' dir='ltr'><strong>tertium</strong></span> 
     </span>
    </p>
   </div>
   <div class='ocr_carea' id='block_1_52' title="bbox 2048 2489 3650 2570">
    <p class='ocr_par' dir='ltr' id='par_1_52' title="bbox 2048 2489 3650 2570">
     <span class='ocr_line' id='line_1_52' title="bbox 2048 2489 3650 2570; baseline 0.001 -13"><span class='ocrx_word' id='word_1_429' title='bbox 2048 2498 2223 2557; x_wconf 81' lang='lat' dir='ltr'><strong>locum</strong></span> <span class='ocrx_word' id='word_1_430' title='bbox 2266 2497 2515 2557; x_wconf 80' lang='lat' dir='ltr'><strong>habeant.</strong></span> <span class='ocrx_word' id='word_1_431' title='bbox 2546 2498 2711 2554; x_wconf 85' lang='lat' dir='ltr'><strong>Plane</strong></span> <span class='ocrx_word' id='word_1_432' title='bbox 2742 2508 2919 2555; x_wconf 86' lang='lat' dir='ltr'><strong>tamen</strong></span> <span class='ocrx_word' id='word_1_433' title='bbox 2943 2513 3271 2569; x_wconf 83' lang='lat' dir='ltr'><strong>prorsusquc</strong></span> <span class='ocrx_word' id='word_1_434' title='bbox 3295 2489 3569 2559; x_wconf 80' lang='lat' dir='ltr'><strong>contendit</strong></span> <span class='ocrx_word' id='word_1_435' title='bbox 3594 2510 3650 2570; x_wconf 78' lang='lat' dir='ltr'><strong>et</strong></span> 
     </span>
    </p>
   </div>
   <div class='ocr_carea' id='block_1_53' title="bbox 2045 2591 3646 2663">
    <p class='ocr_par' dir='ltr' id='par_1_53' title="bbox 2045 2591 3646 2663">
     <span class='ocr_line' id='line_1_53' title="bbox 2045 2591 3646 2663; baseline 0.002 -13"><span class='ocrx_word' id='word_1_436' title='bbox 2045 2591 2299 2650; x_wconf 77' lang='lat' dir='ltr'><strong>adﬁrtnat</strong></span> <span class='ocrx_word' id='word_1_437' title='bbox 2326 2593 2531 2649; x_wconf 85' lang='lat' dir='ltr'><strong>nul-lam</strong></span> <span class='ocrx_word' id='word_1_438' title='bbox 2562 2592 2703 2649; x_wconf 88' lang='lat' dir='ltr'><strong>inter</strong></span> <span class='ocrx_word' id='word_1_439' title='bbox 2735 2608 2831 2649; x_wconf 85' lang='lat' dir='ltr'><strong>eos</strong></span> <span class='ocrx_word' id='word_1_440' title='bbox 2859 2608 2983 2650; x_wconf 88' lang='lat' dir='ltr'><strong>esse</strong></span> <span class='ocrx_word' id='word_1_441' title='bbox 3011 2593 3328 2651; x_wconf 79' lang='lat' dir='ltr'><strong>divisionem</strong></span> <span class='ocrx_word' id='word_1_442' title='bbox 3348 2637 3363 2663; x_wconf 95' lang='lat'><strong>,</strong></span> <span class='ocrx_word' id='word_1_443' title='bbox 3395 2605 3488 2651; x_wconf 89' lang='lat' dir='ltr'><strong>aut</strong></span> <span class='ocrx_word' id='word_1_444' title='bbox 3531 2596 3646 2652; x_wconf 81' lang='lat' dir='ltr'><strong>dis-</strong></span> 
     </span>
    </p>
   </div>
   <div class='ocr_carea' id='block_1_54' title="bbox 2044 2684 3647 2760">
    <p class='ocr_par' dir='ltr' id='par_1_54' title="bbox 2044 2684 3647 2760">
     <span class='ocr_line' id='line_1_54' title="bbox 2044 2684 3647 2760; baseline 0.002 -18"><span class='ocrx_word' id='word_1_445' title='bbox 2044 2686 2352 2756; x_wconf 75' lang='lat' dir='ltr'><strong>persionetn</strong></span> <span class='ocrx_word' id='word_1_446' title='bbox 2376 2728 2390 2752; x_wconf 93' lang='lat'><strong>,</strong></span> <span class='ocrx_word' id='word_1_447' title='bbox 2414 2686 2508 2742; x_wconf 89' lang='lat' dir='ltr'><strong>sed</strong></span> <span class='ocrx_word' id='word_1_448' title='bbox 2535 2684 2777 2756; x_wconf 84' lang='lat' dir='ltr'><strong>ejusdem</strong></span> <span class='ocrx_word' id='word_1_449' title='bbox 2819 2697 3102 2743; x_wconf 84' lang='lat' dir='ltr'><strong>consortes</strong></span> <span class='ocrx_word' id='word_1_450' title='bbox 3137 2687 3458 2743; x_wconf 69' lang='lat' dir='ltr'><strong>substantiae</strong></span> <span class='ocrx_word' id='word_1_451' title='bbox 3478 2731 3493 2756; x_wconf 93' lang='lat'><strong>,</strong></span> <span class='ocrx_word' id='word_1_452' title='bbox 3526 2706 3647 2760; x_wconf 73' lang='lat' dir='ltr'><strong>qua:</strong></span> 
     </span>
    </p>
   </div>
   <div class='ocr_carea' id='block_1_55' title="bbox 2046 2777 3649 2854">
    <p class='ocr_par' dir='ltr' id='par_1_55' title="bbox 2046 2777 3649 2854">
     <span class='ocr_line' id='line_1_55' title="bbox 2046 2777 3649 2854; baseline 0.002 -19"><span class='ocrx_word' id='word_1_453' title='bbox 2046 2777 2100 2837; x_wconf 84' lang='lat' dir='ltr'><strong>in</strong></span> <span class='ocrx_word' id='word_1_454' title='bbox 2127 2778 2206 2833; x_wconf 88' lang='lat' dir='ltr'><strong>eis</strong></span> <span class='ocrx_word' id='word_1_455' title='bbox 2236 2785 2342 2833; x_wconf 88' lang='lat' dir='ltr'><strong>tam</strong></span> <span class='ocrx_word' id='word_1_456' title='bbox 2369 2794 2474 2833; x_wconf 84' lang='lat' dir='ltr'><strong>una</strong></span> <span class='ocrx_word' id='word_1_457' title='bbox 2497 2821 2511 2845; x_wconf 93' lang='lat'><strong>,</strong></span> <span class='ocrx_word' id='word_1_458' title='bbox 2544 2793 2704 2849; x_wconf 87' lang='lat' dir='ltr'><strong>quam</strong></span> <span class='ocrx_word' id='word_1_459' title='bbox 2746 2779 2799 2834; x_wconf 90' lang='lat' dir='ltr'><strong>in</strong></span> <span class='ocrx_word' id='word_1_460' title='bbox 2846 2779 3051 2851; x_wconf 81' lang='lat' dir='ltr'><strong>angelis</strong></span> <span class='ocrx_word' id='word_1_461' title='bbox 3070 2821 3085 2848; x_wconf 91' lang='lat'><strong>,</strong></span> <span class='ocrx_word' id='word_1_462' title='bbox 3112 2781 3503 2851; x_wconf 86' lang='lat' dir='ltr'><strong>quantumlibet</strong></span> <span class='ocrx_word' id='word_1_463' title='bbox 3525 2798 3649 2854; x_wconf 87' lang='lat' dir='ltr'><strong>per-</strong></span> 
     </span>
    </p>
   </div>
   <div class='ocr_carea' id='block_1_56' title="bbox 2038 2868 2922 2944">
    <p class='ocr_par' dir='ltr' id='par_1_56' title="bbox 2038 2868 2922 2944">
     <span class='ocr_line' id='line_1_56' title="bbox 2038 2868 2922 2944; baseline -0.002 -16"><span class='ocrx_word' id='word_1_464' title='bbox 2038 2872 2234 2938; x_wconf 74' lang='lat' dir='ltr'><strong>lemis,</strong></span> <span class='ocrx_word' id='word_1_465' title='bbox 2266 2871 2438 2929; x_wconf 89' lang='lat' dir='ltr'><strong>divisa</strong></span> <span class='ocrx_word' id='word_1_466' title='bbox 2467 2884 2522 2929; x_wconf 85' lang='lat' dir='ltr'><strong>et</strong></span> <span class='ocrx_word' id='word_1_467' title='bbox 2542 2868 2791 2944; x_wconf 76' lang='lat' dir='ltr'><strong>separata</strong></span> <span class='ocrx_word' id='word_1_468' title='bbox 2818 2882 2922 2929; x_wconf 90' lang='lat' dir='ltr'><strong>est.</strong></span> 
     </span>
    </p>
   </div>
   <div class='ocr_carea' id='block_1_57' title="bbox 2122 2965 3646 3038">
    <p class='ocr_par' dir='ltr' id='par_1_57' title="bbox 2122 2965 3646 3038">
     <span class='ocr_line' id='line_1_57' title="bbox 2122 2965 3646 3038; baseline 0.003 -17"><span class='ocrx_word' id='word_1_469' title='bbox 2122 2966 2317 3021; x_wconf 62' lang='lat' dir='ltr'><strong>.Verum</strong></span> <span class='ocrx_word' id='word_1_470' title='bbox 2350 2965 2494 3021; x_wconf 87' lang='lat' dir='ltr'><strong>nulla</strong></span> <span class='ocrx_word' id='word_1_471' title='bbox 2527 2966 2715 3037; x_wconf 92' lang='lat' dir='ltr'><strong>procul</strong></span> <span class='ocrx_word' id='word_1_472' title='bbox 2763 2965 2927 3022; x_wconf 91' lang='lat' dir='ltr'><strong>dubio</strong></span> <span class='ocrx_word' id='word_1_473' title='bbox 2957 2966 3327 3038; x_wconf 79' lang='lat' dir='ltr'><strong>explicatione</strong></span> <span class='ocrx_word' id='word_1_474' title='bbox 3356 2968 3485 3024; x_wconf 87' lang='lat' dir='ltr'><strong>illud</strong></span> <span class='ocrx_word' id='word_1_475' title='bbox 3511 2969 3646 3025; x_wconf 89' lang='lat' dir='ltr'><strong>indi-</strong></span> 
     </span>
    </p>
   </div>
   <div class='ocr_carea' id='block_1_58' title="bbox 2038 3059 3641 3130">
    <p class='ocr_par' dir='ltr' id='par_1_58' title="bbox 2038 3059 3641 3130">
     <span class='ocr_line' id='line_1_58' title="bbox 2038 3059 3641 3130; baseline 0.003 -16"><span class='ocrx_word' id='word_1_476' title='bbox 2038 3068 2134 3130; x_wconf 75' lang='lat' dir='ltr'><strong>get</strong></span> <span class='ocrx_word' id='word_1_477' title='bbox 2154 3101 2170 3126; x_wconf 94' lang='lat'><strong>,</strong></span> <span class='ocrx_word' id='word_1_478' title='bbox 2200 3059 2342 3130; x_wconf 89' lang='lat' dir='ltr'><strong>quod</strong></span> <span class='ocrx_word' id='word_1_479' title='bbox 2362 3060 2431 3115; x_wconf 85' lang='lat' dir='ltr'><strong>ab</strong></span> <span class='ocrx_word' id='word_1_480' title='bbox 2456 3059 2550 3114; x_wconf 82' lang='lat' dir='ltr'><strong>illo</strong></span> <span class='ocrx_word' id='word_1_481' title='bbox 2575 3074 2682 3114; x_wconf 89' lang='lat' dir='ltr'><strong>non</strong></span> <span class='ocrx_word' id='word_1_482' title='bbox 2711 3060 2891 3114; x_wconf 91' lang='lat' dir='ltr'><strong>solum</strong></span> <span class='ocrx_word' id='word_1_483' title='bbox 2910 3062 3252 3130; x_wconf 83' lang='lat' dir='ltr'><strong>apertissime</strong></span> <span class='ocrx_word' id='word_1_484' title='bbox 3281 3063 3641 3130; x_wconf 85' lang='lat' dir='ltr'><strong>renuntiatur,</strong></span> 
     </span>
    </p>
   </div>
   <div class='ocr_carea' id='block_1_59' title="bbox 2040 3150 3637 3223">
    <p class='ocr_par' dir='ltr' id='par_1_59' title="bbox 2040 3150 3637 3223">
     <span class='ocr_line' id='line_1_59' title="bbox 2040 3150 3637 3223; baseline 0.001 -15"><span class='ocrx_word' id='word_1_485' title='bbox 2040 3151 2142 3208; x_wconf 78' lang='lat' dir='ltr'><strong>sed</strong></span> <span class='ocrx_word' id='word_1_486' title='bbox 2170 3152 2281 3222; x_wconf 88' lang='lat' dir='ltr'><strong>ipsa</strong></span> <span class='ocrx_word' id='word_1_487' title='bbox 2312 3152 2474 3207; x_wconf 88' lang='lat' dir='ltr'><strong>etiam</strong></span> <span class='ocrx_word' id='word_1_488' title='bbox 2502 3150 2759 3222; x_wconf 84' lang='lat' dir='ltr'><strong>probatur</strong></span> <span class='ocrx_word' id='word_1_489' title='bbox 2782 3167 2952 3208; x_wconf 67' lang='lat' dir='ltr'><strong>sacrae</strong></span> <span class='ocrx_word' id='word_1_490' title='bbox 2982 3152 3274 3223; x_wconf 68' lang='lat' dir='ltr'><strong>Scriptura:</strong></span> <span class='ocrx_word' id='word_1_491' title='bbox 3301 3155 3637 3222; x_wconf 80' lang='lat' dir='ltr'><strong>auctoritate,</strong></span> 
     </span>
    </p>
   </div>
   <div class='ocr_carea' id='block_1_60' title="bbox 344 3241 3641 3324">
    <p class='ocr_par' dir='ltr' id='par_1_60' title="bbox 344 3241 3641 3324">
     <span class='ocr_line' id='line_1_60' title="bbox 344 3241 3641 3324; baseline 0.001 -26"><span class='ocrx_word' id='word_1_492' title='bbox 344 3261 498 3299; x_wconf 77' lang='lat' dir='ltr'><strong>nexos</strong></span> <span class='ocrx_word' id='word_1_493' title='bbox 536 3245 728 3315; x_wconf 87' lang='lat' dir='ltr'><strong>gradus</strong></span> <span class='ocrx_word' id='word_1_494' title='bbox 770 3262 802 3300; x_wconf 92' lang='lat' dir='ltr'><strong>a</strong></span> <span class='ocrx_word' id='word_1_495' title='bbox 836 3245 989 3300; x_wconf 84' lang='lat' dir='ltr'><strong>Patre</strong></span> <span class='ocrx_word' id='word_1_496' title='bbox 1014 3246 1285 3301; x_wconf 83' lang='lat' dir='ltr'><strong>decurrens</strong></span> <span class='ocrx_word' id='word_1_497' title='bbox 1309 3288 1322 3312; x_wconf 92' lang='lat'><strong>,</strong></span> <span class='ocrx_word' id='word_1_498' title='bbox 1371 3256 1418 3300; x_wconf 88' lang='lat' dir='ltr'><strong>et</strong></span> <span class='ocrx_word' id='word_1_499' title='bbox 1452 3248 1765 3302; x_wconf 75' lang='lat' dir='ltr'><strong>monarchite</strong></span> <span class='ocrx_word' id='word_1_500' title='bbox 1808 3248 1942 3303; x_wconf 77' lang='lat' dir='ltr'><strong>nihil</strong></span> <span class='ocrx_word' id='word_1_501' title='bbox 1965 3260 2011 3324; x_wconf 69' lang='grc' dir='ltr'><strong><em>ε</em></strong></span> <span class='ocrx_word' id='word_1_502' title='bbox 2042 3241 2222 3303; x_wconf 75' lang='lat' dir='ltr'><strong>nobis</strong></span> <span class='ocrx_word' id='word_1_503' title='bbox 2250 3242 2590 3312; x_wconf 84' lang='lat' dir='ltr'><strong>potissimum</strong></span> <span class='ocrx_word' id='word_1_504' title='bbox 2634 3242 2856 3303; x_wconf 82' lang='lat' dir='ltr'><strong>Joannis</strong></span> <span class='ocrx_word' id='word_1_505' title='bbox 2894 3243 3255 3314; x_wconf 81' lang='lat' dir='ltr'><strong>Evangelistac</strong></span> <span class='ocrx_word' id='word_1_506' title='bbox 3286 3247 3496 3301; x_wconf 65' lang='lat' dir='ltr'><strong>uerbis:</strong></span> <span class='ocrx_word' id='word_1_507' title='bbox 3529 3245 3641 3317; x_wconf 84' lang='lat' dir='ltr'><strong>Ego</strong></span> 
     </span>
    </p>
   </div>
   <div class='ocr_carea' id='block_1_61' title="bbox 343 3336 1932 3411">
    <p class='ocr_par' dir='ltr' id='par_1_61' title="bbox 343 3336 1932 3411">
     <span class='ocr_line' id='line_1_61' title="bbox 343 3336 1932 3411; baseline 0.003 -21"><span class='ocrx_word' id='word_1_508' title='bbox 343 3337 617 3408; x_wconf 79' lang='lat' dir='ltr'><strong>obstrepit,</strong></span> <span class='ocrx_word' id='word_1_509' title='bbox 651 3348 699 3392; x_wconf 87' lang='lat' dir='ltr'><strong>et</strong></span> <span class='ocrx_word' id='word_1_510' title='bbox 740 3339 1036 3411; x_wconf 73' lang='lat' dir='ltr'><strong>teconomiaz</strong></span> <span class='ocrx_word' id='word_1_511' title='bbox 1073 3347 1261 3391; x_wconf 87' lang='lat' dir='ltr'><strong>statum</strong></span> <span class='ocrx_word' id='word_1_512' title='bbox 1308 3338 1541 3408; x_wconf 82' lang='lat' dir='ltr'><strong>protegit.</strong></span> <span class='ocrx_word' id='word_1_513' title='bbox 1573 3336 1725 3393; x_wconf 82' lang='lat' dir='ltr'><strong>Hanc</strong></span> <span class='ocrx_word' id='word_1_514' title='bbox 1749 3355 1830 3393; x_wconf 89' lang='lat' dir='ltr'><strong>me</strong></span> <span class='ocrx_word' id='word_1_515' title='bbox 1857 3356 1932 3395; x_wconf 83' lang='lat' dir='ltr'><strong>re-</strong></span> 
     </span>
    </p>
   </div>
   <div class='ocr_carea' id='block_1_62' title="bbox 340 3431 1932 3504">
    <p class='ocr_par' dir='ltr' id='par_1_62' title="bbox 340 3431 1932 3504">
     <span class='ocr_line' id='line_1_62' title="bbox 340 3431 1932 3504; baseline 0.002 -19"><span class='ocrx_word' id='word_1_516' title='bbox 340 3433 514 3503; x_wconf 88' lang='lat' dir='ltr'><strong>gulam</strong></span> <span class='ocrx_word' id='word_1_517' title='bbox 544 3435 847 3504; x_wconf 74' lang='lat' dir='ltr'><strong>professum,</strong></span> <span class='ocrx_word' id='word_1_518' title='bbox 874 3435 996 3503; x_wconf 84' lang='lat' dir='ltr'><strong>quia</strong></span> <span class='ocrx_word' id='word_1_519' title='bbox 1014 3432 1335 3499; x_wconf 84' lang='lat' dir='ltr'><strong>inseparatos</strong></span> <span class='ocrx_word' id='word_1_520' title='bbox 1359 3431 1422 3484; x_wconf 92' lang='lat' dir='ltr'><strong>ab</strong></span> <span class='ocrx_word' id='word_1_521' title='bbox 1440 3431 1684 3497; x_wconf 72' lang='lat' dir='ltr'><strong>alterutro</strong></span> <span class='ocrx_word' id='word_1_522' title='bbox 1704 3431 1932 3498; x_wconf 80' lang='lat' dir='ltr'><strong>Patrem,</strong></span> 
     </span>
    </p>
   </div>
   <div class='ocr_carea' id='block_1_63' title="bbox 336 3523 1936 3596">
    <p class='ocr_par' dir='ltr' id='par_1_63' title="bbox 336 3523 1936 3596">
     <span class='ocr_line' id='line_1_63' title="bbox 336 3523 1936 3596; baseline 0.001 -18"><span class='ocrx_word' id='word_1_523' title='bbox 336 3534 388 3578; x_wconf 81' lang='lat' dir='ltr'><strong>et</strong></span> <span class='ocrx_word' id='word_1_524' title='bbox 418 3523 643 3591; x_wconf 77' lang='lat' dir='ltr'><strong>Filium,</strong></span> <span class='ocrx_word' id='word_1_525' title='bbox 672 3534 721 3580; x_wconf 89' lang='lat' dir='ltr'><strong>et</strong></span> <span class='ocrx_word' id='word_1_526' title='bbox 750 3524 1001 3596; x_wconf 84' lang='lat' dir='ltr'><strong>Spiritum</strong></span> <span class='ocrx_word' id='word_1_527' title='bbox 1025 3536 1260 3579; x_wconf 89' lang='lat' dir='ltr'><strong>sanctum</strong></span> <span class='ocrx_word' id='word_1_528' title='bbox 1304 3534 1494 3590; x_wconf 87' lang='lat' dir='ltr'><strong>testor,</strong></span> <span class='ocrx_word' id='word_1_529' title='bbox 1518 3533 1630 3580; x_wconf 87' lang='lat' dir='ltr'><strong>tene</strong></span> <span class='ocrx_word' id='word_1_530' title='bbox 1655 3525 1865 3594; x_wconf 89' lang='lat' dir='ltr'><strong>ubique,</strong></span> <span class='ocrx_word' id='word_1_531' title='bbox 1889 3534 1936 3580; x_wconf 87' lang='lat' dir='ltr'><strong>et</strong></span> 
     </span>
    </p>
   </div>
   <div class='ocr_carea' id='block_1_64' title="bbox 345 3614 1936 3687">
    <p class='ocr_par' dir='ltr' id='par_1_64' title="bbox 345 3614 1936 3687">
     <span class='ocr_line' id='line_1_64' title="bbox 345 3614 1936 3687; baseline 0.002 -19"><span class='ocrx_word' id='word_1_532' title='bbox 345 3615 418 3670; x_wconf 85' lang='lat' dir='ltr'><strong>ita</strong></span> <span class='ocrx_word' id='word_1_533' title='bbox 448 3626 496 3669; x_wconf 89' lang='lat' dir='ltr'><strong>et</strong></span> <span class='ocrx_word' id='word_1_534' title='bbox 521 3616 774 3685; x_wconf 84' lang='lat' dir='ltr'><strong>quomodo</strong></span> <span class='ocrx_word' id='word_1_535' title='bbox 802 3617 1005 3670; x_wconf 83' lang='lat' dir='ltr'><strong>dicatur</strong></span> <span class='ocrx_word' id='word_1_536' title='bbox 1028 3631 1292 3687; x_wconf 82' lang='lat' dir='ltr'><strong>agnosces.</strong></span> <span class='ocrx_word' id='word_1_537' title='bbox 1324 3614 1456 3670; x_wconf 81' lang='lat' dir='ltr'><strong>Ecce</strong></span> <span class='ocrx_word' id='word_1_538' title='bbox 1478 3616 1612 3670; x_wconf 87' lang='lat' dir='ltr'><strong>enim</strong></span> <span class='ocrx_word' id='word_1_539' title='bbox 1636 3616 1750 3670; x_wconf 84' lang='lat' dir='ltr'><strong>dico</strong></span> <span class='ocrx_word' id='word_1_540' title='bbox 1776 3616 1936 3671; x_wconf 86' lang='lat' dir='ltr'><strong>alium</strong></span> 
     </span>
    </p>
   </div>
   <div class='ocr_carea' id='block_1_65' title="bbox 341 3707 1937 3779">
    <p class='ocr_par' dir='ltr' id='par_1_65' title="bbox 341 3707 1937 3779">
     <span class='ocr_line' id='line_1_65' title="bbox 341 3707 1937 3779; baseline 0.001 -16"><span class='ocrx_word' id='word_1_541' title='bbox 341 3725 450 3763; x_wconf 89' lang='lat' dir='ltr'><strong>esse</strong></span> <span class='ocrx_word' id='word_1_542' title='bbox 473 3708 681 3763; x_wconf 80' lang='lat' dir='ltr'><strong>Patrem</strong></span> <span class='ocrx_word' id='word_1_543' title='bbox 701 3751 715 3777; x_wconf 90' lang='lat'><strong>,</strong></span> <span class='ocrx_word' id='word_1_544' title='bbox 746 3719 791 3763; x_wconf 90' lang='lat' dir='ltr'><strong>et</strong></span> <span class='ocrx_word' id='word_1_545' title='bbox 817 3708 977 3762; x_wconf 88' lang='lat' dir='ltr'><strong>alium</strong></span> <span class='ocrx_word' id='word_1_546' title='bbox 1008 3707 1227 3774; x_wconf 84' lang='lat' dir='ltr'><strong>Filium,</strong></span> <span class='ocrx_word' id='word_1_547' title='bbox 1264 3717 1312 3761; x_wconf 91' lang='lat' dir='ltr'><strong>et</strong></span> <span class='ocrx_word' id='word_1_548' title='bbox 1333 3709 1493 3762; x_wconf 87' lang='lat' dir='ltr'><strong>alium</strong></span> <span class='ocrx_word' id='word_1_549' title='bbox 1515 3707 1765 3779; x_wconf 89' lang='lat' dir='ltr'><strong>Spiritum</strong></span> <span class='ocrx_word' id='word_1_550' title='bbox 1788 3727 1937 3765; x_wconf 86' lang='lat' dir='ltr'><strong>sanc-</strong></span> 
     </span>
    </p>
   </div>
   <div class='ocr_carea' id='block_1_66' title="bbox 344 3800 1936 3871">
    <p class='ocr_par' dir='ltr' id='par_1_66' title="bbox 344 3800 1936 3871">
     <span class='ocr_line' id='line_1_66' title="bbox 344 3800 1936 3871; baseline 0.001 -16"><span class='ocrx_word' id='word_1_551' title='bbox 344 3809 469 3855; x_wconf 87' lang='lat' dir='ltr'><strong>tum.</strong></span> <span class='ocrx_word' id='word_1_552' title='bbox 515 3800 654 3856; x_wconf 81' lang='lat' dir='ltr'><strong>Male</strong></span> <span class='ocrx_word' id='word_1_553' title='bbox 680 3801 864 3870; x_wconf 89' lang='lat' dir='ltr'><strong>accipit</strong></span> <span class='ocrx_word' id='word_1_554' title='bbox 920 3800 1106 3856; x_wconf 69' lang='lat' dir='ltr'><strong>idiotas</strong></span> <span class='ocrx_word' id='word_1_555' title='bbox 1149 3801 1364 3871; x_wconf 74' lang='lat' dir='ltr'><strong>quisque</strong></span> <span class='ocrx_word' id='word_1_556' title='bbox 1408 3808 1499 3854; x_wconf 86' lang='lat' dir='ltr'><strong>aut</strong></span> <span class='ocrx_word' id='word_1_557' title='bbox 1530 3815 1793 3871; x_wconf 85' lang='lat' dir='ltr'><strong>perversus</strong></span> <span class='ocrx_word' id='word_1_558' title='bbox 1841 3804 1936 3856; x_wconf 81' lang='lat' dir='ltr'><strong>hoc</strong></span> 
     </span>
    </p>
   </div>
   <div class='ocr_carea' id='block_1_67' title="bbox 349 3894 1935 3967">
    <p class='ocr_par' dir='ltr' id='par_1_67' title="bbox 349 3894 1935 3967">
     <span class='ocr_line' id='line_1_67' title="bbox 349 3894 1935 3967; baseline 0.001 -19"><span class='ocrx_word' id='word_1_559' title='bbox 349 3894 537 3950; x_wconf 87' lang='lat' dir='ltr'><strong>dictum</strong></span> <span class='ocrx_word' id='word_1_560' title='bbox 557 3937 570 3960; x_wconf 94' lang='lat'><strong>,</strong></span> <span class='ocrx_word' id='word_1_561' title='bbox 600 3896 744 3967; x_wconf 85' lang='lat' dir='ltr'><strong>quasi</strong></span> <span class='ocrx_word' id='word_1_562' title='bbox 782 3895 1121 3948; x_wconf 82' lang='lat' dir='ltr'><strong>diversitatem</strong></span> <span class='ocrx_word' id='word_1_563' title='bbox 1150 3902 1293 3949; x_wconf 87' lang='lat' dir='ltr'><strong>sonet</strong></span> <span class='ocrx_word' id='word_1_564' title='bbox 1313 3936 1327 3961; x_wconf 94' lang='lat'><strong>,</strong></span> <span class='ocrx_word' id='word_1_565' title='bbox 1361 3902 1408 3949; x_wconf 86' lang='lat' dir='ltr'><strong>et</strong></span> <span class='ocrx_word' id='word_1_566' title='bbox 1452 3910 1517 3948; x_wconf 80' lang='lat' dir='ltr'><strong>ea:</strong></span> <span class='ocrx_word' id='word_1_567' title='bbox 1540 3894 1836 3953; x_wconf 82' lang='lat' dir='ltr'><strong>diversitate</strong></span> <span class='ocrx_word' id='word_1_568' title='bbox 1855 3912 1935 3950; x_wconf 87' lang='lat' dir='ltr'><strong>se-</strong></span> 
     </span>
    </p>
   </div>
   <div class='ocr_carea' id='block_1_68' title="bbox 343 3989 1935 4063">
    <p class='ocr_par' dir='ltr' id='par_1_68' title="bbox 343 3989 1935 4063">
     <span class='ocr_line' id='line_1_68' title="bbox 343 3989 1935 4063; baseline 0.001 -18"><span class='ocrx_word' id='word_1_569' title='bbox 343 3991 661 4063; x_wconf 89' lang='lat' dir='ltr'><strong>parationem</strong></span> <span class='ocrx_word' id='word_1_570' title='bbox 692 3989 962 4061; x_wconf 87' lang='lat' dir='ltr'><strong>protendat</strong></span> <span class='ocrx_word' id='word_1_571' title='bbox 988 3989 1178 4054; x_wconf 84' lang='lat' dir='ltr'><strong>Patris,</strong></span> <span class='ocrx_word' id='word_1_572' title='bbox 1206 3999 1256 4044; x_wconf 88' lang='lat' dir='ltr'><strong>et</strong></span> <span class='ocrx_word' id='word_1_573' title='bbox 1283 3989 1442 4055; x_wconf 87' lang='lat' dir='ltr'><strong>Filii,</strong></span> <span class='ocrx_word' id='word_1_574' title='bbox 1475 4001 1520 4044; x_wconf 90' lang='lat' dir='ltr'><strong>et</strong></span> <span class='ocrx_word' id='word_1_575' title='bbox 1549 3990 1796 4061; x_wconf 84' lang='lat' dir='ltr'><strong>Spiritus.</strong></span> <span class='ocrx_word' id='word_1_576' title='bbox 1824 3990 1935 4047; x_wconf 86' lang='lat' dir='ltr'><strong>Ne-</strong></span> 
     </span>
    </p>
   </div>
   <div class='ocr_carea' id='block_1_69' title="bbox 335 4082 1933 4150">
    <p class='ocr_par' dir='ltr' id='par_1_69' title="bbox 335 4082 1933 4150">
     <span class='ocr_line' id='line_1_69' title="bbox 335 4082 1933 4150; baseline 0.002 -14"><span class='ocrx_word' id='word_1_577' title='bbox 335 4084 568 4141; x_wconf 85' lang='lat' dir='ltr'><strong>cessitate</strong></span> <span class='ocrx_word' id='word_1_578' title='bbox 603 4091 770 4145; x_wconf 82' lang='lat' dir='ltr'><strong>autem</strong></span> <span class='ocrx_word' id='word_1_579' title='bbox 812 4085 911 4138; x_wconf 83' lang='lat' dir='ltr'><strong>ltoc</strong></span> <span class='ocrx_word' id='word_1_580' title='bbox 965 4083 1106 4150; x_wconf 84' lang='lat' dir='ltr'><strong>dico,</strong></span> <span class='ocrx_word' id='word_1_581' title='bbox 1160 4098 1273 4137; x_wconf 86' lang='lat' dir='ltr'><strong>cum</strong></span> <span class='ocrx_word' id='word_1_582' title='bbox 1325 4085 1555 4138; x_wconf 87' lang='lat' dir='ltr'><strong>eumdem</strong></span> <span class='ocrx_word' id='word_1_583' title='bbox 1584 4082 1830 4150; x_wconf 89' lang='lat' dir='ltr'><strong>Patrem,</strong></span> <span class='ocrx_word' id='word_1_584' title='bbox 1886 4094 1933 4139; x_wconf 85' lang='lat' dir='ltr'><strong>et</strong></span> 
     </span>
    </p>
   </div>
   <div class='ocr_carea' id='block_1_70' title="bbox 338 4176 1931 4246">
    <p class='ocr_par' dir='ltr' id='par_1_70' title="bbox 338 4176 1931 4246">
     <span class='ocr_line' id='line_1_70' title="bbox 338 4176 1931 4246; baseline 0.001 -16"><span class='ocrx_word' id='word_1_585' title='bbox 338 4176 386 4230; x_wconf 86' lang='lat' dir='ltr'><em>F</em></span> <span class='ocrx_word' id='word_1_586' title='bbox 388 4177 531 4230; x_wconf 86' lang='lat' dir='ltr'><strong>ilium</strong></span> <span class='ocrx_word' id='word_1_587' title='bbox 557 4219 570 4242; x_wconf 93' lang='lat'><strong>,</strong></span> <span class='ocrx_word' id='word_1_588' title='bbox 599 4186 646 4231; x_wconf 87' lang='lat' dir='ltr'><strong>et</strong></span> <span class='ocrx_word' id='word_1_589' title='bbox 679 4176 935 4246; x_wconf 88' lang='lat' dir='ltr'><strong>Spiritum</strong></span> <span class='ocrx_word' id='word_1_590' title='bbox 969 4177 1281 4232; x_wconf 85' lang='lat' dir='ltr'><strong>contendunt</strong></span> <span class='ocrx_word' id='word_1_591' title='bbox 1321 4178 1563 4232; x_wconf 84' lang='lat' dir='ltr'><strong>adversus</strong></span> <span class='ocrx_word' id='word_1_592' title='bbox 1593 4180 1931 4233; x_wconf 72' lang='lat' dir='ltr'><strong>tecouamiam</strong></span> 
     </span>
    </p>
   </div>
   <div class='ocr_carea' id='block_1_71' title="bbox 333 4269 1928 4337">
    <p class='ocr_par' dir='ltr' id='par_1_71' title="bbox 333 4269 1928 4337">
     <span class='ocr_line' id='line_1_71' title="bbox 333 4269 1928 4337; baseline 0.001 -13"><span class='ocrx_word' id='word_1_593' title='bbox 333 4269 650 4326; x_wconf 74' lang='lat' dir='ltr'><strong>manat-chio:</strong></span> <span class='ocrx_word' id='word_1_594' title='bbox 689 4270 992 4337; x_wconf 81' lang='lat' dir='ltr'><strong>adulantes,</strong></span> <span class='ocrx_word' id='word_1_595' title='bbox 1044 4288 1147 4327; x_wconf 89' lang='lat' dir='ltr'><strong>non</strong></span> <span class='ocrx_word' id='word_1_596' title='bbox 1190 4278 1389 4326; x_wconf 82' lang='lat' dir='ltr'><strong>tantum</strong></span> <span class='ocrx_word' id='word_1_597' title='bbox 1436 4270 1726 4327; x_wconf 86' lang='lat' dir='ltr'><strong>diversitate</strong></span> <span class='ocrx_word' id='word_1_598' title='bbox 1770 4272 1928 4329; x_wconf 85' lang='lat' dir='ltr'><strong>alium</strong></span> 
     </span>
    </p>
   </div>
   <div class='ocr_carea' id='block_1_72' title="bbox 252 4354 1926 4431">
    <p class='ocr_par' dir='ltr' id='par_1_72' title="bbox 252 4354 1926 4431">
     <span class='ocr_line' id='line_1_72' title="bbox 252 4354 1926 4431; baseline 0.003 -17"><span class='ocrx_word' id='word_1_599' title='bbox 252 4364 257 4369; x_wconf 87' lang='lat'>&#39;</span> <span class='ocrx_word' id='word_1_600' title='bbox 334 4359 585 4416; x_wconf 80' lang='lat' dir='ltr'><strong>Filiuma</strong></span> <span class='ocrx_word' id='word_1_601' title='bbox 614 4354 777 4417; x_wconf 60' lang='lat' dir='ltr'><strong>Patre</strong></span> <span class='ocrx_word' id='word_1_602' title='bbox 801 4404 815 4426; x_wconf 89' lang='lat'><strong>,</strong></span> <span class='ocrx_word' id='word_1_603' title='bbox 842 4379 933 4416; x_wconf 86' lang='lat' dir='ltr'><strong>nec</strong></span> <span class='ocrx_word' id='word_1_604' title='bbox 952 4363 1197 4423; x_wconf 84' lang='lat' dir='ltr'><strong>divisione</strong></span> <span class='ocrx_word' id='word_1_605' title='bbox 1226 4364 1385 4419; x_wconf 85' lang='lat' dir='ltr'><strong>alium</strong></span> <span class='ocrx_word' id='word_1_606' title='bbox 1408 4406 1422 4430; x_wconf 91' lang='lat'><strong>,</strong></span> <span class='ocrx_word' id='word_1_607' title='bbox 1452 4364 1541 4417; x_wconf 90' lang='lat' dir='ltr'><strong>sed</strong></span> <span class='ocrx_word' id='word_1_608' title='bbox 1567 4364 1926 4431; x_wconf 81' lang='lat' dir='ltr'><strong>distinctione;</strong></span> 
     </span>
    </p>
   </div>
   <div class='ocr_carea' id='block_1_73' title="bbox 333 4451 1929 4523">
    <p class='ocr_par' dir='ltr' id='par_1_73' title="bbox 333 4451 1929 4523">
     <span class='ocr_line' id='line_1_73' title="bbox 333 4451 1929 4523; baseline 0.003 -19"><span class='ocrx_word' id='word_1_609' title='bbox 333 4451 453 4523; x_wconf 84' lang='lat' dir='ltr'><strong>quia</strong></span> <span class='ocrx_word' id='word_1_610' title='bbox 502 4467 606 4506; x_wconf 78' lang='lat' dir='ltr'><strong>non</strong></span> <span class='ocrx_word' id='word_1_611' title='bbox 650 4452 724 4509; x_wconf 79' lang='lat' dir='ltr'><strong>sit</strong></span> <span class='ocrx_word' id='word_1_612' title='bbox 770 4451 905 4511; x_wconf 81' lang='lat' dir='ltr'><strong>idem</strong></span> <span class='ocrx_word' id='word_1_613' title='bbox 937 4451 1096 4511; x_wconf 84' lang='lat' dir='ltr'><strong>Pater</strong></span> <span class='ocrx_word' id='word_1_614' title='bbox 1119 4463 1166 4507; x_wconf 88' lang='lat' dir='ltr'><strong>et</strong></span> <span class='ocrx_word' id='word_1_615' title='bbox 1210 4452 1521 4519; x_wconf 66' lang='lat' dir='ltr'><strong>Filius,eel</strong></span> <span class='ocrx_word' id='word_1_616' title='bbox 1562 4456 1768 4521; x_wconf 79' lang='lat' dir='ltr'><strong>modulo</strong></span> <span class='ocrx_word' id='word_1_617' title='bbox 1794 4455 1929 4510; x_wconf 84' lang='lat' dir='ltr'><strong>alius</strong></span> 
     </span>
    </p>
   </div>
   <div class='ocr_carea' id='block_1_74' title="bbox 331 4541 1926 4615">
    <p class='ocr_par' dir='ltr' id='par_1_74' title="bbox 331 4541 1926 4615">
     <span class='ocr_line' id='line_1_74' title="bbox 331 4541 1926 4615; baseline 0.003 -16"><span class='ocrx_word' id='word_1_618' title='bbox 331 4545 396 4599; x_wconf 89' lang='lat' dir='ltr'><strong>ab</strong></span> <span class='ocrx_word' id='word_1_619' title='bbox 440 4542 545 4597; x_wconf 83' lang='lat' dir='ltr'><strong>alio</strong></span> <span class='ocrx_word' id='word_1_620' title='bbox 606 4541 833 4614; x_wconf 59' lang='lat' dir='ltr'><strong>(Ibid,</strong></span> <span class='ocrx_word' id='word_1_621' title='bbox 876 4559 998 4613; x_wconf 83' lang='lat' dir='ltr'><strong>cap.</strong></span> <span class='ocrx_word' id='word_1_622' title='bbox 1053 4543 1088 4601; x_wconf 80' lang='lat'><strong>9</strong></span> <span class='ocrx_word' id='word_1_623' title='bbox 1122 4545 1162 4611; x_wconf 93' lang='lat'><strong>).</strong></span> <span class='ocrx_word' id='word_1_624' title='bbox 1213 4543 1478 4615; x_wconf 80' lang='lat' dir='ltr'><strong>Numquid</strong></span> <span class='ocrx_word' id='word_1_625' title='bbox 1548 4546 1747 4613; x_wconf 70' lang='lat' dir='ltr'><strong>clarius</strong></span> <span class='ocrx_word' id='word_1_626' title='bbox 1810 4561 1926 4603; x_wconf 83' lang='lat' dir='ltr'><strong>tne-</strong></span> 
     </span>
    </p>
   </div>
   <div class='ocr_carea' id='block_1_75' title="bbox 2039 3336 3638 3411">
    <p class='ocr_par' dir='ltr' id='par_1_75' title="bbox 2039 3336 3638 3411">
     <span class='ocr_line' id='line_1_75' title="bbox 2039 3336 3638 3411; baseline 0.001 -19"><span class='ocrx_word' id='word_1_627' title='bbox 2039 3347 2090 3397; x_wconf 72' lang='lat' dir='ltr'><strong>et</strong></span> <span class='ocrx_word' id='word_1_628' title='bbox 2120 3336 2279 3393; x_wconf 87' lang='lat' dir='ltr'><strong>Pater</strong></span> <span class='ocrx_word' id='word_1_629' title='bbox 2311 3353 2469 3395; x_wconf 86' lang='lat' dir='ltr'><strong>unum</strong></span> <span class='ocrx_word' id='word_1_630' title='bbox 2506 3353 2698 3393; x_wconf 78' lang='lat' dir='ltr'><strong>sumus.</strong></span> <span class='ocrx_word' id='word_1_631' title='bbox 2748 3337 3044 3411; x_wconf 84' lang='lat' dir='ltr'><strong>Postquam</strong></span> <span class='ocrx_word' id='word_1_632' title='bbox 3087 3339 3232 3401; x_wconf 82' lang='lat' dir='ltr'><strong>enim</strong></span> <span class='ocrx_word' id='word_1_633' title='bbox 3282 3337 3397 3395; x_wconf 66' lang='lat' dir='ltr'><strong>haec</strong></span> <span class='ocrx_word' id='word_1_634' title='bbox 3428 3340 3638 3404; x_wconf 78' lang='lat' dir='ltr'><strong>citavit,</strong></span> 
     </span>
    </p>
   </div>
   <div class='ocr_carea' id='block_1_76' title="bbox 2042 3427 3641 3502">
    <p class='ocr_par' dir='ltr' id='par_1_76' title="bbox 2042 3427 3641 3502">
     <span class='ocr_line' id='line_1_76' title="bbox 2042 3427 3641 3502; baseline 0.002 -19"><span class='ocrx_word' id='word_1_635' title='bbox 2042 3429 2120 3483; x_wconf 88' lang='lat' dir='ltr'><strong>sic</strong></span> <span class='ocrx_word' id='word_1_636' title='bbox 2173 3429 2517 3498; x_wconf 90' lang='lat' dir='ltr'><strong>prosequitur</strong></span> <span class='ocrx_word' id='word_1_637' title='bbox 2559 3430 2581 3499; x_wconf 86' lang='lat'><strong>(</strong></span> <span class='ocrx_word' id='word_1_638' title='bbox 2623 3427 2763 3482; x_wconf 86' lang='lat' dir='ltr'><strong>Ibid.</strong></span> <span class='ocrx_word' id='word_1_639' title='bbox 2815 3445 2933 3499; x_wconf 88' lang='lat' dir='ltr'><strong>cap.</strong></span> <span class='ocrx_word' id='word_1_640' title='bbox 2991 3427 3062 3482; x_wconf 68' lang='lat'><strong>22</strong></span> <span class='ocrx_word' id='word_1_641' title='bbox 3090 3427 3111 3501; x_wconf 96' lang='lat'>)</span> <span class='ocrx_word' id='word_1_642' title='bbox 3142 3447 3153 3482; x_wconf 89' lang='lat'><strong>:</strong></span> <span class='ocrx_word' id='word_1_643' title='bbox 3185 3428 3284 3485; x_wconf 79' lang='lat' dir='ltr'><strong>llic</strong></span> <span class='ocrx_word' id='word_1_644' title='bbox 3346 3446 3465 3502; x_wconf 86' lang='lat' dir='ltr'><strong>ergo</strong></span> <span class='ocrx_word' id='word_1_645' title='bbox 3528 3432 3641 3502; x_wconf 85' lang='lat' dir='ltr'><strong>jam</strong></span> 
     </span>
    </p>
   </div>
   <div class='ocr_carea' id='block_1_77' title="bbox 2040 3521 3639 3595">
    <p class='ocr_par' dir='ltr' id='par_1_77' title="bbox 2040 3521 3639 3595">
     <span class='ocr_line' id='line_1_77' title="bbox 2040 3521 3639 3595; baseline 0.003 -20"><span class='ocrx_word' id='word_1_646' title='bbox 2040 3521 2258 3594; x_wconf 89' lang='lat' dir='ltr'><strong>gradum</strong></span> <span class='ocrx_word' id='word_1_647' title='bbox 2308 3522 2477 3577; x_wconf 83' lang='lat' dir='ltr'><strong>uolunt</strong></span> <span class='ocrx_word' id='word_1_648' title='bbox 2523 3523 2679 3593; x_wconf 82' lang='lat' dir='ltr'><strong>ﬁgere</strong></span> <span class='ocrx_word' id='word_1_649' title='bbox 2717 3522 2900 3589; x_wconf 88' lang='lat' dir='ltr'><strong>stulti,</strong></span> <span class='ocrx_word' id='word_1_650' title='bbox 2957 3523 3060 3577; x_wconf 90' lang='lat' dir='ltr'><strong>imo</strong></span> <span class='ocrx_word' id='word_1_651' title='bbox 3088 3524 3209 3578; x_wconf 70' lang='lat' dir='ltr'><strong>cruci</strong></span> <span class='ocrx_word' id='word_1_652' title='bbox 3232 3564 3246 3588; x_wconf 93' lang='lat'><strong>,</strong></span> <span class='ocrx_word' id='word_1_653' title='bbox 3277 3525 3363 3595; x_wconf 78' lang='lat' dir='ltr'><strong>qui</strong></span> <span class='ocrx_word' id='word_1_654' title='bbox 3406 3541 3508 3579; x_wconf 85' lang='lat' dir='ltr'><strong>non</strong></span> <span class='ocrx_word' id='word_1_655' title='bbox 3536 3526 3639 3594; x_wconf 53' lang='grc' dir='ltr'><strong>,υἰ-</strong></span> 
     </span>
    </p>
   </div>
   <div class='ocr_carea' id='block_1_78' title="bbox 2032 3613 3640 3687">
    <p class='ocr_par' dir='ltr' id='par_1_78' title="bbox 2032 3613 3640 3687">
     <span class='ocr_line' id='line_1_78' title="bbox 2032 3613 3640 3687; baseline -0.001 -16"><span class='ocrx_word' id='word_1_656' title='bbox 2032 3615 2214 3678; x_wconf 69' lang='lat' dir='ltr'><strong>deant,</strong></span> <span class='ocrx_word' id='word_1_657' title='bbox 2230 3615 2417 3684; x_wconf 85' lang='lat' dir='ltr'><strong>primo,</strong></span> <span class='ocrx_word' id='word_1_658' title='bbox 2436 3613 2549 3684; x_wconf 83' lang='lat' dir='ltr'><strong>Ego</strong></span> <span class='ocrx_word' id='word_1_659' title='bbox 2564 3624 2618 3670; x_wconf 90' lang='lat' dir='ltr'><strong>et</strong></span> <span class='ocrx_word' id='word_1_660' title='bbox 2640 3614 2801 3671; x_wconf 83' lang='lat' dir='ltr'><strong>Pater</strong></span> <span class='ocrx_word' id='word_1_661' title='bbox 2816 3613 3037 3670; x_wconf 79' lang='lat' dir='ltr'><strong>duorum</strong></span> <span class='ocrx_word' id='word_1_662' title='bbox 3060 3630 3168 3671; x_wconf 83' lang='lat' dir='ltr'><strong>esse</strong></span> <span class='ocrx_word' id='word_1_663' title='bbox 3193 3615 3640 3687; x_wconf 80' lang='lat' dir='ltr'><strong>signiﬁcationem;</strong></span> 
     </span>
    </p>
   </div>
   <div class='ocr_carea' id='block_1_79' title="bbox 2037 3706 3638 3781">
    <p class='ocr_par' dir='ltr' id='par_1_79' title="bbox 2037 3706 3638 3781">
     <span class='ocr_line' id='line_1_79' title="bbox 2037 3706 3638 3781; baseline 0.001 -20"><span class='ocrx_word' id='word_1_664' title='bbox 2037 3706 2301 3767; x_wconf 80' lang='lat' dir='ltr'><strong>debincin</strong></span> <span class='ocrx_word' id='word_1_665' title='bbox 2331 3708 2604 3767; x_wconf 84' lang='lat' dir='ltr'><strong>nouissimo</strong></span> <span class='ocrx_word' id='word_1_666' title='bbox 2625 3748 2640 3773; x_wconf 96' lang='lat'><strong>,</strong></span> <span class='ocrx_word' id='word_1_667' title='bbox 2674 3706 2875 3767; x_wconf 82' lang='lat' dir='ltr'><strong>Sumus</strong></span> <span class='ocrx_word' id='word_1_668' title='bbox 2894 3751 2908 3775; x_wconf 93' lang='lat'><strong>,</strong></span> <span class='ocrx_word' id='word_1_669' title='bbox 2952 3724 3056 3763; x_wconf 90' lang='lat' dir='ltr'><strong>non</strong></span> <span class='ocrx_word' id='word_1_670' title='bbox 3100 3724 3163 3765; x_wconf 78' lang='lat' dir='ltr'><strong>ea:</strong></span> <span class='ocrx_word' id='word_1_671' title='bbox 3206 3710 3359 3764; x_wconf 86' lang='lat' dir='ltr'><strong>unius</strong></span> <span class='ocrx_word' id='word_1_672' title='bbox 3384 3725 3492 3766; x_wconf 88' lang='lat' dir='ltr'><strong>esse</strong></span> <span class='ocrx_word' id='word_1_673' title='bbox 3517 3728 3638 3781; x_wconf 85' lang='lat' dir='ltr'><strong>per.-</strong></span> 
     </span>
    </p>
   </div>
   <div class='ocr_carea' id='block_1_80' title="bbox 2032 3801 3637 3874">
    <p class='ocr_par' dir='ltr' id='par_1_80' title="bbox 2032 3801 3637 3874">
     <span class='ocr_line' id='line_1_80' title="bbox 2032 3801 3637 3874; baseline 0.002 -17"><span class='ocrx_word' id='word_1_674' title='bbox 2032 3817 2164 3857; x_wconf 83' lang='lat' dir='ltr'><strong>sona</strong></span> <span class='ocrx_word' id='word_1_675' title='bbox 2187 3842 2201 3867; x_wconf 90' lang='lat'><strong>,</strong></span> <span class='ocrx_word' id='word_1_676' title='bbox 2232 3801 2370 3866; x_wconf 76' lang='lat' dir='ltr'><strong>quod</strong></span> <span class='ocrx_word' id='word_1_677' title='bbox 2421 3801 2690 3872; x_wconf 85' lang='lat' dir='ltr'><strong>pluraliter</strong></span> <span class='ocrx_word' id='word_1_678' title='bbox 2732 3801 2925 3856; x_wconf 79' lang='lat' dir='ltr'><strong>dictant</strong></span> <span class='ocrx_word' id='word_1_679' title='bbox 2957 3812 3063 3869; x_wconf 86' lang='lat' dir='ltr'><strong>est,</strong></span> <span class='ocrx_word' id='word_1_680' title='bbox 3110 3811 3216 3861; x_wconf 78' lang='lat' dir='ltr'><strong>tum</strong></span> <span class='ocrx_word' id='word_1_681' title='bbox 3258 3804 3399 3874; x_wconf 81' lang='lat' dir='ltr'><strong>quod</strong></span> <span class='ocrx_word' id='word_1_682' title='bbox 3420 3810 3436 3870; x_wconf 77' lang='lat'>;</span> <span class='ocrx_word' id='word_1_683' title='bbox 3471 3819 3637 3861; x_wconf 90' lang='lat' dir='ltr'><strong>unum</strong></span> 
     </span>
    </p>
   </div>
   <div class='ocr_carea' id='block_1_81' title="bbox 2030 3895 3639 3976">
    <p class='ocr_par' dir='ltr' id='par_1_81' title="bbox 2030 3895 3639 3976">
     <span class='ocr_line' id='line_1_81' title="bbox 2030 3895 3639 3976; baseline 0.005 -29"><span class='ocrx_word' id='word_1_684' title='bbox 2030 3908 2224 3961; x_wconf 70' lang='lat' dir='ltr'><strong>1sanius</strong></span> <span class='ocrx_word' id='word_1_685' title='bbox 2242 3933 2257 3959; x_wconf 75' lang='lat'><strong>,</strong></span> <span class='ocrx_word' id='word_1_686' title='bbox 2303 3909 2402 3951; x_wconf 86' lang='lat' dir='ltr'><strong>non</strong></span> <span class='ocrx_word' id='word_1_687' title='bbox 2423 3935 2437 3961; x_wconf 93' lang='lat'><strong>,</strong></span> <span class='ocrx_word' id='word_1_688' title='bbox 2480 3910 2611 3949; x_wconf 87' lang='lat' dir='ltr'><strong>unus</strong></span> <span class='ocrx_word' id='word_1_689' title='bbox 2636 3911 2831 3953; x_wconf 84' lang='lat' dir='ltr'><strong>sumus.</strong></span> <span class='ocrx_word' id='word_1_690' title='bbox 2865 3895 2927 3953; x_wconf 77' lang='lat' dir='ltr'><strong>Si</strong></span> <span class='ocrx_word' id='word_1_691' title='bbox 2955 3895 3088 3953; x_wconf 84' lang='lat' dir='ltr'><strong>enim</strong></span> <span class='ocrx_word' id='word_1_692' title='bbox 3108 3896 3350 3976; x_wconf 66' lang='lat' dir='ltr'><strong>dixisset,</strong></span> <span class='ocrx_word' id='word_1_693' title='bbox 3376 3895 3526 3953; x_wconf 85' lang='lat' dir='ltr'><strong>Unus</strong></span> <span class='ocrx_word' id='word_1_694' title='bbox 3548 3913 3639 3955; x_wconf 76' lang='lat' dir='ltr'><strong>stt-</strong></span> 
     </span>
    </p>
   </div>
   <div class='ocr_carea' id='block_1_82' title="bbox 2034 3987 3637 4057">
    <p class='ocr_par' dir='ltr' id='par_1_82' title="bbox 2034 3987 3637 4057">
     <span class='ocr_line' id='line_1_82' title="bbox 2034 3987 3637 4057; baseline 0.004 -19"><span class='ocrx_word' id='word_1_695' title='bbox 2034 4003 2178 4053; x_wconf 68' lang='lat' dir='ltr'><strong>mus,</strong></span> <span class='ocrx_word' id='word_1_696' title='bbox 2209 3987 2450 4057; x_wconf 82' lang='lat' dir='ltr'><strong>potuisset</strong></span> <span class='ocrx_word' id='word_1_697' title='bbox 2477 3988 2723 4055; x_wconf 77' lang='lat' dir='ltr'><strong>adiuuare</strong></span> <span class='ocrx_word' id='word_1_698' title='bbox 2747 3989 3052 4056; x_wconf 83' lang='lat' dir='ltr'><strong>sententiam</strong></span> <span class='ocrx_word' id='word_1_699' title='bbox 3074 3989 3298 4047; x_wconf 84' lang='lat' dir='ltr'><strong>illorum.</strong></span> <span class='ocrx_word' id='word_1_700' title='bbox 3330 3988 3476 4044; x_wconf 83' lang='lat' dir='ltr'><strong>Unus</strong></span> <span class='ocrx_word' id='word_1_701' title='bbox 3502 3990 3637 4045; x_wconf 84' lang='lat' dir='ltr'><strong>enim</strong></span> 
     </span>
    </p>
   </div>
   <div class='ocr_carea' id='block_1_83' title="bbox 2028 4083 3636 4154">
    <p class='ocr_par' dir='ltr' id='par_1_83' title="bbox 2028 4083 3636 4154">
     <span class='ocr_line' id='line_1_83' title="bbox 2028 4083 3636 4154; baseline 0.003 -18"><span class='ocrx_word' id='word_1_702' title='bbox 2028 4083 2313 4153; x_wconf 68' lang='lat' dir='ltr'><strong>singularis</strong></span> <span class='ocrx_word' id='word_1_703' title='bbox 2342 4085 2538 4141; x_wconf 78' lang='lat' dir='ltr'><strong>numeri</strong></span> <span class='ocrx_word' id='word_1_704' title='bbox 2584 4084 2892 4154; x_wconf 72' lang='lat' dir='ltr'><strong>significatio</strong></span> <span class='ocrx_word' id='word_1_705' title='bbox 2937 4083 3164 4139; x_wconf 80' lang='lat' dir='ltr'><strong>videtur:</strong></span> <span class='ocrx_word' id='word_1_706' title='bbox 3195 4084 3365 4139; x_wconf 71' lang='lat' dir='ltr'><strong>adhuc</strong></span> <span class='ocrx_word' id='word_1_707' title='bbox 3391 4100 3503 4140; x_wconf 85' lang='lat' dir='ltr'><strong>cum</strong></span> <span class='ocrx_word' id='word_1_708' title='bbox 3533 4084 3636 4141; x_wconf 86' lang='lat' dir='ltr'><strong>duo</strong></span> 
     </span>
    </p>
   </div>
   <div class='ocr_carea' id='block_1_84' title="bbox 2036 4176 3633 4252">
    <p class='ocr_par' dir='ltr' id='par_1_84' title="bbox 2036 4176 3633 4252">
     <span class='ocr_line' id='line_1_84' title="bbox 2036 4176 3633 4252; baseline 0 -19"><span class='ocrx_word' id='word_1_709' title='bbox 2036 4178 2308 4239; x_wconf 81' lang='lat' dir='ltr'><strong>masculini</strong></span> <span class='ocrx_word' id='word_1_710' title='bbox 2336 4180 2551 4252; x_wconf 75' lang='lat' dir='ltr'><strong>generis.</strong></span> <span class='ocrx_word' id='word_1_711' title='bbox 2583 4177 2756 4234; x_wconf 86' lang='lat' dir='ltr'><strong>Unum</strong></span> <span class='ocrx_word' id='word_1_712' title='bbox 2786 4178 2906 4235; x_wconf 81' lang='lat' dir='ltr'><strong>dicit</strong></span> <span class='ocrx_word' id='word_1_713' title='bbox 2930 4179 3149 4241; x_wconf 81' lang='lat' dir='ltr'><strong>neutrali</strong></span> <span class='ocrx_word' id='word_1_714' title='bbox 3174 4178 3340 4247; x_wconf 84' lang='lat' dir='ltr'><strong>verba,</strong></span> <span class='ocrx_word' id='word_1_715' title='bbox 3364 4176 3501 4250; x_wconf 73' lang='lat' dir='ltr'><strong>quod</strong></span> <span class='ocrx_word' id='word_1_716' title='bbox 3529 4195 3633 4234; x_wconf 85' lang='lat' dir='ltr'><strong>non</strong></span> 
     </span>
    </p>
   </div>
   <div class='ocr_carea' id='block_1_85' title="bbox 2032 4264 3634 4346">
    <p class='ocr_par' dir='ltr' id='par_1_85' title="bbox 2032 4264 3634 4346">
     <span class='ocr_line' id='line_1_85' title="bbox 2032 4264 3634 4346; baseline -0.001 -18"><span class='ocrx_word' id='word_1_717' title='bbox 2032 4275 2251 4344; x_wconf 81' lang='lat' dir='ltr'><strong>pertinet</strong></span> <span class='ocrx_word' id='word_1_718' title='bbox 2266 4264 2337 4329; x_wconf 86' lang='lat' dir='ltr'><strong>ad</strong></span> <span class='ocrx_word' id='word_1_719' title='bbox 2354 4274 2780 4346; x_wconf 81' lang='lat' dir='ltr'><strong>singularitatem,</strong></span> <span class='ocrx_word' id='word_1_720' title='bbox 2800 4272 2891 4329; x_wconf 86' lang='lat' dir='ltr'><strong>sed</strong></span> <span class='ocrx_word' id='word_1_721' title='bbox 2916 4271 2985 4325; x_wconf 90' lang='lat' dir='ltr'><strong>ad</strong></span> <span class='ocrx_word' id='word_1_722' title='bbox 3016 4272 3277 4336; x_wconf 80' lang='lat' dir='ltr'><strong>unitatem,</strong></span> <span class='ocrx_word' id='word_1_723' title='bbox 3294 4274 3363 4327; x_wconf 89' lang='lat' dir='ltr'><strong>ad</strong></span> <span class='ocrx_word' id='word_1_724' title='bbox 3378 4272 3634 4330; x_wconf 72' lang='lat' dir='ltr'><strong>similitu-</strong></span> 
     </span>
    </p>
   </div>
   <div class='ocr_carea' id='block_1_86' title="bbox 2032 4362 3631 4444">
    <p class='ocr_par' dir='ltr' id='par_1_86' title="bbox 2032 4362 3631 4444">
     <span class='ocr_line' id='line_1_86' title="bbox 2032 4362 3631 4444; baseline 0.001 -25"><span class='ocrx_word' id='word_1_725' title='bbox 2032 4366 2225 4435; x_wconf 68' lang='lat' dir='ltr'><strong>dinem,</strong></span> <span class='ocrx_word' id='word_1_726' title='bbox 2243 4366 2311 4429; x_wconf 88' lang='lat' dir='ltr'><strong>ad</strong></span> <span class='ocrx_word' id='word_1_727' title='bbox 2323 4366 2746 4444; x_wconf 67' lang='lat' dir='ltr'><strong>conjunctiopetn,</strong></span> <span class='ocrx_word' id='word_1_728' title='bbox 2764 4363 2833 4417; x_wconf 90' lang='lat' dir='ltr'><strong>ad</strong></span> <span class='ocrx_word' id='word_1_729' title='bbox 2848 4363 3164 4420; x_wconf 78' lang='lat' dir='ltr'><strong>dilectionem</strong></span> <span class='ocrx_word' id='word_1_730' title='bbox 3188 4362 3404 4419; x_wconf 55' lang='lat' dir='ltr'><strong>Patris&quot;</strong></span> <span class='ocrx_word' id='word_1_731' title='bbox 3417 4405 3431 4419; x_wconf 95' lang='lat'><strong>.</strong></span> <span class='ocrx_word' id='word_1_732' title='bbox 3456 4363 3631 4420; x_wconf 88' lang='lat' dir='ltr'><strong>Unum</strong></span> 
     </span>
    </p>
   </div>
   <div class='ocr_carea' id='block_1_87' title="bbox 2026 4455 3631 4529">
    <p class='ocr_par' dir='ltr' id='par_1_87' title="bbox 2026 4455 3631 4529">
     <span class='ocr_line' id='line_1_87' title="bbox 2026 4455 3631 4529; baseline 0 -18"><span class='ocrx_word' id='word_1_733' title='bbox 2026 4473 2239 4523; x_wconf 77' lang='lat' dir='ltr'><strong>sumus,</strong></span> <span class='ocrx_word' id='word_1_734' title='bbox 2269 4460 2460 4520; x_wconf 82' lang='lat' dir='ltr'><strong>dicens,</strong></span> <span class='ocrx_word' id='word_1_735' title='bbox 2495 4458 2607 4529; x_wconf 88' lang='lat' dir='ltr'><strong>Ego</strong></span> <span class='ocrx_word' id='word_1_736' title='bbox 2643 4467 2699 4515; x_wconf 88' lang='lat' dir='ltr'><strong>et</strong></span> <span class='ocrx_word' id='word_1_737' title='bbox 2718 4456 2897 4519; x_wconf 86' lang='lat' dir='ltr'><strong>Pater,</strong></span> <span class='ocrx_word' id='word_1_738' title='bbox 2933 4456 3152 4513; x_wconf 88' lang='lat' dir='ltr'><strong>ostendit</strong></span> <span class='ocrx_word' id='word_1_739' title='bbox 3192 4455 3322 4511; x_wconf 84' lang='lat' dir='ltr'><strong>duos</strong></span> <span class='ocrx_word' id='word_1_740' title='bbox 3346 4472 3473 4520; x_wconf 85' lang='lat' dir='ltr'><strong>esse,</strong></span> <span class='ocrx_word' id='word_1_741' title='bbox 3506 4472 3631 4526; x_wconf 84' lang='lat' dir='ltr'><strong>quos</strong></span> 
     </span>
    </p>
   </div>
   <div class='ocr_carea' id='block_1_88' title="bbox 2027 4549 3631 4621">
    <p class='ocr_par' dir='ltr' id='par_1_88' title="bbox 2027 4549 3631 4621">
     <span class='ocr_line' id='line_1_88' title="bbox 2027 4549 3631 4621; baseline 0 -15"><span class='ocrx_word' id='word_1_742' title='bbox 2027 4561 2200 4621; x_wconf 54' lang='lat' dir='ltr'><strong>«quat</strong></span> <span class='ocrx_word' id='word_1_743' title='bbox 2230 4560 2274 4605; x_wconf 90' lang='lat' dir='ltr'><strong>et</strong></span> <span class='ocrx_word' id='word_1_744' title='bbox 2290 4552 2484 4621; x_wconf 83' lang='lat' dir='ltr'><strong>jungit.</strong></span> <span class='ocrx_word' id='word_1_745' title='bbox 2514 4550 2704 4607; x_wconf 85' lang='lat' dir='ltr'><strong>Postea</strong></span> <span class='ocrx_word' id='word_1_746' title='bbox 2722 4566 2849 4607; x_wconf 78' lang='lat' dir='ltr'><strong>vero</strong></span> <span class='ocrx_word' id='word_1_747' title='bbox 2874 4552 2991 4607; x_wconf 81' lang='lat' dir='ltr'><strong>iure</strong></span> <span class='ocrx_word' id='word_1_748' title='bbox 3016 4549 3229 4607; x_wconf 82' lang='lat' dir='ltr'><strong>brevius</strong></span> <span class='ocrx_word' id='word_1_749' title='bbox 3251 4549 3464 4619; x_wconf 84' lang='lat' dir='ltr'><strong>quidem</strong></span> <span class='ocrx_word' id='word_1_750' title='bbox 3488 4591 3502 4615; x_wconf 91' lang='lat'><strong>,</strong></span> <span class='ocrx_word' id='word_1_751' title='bbox 3533 4549 3631 4606; x_wconf 85' lang='lat' dir='ltr'><strong>sed</strong></span> 
     </span>
    </p>
   </div>
   <div class='ocr_carea' id='block_1_89' title="bbox 332 4632 3629 4715">
    <p class='ocr_par' dir='ltr' id='par_1_89' title="bbox 332 4632 3629 4715">
     <span class='ocr_line' id='line_1_89' title="bbox 332 4632 3629 4715; baseline -0 -18"><span class='ocrx_word' id='word_1_752' title='bbox 332 4636 503 4692; x_wconf 71' lang='lat' dir='ltr'><strong>liusve</strong></span> <span class='ocrx_word' id='word_1_753' title='bbox 552 4635 815 4706; x_wconf 67' lang='lat' dir='ltr'><strong>explicari</strong></span> <span class='ocrx_word' id='word_1_754' title='bbox 870 4645 1047 4704; x_wconf 72' lang='grc' dir='ltr'><strong>ροιθει</strong></span> <span class='ocrx_word' id='word_1_755' title='bbox 1080 4632 1209 4695; x_wconf 47' lang='lat' dir='ltr'><strong>item</strong></span> <span class='ocrx_word' id='word_1_756' title='bbox 1246 4646 1307 4691; x_wconf 67' lang='lat' dir='ltr'><strong>et</strong></span> <span class='ocrx_word' id='word_1_757' title='bbox 1358 4637 1618 4699; x_wconf 71' lang='lat' dir='ltr'><strong>catholica</strong></span> <span class='ocrx_word' id='word_1_758' title='bbox 1656 4638 1726 4694; x_wconf 88' lang='lat' dir='ltr'><strong>de</strong></span> <span class='ocrx_word' id='word_1_759' title='bbox 1769 4654 1928 4695; x_wconf 84' lang='lat' dir='ltr'><strong>sacro</strong></span> <span class='ocrx_word' id='word_1_760' title='bbox 1952 4656 2005 4715; x_wconf 78' lang='grc' dir='ltr'><strong>Ῑ)</strong></span> <span class='ocrx_word' id='word_1_761' title='bbox 2034 4663 2139 4702; x_wconf 87' lang='lat' dir='ltr'><strong>non</strong></span> <span class='ocrx_word' id='word_1_762' title='bbox 2161 4646 2335 4701; x_wconf 86' lang='lat' dir='ltr'><strong>minus</strong></span> <span class='ocrx_word' id='word_1_763' title='bbox 2350 4646 2573 4703; x_wconf 76' lang='lat' dir='ltr'><strong>elareac</strong></span> <span class='ocrx_word' id='word_1_764' title='bbox 2589 4645 2869 4715; x_wconf 85' lang='lat' dir='ltr'><strong>perspicue</strong></span> <span class='ocrx_word' id='word_1_765' title='bbox 2887 4645 3439 4712; x_wconf 67' lang='lat' dir='ltr'><strong>explicauc‘onnexus</strong></span> <span class='ocrx_word' id='word_1_766' title='bbox 3458 4640 3629 4711; x_wconf 88' lang='lat' dir='ltr'><strong>Patris</strong></span> 
     </span>
    </p>
   </div>
   <div class='ocr_carea' id='block_1_90' title="bbox 331 4729 1923 4801">
    <p class='ocr_par' dir='ltr' id='par_1_90' title="bbox 331 4729 1923 4801">
     <span class='ocr_line' id='line_1_90' title="bbox 331 4729 1923 4801; baseline 0.001 -15"><span class='ocrx_word' id='word_1_767' title='bbox 331 4729 1199 4801; x_wconf 63' lang='lat' dir='ltr'><strong>Trimulus-mysteriodoctrina?</strong></span> <span class='ocrx_word' id='word_1_768' title='bbox 1224 4729 1407 4789; x_wconf 84' lang='lat' dir='ltr'><strong>Palam</strong></span> <span class='ocrx_word' id='word_1_769' title='bbox 1448 4733 1601 4787; x_wconf 68' lang='lat' dir='ltr'><strong>etaim</strong></span> <span class='ocrx_word' id='word_1_770' title='bbox 1628 4744 1685 4789; x_wconf 85' lang='lat' dir='ltr'><strong>et</strong></span> <span class='ocrx_word' id='word_1_771' title='bbox 1736 4744 1923 4797; x_wconf 75' lang='lat' dir='ltr'><strong>contra</strong></span> 
     </span>
    </p>
   </div>
   <div class='ocr_carea' id='block_1_91' title="bbox 326 4823 1926 4898">
    <p class='ocr_par' dir='ltr' id='par_1_91' title="bbox 326 4823 1926 4898">
     <span class='ocr_line' id='line_1_91' title="bbox 326 4823 1926 4898; baseline 0.004 -18"><span class='ocrx_word' id='word_1_772' title='bbox 326 4823 707 4881; x_wconf 59' lang='lat' dir='ltr'><strong>haereticorum</strong></span> <span class='ocrx_word' id='word_1_773' title='bbox 727 4837 939 4887; x_wconf 69' lang='lat' dir='ltr'><strong>mores</strong></span> <span class='ocrx_word' id='word_1_774' title='bbox 962 4825 1164 4887; x_wconf 78' lang='lat' dir='ltr'><strong>Auctor</strong></span> <span class='ocrx_word' id='word_1_775' title='bbox 1187 4831 1373 4881; x_wconf 83' lang='lat' dir='ltr'><strong>noster</strong></span> <span class='ocrx_word' id='word_1_776' title='bbox 1390 4826 1671 4896; x_wconf 83' lang='lat' dir='ltr'><strong>proﬁtetur</strong></span> <span class='ocrx_word' id='word_1_777' title='bbox 1688 4829 1926 4898; x_wconf 70' lang='lat' dir='ltr'><strong>Patrem,</strong></span> 
     </span>
    </p>
   </div>
   <div class='ocr_carea' id='block_1_92' title="bbox 330 4917 1919 4991">
    <p class='ocr_par' dir='ltr' id='par_1_92' title="bbox 330 4917 1919 4991">
     <span class='ocr_line' id='line_1_92' title="bbox 330 4917 1919 4991; baseline 0.002 -17"><span class='ocrx_word' id='word_1_778' title='bbox 330 4929 386 4974; x_wconf 88' lang='lat' dir='ltr'><strong>et</strong></span> <span class='ocrx_word' id='word_1_779' title='bbox 404 4919 636 4986; x_wconf 71' lang='lat' dir='ltr'><strong>Filium,</strong></span> <span class='ocrx_word' id='word_1_780' title='bbox 668 4928 723 4974; x_wconf 88' lang='lat' dir='ltr'><strong>et</strong></span> <span class='ocrx_word' id='word_1_781' title='bbox 752 4917 1006 4988; x_wconf 86' lang='lat' dir='ltr'><strong>Spiritum</strong></span> <span class='ocrx_word' id='word_1_782' title='bbox 1035 4925 1283 4974; x_wconf 89' lang='lat' dir='ltr'><strong>sanctum</strong></span> <span class='ocrx_word' id='word_1_783' title='bbox 1312 4927 1422 4977; x_wconf 86' lang='lat' dir='ltr'><strong>tres</strong></span> <span class='ocrx_word' id='word_1_784' title='bbox 1463 4933 1584 4975; x_wconf 87' lang='lat' dir='ltr'><strong>esse</strong></span> <span class='ocrx_word' id='word_1_785' title='bbox 1632 4936 1919 4991; x_wconf 84' lang='lat' dir='ltr'><strong>personas,</strong></span> 
     </span>
    </p>
   </div>
   <div class='ocr_carea' id='block_1_93' title="bbox 329 5011 1921 5082">
    <p class='ocr_par' dir='ltr' id='par_1_93' title="bbox 329 5011 1921 5082">
     <span class='ocr_line' id='line_1_93' title="bbox 329 5011 1921 5082; baseline 0.006 -17"><span class='ocrx_word' id='word_1_786' title='bbox 329 5025 360 5065; x_wconf 88' lang='lat' dir='ltr'><strong>a</strong></span> <span class='ocrx_word' id='word_1_787' title='bbox 388 5027 447 5068; x_wconf 87' lang='lat' dir='ltr'><strong>se</strong></span> <span class='ocrx_word' id='word_1_788' title='bbox 491 5013 720 5069; x_wconf 86' lang='lat' dir='ltr'><strong>invicem</strong></span> <span class='ocrx_word' id='word_1_789' title='bbox 763 5012 1081 5079; x_wconf 87' lang='lat' dir='ltr'><strong>distinctas,</strong></span> <span class='ocrx_word' id='word_1_790' title='bbox 1116 5011 1211 5068; x_wconf 87' lang='lat' dir='ltr'><strong>sed</strong></span> <span class='ocrx_word' id='word_1_791' title='bbox 1240 5012 1359 5068; x_wconf 89' lang='lat' dir='ltr'><strong>sine</strong></span> <span class='ocrx_word' id='word_1_792' title='bbox 1408 5012 1751 5082; x_wconf 86' lang='lat' dir='ltr'><strong>diversitate,</strong></span> <span class='ocrx_word' id='word_1_793' title='bbox 1786 5016 1921 5074; x_wconf 84' lang='lat' dir='ltr'><strong>divi-</strong></span> 
     </span>
    </p>
   </div>
   <div class='ocr_carea' id='block_1_94' title="bbox 328 5103 1920 5178">
    <p class='ocr_par' dir='ltr' id='par_1_94' title="bbox 328 5103 1920 5178">
     <span class='ocr_line' id='line_1_94' title="bbox 328 5103 1920 5178; baseline 0.006 -17"><span class='ocrx_word' id='word_1_794' title='bbox 328 5103 511 5170; x_wconf 86' lang='lat' dir='ltr'><strong>sione,</strong></span> <span class='ocrx_word' id='word_1_795' title='bbox 544 5115 599 5162; x_wconf 88' lang='lat' dir='ltr'><strong>et</strong></span> <span class='ocrx_word' id='word_1_796' title='bbox 619 5108 956 5177; x_wconf 89' lang='lat' dir='ltr'><strong>separatione</strong></span> <span class='ocrx_word' id='word_1_797' title='bbox 976 5149 991 5172; x_wconf 93' lang='lat'><strong>,</strong></span> <span class='ocrx_word' id='word_1_798' title='bbox 1025 5107 1149 5178; x_wconf 89' lang='lat' dir='ltr'><strong>quia</strong></span> <span class='ocrx_word' id='word_1_799' title='bbox 1181 5122 1285 5162; x_wconf 91' lang='lat' dir='ltr'><strong>una</strong></span> <span class='ocrx_word' id='word_1_800' title='bbox 1312 5116 1395 5164; x_wconf 90' lang='lat' dir='ltr'><strong>est</strong></span> <span class='ocrx_word' id='word_1_801' title='bbox 1429 5107 1642 5165; x_wconf 89' lang='lat' dir='ltr'><strong>illarum</strong></span> <span class='ocrx_word' id='word_1_802' title='bbox 1671 5111 1920 5169; x_wconf 84' lang='lat' dir='ltr'><strong>substan—</strong></span> 
     </span>
    </p>
   </div>
   <div class='ocr_carea' id='block_1_95' title="bbox 330 5197 1917 5277">
    <p class='ocr_par' dir='ltr' id='par_1_95' title="bbox 330 5197 1917 5277">
     <span class='ocr_line' id='line_1_95' title="bbox 330 5197 1917 5277; baseline 0.006 -25"><span class='ocrx_word' id='word_1_803' title='bbox 330 5197 424 5253; x_wconf 89' lang='lat' dir='ltr'><strong>tia.</strong></span> <span class='ocrx_word' id='word_1_804' title='bbox 457 5198 523 5252; x_wconf 83' lang='lat' dir='ltr'><strong>At</strong></span> <span class='ocrx_word' id='word_1_805' title='bbox 551 5197 688 5254; x_wconf 90' lang='lat' dir='ltr'><strong>hanc</strong></span> <span class='ocrx_word' id='word_1_806' title='bbox 715 5214 837 5256; x_wconf 84' lang='lat' dir='ltr'><strong>esse</strong></span> <span class='ocrx_word' id='word_1_807' title='bbox 855 5209 1129 5257; x_wconf 78' lang='lat' dir='ltr'><strong>asseverat</strong></span> <span class='ocrx_word' id='word_1_808' title='bbox 1157 5199 1472 5257; x_wconf 74' lang='lat' dir='ltr'><strong>orthodoxa:</strong></span> <span class='ocrx_word' id='word_1_809' title='bbox 1508 5200 1629 5258; x_wconf 78' lang='lat' dir='ltr'><strong>ﬁdei</strong></span> <span class='ocrx_word' id='word_1_810' title='bbox 1657 5206 1917 5277; x_wconf 86' lang='lat' dir='ltr'><strong>regulam,</strong></span> 
     </span>
    </p>
   </div>
   <div class='ocr_carea' id='block_1_96' title="bbox 320 5290 1920 5368">
    <p class='ocr_par' dir='ltr' id='par_1_96' title="bbox 320 5290 1920 5368">
     <span class='ocr_line' id='line_1_96' title="bbox 320 5290 1920 5368; baseline 0.008 -24"><span class='ocrx_word' id='word_1_811' title='bbox 320 5306 449 5361; x_wconf 71' lang='lat' dir='ltr'><strong>qua:</strong></span> <span class='ocrx_word' id='word_1_812' title='bbox 475 5290 527 5345; x_wconf 90' lang='lat' dir='ltr'><strong>in</strong></span> <span class='ocrx_word' id='word_1_813' title='bbox 558 5291 725 5347; x_wconf 86' lang='lat' dir='ltr'><strong>sacris</strong></span> <span class='ocrx_word' id='word_1_814' title='bbox 767 5290 1059 5362; x_wconf 86' lang='lat' dir='ltr'><strong>Scripturis</strong></span> <span class='ocrx_word' id='word_1_815' title='bbox 1086 5292 1279 5349; x_wconf 89' lang='lat' dir='ltr'><strong>tradita</strong></span> <span class='ocrx_word' id='word_1_816' title='bbox 1303 5335 1317 5359; x_wconf 94' lang='lat'><strong>,</strong></span> <span class='ocrx_word' id='word_1_817' title='bbox 1349 5305 1513 5365; x_wconf 88' lang='lat' dir='ltr'><strong>atque</strong></span> <span class='ocrx_word' id='word_1_818' title='bbox 1544 5310 1574 5349; x_wconf 88' lang='lat' dir='ltr'><strong>a</strong></span> <span class='ocrx_word' id='word_1_819' title='bbox 1626 5299 1920 5368; x_wconf 83' lang='lat' dir='ltr'><strong>majoribus</strong></span> 
     </span>
    </p>
   </div>
   <div class='ocr_carea' id='block_1_97' title="bbox 322 5383 1331 5454">
    <p class='ocr_par' dir='ltr' id='par_1_97' title="bbox 322 5383 1331 5454">
     <span class='ocr_line' id='line_1_97' title="bbox 322 5383 1331 5454; baseline -0.002 -13"><span class='ocrx_word' id='word_1_820' title='bbox 322 5391 544 5454; x_wconf 86' lang='lat' dir='ltr'><strong>accepta</strong></span> <span class='ocrx_word' id='word_1_821' title='bbox 565 5425 580 5449; x_wconf 94' lang='lat'><strong>,</strong></span> <span class='ocrx_word' id='word_1_822' title='bbox 610 5383 679 5439; x_wconf 86' lang='lat' dir='ltr'><strong>ab</strong></span> <span class='ocrx_word' id='word_1_823' title='bbox 702 5384 954 5440; x_wconf 88' lang='lat' dir='ltr'><strong>omnibus</strong></span> <span class='ocrx_word' id='word_1_824' title='bbox 986 5384 1213 5442; x_wconf 86' lang='lat' dir='ltr'><strong>tenenda</strong></span> <span class='ocrx_word' id='word_1_825' title='bbox 1230 5397 1331 5441; x_wconf 76' lang='lat' dir='ltr'><strong>est.</strong></span> 
     </span>
    </p>
   </div>
   <div class='ocr_carea' id='block_1_98' title="bbox 397 5476 1942 5552">
    <p class='ocr_par' dir='ltr' id='par_1_98' title="bbox 397 5476 1942 5552">
     <span class='ocr_line' id='line_1_98' title="bbox 397 5476 1942 5552; baseline 0.008 -22"><span class='ocrx_word' id='word_1_826' title='bbox 397 5477 734 5549; x_wconf 87' lang='lat' dir='ltr'><strong>Quapropter</strong></span> <span class='ocrx_word' id='word_1_827' title='bbox 757 5476 808 5532; x_wconf 90' lang='lat' dir='ltr'><strong>id</strong></span> <span class='ocrx_word' id='word_1_828' title='bbox 832 5492 939 5535; x_wconf 90' lang='lat' dir='ltr'><strong>non</strong></span> <span class='ocrx_word' id='word_1_829' title='bbox 960 5478 1128 5535; x_wconf 84' lang='lat' dir='ltr'><strong>semel</strong></span> <span class='ocrx_word' id='word_1_830' title='bbox 1160 5478 1348 5549; x_wconf 86' lang='lat' dir='ltr'><strong>bisque</strong></span> <span class='ocrx_word' id='word_1_831' title='bbox 1374 5478 1572 5537; x_wconf 85' lang='lat' dir='ltr'><strong>dixisse</strong></span> <span class='ocrx_word' id='word_1_832' title='bbox 1597 5481 1942 5552; x_wconf 58' lang='lat' dir='ltr'><strong>contentus&#39;,’</strong></span> 
     </span>
    </p>
   </div>
   <div class='ocr_carea' id='block_1_99' title="bbox 324 5568 1915 5649">
    <p class='ocr_par' dir='ltr' id='par_1_99' title="bbox 324 5568 1915 5649">
     <span class='ocr_line' id='line_1_99' title="bbox 324 5568 1915 5649; baseline 0.008 -26"><span class='ocrx_word' id='word_1_833' title='bbox 324 5580 510 5641; x_wconf 82' lang='lat' dir='ltr'><strong>poStea</strong></span> <span class='ocrx_word' id='word_1_834' title='bbox 543 5568 720 5627; x_wconf 87' lang='lat' dir='ltr'><strong>adhuc</strong></span> <span class='ocrx_word' id='word_1_835' title='bbox 759 5570 980 5640; x_wconf 88' lang='lat' dir='ltr'><strong>repetit,</strong></span> <span class='ocrx_word' id='word_1_836' title='bbox 1032 5579 1088 5624; x_wconf 92' lang='lat' dir='ltr'><strong>et</strong></span> <span class='ocrx_word' id='word_1_837' title='bbox 1129 5571 1486 5627; x_wconf 85' lang='lat' dir='ltr'><strong>corroborat:</strong></span> <span class='ocrx_word' id='word_1_838' title='bbox 1522 5573 1636 5630; x_wconf 86' lang='lat' dir='ltr'><strong>Nos</strong></span> <span class='ocrx_word' id='word_1_839' title='bbox 1660 5619 1674 5644; x_wconf 91' lang='lat'><strong>,</strong></span> <span class='ocrx_word' id='word_1_840' title='bbox 1708 5577 1915 5649; x_wconf 86' lang='lat' dir='ltr'><strong>inquit,</strong></span> 
     </span>
    </p>
   </div>
   <div class='ocr_carea' id='block_1_100' title="bbox 320 5662 1915 5741">
    <p class='ocr_par' dir='ltr' id='par_1_100' title="bbox 320 5662 1915 5741">
     <span class='ocr_line' id='line_1_100' title="bbox 320 5662 1915 5741; baseline 0.007 -25"><span class='ocrx_word' id='word_1_841' title='bbox 320 5663 412 5733; x_wconf 89' lang='lat' dir='ltr'><strong>qui</strong></span> <span class='ocrx_word' id='word_1_842' title='bbox 437 5671 483 5717; x_wconf 92' lang='lat' dir='ltr'><strong>et</strong></span> <span class='ocrx_word' id='word_1_843' title='bbox 510 5671 738 5733; x_wconf 87' lang='lat' dir='ltr'><strong>tempora</strong></span> <span class='ocrx_word' id='word_1_844' title='bbox 767 5670 813 5718; x_wconf 88' lang='lat' dir='ltr'><strong>et</strong></span> <span class='ocrx_word' id='word_1_845' title='bbox 834 5678 1039 5717; x_wconf 86' lang='lat' dir='ltr'><strong>caussas</strong></span> <span class='ocrx_word' id='word_1_846' title='bbox 1056 5662 1454 5733; x_wconf 63' lang='lat' dir='ltr'><strong>,Scripturarum</strong></span> <span class='ocrx_word' id='word_1_847' title='bbox 1474 5683 1565 5736; x_wconf 88' lang='lat' dir='ltr'><strong>per</strong></span> <span class='ocrx_word' id='word_1_848' title='bbox 1582 5665 1680 5723; x_wconf 82' lang='lat' dir='ltr'><strong>Dei</strong></span> <span class='ocrx_word' id='word_1_849' title='bbox 1688 5671 1915 5741; x_wconf 84' lang='lat' dir='ltr'><strong>gratiam</strong></span> 
     </span>
    </p>
   </div>
   <div class='ocr_carea' id='block_1_101' title="bbox 322 5753 1908 5834">
    <p class='ocr_par' dir='ltr' id='par_1_101' title="bbox 322 5753 1908 5834">
     <span class='ocr_line' id='line_1_101' title="bbox 322 5753 1908 5834; baseline 0.004 -22"><span class='ocrx_word' id='word_1_850' title='bbox 322 5755 619 5826; x_wconf 84' lang='lat' dir='ltr'><strong>inspicimus</strong></span> <span class='ocrx_word' id='word_1_851' title='bbox 640 5798 655 5822; x_wconf 94' lang='lat'><strong>,</strong></span> <span class='ocrx_word' id='word_1_852' title='bbox 683 5754 902 5810; x_wconf 74' lang='lat' dir='ltr'><strong>maxime</strong></span> <span class='ocrx_word' id='word_1_853' title='bbox 930 5753 1188 5810; x_wconf 87' lang='lat' dir='ltr'><strong>Paracleti</strong></span> <span class='ocrx_word' id='word_1_854' title='bbox 1208 5797 1223 5823; x_wconf 95' lang='lat'><strong>,</strong></span> <span class='ocrx_word' id='word_1_855' title='bbox 1247 5756 1350 5811; x_wconf 80' lang='lat' dir='ltr'><strong>nan</strong></span> <span class='ocrx_word' id='word_1_856' title='bbox 1366 5757 1629 5816; x_wconf 85' lang='lat' dir='ltr'><strong>hominum</strong></span> <span class='ocrx_word' id='word_1_857' title='bbox 1649 5762 1908 5834; x_wconf 86' lang='lat' dir='ltr'><strong>discipuli,</strong></span> 
     </span>
    </p>
   </div>
   <div class='ocr_carea' id='block_1_102' title="bbox 318 5846 1913 5925">
    <p class='ocr_par' dir='ltr' id='par_1_102' title="bbox 318 5846 1913 5925">
     <span class='ocr_line' id='line_1_102' title="bbox 318 5846 1913 5925; baseline 0.006 -20"><span class='ocrx_word' id='word_1_858' title='bbox 318 5848 449 5905; x_wconf 86' lang='lat' dir='ltr'><strong>duos</strong></span> <span class='ocrx_word' id='word_1_859' title='bbox 473 5848 674 5921; x_wconf 76' lang='lat' dir='ltr'><strong>quidem</strong></span> <span class='ocrx_word' id='word_1_860' title='bbox 705 5848 974 5915; x_wconf 72' lang='lat' dir='ltr'><strong>deﬁnimus</strong></span> <span class='ocrx_word' id='word_1_861' title='bbox 1004 5846 1233 5917; x_wconf 85' lang='lat' dir='ltr'><strong>Patrem,</strong></span> <span class='ocrx_word' id='word_1_862' title='bbox 1271 5857 1318 5906; x_wconf 84' lang='lat' dir='ltr'><strong>et</strong></span> <span class='ocrx_word' id='word_1_863' title='bbox 1353 5849 1568 5920; x_wconf 77' lang='lat' dir='ltr'><strong>Filium,</strong></span> <span class='ocrx_word' id='word_1_864' title='bbox 1603 5866 1648 5910; x_wconf 88' lang='lat' dir='ltr'><strong>et</strong></span> <span class='ocrx_word' id='word_1_865' title='bbox 1666 5857 1779 5925; x_wconf 78' lang='lat' dir='ltr'><strong>jam</strong></span> <span class='ocrx_word' id='word_1_866' title='bbox 1811 5865 1913 5915; x_wconf 84' lang='lat' dir='ltr'><strong>tres</strong></span> 
     </span>
    </p>
   </div>
   <div class='ocr_carea' id='block_1_103' title="bbox 2030 4735 3625 4808">
    <p class='ocr_par' dir='ltr' id='par_1_103' title="bbox 2030 4735 3625 4808">
     <span class='ocr_line' id='line_1_103' title="bbox 2030 4735 3625 4808; baseline -0.001 -16"><span class='ocrx_word' id='word_1_867' title='bbox 2030 4738 2085 4792; x_wconf 86' lang='lat' dir='ltr'><strong>in</strong></span> <span class='ocrx_word' id='word_1_868' title='bbox 2115 4735 2254 4791; x_wconf 84' lang='lat' dir='ltr'><strong>Filio</strong></span> <span class='ocrx_word' id='word_1_869' title='bbox 2271 4779 2285 4803; x_wconf 96' lang='lat'><strong>,</strong></span> <span class='ocrx_word' id='word_1_870' title='bbox 2334 4747 2380 4791; x_wconf 83' lang='lat' dir='ltr'><strong>et</strong></span> <span class='ocrx_word' id='word_1_871' title='bbox 2408 4735 2538 4794; x_wconf 82' lang='lat' dir='ltr'><strong>Filii</strong></span> <span class='ocrx_word' id='word_1_872' title='bbox 2562 4739 2615 4791; x_wconf 89' lang='lat' dir='ltr'><strong>in</strong></span> <span class='ocrx_word' id='word_1_873' title='bbox 2648 4735 2942 4801; x_wconf 75' lang='lat' dir='ltr'><strong>Paracleto,</strong></span> <span class='ocrx_word' id='word_1_874' title='bbox 2970 4748 3070 4791; x_wconf 86' lang='lat' dir='ltr'><strong>tres</strong></span> <span class='ocrx_word' id='word_1_875' title='bbox 3094 4738 3251 4808; x_wconf 78' lang='lat' dir='ltr'><strong>efﬁcit</strong></span> <span class='ocrx_word' id='word_1_876' title='bbox 3280 4736 3589 4795; x_wconf 62' lang='lat' dir='ltr'><strong>cohaerentes</strong></span> <span class='ocrx_word' id='word_1_877' title='bbox 3608 4778 3625 4805; x_wconf 90' lang='lat'><strong>,</strong></span> 
     </span>
    </p>
   </div>
   <div class='ocr_carea' id='block_1_104' title="bbox 2030 4830 3624 4903">
    <p class='ocr_par' dir='ltr' id='par_1_104' title="bbox 2030 4830 3624 4903">
     <span class='ocr_line' id='line_1_104' title="bbox 2030 4830 3624 4903; baseline 0.004 -21"><span class='ocrx_word' id='word_1_878' title='bbox 2030 4832 2248 4885; x_wconf 85' lang='lat' dir='ltr'><strong>alterum</strong></span> <span class='ocrx_word' id='word_1_879' title='bbox 2271 4848 2334 4885; x_wconf 80' lang='lat' dir='ltr'><strong>ea:</strong></span> <span class='ocrx_word' id='word_1_880' title='bbox 2356 4830 2518 4887; x_wconf 85' lang='lat' dir='ltr'><strong>altero</strong></span> <span class='ocrx_word' id='word_1_881' title='bbox 2543 4873 2557 4894; x_wconf 90' lang='lat'><strong>,</strong></span> <span class='ocrx_word' id='word_1_882' title='bbox 2588 4833 2673 4903; x_wconf 78' lang='lat' dir='ltr'><strong>qui</strong></span> <span class='ocrx_word' id='word_1_883' title='bbox 2694 4841 2794 4887; x_wconf 84' lang='lat' dir='ltr'><strong>tres</strong></span> <span class='ocrx_word' id='word_1_884' title='bbox 2831 4848 2986 4885; x_wconf 85' lang='lat' dir='ltr'><strong>unum</strong></span> <span class='ocrx_word' id='word_1_885' title='bbox 3013 4832 3113 4887; x_wconf 88' lang='lat' dir='ltr'><strong>sint</strong></span> <span class='ocrx_word' id='word_1_886' title='bbox 3138 4872 3153 4895; x_wconf 92' lang='lat'><strong>,</strong></span> <span class='ocrx_word' id='word_1_887' title='bbox 3182 4848 3285 4885; x_wconf 88' lang='lat' dir='ltr'><strong>non</strong></span> <span class='ocrx_word' id='word_1_888' title='bbox 3307 4848 3438 4887; x_wconf 86' lang='lat' dir='ltr'><strong>unus</strong></span> <span class='ocrx_word' id='word_1_889' title='bbox 3456 4848 3479 4896; x_wconf 75' lang='lat'><strong>;‘</strong></span> <span class='ocrx_word' id='word_1_890' title='bbox 3495 4849 3624 4902; x_wconf 90' lang='lat' dir='ltr'><strong>quo-</strong></span> 
     </span>
    </p>
   </div>
   <div class='ocr_carea' id='block_1_105' title="bbox 2010 4924 3626 4997">
    <p class='ocr_par' dir='ltr' id='par_1_105' title="bbox 2010 4924 3626 4997">
     <span class='ocr_line' id='line_1_105' title="bbox 2010 4924 3626 4997; baseline -0.001 -13"><span class='ocrx_word' id='word_1_891' title='bbox 2010 4925 2182 4984; x_wconf 87' lang='lat' dir='ltr'><strong>.modo</strong></span> <span class='ocrx_word' id='word_1_892' title='bbox 2219 4924 2414 4980; x_wconf 87' lang='lat' dir='ltr'><strong>dictum</strong></span> <span class='ocrx_word' id='word_1_893' title='bbox 2463 4930 2578 4983; x_wconf 78' lang='lat' dir='ltr'><strong>est:</strong></span> <span class='ocrx_word' id='word_1_894' title='bbox 2624 4925 2739 4997; x_wconf 84' lang='lat' dir='ltr'><strong>Ego</strong></span> <span class='ocrx_word' id='word_1_895' title='bbox 2778 4935 2834 4983; x_wconf 85' lang='lat' dir='ltr'><strong>et</strong></span> <span class='ocrx_word' id='word_1_896' title='bbox 2881 4925 3040 4981; x_wconf 87' lang='lat' dir='ltr'><strong>Pater</strong></span> <span class='ocrx_word' id='word_1_897' title='bbox 3091 4940 3254 4981; x_wconf 90' lang='lat' dir='ltr'><strong>unum</strong></span> <span class='ocrx_word' id='word_1_898' title='bbox 3308 4940 3527 4991; x_wconf 86' lang='lat' dir='ltr'><strong>sumus,</strong></span> <span class='ocrx_word' id='word_1_899' title='bbox 3556 4926 3626 4983; x_wconf 87' lang='lat' dir='ltr'><strong>ad</strong></span> 
     </span>
    </p>
   </div>
   <div class='ocr_carea' id='block_1_106' title="bbox 2028 5016 3625 5090">
    <p class='ocr_par' dir='ltr' id='par_1_106' title="bbox 2028 5016 3625 5090">
     <span class='ocr_line' id='line_1_106' title="bbox 2028 5016 3625 5090; baseline 0.002 -18"><span class='ocrx_word' id='word_1_900' title='bbox 2028 5017 2328 5072; x_wconf 69' lang='lat' dir='ltr'><strong>substantia:</strong></span> <span class='ocrx_word' id='word_1_901' title='bbox 2390 5018 2671 5085; x_wconf 85' lang='lat' dir='ltr'><strong>unitatem,</strong></span> <span class='ocrx_word' id='word_1_902' title='bbox 2717 5033 2821 5073; x_wconf 89' lang='lat' dir='ltr'><strong>non</strong></span> <span class='ocrx_word' id='word_1_903' title='bbox 2859 5016 2929 5072; x_wconf 87' lang='lat' dir='ltr'><strong>ad</strong></span> <span class='ocrx_word' id='word_1_904' title='bbox 2967 5017 3167 5072; x_wconf 86' lang='lat' dir='ltr'><strong>numeri</strong></span> <span class='ocrx_word' id='word_1_905' title='bbox 3217 5018 3625 5090; x_wconf 86' lang='lat' dir='ltr'><strong>singularitatem</strong></span> 
     </span>
    </p>
   </div>
   <div class='ocr_carea' id='block_1_107' title="bbox 2027 5108 2482 5183">
    <p class='ocr_par' dir='ltr' id='par_1_107' title="bbox 2027 5108 2482 5183">
     <span class='ocr_line' id='line_1_107' title="bbox 2027 5108 2482 5183; baseline 0.002 -20"><span class='ocrx_word' id='word_1_906' title='bbox 2027 5108 2184 5179; x_wconf 86' lang='lat' dir='ltr'><strong>(Ibid.</strong></span> <span class='ocrx_word' id='word_1_907' title='bbox 2213 5127 2328 5182; x_wconf 89' lang='lat' dir='ltr'><strong>cap.</strong></span> <span class='ocrx_word' id='word_1_908' title='bbox 2350 5110 2482 5183; x_wconf 77' lang='lat'><strong>25).</strong></span> 
     </span>
    </p>
   </div>
   <div class='ocr_carea' id='block_1_108' title="bbox 2096 5202 3622 5274">
    <p class='ocr_par' dir='ltr' id='par_1_108' title="bbox 2096 5202 3622 5274">
     <span class='ocr_line' id='line_1_108' title="bbox 2096 5202 3622 5274; baseline 0.005 -21"><span class='ocrx_word' id='word_1_909' title='bbox 2096 5202 2351 5272; x_wconf 80' lang='lat' dir='ltr'><strong>Quamvis</strong></span> <span class='ocrx_word' id='word_1_910' title='bbox 2368 5211 2554 5258; x_wconf 85' lang='lat' dir='ltr'><strong>autem</strong></span> <span class='ocrx_word' id='word_1_911' title='bbox 2581 5202 2651 5258; x_wconf 88' lang='lat' dir='ltr'><strong>ibi</strong></span> <span class='ocrx_word' id='word_1_912' title='bbox 2692 5216 2885 5258; x_wconf 88' lang='lat' dir='ltr'><strong>nomen</strong></span> <span class='ocrx_word' id='word_1_913' title='bbox 2912 5218 3143 5274; x_wconf 77' lang='lat' dir='ltr'><strong>persona:</strong></span> <span class='ocrx_word' id='word_1_914' title='bbox 3179 5217 3287 5258; x_wconf 92' lang='lat' dir='ltr'><strong>non</strong></span> <span class='ocrx_word' id='word_1_915' title='bbox 3333 5202 3622 5273; x_wconf 86' lang='lat' dir='ltr'><strong>adhibeat;</strong></span> 
     </span>
    </p>
   </div>
   <div class='ocr_carea' id='block_1_109' title="bbox 2024 5294 3619 5368">
    <p class='ocr_par' dir='ltr' id='par_1_109' title="bbox 2024 5294 3619 5368">
     <span class='ocr_line' id='line_1_109' title="bbox 2024 5294 3619 5368; baseline 0.001 -15"><span class='ocrx_word' id='word_1_916' title='bbox 2024 5297 2289 5368; x_wconf 87' lang='lat' dir='ltr'><strong>superiori</strong></span> <span class='ocrx_word' id='word_1_917' title='bbox 2328 5305 2503 5351; x_wconf 87' lang='lat' dir='ltr'><strong>tamen</strong></span> <span class='ocrx_word' id='word_1_918' title='bbox 2532 5295 2653 5351; x_wconf 90' lang='lat' dir='ltr'><strong>loco</strong></span> <span class='ocrx_word' id='word_1_919' title='bbox 2700 5294 2849 5351; x_wconf 89' lang='lat' dir='ltr'><strong>illum</strong></span> <span class='ocrx_word' id='word_1_920' title='bbox 2888 5310 2954 5351; x_wconf 90' lang='lat' dir='ltr'><strong>eo</strong></span> <span class='ocrx_word' id='word_1_921' title='bbox 2981 5310 3133 5353; x_wconf 87' lang='lat' dir='ltr'><strong>usum</strong></span> <span class='ocrx_word' id='word_1_922' title='bbox 3180 5297 3343 5353; x_wconf 74' lang='lat' dir='ltr'><strong>fuisse</strong></span> <span class='ocrx_word' id='word_1_923' title='bbox 3373 5299 3619 5355; x_wconf 87' lang='lat' dir='ltr'><strong>animad-</strong></span> 
     </span>
    </p>
   </div>
   <div class='ocr_carea' id='block_1_110' title="bbox 2026 5385 3621 5461">
    <p class='ocr_par' dir='ltr' id='par_1_110' title="bbox 2026 5385 3621 5461">
     <span class='ocr_line' id='line_1_110' title="bbox 2026 5385 3621 5461; baseline 0.002 -16"><span class='ocrx_word' id='word_1_924' title='bbox 2026 5399 2237 5455; x_wconf 72' lang='lat' dir='ltr'><strong>yertere</strong></span> <span class='ocrx_word' id='word_1_925' title='bbox 2279 5388 2517 5459; x_wconf 90' lang='lat' dir='ltr'><strong>potuisti.</strong></span> <span class='ocrx_word' id='word_1_926' title='bbox 2556 5385 2665 5445; x_wconf 90' lang='lat' dir='ltr'><strong>Sed</strong></span> <span class='ocrx_word' id='word_1_927' title='bbox 2698 5387 2999 5445; x_wconf 84' lang='lat' dir='ltr'><strong>distinctius</strong></span> <span class='ocrx_word' id='word_1_928' title='bbox 3031 5388 3207 5446; x_wconf 86' lang='lat' dir='ltr'><strong>adhuc</strong></span> <span class='ocrx_word' id='word_1_929' title='bbox 3248 5391 3513 5461; x_wconf 87' lang='lat' dir='ltr'><strong>prolatum</strong></span> <span class='ocrx_word' id='word_1_930' title='bbox 3539 5393 3621 5449; x_wconf 86' lang='lat' dir='ltr'><strong>vi-</strong></span> 
     </span>
    </p>
   </div>
   <div class='ocr_carea' id='block_1_111' title="bbox 2024 5481 3617 5552">
    <p class='ocr_par' dir='ltr' id='par_1_111' title="bbox 2024 5481 3617 5552">
     <span class='ocr_line' id='line_1_111' title="bbox 2024 5481 3617 5552; baseline 0.003 -14"><span class='ocrx_word' id='word_1_931' title='bbox 2024 5482 2200 5546; x_wconf 85' lang='lat' dir='ltr'><strong>debis,</strong></span> <span class='ocrx_word' id='word_1_932' title='bbox 2231 5482 2316 5538; x_wconf 90' lang='lat' dir='ltr'><strong>ubi</strong></span> <span class='ocrx_word' id='word_1_933' title='bbox 2348 5497 2561 5538; x_wconf 89' lang='lat' dir='ltr'><strong>rursum</strong></span> <span class='ocrx_word' id='word_1_934' title='bbox 2590 5481 2755 5537; x_wconf 88' lang='lat' dir='ltr'><strong>variis</strong></span> <span class='ocrx_word' id='word_1_935' title='bbox 2781 5496 2947 5549; x_wconf 78' lang='lat' dir='ltr'><strong>sacra:</strong></span> <span class='ocrx_word' id='word_1_936' title='bbox 2974 5482 3268 5552; x_wconf 78' lang='lat' dir='ltr'><strong>Scriptura:</strong></span> <span class='ocrx_word' id='word_1_937' title='bbox 3296 5487 3617 5544; x_wconf 88' lang='lat' dir='ltr'><strong>testimoniis</strong></span> 
     </span>
    </p>
   </div>
   <div class='ocr_carea' id='block_1_112' title="bbox 2022 5571 3615 5649">
    <p class='ocr_par' dir='ltr' id='par_1_112' title="bbox 2022 5571 3615 5649">
     <span class='ocr_line' id='line_1_112' title="bbox 2022 5571 3615 5649; baseline 0.002 -18"><span class='ocrx_word' id='word_1_938' title='bbox 2022 5575 2356 5633; x_wconf 85' lang='lat' dir='ltr'><strong>demonstrat</strong></span> <span class='ocrx_word' id='word_1_939' title='bbox 2384 5582 2496 5631; x_wconf 83' lang='lat' dir='ltr'><strong>tres</strong></span> <span class='ocrx_word' id='word_1_940' title='bbox 2535 5571 2588 5627; x_wconf 89' lang='lat' dir='ltr'><strong>in</strong></span> <span class='ocrx_word' id='word_1_941' title='bbox 2630 5573 2969 5629; x_wconf 83' lang='lat' dir='ltr'><strong>sanctissima</strong></span> <span class='ocrx_word' id='word_1_942' title='bbox 3021 5573 3283 5632; x_wconf 84' lang='lat' dir='ltr'><strong>Trinitate</strong></span> <span class='ocrx_word' id='word_1_943' title='bbox 3321 5591 3444 5633; x_wconf 87' lang='lat' dir='ltr'><strong>esse</strong></span> <span class='ocrx_word' id='word_1_944' title='bbox 3490 5593 3615 5649; x_wconf 87' lang='lat' dir='ltr'><strong>per-</strong></span> 
     </span>
    </p>
   </div>
   <div class='ocr_carea' id='block_1_113' title="bbox 2020 5664 3599 5736">
    <p class='ocr_par' dir='ltr' id='par_1_113' title="bbox 2020 5664 3599 5736">
     <span class='ocr_line' id='line_1_113' title="bbox 2020 5664 3599 5736; baseline 0.002 -12"><span class='ocrx_word' id='word_1_945' title='bbox 2020 5683 2203 5735; x_wconf 87' lang='lat' dir='ltr'><strong>sonas,</strong></span> <span class='ocrx_word' id='word_1_946' title='bbox 2273 5679 2537 5736; x_wconf 88' lang='lat' dir='ltr'><strong>unamque</strong></span> <span class='ocrx_word' id='word_1_947' title='bbox 2590 5664 2852 5720; x_wconf 80' lang='lat' dir='ltr'><strong>duntaxat</strong></span> <span class='ocrx_word' id='word_1_948' title='bbox 2911 5676 3175 5723; x_wconf 89' lang='lat' dir='ltr'><strong>naturam.</strong></span> <span class='ocrx_word' id='word_1_949' title='bbox 3250 5667 3463 5726; x_wconf 89' lang='lat' dir='ltr'><strong>Etenim</strong></span> <span class='ocrx_word' id='word_1_950' title='bbox 3544 5670 3599 5727; x_wconf 91' lang='lat' dir='ltr'><strong>id</strong></span> 
     </span>
    </p>
   </div>
   <div class='ocr_carea' id='block_1_114' title="bbox 2018 5758 3597 5833">
    <p class='ocr_par' dir='ltr' id='par_1_114' title="bbox 2018 5758 3597 5833">
     <span class='ocr_line' id='line_1_114' title="bbox 2018 5758 3597 5833; baseline 0.001 -16"><span class='ocrx_word' id='word_1_951' title='bbox 2018 5763 2107 5818; x_wconf 89' lang='lat' dir='ltr'><strong>ille</strong></span> <span class='ocrx_word' id='word_1_952' title='bbox 2156 5761 2342 5833; x_wconf 86' lang='lat' dir='ltr'><strong>probat</strong></span> <span class='ocrx_word' id='word_1_953' title='bbox 2398 5758 2482 5814; x_wconf 91' lang='lat' dir='ltr'><strong>his</strong></span> <span class='ocrx_word' id='word_1_954' title='bbox 2534 5758 2807 5818; x_wconf 85' lang='lat' dir='ltr'><strong>Geneseos</strong></span> <span class='ocrx_word' id='word_1_955' title='bbox 2849 5762 3073 5819; x_wconf 86' lang='lat' dir='ltr'><strong>verbis:</strong></span> <span class='ocrx_word' id='word_1_956' title='bbox 3108 5762 3385 5819; x_wconf 86' lang='lat' dir='ltr'><strong>Faciamus</strong></span> <span class='ocrx_word' id='word_1_957' title='bbox 3428 5766 3597 5821; x_wconf 86' lang='lat' dir='ltr'><strong>Itami-</strong></span> 
     </span>
    </p>
   </div>
   <div class='ocr_carea' id='block_1_115' title="bbox 2018 5853 3608 5930">
    <p class='ocr_par' dir='ltr' id='par_1_115' title="bbox 2018 5853 3608 5930">
     <span class='ocr_line' id='line_1_115' title="bbox 2018 5853 3608 5930; baseline 0.001 -18"><span class='ocrx_word' id='word_1_958' title='bbox 2018 5873 2131 5917; x_wconf 87' lang='lat' dir='ltr'><strong>nem</strong></span> <span class='ocrx_word' id='word_1_959' title='bbox 2174 5855 2241 5911; x_wconf 84' lang='lat' dir='ltr'><strong>ad</strong></span> <span class='ocrx_word' id='word_1_960' title='bbox 2289 5853 2557 5926; x_wconf 84' lang='lat' dir='ltr'><strong>imaginem</strong></span> <span class='ocrx_word' id='word_1_961' title='bbox 2603 5862 2648 5913; x_wconf 82' lang='lat' dir='ltr'><strong>et</strong></span> <span class='ocrx_word' id='word_1_962' title='bbox 2698 5854 3080 5915; x_wconf 71' lang='lat' dir='ltr'><strong>similitudinem</strong></span> <span class='ocrx_word' id='word_1_963' title='bbox 3114 5866 3343 5915; x_wconf 82' lang='lat' dir='ltr'><strong>nostram</strong></span> <span class='ocrx_word' id='word_1_964' title='bbox 3372 5856 3391 5930; x_wconf 94' lang='lat'><strong>(</strong></span> <span class='ocrx_word' id='word_1_965' title='bbox 3421 5856 3608 5918; x_wconf 68' lang='lat' dir='ltr'><strong>Gener.</strong></span> 
     </span>
    </p>
   </div>
  </div>
