4092 6352
505 329 613 393 831

1597 331 1662 389 lN
1698 296 2159 390 mammam
2195 328 2724 391 APOLOGETICUM

3702 327 3836 392 832

513 445 558 519 I,
587 448 704 521 26).
729 447 797 505 Et
818 446 938 505 aliis
966 464 980 503 :
1013 444 1145 503 Ecce
1169 445 1333 502 Adam
1365 445 1531 518 factus
1581 454 1654 504 est
1702 458 1940 520 tanquam
1978 465 2110 505 unus
2136 448 2189 511 Α
2217 448 2388 505 tribus
2413 449 2623 506 illorum
2637 447 2881 522 personis
2907 447 3251 505 sententiam.
3269 447 3380 506 Nec
3402 447 3577 506 minus
3593 446 3835 507 evideno

513 561 579 600 ea:
632 540 1452 615 nobis(Ibid.,lll,22).Nam
1505 541 1630 600 inde
1681 542 1773 598 ille
1827 544 1906 600 sic
1956 559 2115 615 argu-

516 646 788 693 mentatur
821 654 834 690 :
867 635 1001 704 Quia
1039 637 1154 707 jam
1206 634 1493 690 adhaerebat
1535 634 1615 690 illi
1671 634 1719 688 F
1720 636 1857 702 ilius,
1889 637 2115 693 secunda

520 746 755 801 persona,
785 727 966 785 Sermo
996 728 1178 800 ipsius,
1207 737 1253 783 et
1283 729 1448 795 tertia,
1477 728 1703 800 Spiritus
1743 731 1797 784 in
1844 729 2111 800 Sermone,

518 821 633 877 ideo
663 820 931 893 pluraliter
955 819 1304 892 pronuntiavit
1330 837 1348 875 :
1378 820 1662 877 Faciamus
1685 864 1699 889 ,
1733 832 1801 887 et,
1850 832 2111 890 nostram,

520 923 591 981 et,
625 913 803 970 nobis.
837 913 973 968 Tum
1021 914 1182 985 paulo
1224 922 1344 984 post
1374 930 1388 967 :
1425 912 1653 986 Denique
1696 932 1905 984 sequens
1937 902 2118 988 Scrip-

520 1014 633 1060 tura
671 1006 939 1078 distinguit
982 1007 1118 1060 inter
1153 1023 1398 1079 personas
1428 1028 1440 1062 :
1472 1006 1539 1062 Et
1582 1008 1711 1063 fecit
1758 1008 1902 1065 Deus
1936 1009 2115 1066 homi-

517 1114 641 1155 nem
674 1117 688 1154 :
719 1097 788 1154 ad
831 1099 1116 1171 imaginem
1144 1097 1241 1154 Dei
1286 1099 1412 1156 fecit
1462 1099 1633 1157 illum.
1688 1102 1794 1157 Car
1819 1120 1919 1158 non
1948 1122 2114 1172 suam,

517 1194 563 1249 si
587 1210 720 1249 unus
764 1195 854 1267 qui
882 1194 1121 1267 faciebat,
1168 1202 1219 1249 et
1260 1210 1360 1248 non
1399 1203 1504 1249 erat
1550 1195 1619 1249 ad
1672 1198 1821 1267 cujus
1857 1194 2120 1270 faciebat?

518 1284 648 1341 Erat
674 1295 866 1352 autem,
894 1286 962 1340 ad
991 1287 1141 1357 cujus
1164 1286 1438 1356 imaginem
1463 1285 1700 1358 faciebat,
1733 1288 1802 1340 ad
1833 1287 1959 1342 Filii
1978 1290 2118 1345 scili-

518 1387 615 1443 cet,
645 1379 732 1449 qui
758 1379 908 1433 homo
939 1381 1142 1449 futurus
1161 1379 1346 1432 certior
1371 1389 1418 1434 et
1446 1382 1631 1443 verior,
1660 1380 1933 1451 imaginem
1974 1399 2119 1437 suant

521 1470 709 1541 fecerat
735 1469 836 1524 diei
855 1470 1132 1535 hominem,
1157 1471 1377 1543 quitum:
1404 1471 1466 1525 tle
1493 1472 1615 1525 limo
1638 1475 1852 1545 formari
1883 1474 2115 1543 habebat,

522 1564 690 1635 imago
713 1565 813 1618 veri
839 1564 886 1617 el
911 1564 1212 1618 similitudo.
1247 1563 1356 1619 Nec
1381 1563 1539 1634 longe
1560 1575 1742 1634 postea
1767 1586 1784 1620 :
1808 1567 2001 1632 Alium,
2032 1568 2117 1623 in-

518 1658 656 1728 quit,
685 1672 712 1709 a
756 1656 915 1711 Patre
953 1656 1170 1721 Filium,
1217 1658 1469 1728 quomodo
1513 1660 1740 1730 accipere
1783 1660 1967 1715 debeas
2006 1663 2119 1733 jam

519 1753 780 1822 professus
809 1766 943 1818 sum,
994 1766 1259 1820 personm,
1286 1769 1385 1807 non
1414 1753 1729 1808 substantia:
1774 1756 2009 1819 nomine;
2051 1756 2121 1810 ad

2218 550 2300 597 ter
2322 549 2469 612 patet
2494 542 2593 613 ipsi
2620 556 2933 614 persuasum
2948 541 3169 597 omnino
3187 541 3353 598 fuisse
3365 541 3469 598 hoc
3485 543 3835 614 praecipuum

2217 636 2377 691 totius
2404 635 2657 692 Ecclesia:
2678 635 2958 691 catholicae
2985 633 3179 706 dogma
3210 632 3420 690 fundari
3440 648 3607 690 sacra:
3626 634 3838 706 Serip-

2217 737 2350 784 tura:
2377 728 2713 791 auctoritate.
2740 729 2974 800 illudque
2989 729 3057 783 ab
3078 728 3351 800 Apostolis
3379 742 3673 800 eorumque
3690 743 3836 785 suc-

2217 824 2520 880 cessoribus
2545 824 2609 879 ad
2642 840 2791 879 suam
2826 840 2994 895 usque
3035 831 3247 880 aetatem
3287 832 3435 878 certa
3474 838 3538 878 ac
3559 833 3837 895 perpetua

2219 916 2504 972 traditione
2540 917 2932 971 transmissum.
2961 916 3222 986 Denique,
3245 930 3311 971 ex
3338 914 3498 971 dictis
3524 915 3690 987 liquet
3722 915 3840 972 hoc

2218 1006 2597 1063 documentum
2637 1007 2705 1063 ab
2735 1022 2801 1064 eo
2821 990 3084 1063 audacter
3128 1006 3474 1078 propugnari,
3505 1021 3611 1062 non
3641 1006 3839 1062 solum

2218 1101 2482 1157 adversus
2533 1100 2814 1156 haereticos
2881 1098 3012 1155 illud
3066 1109 3362 1171 negantes,
3416 1097 3512 1155 sed
3566 1098 3841 1155 ethnicos

2219 1196 2403 1261 etiam,
2438 1194 2819 1250 infestissimos
2851 1193 3276 1248 Christianorum
3320 1192 3526 1259 hostes,
3559 1192 3647 1264 qui
3700 1193 3842 1250 illos

2221 1287 2425 1343 hancce
2450 1287 2520 1342 ob
2542 1286 2842 1343 doctrinam
2871 1285 3246 1341 crudelissime
3271 1286 3545 1341 vexabant
3569 1293 3619 1340 et
3672 1285 3837 1342 inte-

2221 1380 2507 1437 rimebant.
2545 1382 2613 1435 At
2643 1389 2792 1435 certe
2827 1378 3110 1434 haereticos
3148 1377 3212 1432 ad
3245 1391 3372 1433 suas
3400 1376 3611 1433 facilius
3638 1386 3843 1448 partes

2222 1473 2502 1542 illexisset,
2532 1473 2576 1526 si
2618 1470 2771 1527 lateri
2813 1471 3074 1542 potuiSset
3103 1484 3263 1525 unam
3314 1478 3543 1533 tantum,
3578 1483 3680 1524 nec
3708 1467 3842 1539 plu-

2221 1538 2332 1631 ires,
2366 1564 2466 1619 nisi
2491 1564 2709 1619 nomine
2753 1572 2908 1617 tenus
2938 1577 3061 1617 esse
3105 1562 3158 1615 in
3187 1560 3526 1616 sanctissima
3558 1557 3844 1615 Trinitate

2221 1672 2502 1731 personas.
2527 1657 2643 1714 Sibi
2664 1672 2879 1728 quoque
2899 1655 3145 1712 ethnicos
3181 1654 3492 1720 conciliare,
3522 1666 3842 1724 eorumque

2223 1751 2483 1807 adversus
2533 1751 2872 1807 Christianos
2936 1748 3175 1804 furorem
3215 1747 3428 1818 placare
3489 1754 3729 1819 poterat,
3789 1745 3843 1801 si

519 1842 916 1910 distinctionem,
948 1860 1049 1898 non
1076 1844 1145 1898 ad
1164 1843 1480 1900 divisionem.
1520 1845 1790 1915 Craterum,
1819 1848 1911 1903 etsi
1940 1848 2120 1921 ubique
2146 1853 2194 1914 Β
2223 1840 2449 1899 dixisset
2478 1851 2587 1898 tres
2637 1857 2759 1897 esse
2808 1841 2970 1907 Deos,
3007 1849 3097 1894 aut
3131 1848 3277 1895 certe
3308 1854 3473 1893 unum
3520 1837 3797 1909 majorem
3823 1878 3841 1904 ,

519 1942 661 1990 teneo
685 1952 839 1990 unum
866 1936 1203 1990 substantiam
1238 1937 1289 1991 in
1326 1938 1485 1991 tribus
1516 1939 1883 1994 cohaerentibus
1906 1982 1921 2007 ,
1949 1950 2118 1998 tamen

519 2025 682 2081 alium
701 2026 869 2080 dicant
897 2036 1091 2098 oportet
1119 2043 1184 2082 ea:
1208 2028 1501 2083 necessitate
1531 2046 1705 2085 sensus
1735 2048 1849 2086 eum
1895 2033 1982 2103 qui
2020 2038 2117 2105 ju-

519 2120 617 2186 bet,
640 2129 687 2175 et
709 2137 821 2176 eum
866 2122 951 2193 qui
990 2121 1112 2193 facit
1153 2120 1414 2191 (Tertull.,
1452 2122 1541 2177 lib.
1593 2124 1709 2177 adv.
1750 2124 1965 2195 Praxe.,
1996 2143 2111 2198 cap.

422 2274 429 2281 ,
519 2211 632 2284 22).

590 2306 767 2372 Prius,
800 2322 951 2373 vero,
971 2306 1062 2362 ubi
1085 2305 1341 2363 adversus
1366 2307 1616 2365 eumdem
1649 2309 1907 2366 Praxeam
1933 2311 2118 2382 dispu-

519 2399 704 2466 tando,
734 2399 1016 2455 manifeste
1042 2399 1280 2455 ostendit
1306 2398 1502 2456 Filium
1546 2402 1663 2467 Dei,
1715 2402 1804 2474 qui
1842 2403 1984 2459 illius
2013 2403 2116 2460 So-

519 2490 667 2561 phia,
697 2500 752 2546 et
780 2506 963 2547 sermo
1001 2501 1117 2558 est,
1170 2491 1335 2547 alium
1364 2507 1483 2548 esse
1510 2509 1539 2547 a
1572 2493 1729 2550 Patre
1768 2510 1889 2560 suo.
1929 2495 2000 2551 ibi
2039 2496 2120 2553 sic

519 2593 834 2653 arguentem
863 2583 1124 2639 Praxeatn
1178 2583 1383 2640 inducit
1411 2603 1423 2639 :
1450 2584 1615 2658 Ergo,
1661 2589 1849 2661 inquis,
1882 2589 1976 2644 das
2015 2591 2118 2646 ali-

521 2693 675 2743 quant
701 2678 1034 2732 substantiam
1084 2695 1191 2734 esse
1236 2695 1539 2748 sermonem,
1596 2683 1781 2753 spiritu
1824 2693 1872 2738 et
1921 2685 2119 2755 sophits

521 2772 795 2827 traditione
853 2783 1197 2829 constructam
1248 2773 1463 2848 (lbid.,
1499 2793 1616 2847 cap.
1682 2777 1712 2831 7
1771 2776 1836 2849 )‘l
1870 2776 1970 2833 Cui
2027 2778 2119 2835 ille

520 2878 629 2918 uno
685 2864 852 2920 verbo
907 2865 1199 2936 respondet
1245 2882 1259 2920 :
1315 2866 1509 2934 Plane,
1549 2878 1708 2940 atque
1746 2869 1817 2943 ita
1864 2869 1991 2925 illud
2022 2886 2118 2928 ve-

519 2971 638 3011 rum
665 2970 786 3012 esse
835 2957 974 3011 ultro
1023 2957 1335 3014 conﬁtetur.
1387 2959 1555 3030 Cujus
1598 2960 1739 3019 hanc
1777 2964 2120 3020 continenter

520 3050 699 3106 reddit
728 3051 990 3107 rationem
1021 3070 1034 3106 :
1070 3050 1192 3107 Non
1224 3053 1295 3107 vis
1324 3054 1458 3106 enim
1486 3071 1599 3108 eum
1623 3055 1993 3111 substantioum
2018 3057 2117 3112 ha-

520 3144 635 3200 bere
658 3149 712 3200 in
741 3162 795 3200 re
826 3162 917 3218 per
958 3144 1258 3201 substantite
1300 3148 1682 3219 praprietatcm,
1727 3159 1783 3207 ut
1807 3168 1889 3205 res
1913 3161 1960 3205 et
2001 3169 2117 3223 per-

2223 1938 2568 2007 minoresque
2596 1934 2752 1990 alios.
2782 1933 2969 2004 Neque
2996 1932 3047 1987 id
3076 1948 3109 1987 a
3131 1931 3285 1987 nobis
3315 1930 3481 2004 gratis
3511 1931 3694 1986 ﬁctum
3722 1945 3841 2000 pu-

2223 2026 2614 2099 taveris,’quod
2661 2027 2890 2096 ipsemet
2914 2024 3278 2080 Tertullianus
3310 2023 3484 2093 palam
3524 2030 3844 2094 aperteque
3942 2072 3957 2089 ,

2220 2122 2547 2192 proﬁtetur:
2576 2118 2847 2183 Craterum,
2878 2118 2923 2172 si
2940 2116 3249 2171 conscientia
3289 2122 3482 2180 nostra,
3513 2113 3585 2169 ita
3616 2113 3711 2170 ille
3755 2113 3846 2169 lo-

2221 2215 2419 2286 quitur,
2442 2229 2545 2283 qua
2566 2214 2752 2267 scimus
2781 2210 2877 2265 Dei
2903 2225 3084 2264 nomen
3119 2207 3331 2263 Domini
3351 2205 3603 2272 et‘Patri,
3637 2214 3687 2261 et
3721 2202 3839 2260 Fi-

2220 2310 2310 2373 lio,
2344 2319 2391 2363 et
2418 2307 2641 2372 Spiritui
2677 2315 2854 2360 sancto
2877 2303 3163 2367 convenire,
3193 2300 3332 2357 Deos
3363 2309 3409 2357 et
3437 2299 3692 2356 Dominos
3730 2316 3843 2355 no-

2222 2403 2547 2463 minaremus,
2577 2398 2966 2455 extinxissemus
2988 2400 3131 2469 faces
3161 2404 3387 2461 nostras,
3420 2395 3575 2448 etiam
3593 2393 3662 2447 ad
3682 2410 3843 2447 mar-

2221 2494 2354 2566 tyria
2369 2491 2668 2555 timidiores,
2686 2489 2868 2561 quibus
2916 2486 3160 2544 evadendi
3196 2492 3629 2558 quoque‘pateret
3672 2501 3844 2540 occa-

2220 2590 2315 2656 sio,
2343 2589 2637 2662 jurantibus
2684 2585 2853 2640 statim
2905 2601 2993 2655 per
3045 2582 3165 2637 deos
3220 2591 3268 2635 et
3324 2580 3578 2644 dominos,
3606 2589 3665 2634 ut
3702 2580 3840 2652 qui-

2221 2682 2342 2737 dam
2383 2682 2605 2737 lueretici
2641 2722 2656 2747 ,
2707 2693 2921 2749 quorum
2973 2676 3048 2730 dii
3092 2673 3262 2747 plures
3301 2671 3491 2744 (Ibid.
3529 2688 3648 2742 cap.
3699 2670 3832 2743 15).

2220 2775 2585 2830 Tertullianus
2668 2774 2889 2844 itaque,
2975 2767 3431 2841 quemadmodum
3517 2764 3609 2821 alii
3703 2763 3840 2821 veri

2220 2868 2497 2925 christiani
2543 2867 2799 2939 qumlibet
2852 2873 3238 2920 tormentorum
3291 2876 3492 2932 genera
3543 2860 3835 2931 experiri,

2218 2969 2275 3017 et
2322 2960 2503 3016 necari
2559 2959 2910 3023 maluerunt,
2961 2971 3120 3027 quam
3172 2953 3312 3009 hanc
3358 2951 3604 3007 traditam
3646 2950 3756 3006 sibi
3804 2965 3838 3005 a

2216 3052 2433 3110 Christo
2497 3052 2722 3122 ejusque
2787 3047 3111 3116 discipulis,
3176 3045 3244 3101 de
3316 3044 3562 3115 ejusdem
3621 3040 3840 3099 Christi

2216 3147 2501 3203 divinitate
2556 3154 2612 3201 et
2675 3143 3035 3199 sanctissima:
3082 3139 3363 3196 Trinitatis
3390 3141 3649 3211 mysterio
3689 3137 3833 3193 doc-

518 3257 644 3296 sona
672 3241 906 3310 quaedam
945 3239 1105 3295 videri
1148 3245 1328 3311 possit,
1374 3251 1421 3296 et
1478 3243 1554 3296 ita
1597 3244 1767 3314 capiat
1807 3245 2185 3311 secundusaC
2220 3242 2425 3298 trinam'
2473 3237 2748 3294 ullomodo
2797 3235 3074 3291 inﬁrmare
3129 3242 3220 3289 aut
3267 3232 3632 3288 dissimulare.
3693 3230 3838 3287 Nul-

517 3329 632 3388 Deo
651 3333 974 3401 constitutus,
998 3332 1128 3387 duos
1156 3332 1367 3403 e/ﬁcere,
1392 3333 1604 3390 Patrem
1631 3348 1675 3391 et
1704 3335 1920 3407 Filium,
1950 3337 2115 3395 Deum

518 3435 566 3479 et
598 3423 917 3481 Sermonem.
1120 3420 1128 3427 ’

591 3517 779 3573 Finem
813 3527 962 3574 certe
1004 3516 1215 3573 dicendi
1248 3534 1354 3574 non
1392 3519 1715 3587 faceremus.
1747 3522 1792 3579 si
1827 3523 2005 3579 omnia
2061 3533 2118 3580 et

520 3609 735 3681 singula
766 3610 928 3679 illius,
958 3624 1169 3665 sacrum
1202 3610 1483 3669 Trinitatis
1520 3617 1832 3687 mysterium
1860 3616 2117 3674 adversus

520 3701 784 3760 Praxeam
824 3712 931 3760 tam
963 3714 1109 3761 recte
1150 3723 1313 3777 quam
1353 3708 1559 3765 diserte
1593 3713 1917 3777 asserentis,
1953 3711 2115 3767 verba

519 3786 785 3857 vellemus
817 3805 1179 3861 transcribere
1217 3814 1271 3861 et
1302 3805 1610 3862 enucleare.
1644 3806 2003 3876 Quamobrem
2049 3822 2118 3864 ne

519 3892 692 3950 simus
745 3894 1047 3967 longiores,
1099 3913 1160 3954 ea
1214 3898 1469 3955 duntaxat
1522 3900 1871 3971 adjiciemus,
1925 3900 2117 3971 quibus

518 3984 700 4042 adhuc
722 3987 959 4044 ostendit
986 3998 1094 4046 tres
1142 3991 1299 4046 unius
1341 3991 1644 4049 divinitatis
1685 3994 1736 4048 in
1778 3995 2117 4049 sanctissima

520 4077 786 4136 Trinitate
832 4096 953 4138 esse
981 4069 1278 4153 personas:
1308 4082 1564 4151 Christus,
1615 4086 1806 4157 inquit,
1850 4087 2119 4141 novissime

520 4172 793 4239 mandans,
835 4184 889 4228 ut
917 4174 1200 4247 tinguerent
1229 4179 1283 4232 in
1330 4176 1557 4243 Patrem,
1594 4187 1640 4233 et
1670 4176 1887 4245 Filium,
1911 4188 1959 4232 et
1987 4177 2116 4248 Spi-

522 4265 679 4318 ritum
719 4276 973 4335 sanctum,
1010 4285 1111 4324 non
1139 4270 1192 4324 in
1220 4287 1343 4335 uno,
1377 4287 1466 4325 nec
1502 4270 1677 4336 semel,
1701 4270 1790 4325 sed
1817 4279 1891 4325 ter
1915 4272 1985 4324 ad
2006 4272 2117 4325 sin-

520 4362 644 4432 gula
711 4362 917 4417 nomina
988 4380 1231 4435 personas
1298 4367 1527 4437 singulas
1570 4364 1757 4435 (Ibid.
1832 4381 1947 4434 cap.
1995 4365 2115 4437 ι337).

522 4452 695 4509 Unam
723 4469 851 4509 vero
879 4470 999 4511 esse
1020 4456 1178 4511 trium
1207 4456 1420 4511 illarum
1470 4471 1820 4527 personarum
1867 4457 2119 4513 substan-

526 4546 654 4601 tiam
681 4556 737 4601 et
774 4546 1111 4605 divinitatem
1159 4549 1517 4607 disertissime
1549 4566 1651 4603 non
1685 4549 1856 4604 sohun
1886 4550 1939 4603 in
1983 4549 2118 4605 locis

2218 3338 2302 3393 lus
2366 3349 2495 3407 ergo
2545 3330 2823 3388 dubitandi
2883 3330 3032 3385 locus
3090 3339 3195 3396 εει,
3239 3327 3367 3398 quin
3419 3342 3544 3383 vera
3587 3325 3659 3380 sit
3709 3322 3843 3380 huic

2219 3428 2458 3501 ejusdem
2490 3424 2801 3482 Tertulliani
2833 3431 2887 3479 et
2922 3421 3205 3478 catholica:
3257 3419 3519 3475 Ecclesia:
3548 3417 3829 3484 doctrina,

2217 3519 2502 3593 qumltunc
2542 3518 2595 3573 in
2643 3516 2859 3572 modum
2911 3530 2939 3568 a
2984 3514 3151 3571 sacris
3179 3512 3535 3583 scriptoribus
3581 3508 3837 3576 adserta,

2218 3620 2633 3682 constanterque
2670 3623 2733 3664 ac
2795 3615 3055 3679 perpetuo
3103 3614 3313 3662 servata
3373 3611 3830 3676 propugnataque

2219 3706 2337 3761 fuit.

2820 3828 3112 3871 ARTICULUS
3151 3829 3226 3869 IV.

2224 3936 2414 4004 Quibus
2440 3933 2719 3990 rationibus
2773 3931 3117 3986 Tertullianus
3167 3927 3428 4000 explicare
3474 3931 3687 3980 conatus
3738 3923 3819 3978 sit

2292 4029 2518 4083 divinam
2556 4034 2899 4095 a'lernamqtte
2927 4021 3056 4076 Filii
3084 4020 3185 4075 Dei
3206 4019 3614 4093 generationem,
3650 4024 3697 4071 et
3729 4030 3837 4071 cur

2292 4120 2400 4186 ille,
2422 4135 2525 4173 non
2553 4132 2667 4172 vero
2698 4115 2931 4186 Spiritus
2976 4124 3183 4169 sanctus
3203 4155 3217 4180 ,
3250 4110 3419 4168 Filius
3445 4109 3543 4165 Dei
3563 4108 3789 4163 dicatur.

2293 4275 2435 4332 Satis
2461 4273 2794 4332 Tertulliano
2818 4289 2925 4329 non
2954 4270 3052 4328 fuit
3077 4287 3229 4328 suam
3260 4278 3316 4327 et
3345 4269 3509 4325 totius
3536 4265 3826 4323 catholica:

2221 4368 2479 4425 Ecclesia:
2526 4366 2595 4423 de
2646 4381 2899 4438 suprema
2938 4365 3062 4421 Filii
3121 4365 3214 4420 Dei
3259 4374 3316 4420 et
3369 4362 3601 4434 Spiritus
3638 4359 3827 4416 Sancti

2221 4462 2498 4518 divinitate
2524 4460 2848 4516 sententiam
2870 4474 2966 4527 eo,
2999 4474 3108 4525 quo
3137 4457 3372 4513 vidimus
3400 4455 3539 4527 (Art.
3570 4452 3773 4525 super.)
3797 4493 3817 4520 ,

2221 4553 2383 4610 modo
2409 4554 2706 4625 expositam
2752 4552 2891 4609 tueri
2934 4567 2997 4624 ae
3050 4551 3376 4617 vindicare;
3427 4547 3522 4604 sed
3551 4545 3830 4618 explicare

516 4638 628 4707 jam
655 4640 853 4707 citatis,
887 4640 979 4696 sed
1024 4642 1076 4695 in
1118 4641 1228 4697 alio
1255 4641 1429 4697 adhuc
1466 4641 1634 4696 edixit
1664 4641 1826 4707 libro,
1857 4657 2016 4712 quem
2046 4641 2115 4696 ab
2139 4642 2193 4703 D
2219 4647 2378 4703 etiam
2409 4653 2633 4701 conatus
2660 4654 2765 4713 est,
2819 4660 2915 4701 cur
2942 4644 3177 4701 Verbum
3219 4653 3274 4700 et
3322 4641 3481 4699 Ratio
3512 4640 3608 4697 Dei
3664 4652 3833 4695 verus

521 4749 607 4799 eo,
643 4750 764 4790 cum
806 4736 964 4789 etiam
1003 4734 1251 4790 hit-resina
1292 4732 1731 4789 Montanistarum
1772 4745 2111 4805 sequeretur,

524 4826 882 4896 compositum
914 4824 1079 4881 fuisse
1109 4825 1287 4879 nullus
1314 4824 1539 4879 dubitat.
1571 4823 1646 4879 lbi
1678 4825 1819 4879 enim
1868 4826 1983 4881 hare
2027 4825 2117 4881 ille

526 4920 744 4992 scripsit
775 4938 788 4975 :
820 4920 1052 4974 Ecclesia
1082 4920 1291 4990 proprie
1313 4918 1423 4987 ipse
1458 4928 1531 4973 est
1564 4916 1810 4987 Spiritus,
1842 4920 1896 4975 in
1919 4936 2019 4990 quo
2044 4930 2117 4975 est

410 5069 425 5085 ,
524 5013 776 5079 Trinitas,
805 5012 908 5067 sive
944 5022 1044 5065 tres
1085 5025 1316 5083 personae
1340 5011 1491 5064 unius
1512 5011 1811 5078 divinitatis,
1857 5011 2034 5080 Pater,
2070 5021 2119 5066 et

526 5104 695 5162 Filius
722 5148 737 5170 ,
789 5116 837 5160 et
893 5104 1124 5175 Spiritus
1177 5110 1384 5157 sanctus
1414 5101 1614 5176 (Idem,
1644 5103 1732 5160 lib.
1782 5105 1845 5160 de
1884 5103 2114 5161 Pudicit.

522 5215 639 5267 cap.
670 5197 787 5270 9-1).
1407 5212 1421 5224 ’

600 5291 769 5346 Porro
796 5298 974 5345 autem
1002 5304 1069 5345 ex
1095 5287 1178 5344 his
1198 5288 1470 5356 omnibus,
1505 5307 1625 5363 qua:
1651 5291 1912 5349 hactenus
1934 5293 1988 5349 in
2020 5293 2121 5349 hoc

522 5395 577 5441 ct
596 5384 855 5456 superiori
878 5383 1107 5439 articulo
1128 5382 1394 5453 disputata
1413 5394 1558 5457 sunt,
1580 5386 1731 5453 satis,
1753 5387 1825 5441 uti
1845 5398 2117 5459 putamus,

526 5477 805 5532 evidenter
847 5476 1116 5547 colligitur
1146 5492 1334 5533 sanam
1374 5478 1593 5533 omnino
1642 5478 1906 5550 planeque
1943 5479 2121 5535 ortho-

527 5570 720 5624 doxam
751 5567 915 5623 fuisse
945 5569 1278 5637 Tertulliani,
1305 5572 1418 5628 sive
1435 5571 1681 5628 catholici
1698 5574 1811 5630 sive
1854 5572 2122 5629 montani-

529 5673 647 5724 sttc.
668 5663 720 5719 id
735 5673 836 5729 est,
862 5678 958 5734 per
988 5672 1153 5719 telum
1194 5664 1317 5719 vita:
1364 5681 1473 5720 sure
1506 5677 1739 5738 tempus,
1772 5667 1839 5723 de
1865 5681 2120 5737 suprema

531 5755 648 5810 Filii
676 5756 764 5813 Dei
791 5757 1129 5829 Spiritusque
1176 5761 1345 5815 Sancti
1369 5760 1665 5827 divinitate,
1691 5761 1948 5817 eteadem
1972 5763 2121 5831 ipso-

531 5865 653 5905 rum
681 5865 800 5907 cutn
826 5861 1028 5907 aeterno
1056 5852 1164 5910 Deo
1193 5852 1350 5909 Patre
1378 5855 1698 5923 suhStantia,
1752 5871 1814 5912 ac
1853 5854 2123 5911 distinctis

2222 4740 2339 4809 ejus
2370 4738 2538 4795 Filius
2565 4739 2637 4794 sit
2666 4748 2722 4795 et
2751 4738 2859 4795 dici
2889 4738 3102 4794 debeat.
3135 4737 3318 4793 Palam
3364 4735 3545 4806 itaque
3570 4731 3826 4789 omnibus

2221 4832 2459 4889 declarat
2478 4832 2646 4888 Deum
2667 4874 2682 4900 ,
2710 4847 2778 4888 eo
2805 4832 2921 4902 ipso
2941 4831 3091 4903 'quod
3115 4831 3259 4887 Deus
3286 4838 3400 4896 est,
3428 4842 3643 4899 semper
3660 4834 3824 4898 atque

2222 4927 2289 4982 ab
2310 4926 2453 4980 omni
2471 4924 2770 4981 aeternitate
2784 4924 2948 4980 fuisse
2974 4924 3287 4999 rationalem
3302 4922 3513 4994 (Ibid).
3539 4921 3672 4976 Cum
3690 4923 3825 4991 ergo

2224 5020 2342 5075 sine
2388 5019 2598 5074 ratione
2646 5032 2766 5074 esse
2794 5031 2900 5072 non
2941 5017 3143 5088 possit,
3183 5016 3251 5070 ab
3298 5015 3487 5071 eadem
3518 5013 3826 5070 aeternitate

2224 5114 2445 5187 protulit
2470 5111 2915 5181 Sermonem,qui
2943 5110 3163 5182 quidem
3194 5109 3391 5166 Sermo
3413 5109 3607 5185 melius
3633 5107 3826 5175 latine,

2225 5207 2675 5280 quemadmodum
2702 5206 3079 5261 annotavimus
3101 5245 3116 5271 ,
3145 5204 3306 5260 Ratio
3333 5202 3594 5276 appellari
3623 5201 3830 5258 debue-

2224 5311 2327 5357 rat.
2362 5301 2579 5356 Divinus
2608 5308 2783 5353 autem
2814 5297 2904 5352 ille
2945 5296 3137 5353 Sermo
3162 5312 3267 5352 non
3295 5305 3380 5353 est
3418 5294 3663 5368 quaedam
3694 5294 3829 5363 artic

2225 5394 2400 5450 culata
2421 5434 2435 5456 .
2464 5392 2618 5447 sicuti
2647 5391 2878 5445 hominis
2908 5405 3009 5450 vox
3032 5432 3046 5455 ,
3090 5389 3176 5444 vel
3227 5389 3446 5461 quidam
3474 5404 3641 5445 sonus
3670 5387 3786 5442 oris
3808 5427 3825 5453 ,

2225 5500 2385 5541 aerve
2420 5496 2739 5555 percussus,
2783 5490 2947 5550 atque
2976 5484 3048 5536 ita
3093 5481 3278 5537 nescio
3324 5480 3450 5553 quid
3492 5493 3723 5535 vacuum
3767 5484 3830 5535 et

2228 5578 2432 5640 inane;
2482 5574 2575 5629 sed
2624 5573 2816 5636 habet,
2878 5574 3091 5644 inquit,
3148 5574 3414 5645 propriam
3482 5570 3825 5627 substantiam

2227 5669 2461 5741 spiritum
2503 5666 2768 5737 (Tertull.
2823 5666 3090 5739 Apologet.
3151 5683 3265 5737 cap.
3309 5665 3371 5721 21
3425 5667 3465 5737 ).
3516 5664 3652 5734 Quia
3694 5678 3825 5721 vero

2228 5762 2281 5817 id
2331 5760 2399 5815 ab
2429 5760 2680 5816 hscretico
2730 5759 2932 5816 Praxea
2976 5761 3306 5829 negabatur,
3336 5768 3523 5816 contra
3573 5774 3697 5816 eum
3742 5757 3824 5814 sic

2229 5853 2505 5926 disputat,
2537 5851 2830 5926 probatque
2860 5852 3001 5909 hunc
3031 5852 3122 5909 Dei
3144 5853 3461 5912 Sermonem
3486 5867 3608 5910 esse
3633 5864 3822 5909 veram
