4092 6352
290 301 402 366 855

1435 301 1886 364 DISSERTATIO
1925 302 1986 360 D.
2028 305 2116 362 LE
2155 300 2460 364 NOUIIRY.

3487 298 3594 363 854

291 424 645 481 substantiam
677 442 690 479 :
718 423 852 491 Quid
875 432 948 477 est
974 422 1105 477 enim
1122 466 1137 492 ,
1171 423 1307 478 dices
1329 466 1343 491 ,
1367 441 1532 479 sermo
1553 467 1567 492 ,
1593 425 1690 504 nisi
1721 441 1815 479 vos:
1837 436 1881 478 et
1911 424 1963 484 A
1987 423 2150 480 dividi
2183 440 2288 481 non
2321 435 2494 496 potest
2521 424 2919 495 simplicissima
2945 423 3042 478 Dei
3072 422 3368 479 substantia
3391 465 3406 489 ,
3453 423 3594 479 sicut

291 533 446 572 sonus
466 517 568 571 oris
587 559 602 583 ,
634 526 679 571 et
708 517 836 570 sicut
859 515 1177 586 grammatici
1209 516 1416 569 tradunt
1435 557 1448 581 ,
1495 532 1584 570 aer
1621 515 1846 583 offensus
1875 557 1889 581 ,

291 610 626 682 intelligibilis
667 610 848 664 auditu
871 652 886 677 ,
919 619 1185 677 crateram,
1220 627 1434 664 vacuum
1459 611 1628 665 nescio
1658 610 1812 680 quid,
1845 619 1892 665 et

293 702 479 770 inane,
513 712 560 757 et
582 702 919 773 incorporale.
949 703 1012 756 At
1034 718 1125 774 ego
1148 703 1278 756 nihil
1308 703 1424 756 dico
1446 707 1508 756 de
1536 701 1642 756 Dea
1669 703 1821 758 inane
1842 713 1894 757 et

292 811 507 850 uacuum
538 797 742 867 prodire
769 797 1022 868 potuisse,
1047 805 1102 850 ut
1133 813 1233 851 non
1263 795 1327 852 de
1352 797 1496 851 inani
1525 808 1572 852 et
1593 814 1750 852 uacuo
1774 816 1893 869 pro-

293 889 454 945 latum
475 932 489 956 ,
521 907 612 946 nec
651 907 824 945 carere
849 890 1160 956 substantia,
1193 889 1330 960 quod
1357 890 1419 943 de
1441 900 1583 944 tanta
1610 891 1892 946 substantia

292 984 572 1053 processit,
602 993 648 1038 et
677 993 846 1038 tantas
871 982 1178 1037 substantias
1205 984 1346 1054 fecit.
1368 981 1510 1037 Fecit
1541 984 1735 1038 enimet
1759 985 1887 1055 ipse,

292 1091 407 1147 qua:
433 1076 570 1146 facta
595 1085 712 1130 sunt
729 1092 821 1147 per
836 1076 999 1130 illum.
1027 1075 1192 1144 Quale
1209 1085 1280 1131 est
1309 1085 1365 1130 ut
1391 1076 1520 1130 nihil
1537 1077 1600 1130 sit
1620 1119 1634 1142 ,
1657 1077 1766 1132 sine
1792 1094 1891 1148 quo

293 1165 426 1220 nihil
450 1171 641 1238 factum
664 1179 770 1233 est;
802 1177 855 1221 ut
885 1167 1054 1221 inanis
1083 1167 1251 1221 solida
1277 1210 1290 1232 ,
1316 1179 1362 1221 et
1387 1184 1574 1222 vacuus
1601 1167 1752 1239 plena
1779 1209 1792 1234 ,
1845 1178 1890 1224 et

291 1257 630 1331 incorporalis
671 1261 964 1331 corporalia
1015 1261 1078 1315 sit
1121 1262 1397 1332 operatus?
1431 1260 1570 1316 Nunt
1608 1263 1699 1317 etsi
1730 1271 1890 1334 potest

291 1353 570 1425 aliquando
597 1355 721 1426 quid
748 1354 859 1423 ﬁeri
885 1355 1138 1410 diversum
1178 1357 1288 1428 ejus
1337 1373 1426 1427 per
1465 1356 1601 1427 quod
1637 1357 1732 1424 fit;
1761 1357 1892 1412 nihil

293 1457 461 1502 tamen
502 1458 663 1520 potest
707 1449 822 1518 ﬁeri
851 1465 940 1520 per
965 1449 1050 1514 id,
1099 1449 1235 1518 quod
1279 1465 1494 1504 vacuum
1521 1460 1569 1504 et
1609 1451 1760 1505 inane
1791 1460 1884 1505 est.

304 1538 473 1595 Vacua
502 1551 548 1595 et
574 1541 744 1595 inanis
774 1557 854 1596 res
899 1551 972 1596 est
1014 1540 1196 1596 Sermo
1227 1531 1358 1610 Dei,
1389 1545 1476 1614 qui
1507 1541 1676 1598 Filius
1720 1544 1887 1598 dictus
1921 1580 1924 1582 -

291 1641 365 1685 est
386 1673 400 1695 ,
429 1633 518 1702 qui
561 1633 670 1702 ipse
710 1630 849 1686 Deus
875 1633 1262 1704 cognominatus
1291 1636 1401 1690 est?
1430 1651 1498 1690 ετ
1525 1650 1698 1690 senuo
1743 1652 1884 1691 sun

288 1739 428 1779 APUD
457 1740 598 1779 nuun
616 1766 629 1790 ,
657 1741 727 1780 ετ
756 1740 886 1779 usus
904 1740 1044 1780 ERAT
1067 1741 1240 1782 suane
1268 1725 1437 1798 (Idem
1459 1727 1546 1781 lib.
1573 1729 1688 1782 adv.
1718 1728 1880 1784 Prax.

286 1831 407 1887 cap.
441 1813 538 1888 7)?
564 1815 639 1870 Ea
685 1831 814 1888 ergo
856 1819 1316 1887 argumentatione
1342 1820 1576 1875 ostendit
1605 1821 1841 1878 Verbum
1870 1864 1884 1890 ,

286 1907 400 1963 sive
425 1907 742 1966 Sermonem
790 1925 853 1965 ac
883 1910 1164 1966 Rationem
1198 1911 1327 1977 Dei,
1355 1927 1459 1966 non
1511 1927 1632 1970 esse
1681 1913 1882 1985 aliquid

285 2001 448 2060 inane
473 2012 526 2058 et
555 2017 778 2058 vacuum
805 2045 821 2071 ,
849 2004 943 2059 sed
978 2019 1159 2060 verum
1191 2004 1562 2060 substantiam.

359 2097 518 2168 Atqui
547 2097 669 2153 ideo
717 2097 803 2153 hic
828 2113 1008 2155 sermo
1032 2097 1242 2154 divinus
1281 2114 1405 2156 vera
1441 2109 1525 2155 est
1549 2101 1846 2157 substantia
1869 2144 1884 2170 ,

287 2193 376 2264 qui
402 2208 432 2247 a
463 2193 574 2249 Deo
610 2195 849 2266 prolatus
877 2207 979 2251 est.
1013 2196 1145 2252 Nam
1174 2213 1296 2251 eum
1319 2239 1335 2264 ,
1360 2197 1530 2267 inquit
1559 2198 1649 2253 ille
1671 2240 1685 2266 ,
1711 2202 1886 2269 prola-

289 2287 424 2340 tione
448 2299 775 2359 generatum,
815 2298 859 2343 et
888 2290 1078 2344 idcirco
1112 2288 1307 2344 Filium
1338 2289 1434 2345 Dei
1471 2290 1718 2347 dicimus.
1752 2292 1886 2347 Pro-

211 2365 214 2368 ’
288 2378 426 2434 latus
455 2388 636 2435 autem
663 2396 689 2434 a
721 2381 904 2437 divino
935 2382 1089 2437 Patre
1118 2397 1216 2437 suo
1241 2425 1255 2448 ,
1303 2398 1368 2438 ex
1416 2382 1584 2453 ipsius
1616 2383 1888 2439 intellectu

288 2480 538 2544 tanquam
569 2490 631 2528 ex
661 2475 902 2541 matrice,
938 2474 1171 2544 prodiit,
1202 2484 1360 2546 atque
1408 2475 1529 2530 ideo
1558 2486 1845 2546 generatus
1871 2518 1887 2544 ,

289 2575 345 2622 et
372 2581 531 2622 verus
563 2567 654 2621 Dei
687 2566 854 2622 Filius
879 2578 980 2623 est.
1009 2563 1220 2623 Etenim
1259 2569 1359 2623 hac
1399 2569 1511 2638 ipsa
1544 2570 1890 2639 generatione

289 2673 400 2715 non
427 2659 597 2715 solum
619 2659 809 2714 similis
829 2659 999 2724 Patri,
1033 2660 1125 2715 sed
1143 2659 1330 2716 eadem
1359 2676 1570 2731 quoque
1595 2670 1677 2716 est
1699 2662 1894 2717 utrius-

293 2767 398 2822 que
424 2753 742 2808 substantia.
774 2751 889 2807 Non
919 2753 1059 2808 enim
1112 2753 1200 2808 ille
1221 2796 1235 2819 ,
1284 2753 1452 2824 inquit
1481 2795 1496 2818 ,
1526 2752 1696 2808 Filius
1739 2753 1829 2808 Dei
1861 2771 1892 2807 a

295 2843 472 2900 Patris
498 2845 708 2899 matrice
733 2847 955 2909 recessit,
989 2845 1079 2898 sed
1105 2845 1330 2901 excessit.
1351 2844 1612 2912 Quoniam
1640 2860 1766 2901 vero
1793 2863 1892 2901 non
1937 2907 1940 2910 ,

293 2937 532 3001 recessit,
565 2935 808 2992 eamdem
839 2952 901 2991 ac
952 2937 1039 2991 ille
1087 2937 1245 2992 habet
1275 2936 1626 2991 substantiam
1652 2955 1667 3004 ;
1698 2939 1892 3010 etquia

294 3029 363 3084 ab
389 3045 453 3085 eo
480 3029 712 3100 prodivit
734 3071 749 3097 ,
783 3028 922 3084 illius
953 3039 1034 3084 est
1065 3027 1233 3084 Filius
1266 3027 1434 3100 (Idem
1465 3030 1735 3101 Apologet.
1772 3047 1889 3102 cap.

292 3122 354 3178 21
381 3164 396 3189 ,
429 3139 549 3194 pag.
583 3121 696 3194 21).

1996 534 2096 575 nec
2127 520 2310 591 plures
2336 520 2408 575 dii
2453 536 2573 576 esse
2611 529 2854 590 possunt.
2887 518 3249 586 Quamobrem
3279 517 3367 572 ille
3396 515 3590 572 iterum

1996 610 2163 667 dicit:
2200 611 2368 667 Omne
2392 612 2529 682 quod
2559 614 2728 683 prodit
2773 629 2835 666 ea:
2857 613 3029 682 aliquo
3050 655 3065 677 ,
3095 610 3372 665 secundum
3401 609 3463 664 sit
3484 612 3593 681 ejus

1995 722 2193 761 necesse
2221 717 2292 760 est
2333 706 2395 761 de
2422 723 2520 777 quo
2552 706 2718 777 prodit
2740 723 2759 771 ;
2781 723 2882 761 non
2911 706 3024 760 ideo
3065 717 3231 759 tamen
3276 713 3590 774 separatum.

1996 797 2265 854 Secundus
2289 809 2457 853 autem
2497 799 2580 852 ubi
2607 807 2678 852 est
2702 839 2716 863 ,
2765 799 2867 852 duo
2904 806 3020 852 sunt
3047 813 3065 862 ;
3095 807 3142 851 et
3171 798 3344 850 tertius
3373 796 3456 848 ubi
3487 804 3590 863 est,

1995 900 2094 945 tres
2137 900 2272 945 sunt.
2305 890 2506 945 Tertius
2545 891 2677 945 enim
2706 901 2777 944 est
2807 891 3035 959 Spiritus
3075 907 3106 942 a
3156 887 3301 957 Deo,
3347 888 3596 944 videlicet

1994 985 2154 1041 Patre
2181 996 2234 1040 et
2264 984 2402 1040 Filio
2427 1027 2442 1052 ,
2473 986 2601 1040 sicut
2627 985 2802 1040 tertius
2827 1001 2860 1037 a
2885 985 3059 1038 radice
3094 988 3290 1054 fructus
3312 999 3373 1038 ea:
3411 983 3595 1056 frutice

1995 1077 2156 1147 (Ibid.
2179 1095 2296 1149 cap.
2341 1076 2440 1148 8).
2469 1078 2585 1133 Duo
2637 1089 2816 1133 autem
2868 1075 2939 1132 ibi
2980 1077 3177 1140 docet,
3221 1092 3340 1147 qua:
3389 1083 3596 1130 attento

1993 1182 2139 1226 certe
2197 1171 2378 1226 animo
2462 1170 2794 1226 observanda
2877 1179 3020 1226 sunt.
3108 1169 3246 1224 Dicit
3295 1169 3435 1223 enim
3483 1167 3595 1239 pri-

1995 1278 2083 1318 mo
2127 1262 2320 1318 Filium
2355 1263 2446 1319 Dei
2495 1264 2693 1331 alium,
2735 1272 2790 1318 et
2835 1262 3026 1318 ordine
3069 1260 3364 1317 secundum
3391 1275 3511 1316 esse
3562 1275 3594 1316 a

1961 1354 2152 1411 'Patre
2176 1370 2306 1421 suo;
2330 1355 2451 1426 quia
2483 1357 2599 1426 ejus
2632 1365 2716 1411 est
2743 1365 2977 1410 aeternus
3001 1356 3211 1417 Sermo,
3240 1353 3328 1425 qui
3362 1370 3424 1409 cx
3451 1353 3596 1408 illius

1991 1447 2266 1504 intellectu
2294 1457 2347 1502 et
2367 1448 2694 1516 cogitatiOne
2723 1446 2958 1517 prodivit
2979 1490 2992 1514 ,
3017 1458 3177 1516 atque
3208 1446 3407 1501 ideirco
3430 1444 3595 1500 Filius

1990 1540 2104 1611 ejus
2129 1551 2230 1596 est.
2263 1539 2512 1596 Secundo
2528 1541 2599 1595 ait
2625 1541 2884 1612 Spiritum
2913 1549 3156 1596 sanctum
3179 1555 3298 1595 esse
3331 1539 3545 1594 tertium
3569 1553 3584 1604 ;

1989 1635 2111 1705 quia
2156 1635 2222 1691 ab
2271 1646 2501 1706 utroque
2550 1635 2709 1690 Patre
2758 1643 2812 1690 ct
2855 1633 2992 1688 Filio
3034 1633 3306 1705 procedit,
3341 1642 3590 1702 tanquam

1989 1728 2177 1783 tertius
2196 1726 2398 1783 fructus
2426 1744 2493 1783 ex
2522 1729 2700 1784 radice
2727 1738 2781 1783 et
2828 1727 3019 1782 frutice
3069 1726 3258 1782 oritur.
3289 1728 3356 1782 At
3377 1740 3498 1780 cum
3525 1724 3596 1780 ibi

1918 1826 1965 1887 B
1996 1835 2101 1874 non
2127 1833 2278 1874 suam
2303 1829 2506 1874 tantum
2529 1861 2543 1887 ,
2578 1819 2671 1874 sed
2695 1819 2856 1874 totius
2886 1818 3141 1874 Ecclesia:
3167 1817 3446 1874 catholicae
3471 1831 3596 1872 sen-

1995 1911 2212 1968 tentiam
2239 1923 2426 1967 contra
2452 1911 3034 1967 Praxcamluereticum
3062 1912 3319 1982 explicet.
3349 1925 3412 1966 ac
3439 1919 3594 1966 tuea-

1992 2015 2079 2061 tur
2098 2049 2113 2073 ,
2142 2005 2265 2062 inde
2294 2005 2532 2078 profecto
2557 2007 2823 2077 colligitur
2845 2005 2990 2060 illam
3021 2021 3050 2059 a
3077 2003 3385 2060 Christianis
3408 2003 3590 2058 omni-

1991 2097 2091 2154 bus
2121 2098 2476 2165 orthodoxis,
2517 2109 2678 2170 atque
2717 2098 2838 2152 aliis
2880 2096 3042 2152 etiam
3089 2113 3192 2151 non
3242 2096 3468 2163 eodem,
3495 2106 3590 2152 aut

1991 2193 2154 2249 simili
2179 2208 2242 2248 ac
2280 2193 2516 2250 Praxeas
2581 2209 2768 2250 errore
2829 2191 3039 2248 infectis
3071 2200 3336 2247 assertam
3381 2204 3442 2244 ac
3467 2205 3596 2261 pro-

1993 2293 2300 2357 pugnatam.

2069 2376 2264 2431 Verum
2326 2375 2542 2446 quidam
2600 2376 2860 2446 objiciunt
2914 2376 2984 2431 ibi
3037 2374 3430 2431 Tertullianum
3485 2389 3593 2430 non

1995 2484 2153 2540 agere
2176 2469 2244 2524 de
2271 2469 2501 2540 Spiritus
2538 2470 2711 2525 sancti
2743 2470 2952 2542 origine
2971 2512 2984 2536 ,
3009 2469 3105 2524 sed
3136 2469 3203 2524 de
3240 2484 3590 2539 personarum

1995 2559 2091 2617 SS.
2126 2561 2406 2616 Trinitatis
2431 2562 2620 2616 ordine
2640 2605 2656 2628 ,
2681 2562 2731 2616 in
2764 2577 2870 2631 quo
2897 2561 2984 2616 ille
3013 2560 3201 2616 tertius
3235 2569 3355 2632 post
3381 2561 3596 2615 Patrem

1995 2655 2357 2710 constituitur.
2387 2655 2455 2710 At
2479 2671 2609 2722 cur,
2639 2669 2822 2726 quaeso
2845 2695 2859 2720 ,
2888 2655 2956 2710 ab
2979 2654 3043 2708 iis
3064 2693 3078 2717 ,
3109 2653 3201 2723 qui
3228 2654 3304 2707 sic
3335 2662 3588 2724 arguunt,

1997 2748 2194 2802 omissa
2223 2747 2370 2802 tuere
2393 2745 2506 2802 haec
2523 2747 2908 2818 subsequentia
2937 2747 3184 2801 Auctoris
3209 2746 3376 2801 nostri
3400 2745 3590 2804 verba:

1997 2841 2148 2898 Sicut
2198 2843 2376 2897 tertius
2421 2859 2453 2896 a
2481 2841 2656 2896 radice
2685 2842 2884 2911 [ructus
2929 2858 2990 2895 ea:
3016 2842 3235 2913 frutice,
3268 2848 3313 2893 et
3351 2840 3524 2894 tertius
3563 2852 3598 2894 α

1998 2936 2138 3007 {ante
2166 2937 2304 2990 rivus
2330 2952 2392 2990 ex
2435 2936 2653 3006 [lumine
2675 2975 2688 3000 ,
2720 2944 2766 2989 ct
2791 2935 2966 2989 tertius
2992 2951 3022 2988 a
3043 2934 3149 2990 sole
3171 2949 3304 3004 apex
3333 2949 3396 2988 ea:
3416 2933 3562 2987 radio
3581 2973 3598 3001 ,

1998 3028 2128 3082 nihil
2158 3037 2325 3083 tamen
2352 3045 2384 3082 a
2409 3028 2617 3082 matrice
2641 3027 2918 3095 alienatur,
2947 3043 3092 3097 aqua
3114 3027 3452 3097 proprietates
3475 3041 3596 3079 suas

1999 3119 2179 3174 ducit?
2200 3119 2388 3176 Nonne
2409 3131 2586 3176 autem
2610 3119 2726 3175 haec
2745 3119 2878 3175 satis
2896 3119 3186 3174 ostendunt
3209 3117 3362 3172 illum
3392 3132 3496 3173 non
3526 3116 3595 3173 de

365 3215 469 3270 Sed
500 3231 683 3270 rursus
739 3215 1127 3272 Tertullianum
1174 3217 1484 3282 audiamus,
1528 3218 1617 3288 qui
1665 3216 1716 3271 id
1765 3216 1890 3272 alibi
1920 3224 1964 3286 ί]
1999 3211 2116 3266 solo
2143 3212 2374 3283 Spiritus
2421 3212 2589 3268 sancti
2629 3211 2855 3274 ordine.
2905 3211 3000 3267 sed
3046 3211 3168 3282 ejus
3197 3211 3358 3266 etiam
3393 3209 3598 3280 origine

294 3305 510 3380 (Idem,
555 3305 643 3361 lib.
692 3308 892 3362 advers.
946 3306 1132 3374 Prax.,
1164 3325 1278 3381 cap.
1329 3309 1384 3379 8)
1445 3308 1684 3379 pluribus
1727 3323 1893 3364 sacra:

293 3401 584 3472 Scriptura:
651 3403 970 3458 testimoniis
1031 3404 1224 3457 asserit
1294 3417 1357 3457 ac
1410 3402 1692 3457 conﬁrmat
1743 3421 1756 3455 :
1817 3401 1896 3456 De

297 3513 432 3567 quo,
464 3496 669 3568 inquit,
709 3496 1026 3566 procedendo
1076 3495 1246 3550 Filius
1295 3499 1462 3565 [actus
1511 3504 1582 3550 est
1626 3537 1640 3561 ,
1700 3495 1894 3566 primo-

298 3589 529 3660 genitus,
580 3598 634 3643 ut
694 3600 815 3644 ante
868 3591 1038 3645 omnia
1086 3591 1318 3658 genitus,
1371 3600 1416 3644 et
1463 3591 1783 3661 unigenitus,
1842 3599 1897 3643 ut

295 3681 436 3736 solus
456 3698 517 3736 ex
537 3680 649 3736 Deo
675 3683 874 3754 genitus
899 3724 912 3748 ,
946 3683 1156 3753 proprie
1198 3683 1262 3736 de
1290 3682 1436 3736 vulva
1463 3681 1630 3737 cordis
1651 3723 1664 3749 ,
1698 3681 1748 3737 id
1777 3691 1860 3737 est
1880 3724 1895 3751 ,

298 3770 604 3830 intellectus
627 3817 642 3840 ,
666 3775 858 3843 ipsius‘,
887 3775 1165 3828 secundum
1183 3774 1320 3845 quod
1347 3785 1393 3828 et
1424 3774 1584 3829 Pater
1613 3775 1723 3843 ejus
1746 3785 1899 3830 testa-

297 3875 379 3919 tur
406 3865 753 3923 :Enucnvtr
781 3882 883 3924 con
920 3883 1069 3922 unus
1093 3882 1372 3923 santiones!
1412 3882 1646 3923 omnium
1671 3867 1894 3938 (Psalm.

296 3956 482 4025 XLIV,
509 3960 545 4013 2
574 3960 592 4031 )
619 3961 731 4015 :Ad
759 3977 906 4032 quem
922 3961 1158 4032 deinceps
1176 3961 1404 4032 gaudens
1422 3962 1474 4015 in
1496 3977 1709 4033 persona
1726 3960 1894 4015 illius:
1934 3958 1942 3963 ’

296 4051 478 4109 Fumus
510 4070 645 4110 usus
674 4071 735 4110 es
755 4071 845 4120 τυ,
880 4071 980 4111 nco
1009 4071 1172 4111 HODIE
1197 4071 1354 4112 GENUt
1383 4071 1450 4110 re
1487 4057 1504 4126 (
1541 4055 1684 4110 Psal.
1714 4055 1778 4120 II,
1803 4055 1856 4125 7)
1883 4073 1895 4110 :

295 4154 342 4202 et
368 4188 382 4212 ,
413 4163 550 4202 ANTE
583 4163 880 4204 Luetreuuu
928 4165 1084 4205 ceam
1137 4166 1205 4204 τε
1249 4150 1266 4220 (
1301 4148 1438 4203 Ibid.
1487 4147 1602 4204 CIX
1627 4190 1640 4213 ,
1695 4150 1776 4218 5).
1811 4147 1900 4203 Sic

298 4247 345 4293 et
378 4237 548 4292 Filius
597 4256 659 4293 ea:
688 4256 780 4293 sua
812 4257 1026 4310 persona
1055 4242 1322 4311 proﬁtetur
1350 4239 1560 4294 Patrem
1603 4239 1658 4293 in
1695 4239 1902 4294 nomine

299 4327 514 4398 Sophia:
534 4347 551 4382 :
586 4330 820 4386 Doumus
845 4346 1087 4388 common
1105 4349 1178 4387 ne
1208 4345 1406 4389 turnum
1431 4348 1629 4388 vuuuu
1651 4347 1702 4386 IN
1731 4347 1901 4388 ornus

299 4433 396 4475 sua
442 4419 461 4489 (
492 4419 571 4472 Ad
617 4419 776 4475 Hebr.
826 4440 940 4493 cap.
972 4423 994 4477 I
1026 4426 1065 4494 ).
1097 4426 1246 4479 ANTE
1277 4441 1448 4479 omnes
1486 4440 1666 4480 aurea
1704 4439 1902 4479 conus

301 4528 604 4569 causam”
646 4529 718 4568 ne
749 4514 767 4582 (
802 4512 1039 4571 Proverb.
1073 4533 1189 4586 cap.
1219 4517 1355 4582 VIII,
1404 4516 1538 4586 22).
1585 4519 1757 4588 Atque
1787 4518 1900 4572 haec

1998 3302 2190 3359 fecisse
2218 3305 2561 3360 sermonem?
2585 3305 2660 3360 Ibi
2689 3303 2953 3375 siquidem
2981 3304 3064 3359 his
3102 3303 3594 3372 Comparationihus

2000 3397 2257 3452 adversus
2285 3397 2548 3452 Praxeam
2575 3395 2911 3452 demonstrat
2936 3395 3129 3450 Filium
3167 3395 3290 3460 Dei,
3330 3393 3541 3450 etiamsi
3568 3409 3599 3450 a

1999 3485 2158 3542 Patre
2185 3502 2282 3543 suo
2312 3503 2418 3542 non
2461 3489 2530 3543 sit
2556 3496 2874 3559 separatus.
2905 3487 2972 3542 ab
3001 3502 3067 3542 eo
3116 3498 3293 3541 tamen
3327 3485 3446 3541 ideo
3490 3485 3600 3541 dis-

2001 3579 2165 3649 tingui
2186 3621 2200 3646 ,
2231 3581 2351 3650 quia
2383 3595 2533 3634 suam
2564 3580 2631 3635 ab
2662 3580 2779 3650 ipso
2805 3581 3068 3652 originem
3098 3580 3267 3635 ducit.
3303 3579 3437 3635 Tum
3467 3579 3593 3636 inde

1999 3671 2067 3725 ad
2103 3670 2331 3742 Spiritus
2352 3672 2520 3728 sancti
2545 3681 2720 3727 ortmn
2748 3672 3022 3742 delapsus,
3056 3672 3272 3738 eodem,
3302 3673 3374 3726 uti
3406 3670 3555 3727 vides
3575 3713 3591 3738 ,

2001 3764 2159 3836 plane
2208 3764 2368 3820 modo
2408 3774 2828 3836 argumentatur.
2873 3765 3006 3822 Tam
3053 3767 3214 3837 igitur
3252 3765 3322 3822 de
3371 3766 3600 3837 Spiritus

2002 3857 2202 3920 sancti,
2235 3872 2393 3926 quam
2427 3856 2542 3911 Filii
2566 3857 2770 3928 origine
2800 3857 3054 3928 disputat.

2077 3946 2280 4019 Urgent
2305 3948 2654 4004 nihilominus
2673 3964 2703 4002 a
2727 3949 3057 4004 'I‘ertulliano
3077 3959 3230 4005 antea
3257 3950 3594 4020 apertissime

2009 4039 2345 4110 prauuutiari
2403 4060 2417 4094 :
2471 4039 2657 4094 Ortum
2723 4039 2977 4112 Spiritum
3026 4058 3127 4095 non
3193 4041 3400 4095 aliunde
3443 4052 3599 4113 puto,

2006 4151 2158 4205 quam
2201 4151 2232 4187 a
2287 4133 2444 4188 Patre
2493 4150 2582 4206 per
2622 4131 2812 4189 Filium
2862 4133 3055 4206 (Idem,
3084 4135 3300 4206 cap.l).
3352 4134 3456 4190 Sed
3515 4145 3602 4189 at-

2006 4227 2167 4283 tende
2189 4269 2204 4293 ,
2237 4243 2419 4298 quaeso
2443 4269 2456 4292 ,
2497 4243 2656 4299 quam
2697 4243 2885 4300 parum
2939 4226 3277 4283 considerate
3327 4227 3442 4284 haec
3467 4229 3604 4300 obji-

2004 4323 2234 4378 ciantur.
2263 4320 2398 4376 Nam
2423 4321 2656 4376 Hilarius
2675 4363 2690 4389 ,
2721 4331 2780 4376 ut
2807 4321 2881 4376 illi
2912 4320 3168 4388 fatentur,
3192 4320 3393 4376 diserte
3420 4320 3602 4377 docuit

2004 4413 2260 4485 Spiritum
2300 4399 2542 4470 sanctum
2586 4429 2616 4468 a
2654 4413 2809 4469 Patre
2854 4424 2907 4469 et
2935 4413 3071 4468 Filio
3116 4411 3444 4484 procedere.
3477 4430 3598 4470 cum

2004 4511 2260 4579 scripsit:
2295 4509 2444 4574 Quod
2482 4509 2525 4563 si
2581 4507 2789 4577 di/j'erre
2828 4509 3115 4564 crederetur
3141 4509 3275 4582 inter
3299 4509 3528 4580 accipere
3571 4525 3604 4563 a

301 4607 413 4678 ipsa
440 4599 576 4661 ratio
603 4615 705 4673 est,
731 4621 824 4662 cur
850 4606 1112 4675 Verbum,
1143 4610 1250 4665 Seu
1278 4625 1459 4665 sermo
1487 4610 1612 4676 Dei,
1638 4625 1743 4665 non
1771 4624 1898 4664 vero
1923 4623 1976 4683 D
2005 4601 2146 4657 Filio
2166 4612 2215 4656 et
2241 4621 2272 4656 α
2304 4601 2464 4656 Patre
2491 4603 2764 4673 procedere
2783 4646 2797 4671 ,
2825 4613 2959 4659 certe
2986 4604 3040 4657 id
3062 4603 3230 4674 ipsum
3257 4613 3408 4672 atque
3442 4618 3602 4656 unum

297 4699 529 4770 Spiritus
559 4709 776 4756 sanctus
822 4701 922 4768 sit,
975 4701 1288 4772 dicaturque
1342 4701 1509 4759 Filius
1537 4703 1627 4757 Dei
1659 4721 1671 4757 :
1703 4712 1860 4772 atque
1880 4745 1894 4769 ,

297 4803 356 4849 ut
411 4793 527 4864 ipse
555 4793 915 4850 Tertullianus
955 4795 1063 4861 ait,
1108 4794 1210 4863 Qui
1252 4795 1404 4849 etiam
1459 4795 1664 4865 proprie
1717 4812 1898 4850 nomen

299 4885 425 4941 Filii
451 4888 668 4958 accepit,
686 4897 794 4942 tum
813 4887 936 4958 quia
951 4902 1146 4943 nomen
1165 4886 1295 4942 illud
1319 4888 1416 4959 ipsi
1445 4888 1497 4942 in
1525 4888 1693 4944 sacris
1718 4886 1898 4958 Scrip-

301 4979 434 5032 turis
463 4978 618 5034 datur
639 5021 654 5047 ,
688 4987 798 5034 tum
825 4979 985 5034 etiam
1015 4979 1138 5050 quia
1168 4981 1312 5050 prior
1335 4994 1363 5033 a
1390 4979 1506 5033 solo
1534 4979 1690 5035 Patre
1718 4995 1815 5036 suo
1843 4983 1896 5034 in

301 5077 506 5124 natura:
532 5071 936 5126 similitudinem
963 5080 1043 5127 cst
1072 5072 1283 5142 genitus
1304 5112 1318 5137 ,
1348 5079 1401 5127 et
1427 5071 1658 5143 Spiritus
1679 5083 1897 5128 sanctus

301 5162 370 5218 ab
396 5172 622 5233 utroque
653 5165 948 5234 processit,
980 5163 1432 5236 quemadmodum
1470 5181 1536 5221 ex
1564 5181 1685 5220 mox
1728 5165 1898 5220 citan-

301 5255 384 5311 dis
410 5253 650 5325 ejusdem
670 5255 986 5312 Tertulliani
1012 5258 1180 5313 nostri
1208 5258 1386 5314 verbis
1411 5257 1756 5314 manifestum
1777 5259 1896 5314 uui-

299 5349 494 5420 Cuique
521 5347 612 5404 ﬁet
641 5348 893 5419 (Tertull.
921 5350 1350 5408 lib.adv.Praxe.
1385 5369 1501 5424 cap.
1527 5353 1603 5424 8).

373 5441 480 5497 Sed
513 5443 764 5513 quamvis
803 5443 995 5498 Sermo
1027 5443 1120 5500 Dei
1149 5459 1176 5498 a
1205 5443 1363 5501 Patre
1390 5460 1490 5501 suo
1517 5457 1718 5504 aeterno
1756 5462 1896 5518 pro-

300 5539 462 5605 deat,
494 5539 581 5594 vel
612 5538 770 5594 sicuti
812 5538 886 5592 ait
928 5539 1044 5610 ipse
1069 5538 1468 5595 Tertullianus:
1500 5539 1624 5596 Non
1651 5541 1892 5612 aliunde,

299 5631 389 5687 sed
413 5631 478 5686 de
496 5630 780 5686 substantia
805 5628 984 5684 Patris
1031 5628 1326 5686 deducatur
1374 5630 1557 5705 (Ibid.
1611 5649 1729 5704 cap.
1761 5633 1797 5689 4
1831 5634 1891 5704 ),

299 5723 406 5781 hoc
464 5733 600 5791 est,
659 5725 863 5780 oriatur
921 5738 988 5779 ex
1043 5724 1162 5794 ejus
1215 5725 1536 5796 cogitatione
1587 5735 1644 5783 et
1697 5727 1895 5784 intelli-

300 5819 480 5894 gentia
499 5861 516 5892 ,
545 5835 650 5882 non
675 5819 876 5878 idcirco
901 5826 1078 5903 tamen
1105 5817 1174 5876 ab
1195 5818 1289 5879 illo
1318 5828 1596 5893 separatus
1625 5829 1725 5882 est.
1751 5819 1888 5881 Nam

2002 4712 2110 4750 esse
2137 4695 2504 4750 existimabitur
2543 4715 2574 4749 a
2608 4695 2747 4751 Filio
2773 4698 3002 4767 accipere
3027 4695 3166 4768 quod
3205 4695 3269 4749 sit
3300 4695 3532 4765 accipere
3569 4712 3601 4748 a

2001 4789 2161 4847 Patre
2191 4788 2392 4860 (lIitar.
2436 4790 2475 4844 l.
2522 4789 2576 4845 8.
2623 4791 2685 4844 de
2736 4789 2878 4846 Trin.
2922 4789 2951 4862 ᾗ
2998 4790 3115 4860 20).
3149 4789 3305 4859 Atqui
3345 4789 3604 4858 scriptum

2000 4885 2068 4940 ab
2093 4885 2283 4940 eodem
2310 4885 2511 4941 Ililario
2542 4887 2766 4958 legimus
2792 4905 2804 4940 :
2839 4885 2923 4940 Ea:
2941 4897 2986 4940 te
3016 4885 3293 4959 (nimirum
3316 4881 3606 4955 Patre)per

2000 4994 2114 5033 eum
2145 4975 2389 5051 (Filium)
2418 4989 2622 5034 sanctus
2648 4979 2872 5050 Spiritus
2899 4987 3014 5032 tuus
3035 4985 3124 5030 est.
3145 4975 3311 5030 Paulo
3337 4986 3455 5046 post
3475 4990 3606 5031 vero

2001 5071 2081 5128 sic
2110 5072 2320 5127 Patrem
2365 5082 2608 5142 precatur
2643 5091 2656 5126 :
2694 5071 2842 5126 Dona
2871 5071 2994 5124 mihi
3021 5079 3074 5124 ut
3109 5068 3316 5123 Patrem
3344 5079 3389 5123 te
3415 5069 3608 5123 scilicet

2002 5178 2248 5232 nostrum,
2271 5165 2462 5222 Filium
2485 5179 2624 5220 tuum
2651 5183 2754 5220 una
2780 5178 2942 5220 tecum
2969 5164 3208 5229 adorem;
3232 5172 3462 5216 sanctum
3486 5161 3606 5232 Spi-

1989 5261 2154 5333 ritum
2192 5270 2331 5314 tuum
2355 5301 2369 5326 ,
2398 5265 2483 5328 qui
2518 5276 2582 5314 ea:
2615 5268 2663 5313 te
2705 5274 2795 5329 per
2825 5256 3136 5328 unigenitum
3174 5265 3314 5310 tuum
3347 5264 3448 5322 est,
3481 5269 3605 5326 pro-

2000 5371 2197 5411 mereor
2221 5353 2380 5426 (Ibid.
2415 5353 2502 5408 lib.
2537 5353 2622 5415 -l‘2,
2653 5351 2681 5423 ἕ
2705 5351 2774 5407 56
2801 5359 2846 5404 et
2873 5350 2987 5422 57).

2074 5449 2140 5503 At
2170 5447 2212 5502 si
2246 5463 2290 5504 IS
2311 5445 2500 5502 eodem
2528 5443 2793 5500 catholico
2818 5456 2980 5499 sensu
3000 5441 3406 5514 dixitSpiritum
3431 5455 3460 5494 a
3492 5439 3598 5496 Pa-

1997 5547 2081 5596 tre
2111 5549 2165 5596 et
2195 5540 2330 5596 Filio
2354 5581 2367 5606 ,
2396 5549 2554 5610 atque
2581 5535 2837 5608 Spiritum
2877 5545 3119 5592 sanctum
3149 5550 3178 5589 a
3218 5535 3378 5591 Patre
3409 5547 3600 5603 proce-

1997 5632 2126 5690 dere
2149 5649 2242 5705 per
2270 5631 2482 5696 Filium,
2499 5646 2595 5686 cur
2616 5645 2722 5685 non
2744 5629 2906 5686 etiam
2919 5628 3313 5686 Tertullianus?
3331 5624 3600 5698 Numquid

1997 5725 2140 5782 idem
2155 5724 2401 5796 loquendi
2421 5721 2676 5779 modusin
2697 5738 2804 5779 uno
2821 5723 3036 5795 probari
3057 5731 3252 5795 potest,
3272 5731 3325 5778 et
3347 5721 3402 5776 in
3430 5719 3603 5775 altero

1994 5820 2272 5894 reprobari
2295 5819 2318 5880 ἵ
2339 5817 2576 5895 Uterque
2597 5817 2792 5892 igitur,
2823 5819 2962 5879 sicut
2979 5826 3126 5878 recte
3155 5816 3412 5890 Spiritum
3440 5829 3602 5873 sanc-
