4092 6352
552 275 663 341 835

1618 275 1688 335 ΙΝ
1725 276 2185 337 τεητυιιωῐι
2219 276 2755 339 Αροιοθετιεωί

551 400 667 450 tum
693 408 723 448 a
771 391 927 448 Patre
951 401 1009 450 et
1035 391 1175 448 Filio
1191 433 1206 459 ,
1240 390 1314 448 ita
1339 406 1371 448 a
1404 392 1566 449 Patre
1604 408 1700 465 per
1729 394 1925 450 Filium
1962 410 2152 467 prece.
2177 395 2232 458 Α
2256 396 2685 469 comparationes
2711 411 2838 454 esse
2861 395 3223 469 imperfectas.
3248 396 3319 455 Et
3339 412 3473 457 vero
3491 399 3615 472 quis
3640 401 3849 458 nesciat

551 484 685 542 dere
711 483 1116 541 diserunLNam
1141 484 1333 551 Filius,
1366 495 1617 557 tanquam
1645 487 1852 544 medius
1884 488 2025 545 inter
2049 488 2147 544 Pa-

551 585 688 634 trem
729 577 1052 647 etSpiritum
1080 587 1349 646 sanetum,
1377 579 1445 635 ab
1471 579 1661 635 eodem
1689 580 1847 636 Patre
1872 581 1986 637 solo
2008 581 2147 653 prin-

549 669 748 739 cipiunt
790 670 1030 740 accepit,
1057 679 1218 742 atque
1246 671 1314 727 ab
1350 670 1439 726 illo
1478 682 1533 728 et
1560 683 1711 744 patre
1748 673 1979 744 Spiritus
2018 689 2148 730 san-

547 772 666 819 ctus
714 778 864 819 suam
895 762 1047 819 ducit
1088 764 1376 836 originem.
1414 764 1598 836 Itaque
1638 765 1871 838 Spiritus
1917 766 2147 824 Sanctus

546 854 742 911 dicitur
767 873 796 911 a
824 856 983 913 Patre
1006 858 1298 927 procedere
1328 873 1423 929 per
1443 857 1635 914 Filium
1659 901 1675 926 ,
1699 860 1787 931 qui
1816 860 2023 931 origine
2050 873 2146 915 sua

545 949 686 1006 inter
726 960 1012 1023 utrumque
1036 965 1290 1023 tanquam
1324 952 1565 1019 medius,
1590 969 1621 1009 a
1649 954 1804 1010 Patre
1828 955 2066 1025 accepit,
2090 965 2151 1012 ut

542 1043 779 1119 Spiritus
803 1055 1021 1101 sanctus
1069 1046 1137 1101 ab
1168 1046 1284 1117 ipso
1326 1045 1601 1117 procedat.
1635 1046 1997 1116 Quamobrem
2028 1048 2146 1105 haec

544 1138 660 1209 ipsa
684 1140 960 1210 processio
978 1155 1085 1195 uno
1112 1139 1408 1210 eodemque
1424 1141 1586 1195 modo
1606 1150 1711 1196 tam
1734 1156 1762 1196 a
1781 1140 1961 1209 Patro,
1984 1157 2145 1213 quam

544 1246 573 1286 a
601 1231 740 1288 Filio
764 1232 1049 1288 derivatur
1069 1272 1084 1299 ,
1115 1247 1180 1288 ac
1207 1232 1511 1288 deducitur.

615 1324 752 1393 Quia
782 1325 941 1395 igitur
976 1324 1142 1380 Filius
1176 1324 1410 1381 Verbum
1447 1325 1589 1380 illius
1617 1334 1672 1382 et
1703 1324 1895 1381 Sermo
1924 1335 2029 1394 est,
2056 1326 2153 1396 qni

544 1432 611 1473 ex
644 1416 817 1473 Patris
843 1417 1117 1472 intellectu
1148 1432 1240 1472 seu
1266 1416 1611 1489 cogitatione,
1638 1418 1792 1473 sicuti
1819 1434 1884 1473 ex
1914 1418 2146 1490 quadam

544 1508 771 1564 matrice
799 1519 854 1564 et
895 1509 1052 1563 vulva
1095 1508 1359 1579 prudivit,
1409 1510 1533 1565 hinc
1571 1519 1713 1566 recte
1756 1509 1923 1566 Filius
1948 1510 2066 1581 eius
2094 1519 2149 1565 et

544 1600 852 1670 unigenitus
875 1601 1100 1671 proprie,
1124 1610 1182 1654 ut
1210 1600 1336 1655 alibi
1374 1600 1542 1668 dixit,
1570 1617 1750 1656 nomen
1779 1599 1904 1655 Filii
1929 1601 2143 1670 accepit.

544 1693 791 1764 εγω-αα.
833 1695 924 1748 lib.
983 1693 1104 1749 adv.
1162 1692 1363 1749 Praxe.
1415 1711 1530 1765 cap.
1578 1694 1679 1765 8).
1740 1693 1968 1765 Spiritus
2020 1709 2153 1750 vero

2252 489 2374 547 illas
2401 499 2605 545 tantum
2646 490 2786 547 inter
2829 506 2891 548 se
2917 488 3135 548 ὤσει-[θ
3159 533 3175 559 ,
3206 500 3467 562 quantum
3512 506 3543 547 a
3590 491 3851 551 Creatore

2250 581 2415 639 distat
2437 581 2860 641 creaturaiNon
2894 584 3099 655 putavit
3117 584 3278 656 igitur
3320 584 3387 640 iis
3428 600 3590 656 posse
3631 586 3852 642 omnino

2250 674 2505 745 explicari
2551 674 2669 731 Filii
2711 676 2805 732 Dei
2858 677 3295 748 generationem,
3321 676 3420 734 sed
3446 686 3505 733 ut
3547 678 3852 749 qualicum-

2250 781 2351 837 que
2381 767 2563 835 modo,
2590 784 2653 823 ae
2678 767 2970 825 secundum
2997 768 3254 841 infirmas
3282 769 3480 842 ingenii
3512 771 3683 827 nostri
3709 770 3853 828 vires

2250 875 2368 916 eam
2400 862 2779 933 intelligamus.

2323 950 2525 1008 Deinde
2571 969 2699 1010 vero
2729 953 2851 1010 hinc
2888 955 3135 1026 exempla
3160 954 3230 1013 ab
3259 954 3351 1012 illo
3375 971 3484 1012 non
3525 954 3852 1013 adhibentur

2248 1045 2302 1101 in
2329 1046 2602 1116 omnibus,
2629 1047 2726 1104 sed
2756 1049 2808 1103 in
2838 1048 3111 1120 aliquibus
3149 1058 3354 1106 tantum
3403 1049 3589 1116 rebus,
3632 1065 3756 1122 quin
3782 1049 3853 1106 ad

2249 1136 2483 1194 divinam
2512 1148 2761 1209 spectant
2793 1139 2916 1197 Filii
2956 1142 3387 1213 generationem.
3433 1141 3626 1198 Omnia
3673 1143 3853 1201 enim-

2251 1243 2383 1286 vero
2412 1230 2505 1287 illa
2543 1247 2608 1289 eo
2666 1231 2928 1290 duntaxat
2975 1234 3236 1304 tendunt,
3279 1244 3337 1291 ut
3372 1234 3624 1292 ostendat
3656 1234 3854 1293 Filium

2252 1322 2366 1390 Dei,
2390 1323 2491 1380 etsi
2539 1340 2571 1381 a
2605 1325 2765 1382 Patre
2791 1342 2891 1383 suo
2922 1327 3169 1399 prodeat,
3197 1328 3375 1386 abillo
3401 1339 3575 1387 tamen
3604 1345 3710 1387 non
3729 1345 3855 1389 esse

2251 1426 2693 1487 separatum,nec
2716 1419 2968 1496 divisum.
2987 1421 3279 1493 Propterea
3310 1423 3454 1479 enim
3477 1424 3624 1494 quod
3650 1423 3850 1492 frutex,

2256 1509 2333 1563 uti
2364 1510 2454 1565 ille
2483 1511 2583 1579 ait,
2612 1529 2642 1566 a
2671 1511 2872 1580 radice,
2903 1512 3105 1570 ﬂuvius
3137 1531 3205 1571 ex
3242 1514 3411 1583 fonte,
3440 1515 3625 1572 radius
3645 1531 3713 1572 ex
3736 1516 3854 1574 sole

2252 1603 2539 1673 prodeunt,
2569 1621 2669 1661 nec
2698 1621 2728 1662 a
2758 1620 2817 1662 se
2840 1606 3071 1663 invicem
3100 1617 3439 1678 separantur,
3468 1617 3558 1664 aut
3594 1608 3851 1666 dividun-

2252 1705 2358 1762 tur,
2385 1697 2479 1752 sed
2523 1698 2623 1753 sibi
2653 1700 3073 1771 coniunguntur,
3095 1709 3151 1756 et
3175 1701 3293 1756 sine
3332 1700 3438 1757 ulla
3458 1700 3725 1758 divisione
3756 1716 3853 1758 eo-

541 1796 777 1851 sancttts,
808 1787 1058 1856 quoniam
1081 1786 1148 1841 ab
1176 1796 1399 1858 utroque
1421 1787 1682 1857 procedit,
1720 1802 1818 1843 nec
1871 1787 2028 1843 unius
2080 1804 2146 1843 cx
2176 1798 2227 1858 Β
2255 1788 2493 1856 luerent;
2524 1790 2649 1846 hinc
2677 1790 2911 1847 hominis
2952 1792 3257 1851 intellectus
3292 1809 3357 1851 eo
3398 1793 3594 1873 [adduci
3634 1804 3855 1866 potest,

540 1879 668 1948 illis,
700 1896 797 1935 nee
820 1880 1099 1936 amborum
1124 1880 1295 1937 Filius
1331 1896 1562 1951 unquam
1591 1889 1676 1936 est
1701 1881 2025 1952 appellatus,
2048 1896 2147 1938 nec

542 1972 803 2043 appellari
834 1972 1037 2029 debuit.

1144 2083 1441 2125 Αιιτιουιυδ
1481 2084 1533 2122 ν.
1634 2080 1639 2083 ’

544 2156 889 2232 Exponantur
916 2171 963 2216 et
1000 2163 1359 2218 examinantur
1392 2161 1629 2235 quazdam
1668 2162 1901 2235 exempla
1920 2204 1936 2232 ,
1968 2163 2150 2233 quibus

617 2251 967 2308 Tertullianus
980 2254 1204 2309 divinam
1228 2252 1357 2309 Filii
1381 2253 1479 2308 Dei
1496 2254 1871 2325 generationem
1892 2255 2151 2326 explicare

608 2359 818 2403 conatus
845 2358 936 2404 est.

617 2439 751 2495 Cum
803 2441 980 2496 divina
1029 2440 1149 2497 Filii
1195 2442 1288 2498 Dei
1331 2443 1610 2514 generatio
1650 2452 1871 2513 captum
1911 2444 2148 2501 hominis

544 2534 701 2604 longe
728 2544 981 2606 superet,
1008 2550 1107 2590 nec
1136 2535 1306 2606 possit
1336 2536 1491 2592 facile
1516 2536 1586 2592 ab
1623 2552 1689 2593 eo
1732 2536 1957 2608 intelligi
1982 2581 1999 2605 ,
2025 2539 2149 2594 hinc

542 2625 909 2683 Tcrtullianus
937 2638 1120 2683 noster
1146 2628 1294 2683 illam
1314 2628 1631 2700 quibusdam
1658 2630 2149 2700 comparationibus

540 2720 852 2790 esplanare,
882 2729 939 2775 ct
964 2720 1233 2777 illustrare
1262 2721 1517 2778 connisus
1546 2730 1648 2778 est.
1681 2720 1880 2778 Verum
1905 2724 2029 2793 quia
2049 2723 2150 2777 dif.

540 2813 862 2869 licultatibus
908 2829 1014 2870 non
1058 2824 1269 2882 carent,-
1304 2831 1335 2870 a
1380 2815 1537 2870 nobis
1582 2823 1709 2872 sunt
1751 2815 2142 2871 examinandae.

543 2904 783 2960 Primum
806 2906 984 2977 itaque
1010 2921 1102 2963 eas
1131 2908 1183 2963 in
1214 2907 1565 2978 Apologetico
1592 2910 1669 2964 sic
1699 2909 1947 2980 proponit
1972 2926 1984 2961 :
2020 2908 2148 2964 Cum

541 2998 720 3053 radius
749 3014 779 3051 a
802 2998 925 3055 Sole
945 2999 1244 3071 porrigitur,
1289 3001 1456 3071 partio
1479 3017 1543 3055 ea:
1571 3016 1794 3067 summa,
1821 3002 1908 3056 sed
1937 2999 2032 3056 Sol
2052 3003 2150 3055 erit

539 3091 593 3145 in
621 3090 790 3157 radio,
816 3091 935 3161 quia
960 3091 1100 3147 Solis
1120 3100 1193 3147 est
1208 3091 1384 3146 radius
1404 3107 1528 3156 ;nec
1552 3098 1820 3164 separatur
1839 3092 2145 3163 substantia,

2253 1891 2309 1936 ut
2338 1898 2432 1951 pro
2465 1882 2690 1939 infirmis
2729 1884 2885 1955 plane
2930 1886 3134 1942 viribus
3171 1896 3465 1958 cognoscat
3484 1887 3578 1943 Dei
3605 1887 3804 1944 Filium
3826 1930 3842 1955 ,

2250 1974 2495 2044 quamvis
2523 1989 2550 2027 a
2583 1975 2740 2031 Patre
2771 1976 3011 2047 prodeat,
3040 1977 3111 2034 ab
3137 1992 3202 2034 eo
3231 1994 3335 2033 non
3364 1978 3621 2050 separari,
3649 1978 3747 2035 sed
3776 1979 3860 2035 im

2255 2068 2403 2122 finite
2433 2067 2738 2137 perfectiori
2767 2069 2951 2136 modo,
2969 2085 3127 2141 quam
3156 2086 3243 2127 res
3269 2071 3388 2127 illas
3418 2086 3729 2144 corporeae,
3756 2072 3856 2144 ipsi

2252 2175 2373 2217 esse
2395 2162 2764 2233 coniunctum,
2795 2172 2956 2235 atque
2984 2163 3052 2219 ab
3080 2179 3147 2221 eo
3170 2165 3385 2236 penitus
3416 2165 3727 2223 indivisum.

2322 2255 2414 2310 Sic
2442 2242 2606 2311 etiam
2633 2263 2817 2325 postea
2848 2256 2974 2325 ille,
3007 2267 3063 2312 ut
3118 2257 3402 2315 confirmet
3446 2258 3640 2315 Filium
3690 2258 3785 2316 Dei
3827 2274 3858 2317 a

2252 2345 2413 2403 Patre
2462 2348 2720 2418 separari,
2776 2349 2988 2406 tametsi
3037 2348 3106 2405 ab
3146 2350 3241 2407 illo
3284 2350 3464 2407 divina
3509 2352 3859 2424 generatione

2252 2439 2466 2506 exierit,
2496 2440 2672 2510 ipsum
2696 2440 2768 2495 ita
2796 2441 3105 2512 loquentem
3131 2442 3429 2499 introducit
3457 2460 3471 2498 :
3512 2441 3666 2499 Exivi
3689 2462 3724 2500 a
3750 2442 3860 2498 Pa-

2262 2543 2338 2587 tre
2358 2573 2373 2599 ,
2405 2532 2662 2593 utradius
2691 2551 2755 2589 ea:
2793 2534 2933 2603 sole,
2964 2545 3018 2589 ut
3042 2536 3181 2591 riuus
3207 2552 3270 2591 ea:
3295 2535 3466 2608 fonte,
3496 2545 3552 2591 ut
3590 2540 3763 2609 frutex
3796 2552 3860 2593 ea:

2252 2628 2440 2683 semine
2468 2626 2487 2700 (
2517 2625 2655 2682 Ibid.
2685 2644 2800 2699 cap.
2848 2627 2921 2683 22
2941 2627 2982 2699 ).
3026 2628 3169 2684 Alibi
3204 2643 3335 2685 vero
3382 2628 3570 2686 eadem
3619 2630 3753 2685 solis
3804 2635 3859 2685 et

2264 2719 2400 2776 radii
2425 2720 2829 2791 comparatione
2867 2720 2989 2777 ideo
3013 2731 3217 2778 tantum
3260 2722 3444 2788 utitur,
3494 2730 3554 2777 ut
3606 2721 3860 2779 demons-

2254 2821 2360 2868 tret
2415 2812 2507 2868 Dci
2571 2827 2767 2869 nomen
2830 2827 2936 2869 non
3002 2814 3262 2870 creaturis
3328 2813 3704 2885 tribuendum,
3759 2812 3857 2871 sed

2252 2905 2397 2962 Patri
2422 2913 2628 2961 aeterno
2657 2905 2881 2976 ejusque
2906 2905 3067 2974 Filio,
3105 2921 3332 2976 quorum
3378 2921 3483 2962 una
3524 2906 3749 2962 omnino
3774 2913 3857 2963 est

2252 3001 2571 3057 substantia.
2600 3000 2822 3056 Praestat
2846 3009 3024 3057 autem
3047 3000 3224 3072 ipsum
3242 3001 3361 3057 haec
3381 3009 3723 3058 enarrantem
3751 3014 3854 3056 au-

2252 3095 2366 3151 dire
2391 3112 2405 3153 :
2436 3094 2599 3161 Deos,
2632 3095 2803 3167 inquit
2828 3137 2841 3163 ,
2874 3096 3081 3150 omnino
3110 3112 3211 3151 non
3235 3096 3437 3165 dicam,
3470 3112 3560 3150 nec
3583 3094 3855 3160 dominos,

537 3182 628 3239 sed
657 3184 943 3238 extenditur
968 3200 985 3238 :
1014 3185 1086 3238 ita
1110 3184 1173 3239 de
1195 3184 1400 3255 Spiritu
1421 3183 1730 3256 Spiritus,et
1756 3185 1820 3240 de
1848 3184 1959 3242 Deo
1981 3185 2143 3254 Deus,
2173 3197 2220 3261 α
2253 3187 2342 3242 sed
2366 3190 2405 3241 Α
2414 3188 2666 3258 postolum
2702 3203 2883 3259 sequar
2903 3229 2917 3254 ,
2946 3197 3003 3242 ut
3029 3190 3071 3243 si
3113 3189 3305 3260 pariter
3345 3187 3644 3243 nontinandi
3667 3186 3856 3256 fuerint

537 3285 592 3330 ut
620 3274 791 3330 lumen
821 3276 884 3329 de
928 3275 1121 3331 lumine
1143 3276 1433 3331 accensum.
1477 3275 1653 3332 Manet
1693 3278 1893 3350 integra
1921 3286 1965 3332 et
1992 3279 2138 3334 inde-

540 3369 675 3440 fecta
702 3369 927 3423 ntateriaz
947 3369 1156 3435 matrix,
1186 3369 1283 3424 etsi
1321 3368 1491 3439 plures
1516 3369 1635 3424 inde
1661 3370 1897 3424 traduces
1922 3371 2142 3441 qualita-

536 3469 643 3516 tum
666 3464 908 3518 ntutueris
935 3480 953 3518 :
980 3464 1050 3518 ita
1079 3476 1125 3519 et
1147 3465 1280 3535 quod
1318 3465 1382 3519 de
1416 3462 1525 3519 Deo
1560 3468 1844 3538 profectum
1881 3478 1976 3535 est,
2000 3466 2142 3525 Deus

539 3568 652 3626 est,
684 3568 731 3613 et
774 3558 869 3612 Dei
924 3557 1129 3625 Filius,
1176 3569 1223 3614 et
1285 3576 1417 3615 unus
1460 3559 1703 3632 (supple
1760 3559 1939 3635 Deus)
1993 3563 2141 3618 amba

536 3650 891 3724 (Tertullum.
946 3651 1261 3724 Apologetic.
1331 3670 1447 3725 cap.
1506 3652 1613 3721 21,
1670 3671 1790 3727 pag.
1822 3653 1975 3725 599).
2029 3654 2138 3712 Sed

538 3743 661 3799 inec
690 3744 779 3800 ille
798 3744 963 3799 fusius
975 3745 1101 3799 alibi
1125 3745 1309 3800 iisdem
1329 3747 1553 3818 aliisque
1571 3747 1835 3817 exemplis
1855 3748 2143 3805 enucleare

542 3836 719 3892 adhuc
763 3844 1009 3891 conatur.
1054 3837 1345 3893 Audiamus
1383 3854 1530 3906 cum,
1578 3840 1624 3894 si
1668 3839 1860 3895 lubet:
1911 3839 2141 3896 Protulit

532 3927 673 3983 Deus
691 3928 1010 3993 Sermonem,
1030 3931 1455 4000 quemadmodum
1476 3932 1628 3986 etiam
1647 3931 2137 4001 Paracletus'docet,

534 4023 665 4076 sicut
704 4023 857 4077 radix
895 4026 1151 4095 fruticem,
1186 4035 1239 4079 et
1276 4029 1392 4096 fons
1435 4025 1671 4095 ﬂuuium,
1717 4035 1763 4081 et
1808 4029 1888 4082 sol
1913 4028 2136 4084 radium.

534 4115 675 4171 Nam
706 4129 755 4171 et
801 4119 912 4173 ista:
952 4120 1146 4190 species
1190 4119 1449 4190 prabalte,
1479 4120 1532 4187 id
1558 4129 1642 4176 est
1664 4163 1679 4189 ,
1713 4122 1787 4176 uti
1830 4122 1988 4191 paulo
2016 4129 2141 4178 ante

531 4211 763 4279 dixerat,
800 4214 1135 4282 prolationes
1162 4224 1280 4269 sunt
1302 4230 1477 4269 eorum
1499 4215 1914 4283 substantiarum,
1939 4231 2003 4270 ea:
2021 4217 2141 4286 qui-

531 4303 623 4358 bus
647 4305 919 4374 prodeunt.
950 4306 1062 4363 Nec
1091 4307 1432 4363 dubitaverim
1457 4305 1652 4362 Filium
1675 4308 1843 4363 dicere
1882 4317 1929 4362 et
1950 4308 2142 4365 radicis

530 4398 799 4470 fruticem,
842 4407 889 4451 et
936 4403 1096 4470 fontis
1151 4400 1403 4471 ﬂuvium,
1449 4409 1496 4455 et
1559 4398 1683 4455 salis
1725 4400 1968 4466 radium;
2020 4401 2143 4473 quia

530 4490 696 4545 omnis
725 4489 869 4562 origo
894 4507 1081 4561 parens
1131 4501 1239 4559 est;
1267 4501 1314 4547 et
1344 4508 1493 4549 omne
1510 4493 1645 4564 quod
1671 4507 1733 4548 ex
1779 4494 1976 4566 origine
2015 4510 2140 4565 pro-

2251 3278 2407 3334 Pater
2435 3288 2484 3333 et
2524 3278 2727 3345 Filius,
2776 3277 2942 3334 Deum
2987 3278 3198 3334 Patrem
3236 3278 3526 3350 adpellem,
3576 3289 3624 3333 et
3674 3276 3856 3333 Iesum

2244 3369 2505 3427 Christum
2536 3370 2811 3425 Dominum
2859 3370 3135 3426 nominem.
3170 3369 3354 3427 Solum
3396 3379 3563 3426 autem
3593 3368 3856 3426 Christum

2245 3474 2419 3536 patera
2445 3462 2610 3519 Deum
2639 3465 2807 3519 dicere
2826 3507 2841 3531 ,
2868 3465 3001 3520 sicut
3041 3465 3175 3518 idem
3207 3464 3486 3536 Apostolus
3517 3462 3643 3519 :Ea:
3669 3462 3854 3535 quibus

2245 3556 2499 3625 Christus,
2524 3559 2608 3629 qui
2631 3567 2722 3623 est,
2742 3557 2929 3628 inquit,
2956 3557 3093 3612 Deus
3119 3573 3270 3629 super
3289 3557 3461 3611 omnia
3488 3556 3774 3611 benedictus
3798 3554 3856 3608 in

2244 3665 2410 3705 terum
2436 3666 2602 3705 onme.
2643 3649 2784 3704 Nam
2811 3659 2857 3704 et
2900 3649 3105 3704 radium
3132 3650 3257 3704 solis
3300 3663 3526 3704 seorsum
3550 3647 3709 3702 solem
3757 3661 3852 3700 uo-

2247 3743 2371 3796 cabo
2402 3757 2420 3796 :
2446 3742 2606 3797 solem
2633 3752 2803 3796 autent
2853 3742 3126 3797 nominans
3145 3784 3160 3809 ,
3208 3741 3353 3812 cuius
3396 3750 3469 3797 est
3508 3740 3683 3795 radius
3702 3780 3718 3806 ,
3747 3753 3856 3793 non

2246 3835 2417 3890 statim
2455 3843 2501 3890 et
2558 3834 2765 3890 radium
2809 3834 2969 3890 solem
3014 3834 3305 3908 appellabo.
3363 3833 3503 3889 Nam
3567 3833 3656 3888 etsi
3714 3832 3854 3887 soles

2246 3928 2375 3981 duas
2403 3943 2509 3982 non
2534 3927 2723 3998 faciam
2742 3970 2759 3994 ,
2805 3938 2976 3982 tamen
3024 3937 3072 3982 et
3113 3928 3271 3982 solem
3300 3938 3346 3982 et
3379 3928 3580 3982 radium
3609 3927 3719 3997 ejus
3741 3932 3855 3979 tam

2246 4019 2377 4072 duas
2401 4035 2482 4073 res
2505 4061 2518 4083 ,
2549 4029 2595 4073 et
2625 4019 2754 4073 duas
2779 4020 2973 4090 species
2997 4019 3149 4073 unius
3183 4019 3414 4074 indivisa:
3440 4019 3737 4073 substantia!
3755 4033 3858 4071 nu-

2246 4112 2449 4167 merabo
2474 4153 2488 4178 ,
2512 4127 2664 4181 quam
2694 4110 2855 4166 Deum
2881 4121 2928 4165 et
2959 4110 3256 4166 Sermonem
3284 4111 3415 4181 ejus,
3442 4124 3599 4179 quam
3627 4098 3856 4164 'Patrem

2252 4218 2300 4263 et
2330 4205 2529 4261 Filium
2558 4206 2576 4276 (
2604 4204 2823 4269 Ibidem,
2849 4220 2965 4277 cap.
2994 4205 3062 4261 l5
3086 4203 3128 4277 ).

2316 4298 2504 4369 Neque
2530 4296 2601 4353 ibi
2627 4297 2718 4354 ille
2741 4297 2909 4366 stetit,
2958 4297 3053 4354 sed
3093 4296 3160 4354 ad
3206 4296 3352 4353 illam
3392 4304 3650 4352 aeternam
3680 4294 3844 4353 Verbi

2246 4391 2411 4448 divini
2461 4389 2864 4461 generationem
2913 4403 3104 4446 rursus
3157 4387 3531 4461 explicandam
3572 4388 3675 4443 alia
3714 4402 3845 4445 usus

2246 4496 2331 4543 est
2381 4486 2823 4557 comparatione;
2868 4500 2989 4557 qua
3040 4484 3260 4556 quidem
3304 4485 3430 4541 licet
3476 4482 3847 4554 superioribus

531 4587 713 4655 fertur,
748 4586 1011 4655 progenies
1033 4592 1129 4650 est;
1155 4584 1312 4640 multo
1334 4587 1498 4658 magis
1526 4586 1709 4643 Sermo
1735 4584 1854 4650 Dei,
1887 4588 1974 4659 qui
1994 4587 2142 4642 ctiam

2251 4580 2409 4652 longe
2453 4577 2745 4650 perfectior
2773 4578 2879 4648 sit,
2909 4593 3028 4635 eam
3069 4589 3245 4636 tamen
3275 4578 3453 4634 adhuc
3480 4576 3846 4648 imperfectam

529 4677 737 4746 proprie
756 4690 938 4730 nomen
968 4674 1098 4731 Filii
1121 4678 1337 4747 accepit.
1371 4676 1480 4733 Nec
1496 4679 1673 4749 frutex
1695 4689 1863 4733 tamen
1887 4695 1919 4733 α
1945 4679 2136 4746 radice,

529 4784 621 4823 nec
649 4769 836 4834 ﬂuuius
864 4786 898 4823 α
923 4773 1085 4841 fante,
1111 4786 1205 4825 nec
1228 4772 1409 4826 radius
1434 4787 1468 4825 α
1522 4772 1629 4828 sale
1654 4773 1978 4839 discernitur,
2008 4773 2140 4827 sicut

530 4877 623 4915 nec
648 4878 678 4914 a
705 4860 815 4915 Deo
836 4859 1226 4934 Serrnngitur
1243 4862 1527 4918 secundum
1562 4880 1737 4919 eorum
1764 4868 1982 4936 formam
2012 4880 2138 4934 pro-

533 4954 679 5023 fiteor
706 4971 785 5009 me
805 4954 935 5010 duas
961 4955 1150 5023 dicere,
1175 4954 1345 5012 Deum
1372 4967 1420 5012 et
1441 4955 1742 5013 Sermonem
1770 4951 1902 5030 ejus,
1926 4957 2139 5015 Patrem

530 5055 577 5100 et
606 5043 799 5101 Filium
824 5049 1007 5119 ipsius.
1043 5048 1185 5104 Nam
1208 5059 1259 5105 et
1285 5050 1437 5105 radiat
1464 5059 1511 5105 et
1549 5050 1721 5121 frutea:
1746 5050 1956 5106 duceres
1995 5060 2135 5118 sunt,

527 5140 617 5196 sed
642 5143 945 5214 conjunctis.
974 5143 1041 5199 Et
1064 5147 1183 5216 fans
1210 5154 1260 5200 et
1289 5145 1478 5215 ﬂuvius
1506 5145 1624 5200 dure
1648 5146 1841 5215 species
1879 5154 2018 5210 sunt,
2049 5145 2139 5202 sed

527 5234 776 5290 indivisa.
810 5234 871 5290 Et
921 5237 1063 5292 solet
1090 5238 1269 5292 radius
1302 5237 1419 5293 dum
1446 5238 1625 5308 forma:
1643 5247 1791 5304 sunt,
1836 5237 1925 5292 sed
1966 5239 2139 5293 colue-

527 5337 690 5381 rentes
714 5329 732 5400 (
759 5325 925 5398 Idem,
960 5329 1049 5382 lib.
1078 5331 1195 5383 adv.
1230 5327 1422 5384 Praxo.
1452 5344 1568 5401 cap.
1600 5328 1655 5397 8,
1683 5344 1803 5400 pag.
1833 5327 1938 5385 639
1967 5330 2010 5399 ).

607 5420 885 5477 Atseduio
916 5421 1315 5479 observandum
1350 5431 1431 5479 est
1478 5424 1575 5479 has
1613 5422 2044 5492 comparationes
2069 5423 2139 5478 ab

526 5515 763 5571 Auctore
808 5526 994 5571 nostro
1039 5515 1287 5587 proferri,
1320 5531 1428 5572 non
1458 5525 1709 5587 tanquam
1738 5516 1959 5572 omnino
2002 5531 2133 5587 per-

526 5608 721 5675 fectas,
753 5623 816 5664 ac
841 5609 993 5680 quasi
1014 5608 1207 5665 divinae
1250 5608 1371 5664 Filii
1401 5607 1735 5681 generationi
1767 5607 1924 5679 plane
1949 5608 2126 5665 omni-

524 5701 732 5776 basque
764 5701 943 5759 modis
965 5702 1173 5759 similes
1198 5701 1323 5759 sint.
1354 5700 1487 5759 Nam
1509 5712 1566 5760 et
1599 5702 1715 5775 ipse
1751 5701 1886 5759 dixit
1915 5718 1930 5759 :
1958 5700 2128 5757 Multo

525 5796 688 5870 magis
718 5792 902 5854 Sermo
928 5794 1046 5869 Dei,
1074 5793 1268 5869 quibus
1280 5794 1468 5855 ‘vcrbis
1498 5795 1765 5868 signiﬁcat
1802 5794 1899 5853 has
1936 5807 2131 5853 omnes

2248 4688 2373 4732 esse
2412 4664 2588 4745 palam
2623 4672 2923 4747 profitetur.
2958 4671 3042 4728 Ab
3084 4673 3176 4728 illo
3212 4681 3391 4730 autem
3440 4669 3741 4727 desumitur
3779 4681 3848 4723 ex

2246 4768 2504 4825 interiore
2534 4766 2769 4823 hominis
2793 4780 3043 4822 sermone
3079 4780 3145 4821 ac
3170 4764 3333 4821 verbo
3351 4806 3367 4831 ,
3398 4771 3559 4836 atque
3587 4762 3658 4817 ita
3682 4775 3843 4831 argu-

2247 4873 2517 4920 mentatur
2547 4880 2561 4916 :
2599 4858 2728 4916 Vide
2771 4877 2886 4916 cum
2926 4862 3111 4915 tacitus
3148 4868 3309 4915 tecum
3347 4859 3457 4930 ipse
3482 4853 3841 4928 congrederis,

2244 4957 2443 5011 ratione
2470 4956 2565 5009 hoc
2591 4954 2760 5024 ipsum
2784 4954 2868 5025 agi
2905 4954 3043 5007 intra
3066 4959 3460 5018 te,accurrente
3503 4966 3564 5004 ea
3613 4946 3701 5002 tibi
3727 4958 3844 5000 cum

2246 5064 2476 5104 sermone
2498 5046 2567 5102 ad
2594 5063 2794 5102 onmem
2821 5047 3071 5117 cogitatus
3110 5045 3185 5099 tui
3223 5053 3415 5099 motum
3435 5083 3450 5110 ,
3477 5052 3523 5097 et
3551 5040 3620 5095 ad
3646 5052 3845 5094 omnem

2245 5161 2425 5201 sensus
2471 5144 2546 5198 tui
2602 5142 2828 5214 pulsum.
2879 5140 3245 5212 Quodcumque
3300 5135 3844 5217 cagitaoeristsermo

2245 5248 2352 5306 est;
2408 5234 2757 5307 quodcumque
2809 5235 3058 5300 senseris,
3088 5233 3221 5288 ratio
3281 5240 3373 5287 est.
3419 5227 3669 5301 Loqueris
3711 5219 3844 5280 illud

2246 5331 2299 5385 in
2327 5329 2497 5383 animo
2524 5344 2723 5383 necesse
2752 5336 2844 5394 est,
2871 5336 2918 5381 et
2936 5325 3058 5380 dum
3087 5324 3326 5396 loqueris,
3349 5322 3719 5379 cantocutorent
3742 5330 3841 5386 pa-

2245 5424 2371 5479 teris
2392 5438 2693 5488 sermonem,
2722 5422 2776 5476 in
2796 5437 2897 5491 qua
2915 5421 3042 5476 inest
3072 5420 3179 5474 lucc
3204 5420 3318 5490 ipsa
3346 5418 3498 5485 ratio,
3535 5429 3690 5487 quam
3723 5423 3839 5465 cum

2243 5531 2303 5570 ea
2330 5516 2557 5587 cogitans
2586 5514 2830 5587 loquaris,
2857 5529 2946 5585 per
2968 5528 3115 5585 quem
3141 5511 3347 5584 loquens
3389 5508 3605 5581 cogitas.
3645 5502 3674 5559 Ι
3681 5514 3731 5559 ια
3757 5520 3843 5561 se-

2234 5605 2431 5661 cundus
2458 5604 2831 5672 quodammodo
2854 5605 2908 5660 in
2938 5614 2985 5660 te
3011 5613 3083 5660 est
3101 5619 3288 5670 sermo,
3322 5616 3414 5672 per
3437 5615 3587 5669 quem
3621 5598 3840 5670 loqueris

2232 5697 2541 5771 cogitando,
2581 5706 2630 5754 et
2674 5713 2765 5770 per
2788 5713 2936 5772 quem
2979 5696 3171 5772 cogitas
3209 5693 3514 5767 loquendo;
3545 5694 3653 5765 ipse
3676 5703 3840 5748 sermo

2235 5791 2370 5851 alius
2393 5797 2488 5854 est.
2520 5790 2724 5865 Quanto
2742 5805 2864 5865 ergo
2890 5788 3089 5865 plenius
3127 5789 3223 5848 hoc
3259 5788 3432 5862 agitur
3454 5787 3511 5845 in
3533 5784 3669 5862 Deo,
3694 5782 3841 5860 rufus
