4090 6358
209 284 316 342 857

1342 283 1790 343 DISSERTATIO
1828 283 1891 341 Π.
1930 280 2021 341 ιε
2057 278 2364 344 NOURRY.

3403 260 3513 339 858

212 412 268 457 tu
291 418 489 475 quoque
520 402 689 474 imago
726 412 771 456 et
796 399 1079 456 similitudo
1103 399 1355 468 censeris,
1383 401 1519 471 quod
1543 401 1724 456 habeat
1758 401 1811 456 in
1838 403 1891 464 Α
1917 399 2183 471 mitigare,
2217 415 2377 471 quam
2407 398 2697 457 emendare
2743 396 3018 469 videatur,
3045 398 3148 456 sibi
3176 406 3356 456 tamen
3383 399 3515 456 satis

213 496 497 550 setacendo
528 494 821 560 Rationem,
856 505 903 550 et
948 495 1002 549 in
1046 493 1265 549 Ratione
1292 492 1591 550 Sermonem
1644 492 1810 567 (Ibid.

214 603 332 659 cap.
364 589 417 643 5.
446 605 563 659 pag.
594 589 699 643 657
727 587 768 659 ).
800 585 878 642 lbi
905 596 1081 643 autem
1115 586 1204 643 ille
1231 586 1467 643 ostendit
1495 586 1694 650 Deum,
1723 587 1815 657 qui

213 676 404 735 natura
432 695 527 734 sua
558 679 831 734 rationalis
855 686 958 745 est,
983 677 1051 734 ab
1078 688 1278 734 aeterno
1299 677 1581 734 Rationem
1606 686 1661 734 et
1689 679 1814 735 Ser-

214 786 430 827 moncm
461 771 599 826 intra
630 785 690 827 se
718 770 992 839 habuisse,
1019 787 1181 843 quem
1213 770 1419 843 profert
1443 771 1569 827 dum
1596 772 1816 843 cogitat,

216 872 375 935 atque
424 860 621 919 idcirco
670 863 808 918 alius
852 865 920 920 ab
945 863 1063 935 ipso
1091 872 1205 932 est,
1239 865 1484 936 quamvis
1538 865 1819 936 utriusque

217 958 404 1014 eadem
434 957 503 1013 sit
530 957 828 1013 substantia
854 965 910 1013 et
941 968 1152 1013 natura.
1181 958 1311 1027 Quis
1326 969 1507 1016 autem
1532 958 1688 1015 facile
1713 974 1818 1014 non

217 1047 478 1109 concedet
510 1051 639 1107 illud
665 1051 843 1122 aptius
864 1066 927 1107 ac
951 1051 1277 1107 luculentius
1302 1067 1408 1109 non
1435 1052 1673 1122 potuisse
1699 1066 1821 1121 pro-

216 1145 356 1212 bari,
388 1160 547 1217 quam
570 1145 679 1204 hac
706 1144 980 1200 interioris
1008 1143 1281 1200 hominum
1305 1145 1453 1200 verbi
1474 1160 1537 1200 ac
1557 1144 1823 1200 sermonis

220 1238 661 1308 comparatione?
707 1238 766 1293 ln
815 1237 919 1293 hoc
960 1236 1103 1292 enim
1127 1278 1141 1302 ,
1175 1240 1249 1292 uti
1281 1237 1372 1293 ille
1395 1238 1503 1302 ait,
1554 1236 1716 1292 homo
1742 1247 1825 1291 est

220 1329 319 1385 Dei
349 1331 526 1401 imago
575 1339 631 1385 et
678 1329 994 1385 similitudo.
1044 1328 1421 1384 Verumtamen
1464 1328 1659 1385 fatetur
1690 1328 1825 1383 lianc

221 1418 394 1493 ipsam
437 1422 894 1491 comparationem
945 1435 1068 1477 esse
1118 1420 1280 1492 plane
1309 1420 1715 1491 imperfectam,
1763 1433 1829 1474 ac

220 1512 385 1583 longe
428 1514 656 1583 pleniori
709 1513 1123 1584 perfectiorique
1166 1511 1327 1567 modo
1370 1511 1611 1567 Verbum
1652 1510 1749 1567 Dei
1795 1524 1825 1563 a

222 1598 335 1662 Deo
366 1606 714 1677 Patre,quam
740 1606 974 1661 hominis
1000 1605 1222 1661 verbum
1239 1605 1307 1660 ab
1329 1605 1548 1660 homine
1577 1603 1826 1675 proferri.

298 1700 467 1755 Porro
496 1708 676 1754 autem
711 1713 775 1754 ex
805 1698 1069 1753 hactenus
1092 1698 1251 1753 dictis
1281 1698 1621 1753 manifestum
1652 1696 1827 1752 omni-

1917 509 2024 550 non
2046 503 2275 550 constat.
2309 493 2440 550 Nam
2467 510 2574 550 non
2613 494 2787 551 solum
2815 486 2869 550 in
2900 494 3049 550 libris
3071 538 3087 563 ,
3118 496 3208 565 qui
3237 510 3267 550 a
3299 492 3517 551 Tertul-

1917 585 2061 642 liano
2091 586 2345 643 haeretica
2364 630 2378 654 ,
2411 586 2509 643 sed
2537 588 2590 643 in
2615 588 2736 644 aliis
2765 588 2926 644 etiam
2954 630 2968 652 ,
2991 587 3080 660 qui
3108 587 3175 643 ab
3225 586 3315 643 illo
3341 587 3519 644 adhuc

1919 680 2185 737 catholico
2239 681 2522 752 compositi
2569 692 2733 748 sunt,
2792 680 3173 738 labefactatum
3242 678 3520 737 Trinitatis

1921 772 2113 845 dogma
2142 773 2436 829 contendit.
2468 770 2577 829 Nos
2609 788 2737 829 vero
2774 773 2907 829 satis
2934 773 3270 829 ostendimus
3295 770 3426 828 illud
3452 770 3522 828 ab

1922 866 2112 922 eodem
2136 865 2488 932 Tertulliauo,
2532 865 2646 921 sive
2690 864 2982 932 catholico,
3027 864 3140 920 sive
3194 862 3521 920 montanista

1924 967 2069 1015 recte
2098 971 2399 1026 assertum,
2432 975 2496 1016 ac
2536 971 2725 1016 contra
2766 959 2939 1028 alios,
2987 959 3076 1030 qui
3128 957 3180 1014 id
3228 959 3519 1030 negabant,

1925 1051 2141 1123 egregie
2167 1061 2577 1124 propugnatum.
2622 1072 2635 1075 ν

1975 1126 2185 1201 ’ΒιιΙΙιιε
2216 1154 2393 1201 tamen
2425 1145 2599 1202 eidem
2631 1146 2960 1201 Tertulliano
2988 1154 3173 1200 nostro
3193 1187 3208 1211 ,
3250 1144 3411 1201 etiam
3437 1134 3527 1199 ubi

1926 1249 2111 1293 contra
2141 1238 2400 1294 Praxcam
2441 1239 2677 1310 disputat
2698 1282 2711 1305 ,
2751 1239 2907 1293 aliam
2939 1240 3199 1294 censoria:
3226 1237 3530 1293 severitatis

1930 1339 2109 1386 notam
2144 1331 2332 1386 inussit
2366 1330 2545 1404 (Ball.
2588 1331 2782 1402 defens.
2838 1329 3003 1386 Nicaz.
3035 1340 3158 1386 sect.
3190 1331 3239 1397 5,
3284 1344 3401 1399 cap.
3439 1328 3525 1383 lO.

1931 1436 2069 1478 num.
2101 1423 2135 1479 5
2162 1432 2207 1478 et
2234 1422 2319 1478 ll.
2374 1438 2491 1494 pag.
2522 1422 2629 1479 405
2648 1432 2695 1477 et
2720 1422 2827 1477 416
2850 1426 2893 1493 ).
2914 1421 3169 1490 Quamvis
3208 1422 3350 1477 enim
3398 1424 3532 1475 con-‘

1931 1516 2097 1573 cedat
2136 1517 2285 1573 illum
2320 1525 2465 1574 recte
2513 1517 2714 1573 sentire
2762 1517 2831 1573 de
2875 1530 3125 1588 suprema
3166 1516 3284 1572 Filii
3336 1515 3432 1571 Dei
3470 1528 3534 1569 ac

1932 1608 2095 1665 Verbi
2140 1609 2441 1676 divinitate,
2474 1611 2773 1667 aeternitate
2793 1651 2808 1679 ,
2828 1608 3388 1675 consubstantialitale,
3421 1608 3537 1663 sive

1934 1703 2123 1760 eadem
2166 1704 2310 1759 illius
2344 1718 2407 1760 ac
2460 1704 2634 1759 Patris
2677 1704 3008 1768 substantia;
3052 1702 3153 1773 ipsi
3186 1701 3536 1757 nihilominus

224 1790 327 1851 bus
371 1811 495 1851 esse
536 1794 696 1850 debet
730 1810 760 1848 a
805 1792 1167 1859 Tertulliano,
1208 1794 1322 1847 sive
1362 1792 1666 1859 catholico,
1714 1790 1829 1847 sive
1857 1804 1907 1866 Β
1933 1797 2146 1853 videtur
2160 1795 2439 1852 catholica:
2473 1796 2772 1852 traditionis
2801 1795 2973 1864 venis,
3008 1800 3159 1867 quasi
3190 1795 3366 1851 aureis
3416 1785 3540 1849 sco-4

230 1884 675 1943 Montanistarum
701 1886 933 1950 fautore,
963 1885 1400 1941 constantissime
1442 1893 1704 1939 asscrtam
1736 1899 1825 1938 su-

230 1996 468 2054 premam
498 1979 615 2034 Ftlii
650 1979 746 2034 Dei
774 1986 829 2034 et
858 1977 1013 2033 Verbi
1036 1976 1396 2031 divinitatem.
1430 1979 1631 2046 Aperte
1662 1974 1831 2045 siqui—

228 2073 372 2134 dem.
399 2072 472 2126 uti
499 2070 748 2137 vidimus,
781 2069 940 2125 docet
978 2068 1130 2123 illum
1169 2066 1346 2122 divina
1377 2066 1550 2122 Patris
1578 2067 1657 2121 sui
1687 2069 1834 2137 cogi-

229 2167 432 2221 tatiuue
460 2174 793 2236 generatum,
825 2162 1030 2233 hacque
1055 2161 1405 2232 generatione
1430 2160 1592 2215 alium
1616 2158 1831 2229 quidem

230 2276 352 2317 che
376 2276 406 2315 a
436 2261 628 2327 Patre,
660 2261 761 2316 hoc
789 2268 904 2324 est,
935 2271 1166 2328 persona
1191 2256 1499 2311 distinctum
1524 2297 1538 2320 ,
1592 2252 1689 2309 sed
1730 2254 1833 2308 mi-

233 2354 380 2410 nime
413 2351 642 2408 divisum
682 2367 746 2407 ac
775 2359 1119 2422 separatum;
1154 2346 1583 2419 quandoquidem
1636 2360 1738 2400 una
1782 2352 1837 2400 et

233 2444 420 2502 eadem
467 2445 691 2501 omnino
735 2454 818 2500 est
859 2444 1138 2513 utriusque
1182 2440 1481 2497 substantia
1527 2449 1580 2494 et
1623 2446 1834 2493 natura.

234 2540 378 2596 Deus
404 2540 608 2611 quippe
638 2538 817 2605 Pater,
851 2538 918 2592 ab
944 2547 1151 2592 aeterno
1180 2534 1474 2599 rationalis,
1502 2533 1619 2589 sine
1642 2531 1837 2601 cogita-

239 2633 387 2688 tione
416 2647 538 2688 esse
567 2645 836 2702 nunquam
867 2628 1041 2700 potuit
1062 2667 1078 2695 ,
1108 2635 1269 2698 atque
1316 2624 1517 2681 ideirco
1555 2622 1672 2693 ejus
1700 2622 1842 2678 Ver-

238 2728 388 2795 bum,
415 2726 558 2797 quod
585 2726 726 2782 idem
757 2740 820 2781 ac
842 2725 1010 2795 ipsius
1031 2723 1283 2794 cogitatio
1312 2729 1417 2787 est,
1445 2718 1604 2774 debet
1625 2717 1701 2771 illi
1722 2731 1840 2772 esse

238 2818 695 2875 consubstantiale
723 2834 784 2874 ac
822 2826 1173 2873 coaeteruum.
1204 2813 1392 2869 Nonne
1429 2826 1558 2882 ergo
1589 2808 1704 2864 hinc
1728 2809 1840 2879 ipsa

238 2914 399 2984 plane
425 2913 613 2969 eadem
640 2923 722 2969 est
749 2928 810 2967 ac
834 2910 1049 2969 concilii
1080 2908 1282 2964 Nicaeni
1322 2904 1630 2962 sententia?
1658 2902 1714 2957 1n
1740 2902 1840 2957 ltu-

235 3005 324 3077 jus
340 3006 538 3076 quippe
562 3004 808 3078 symbolo
837 3003 1091 3057 statuitur
1111 2999 1435 3056 credendum
1458 2996 1657 3052 essein
1685 3010 1844 3049 unum

243 3097 520 3153 Dominum
544 3096 723 3153 Jesum
752 3096 1038 3163 Christum,
1070 3103 1247 3148 natum
1274 3093 1337 3146 de
1381 3090 1540 3145 Patre
1564 3130 1579 3155 ,
1609 3088 1844 3158 unigeni-

1935 1889 2072 1943 riam
2102 1888 2333 1959 aliquam
2367 1888 2821 1956 intermiscuisse,
2859 1887 3091 1943 absurde
3119 1888 3246 1943 satis
3286 1886 3454 1959 loqui,
3485 1892 3541 1943 et

1941 1981 1995 2036 in
2025 1982 2409 2052 angustissimo
2437 1980 2716 2036 Trinitatis
2743 1981 3000 2052 mysterio
3031 1979 3237 2047 ludere,
3267 1994 3539 2051 nugasque

1936 2075 2152 2130 sectari.
2186 2074 2291 2130 Sed
2337 2074 2459 2146 quis
2500 2075 2601 2129 sibi
2643 2073 2800 2130 facile
2849 2072 3195 2144 persuadebit
3249 2072 3538 2129 Tertullia-

1937 2183 2098 2233 nnnt,
2131 2176 2291 2222 tantm
2336 2169 2611 2239 gravitatis
2659 2168 2972 2232 hominem,
3022 2164 3091 2223 de
3132 2166 3235 2223 hoc
3264 2166 3542 2223 Trinitatis

1938 2262 2201 2334 mysterio
2230 2262 2281 2315 in
2310 2261 2533 2317 colibro
2561 2261 2749 2318 ludere
2778 2270 2834 2318 et
2856 2262 3064 2333 iurgari,
3097 2261 3187 2316 ubi
3216 2262 3542 2333 praecipuum

1940 2370 2004 2410 ac
2034 2355 2495 2410 ntasi‘rnumillum
2518 2354 2838 2410 Christiana:
2868 2352 2991 2411 ἤυρί
3018 2355 3324 2422 articulum,
3352 2355 3545 2411 eodem

1940 2446 2097 2503 Bnllo
2126 2446 2347 2513 fatente,
2369 2448 2492 2502 totis
2512 2447 2681 2502 animi
2705 2447 2908 2503 viribus
2934 2456 3120 2503 contra
3146 2447 3364 2503 Praxca:
3412 2437 3548 2501 alioé

1943 2556 2175 2609 rumque
2204 2540 2578 2596 haereticorum
2617 2550 2866 2607 errores,
2943 2532 3138 2597 asserii
3194 2553 3258 2595 ac
3322 2537 3546 2594 tuetur?

1945 2633 2138 2708 (Idem,
2162 2634 2311 2702 ibid.,
2337 2634 2367 2707 ᾗ
2389 2635 2441 2688 2.
2466 2650 2583 2704 cap.
2614 2635 2669 2689 7.
2694 2644 2837 2688 nam.
2869 2631 2921 2688 Ι.
2944 2646 3063 2704 pag.
3095 2629 3200 2689 150
3225 2632 3266 2704 ).
3294 2630 3364 2687 Et
3390 2626 3541 2687 certe

1945 2743 1976 2781 a
2009 2726 2164 2781 nobis
2187 2727 2296 2797 jam
2328 2726 2608 2797 probatum
2639 2736 2725 2781 est
2747 2725 3105 2781 orthodoxam
3130 2725 3449 2781 sententiam
3482 2724 3550 2781 ab

1946 2820 2037 2876 illo
2065 2835 2177 2874 non
2202 2820 2374 2874 solum
2405 2827 2592 2875 centra
2641 2819 2897 2875 Pra’xeam
2940 2818 3181 2890 aliosque
3231 2817 3547 2886 haereticus,

1948 2912 2043 2967 Sed
2060 2912 2218 2965 etiam
2237 2910 2495 2967 adversus
2522 2911 2770 2982 gentiles,
2794 2922 2950 2980 quos,
2981 2924 3042 2965 ea
3065 2908 3420 2978 dissimulata,
3450 2908 3550 2965 sibi

1950 3003 2131 3069 facile,
2192 3005 2346 3059 sicuti
2400 3004 2650 3071 vidimus,
2685 3003 2975 3060 conciliare
2998 3011 3239 3075 poterat,
3271 3002 3553 3076 pchpicue

1951 3096 2135 3153 doceri
2158 3105 2213 3153 et
2236 3098 2514 3168 explicari.

247 3202 391 3260 tum,
419 3192 513 3248 hoc
538 3201 611 3248 est
634 3235 650 3260 ,
683 3208 748 3247 ea:
769 3189 1051 3247 substantia
1077 3186 1251 3241 Patris
1270 3225 1287 3249 ,
1315 3183 1476 3239 Deum
1500 3183 1563 3237 de
1593 3181 1699 3235 Deo
1721 3220 1737 3247 ,
1766 3180 1847 3234 lu—
1875 3202 1921 3265 Ο
2161 3206 2228 3245 ne
2252 3190 2381 3261 quid
2407 3192 2667 3247 "nactum
2705 3190 3073 3261 relinquamus
3098 3232 3112 3256 ’
3144 3203 3204 3245 ea
3245 3187 3425 3244 omnia
3464 3203 3558 3243 ex-

247 3302 362 3341 men
407 3287 469 3341 de
513 3287 705 3341 lumine
731 3285 751 3356 (
776 3284 881 3351 vel,
906 3281 1045 3337 sicut
1082 3281 1156 3333 ait
1180 3277 1560 3342 Tertullianns,
1581 3273 1849 3346 Apologet.

248 3395 295 3434 ο.
341 3379 434 3447 ΞΙ,
482 3396 534 3449 p.
563 3378 689 3444 399,
745 3385 799 3429 ut
833 3376 1000 3430 lumen
1028 3372 1091 3426 de
1118 3370 1306 3424 lumine
1329 3383 1593 3422 accensum
1620 3366 1662 3435 ),
1690 3363 1852 3417 Deum

252 3488 427 3527 verum
458 3487 521 3525 ea:
548 3470 658 3524 Deo
688 3484 823 3535 vero,
864 3467 1109 3538 genitum,
1138 3478 1238 3517 non
1287 3464 1497 3533 factum,
1520 3456 1851 3514 consubstan-

252 3565 428 3619 tialem
461 3561 627 3617 Patri.

852 3663 1147 3706 ARTICULUS
1185 3664 1256 3702 Vl.

255 3736 634 3823 Ezpenduntur
659 3747 1020 3817 solvunturque
1047 3749 1367 3815 argumenta,
1400 3738 1581 3810 quibus
1619 3734 1857 3791 nonnulli

330 3846 544 3916 probare
563 3843 798 3898 nituntur
822 3840 1181 3912 labefactatam
1199 3837 1357 3907 fuisse
1382 3851 1413 3887 a
1438 3830 1754 3887 Tertulliano
1774 3846 1860 3884 or-

329 3940 608 3995 thodoxam
637 3938 700 3992 de
725 3952 962 4009 suprema
988 3932 1116 3987 Filii
1142 3930 1238 3986 Dei
1276 3926 1860 3991 divinitatedocttinam,

330 4036 453 4107 quia
478 4033 608 4090 dixit
632 4033 780 4088 illum
825 4030 1013 4085 divinat
1040 4024 1335 4082 substantia:
1377 4037 1486 4078 esse
1536 4018 1818 4091 portionem
1842 4057 1858 4085 ,

333 4144 447 4198 qua:
468 4128 520 4182 in
551 4127 709 4181 Patre
736 4132 841 4180 tota
870 4132 964 4178 est.

333 4243 649 4314 Quanquam
688 4237 993 4296 orthodoxa
1037 4236 1295 4301 omnino,
1336 4231 1491 4286 sicuti
1536 4228 1862 4300 explicatum

269 4347 373 4406 est,
405 4334 900 4393 fueritTertulliani
938 4331 1006 4388 de
1048 4338 1295 4401 suprema
1338 4323 1506 4383 Verbi
1528 4332 1589 4379 et
1609 4321 1731 4377 Filii
1773 4320 1866 4376 Dei

266 4430 570 4497 divinitate,
605 4437 917 4495 aeternaque
944 4422 1295 4495 generatione
1321 4417 1617 4483 sententia;
1650 4415 1867 4487 quidam

268 4522 647 4587 nihilominus,
689 4522 849 4576 etiam
889 4517 1138 4574 catholici
1179 4515 1338 4585 hujus
1378 4512 1649 4584 dogmatis
1688 4523 1870 4565 asser-

1958 3284 2238 3357 pendenda
2292 3292 2419 3338 sunt
2459 3291 2807 3354 argumenta,
2852 3288 2971 3353 q‘ute
3031 3280 3185 3337 nobis
3231 3294 3259 3334 a
3297 3278 3554 3345 Petavio,

1956 3377 2112 3433 Bullo
2167 3375 2393 3445 aliisque
2451 3375 2799 3445 objiciuntur.
2833 3373 3070 3428 Primum
3100 3374 3278 3443 itaque
3311 3369 3559 3427 Petavius

1957 3469 2089 3525 illud
2119 3467 2415 3539 urgendum
2457 3482 2565 3523 non
2593 3476 2815 3532 censet,
2848 3465 2991 3536 quod
3014 3465 3083 3521 ab
3104 3468 3342 3521 Auctore
3375 3471 3559 3519 nostro

1959 3561 2215 3631 scriptum
2242 3560 2470 3630 legimus
2500 3560 2692 3615 Filium
2715 3602 2728 3624 ,
2760 3570 3177 3629 sermonemque
3210 3557 3298 3612 Dei
3329 3572 3358 3611 a
3402 3557 3562 3612 Patre

1960 3672 2059 3712 suo
2081 3655 2371 3727 prolatum,
2404 3668 2468 3711 ac
2497 3656 2660 3711 veluti
2696 3661 3064 3724 corporatura.
3099 3651 3309 3724 Ecquid
3337 3648 3560 3709 enimid

1961 3750 2217 3821 urgeret?
2244 3746 2433 3804 Nonne
2460 3748 2591 3803 satis
2635 3747 2914 3819 perspicue
2954 3732 3289 3801 ostendimus
3318 3744 3563 3816 corporis

1964 3842 2181 3897 nomine
2222 3840 2359 3896 nihil
2396 3839 2541 3894 aliud
2575 3839 2644 3894 ab
2672 3850 2739 3895 eo
2770 3838 3027 3908 intelligi,
3075 3837 3175 3893 nisi
3223 3837 3306 3893 sui
3348 3824 3564 3908 generis

1963 3935 2341 4000 substantiam,
2374 3946 2679 4002 personam,
2703 3939 2865 4002 atque
2883 3931 3233 4003 hypostasin?
3253 3928 3364 3986 Nec
3387 3930 3565 3985 minus

1965 4026 2244 4084 evidenter
2281 4025 2660 4098 patefecimus,
2695 4034 2856 4096 atque
2894 4038 2958 4079 ex
2991 4023 3235 4080 dicendis
3260 4023 3436 4079 adhuc
3466 4038 3563 4094 pa-

1968 4121 2120 4187 tebit,
2152 4120 2326 4190 ipsum
2366 4117 2725 4173 disertissime
2771 4116 3073 4172 asseruisse
3103 4114 3295 4172 Filium
3320 4115 3415 4171 Dei
3454 4130 3569 4170 mc-

1966 4227 2086 4270 rum
2108 4227 2233 4268 esse
2258 4210 2528 4284 spiritum,
2552 4209 2641 4281 qui
2671 4222 2737 4265 ex
2763 4210 2949 4264 merui
2979 4208 3157 4264 Patris
3181 4209 3262 4263 sui
3294 4206 3569 4263 intellectu

1969 4320 2023 4368 et
2045 4310 2368 4381 cagitatione
2387 4302 2646 4378 procedit,
2675 4318 2742 4360 ac
2760 4304 2890 4358 nihil
2935 4303 3163 4375 proinde
3183 4302 3435 4374 corporei
3481 4301 3570 4358 vel

1970 4407 2192 4464 mimine
2211 4404 2505 4460 admixtum
2537 4403 2735 4458 habere
2765 4396 2962 4471 potest.

2342 4496 2428 4509 οι-
2490 4496 2537 4509 η·
2840 4492 2938 4509 ιγε

2043 4496 2299 4555 Momenti
2341 4496 2500 4567 igitur
2523 4496 2681 4566 longe
2707 4492 2970 4566 gravioris
2998 4491 3249 4548 Petavius
3278 4490 3478 4561 aliique
3505 4503 3571 4546 ea

273 4624 444 4681 tores,
474 4581 759 4668 illum'non
787 4610 994 4665 minimi
1025 4581 1264 4679 quidem,
1288 4605 1382 4662 sed
1401 4581 1700 4675 gravissimi
1721 4615 1873 4657 erro-
1896 4601 1951 4666 Β
1976 4606 2099 4649 esse
2125 4596 2311 4661 putant
2329 4630 2345 4655 ,
2374 4587 2568 4659 quibus
2594 4586 2734 4681 idem
2756 4591 2949 4681 auctor
2978 4586 3161 4681 noster
3200 4596 3425 4681 negasse
3446 4581 3576 4681 ipsis

270 4712 348 4767 ris
398 4708 657 4765 audacter
717 4712 992 4762 accusant.
1048 4702 1106 4759 Si
1162 4700 1305 4758 enim
1377 4698 1596 4755 Petavio
1647 4694 1868 4761 credas,

270 4802 517 4857 Arianam
570 4800 806 4855 haeresim
866 4796 1124 4868 impietate
1182 4803 1231 4848 et
1280 4790 1594 4848 absurditate
1665 4795 1875 4860 superat

275 4894 504 4964 (Petav.
565 4903 689 4948 tam.
738 4891 795 4959 2,
840 4888 1088 4961 Tlteolog.
1125 4886 1351 4958 dogmat.
1404 4882 1499 4947 lib.
1543 4881 1599 4950 2,
1654 4897 1768 4952 cap.
1816 4880 1871 4947 5,

280 5001 398 5056 pag.
427 4987 500 5042 Ἃ
527 4985 567 5059 ).
600 4985 709 5043 Sed
740 4984 930 5040 doctus
961 4983 1049 5037 ille
1096 4980 1178 5034 vir
1222 4976 1573 5046 semetipsum
1603 4974 1875 5049 corrigere

282 5078 495 5134 tandem
524 5089 741 5135 coactus
764 5088 867 5135 est.
903 5076 1040 5131 Alibi
1068 5071 1332 5145 siquidem
1362 5071 1555 5125 fatetur
1570 5083 1675 5123 non
1706 5079 1878 5137 pauca

283 5183 565 5226 occurrere
591 5170 828 5241 ejusdem
855 5166 1169 5225 Tertulliani
1193 5152 1412 5232 loca,'in
1438 5161 1631 5233 quibus
1656 5166 1881 5231 apparet

284 5263 366 5317 vis
386 5263 667 5317 sententia:
704 5260 1077 5333 dogmatisque
1114 5257 1453 5321 communis,
1488 5253 1643 5324 cujus
1664 5250 1880 5306 traditio

286 5356 498 5411 animos
539 5352 973 5410 Christianorum
1019 5358 1327 5423 pervaserat
1353 5346 1556 5420 (Idem,
1581 5343 1795 5413 Prwfat.
1827 5342 1882 5395 in

288 5459 411 5504 tom.
436 5448 523 5501 cit.
548 5462 666 5517 cap.
690 5445 727 5501 5
746 5444 784 5514 ).
810 5443 1198 5500 Verumtamen
1227 5441 1425 5497 ibidem
1460 5437 1658 5509 adjecit
1692 5433 1884 5491 ortho-

290 5541 491 5597 doxam
513 5537 793 5595 Trinitatis
838 5535 1003 5592 ﬁdem
1035 5537 1089 5590 in
1118 5533 1357 5605 ejusdem
1396 5530 1610 5601 scriptis
1635 5527 1891 5600 adspergi

290 5632 583 5690 identidem
604 5629 929 5703 quihusdam
946 5627 1197 5695 maculis,
1221 5642 1338 5698 quae
1368 5626 1686 5696 contagione
1705 5622 1884 5691 itedze,

289 5728 357 5784 ad
385 5742 547 5799 quam
583 5722 814 5788 defecit,
857 5719 1296 5778 Montanistarum
1328 5716 1596 5773 haereseos
1627 5715 1759 5771 illini
1790 5729 1888 5786 po-

293 5829 529 5882 tuerunt.
562 5819 633 5878 At
651 5814 895 5892 quamvis
920 5813 992 5873 ibi
1018 5810 1206 5886 iudicii
1227 5808 1311 5869 sui
1338 5811 1683 5869 severitatem
1710 5805 1891 5879 potius

1974 4686 2188 4740 videtur
2208 4681 2452 4739 eamdem
2475 4694 2597 4737 esse
2624 4678 2803 4736 Patris
2825 4679 3036 4745 interni,
3056 4679 3279 4749 ejusque
3301 4676 3421 4732 Filii
3443 4675 3575 4731 Sub-

1976 4779 2250 4851 stantiam.
2280 4774 2491 4831 Etenim
2546 4779 2755 4844 aperte,
2789 4774 3058 4843 inquiunt,
3085 4772 3244 4826 docet
3277 4778 3445 4824 totam
3474 4768 3571 4824 Dei

1976 4868 2327 4928 substantiam
2347 4864 2539 4923 essein
2562 4865 2741 4930 Patre,
2760 4873 2813 4919 et
2832 4863 2973 4919 illius
2995 4861 3283 4934 quamdam
3300 4866 3504 4916 tantum
3524 4860 3578 4915 in

1978 4966 2116 5023 Filio
2148 4963 2466 5033 portionem.
2486 4956 2624 5027 Quid
2651 4957 2796 5014 enim
2826 4957 2930 5021 his,
2962 4956 3134 5021 aiunt,
3166 4956 3344 5011 verbis
3383 4953 3581 5011 clarius

1983 5067 2037 5115 et
2065 5054 2412 5126 expressius?
2452 5050 2610 5106 Pater
2648 5060 2754 5104 tota
2791 5049 3079 5105 substantia
3115 5057 3222 5113 est,
3268 5046 3436 5102 Filius
3466 5062 3582 5103 vero

1984 5150 2229 5205 derivatio
2271 5150 2423 5201 totius
2473 5153 2519 5199 et
2569 5144 2765 5214 portio,
2798 5143 2926 5198 sicut
2959 5140 3068 5213 ipse
3110 5143 3373 5212 proﬁtetur
3398 5160 3417 5197 :
3447 5140 3584 5209 Qum

1986 5244 2172 5300 PATER
2199 5256 2364 5300 κλιοκ
2391 5251 2463 5296 ita
2493 5252 2589 5295 ss'r
2615 5240 2632 5309 (
2660 5237 2818 5293 Joan.
2849 5235 2989 5305 XIV,
3013 5236 3084 5293 28
3104 5239 3144 5310 )‘.
3190 5238 3378 5293 Totam
3430 5238 3588 5309 igitur

1990 5335 2311 5399 Divinitatis,
2368 5332 2655 5404 inquiunt,
2708 5326 3062 5385 substantiam
3114 5328 3477 5386 Tertttiliauus
3531 5330 3585 5386 in

1990 5431 2148 5488 Patre
2177 5436 2235 5483 ut
2283 5424 2667 5498 potem’ajore,
2716 5426 2770 5477 et
2800 5421 2853 5476 in
2904 5420 3045 5476 Filio
3086 5428 3145 5478 ut
3210 5410 3333 5493 pote
3378 5422 3586 5478 minore

1990 5533 2193 5596 partem
2241 5528 2445 5575 tantum
2513 5529 2575 5572 ac
2622 5515 2931 5585 portionem
2985 5524 3107 5570 esse
3160 5514 3452 5570 arbitratus
3502 5523 3586 5570 est

1989 5619 2009 5690 (
2039 5616 2251 5671 Tertull.
2278 5615 2365 5669 lib.
2398 5612 2515 5667 adv.
2553 5606 2744 5665 Prome.
2784 5622 2902 5677 cap.
2934 5606 3015 5679 9).

2063 5708 2265 5781 Urgent
2295 5704 2351 5761 id
2374 5703 2549 5762 adhuc
2576 5700 2766 5758 abillo
2794 5701 2985 5765 asseri,
3014 5692 3105 5757 tibi
3135 5699 3427 5758 absurdum
3453 5699 3591 5758 Mar-

1993 5802 2172 5873 iionis,
2208 5798 2297 5871 qui
2324 5795 2539 5855 Patrem
2565 5808 2633 5855 ex
2664 5791 2883 5868 Virgine
2901 5801 3108 5868 natum,
3138 5801 3193 5853 et
3212 5808 3430 5883 passum
3472 5804 3594 5852 esse
