4092 6352
522 281 628 343 839

1606 288 1673 346 IN
1709 283 2175 349 TERTULLIANI
2212 288 2743 355 APOLOGETICUM

3715 292 3828 361 8&0

519 397 807 494 garriebat,
841 413 1079 456 errorem
1098 400 1293 459 refellit
1323 421 1336 458 :
1375 401 1499 458 Non
1540 422 1751 477 negans,
1790 408 1982 479 inquit,
2017 408 2114 464 Fi-
2143 415 2195 475 Α
2222 412 2463 468 derivatio
2489 414 2641 470 totius
2678 425 2724 471 et
2768 416 2934 487 portio
2984 432 3103 488 qua:
3131 418 3348 490 quidem
3371 422 3530 476 verba
3560 421 3628 478 ibi
3658 438 3830 494 syno-

521 492 644 548 lium
673 503 720 548 et
746 492 997 565 Spiritum
1019 503 1067 549 et
1097 493 1431 552 substantiam
1456 496 1714 556 Creatoris
1743 518 1850 557 esse
1866 503 2123 560 Christum

519 582 651 657 ejus,
680 586 927 640 concedas
959 604 1166 643 necesse
1201 599 1272 643 est
1293 606 1378 645 eos
1396 632 1412 658 ,
1454 592 1541 662 qui
1568 591 1779 648 Patrem
1809 613 1908 651 non
1936 613 2123 668 cogno-

519 678 704 741 perint,
730 695 819 732 nec
844 678 1041 735 Filium
1065 699 1339 753 agnoscere
1367 686 1588 754 potuisse
1627 704 1717 757 per
1756 689 1983 759 ejusdem
2001 690 2125 745 sub-

518 770 721 824 stantia:
744 774 1114 839 conditionem,
1145 778 1293 845 cujus
1323 776 1584 846 plenitudo
1616 778 1869 834 intellecta
1907 791 2127 847 nonest;

521 863 685 917 multo
737 865 900 935 magis
952 868 1148 936 portio,
1199 878 1332 923 certe
1392 886 1491 938 qua
1549 871 1880 941 plenitudinis
1924 879 2128 929 censors

521 958 544 1028 (
574 954 773 1011 Tertul.
799 956 885 1011 lib.
907 959 1191 1023 5,,udvers.
1219 959 1475 1018 Marcion.
1499 979 1616 1034 cap.
1646 964 1680 1019 6
1703 963 1740 1036 ).

595 1052 857 1124 Denique,
891 1054 977 1109 ubi
1004 1056 1407 1125 generationem
1433 1054 1550 1111 Filii
1584 1056 1674 1112 Dei
1699 1059 1953 1116 cumSule
1975 1060 2122 1129 ejus-

521 1158 626 1215 que
676 1146 827 1201 radio
874 1150 1188 1217 componit,
1236 1149 1313 1204 sic
1352 1148 1530 1205 adhuc
1572 1151 1848 1223 loquitur:
1895 1127 2128 1210 Nani‘rt

522 1238 663 1294 Deus
683 1240 929 1311 spiritus;
959 1251 1004 1295 et
1025 1258 1138 1296 cum
1161 1242 1338 1297 radius
1367 1259 1430 1297 ea:
1464 1247 1573 1300 sole
1612 1248 1921 1318 porrigitur,
1954 1250 2122 1319 portio

521 1346 593 1386 ea:
614 1347 813 1386 summa
842 1349 861 1387 :
883 1333 972 1387 sed
1018 1335 1096 1389 sol
1120 1336 1212 1389 erit
1234 1336 1286 1389 in
1315 1337 1482 1400 radio,
1535 1338 1655 1408 quia
1684 1341 1807 1394 solis
1832 1351 1903 1395 est
1930 1342 2127 1409 radius,

524 1438 616 1477 nec
660 1433 927 1495 separatur
963 1426 1262 1489 substantia,
1307 1427 1394 1481 sed
1426 1429 1723 1484 extenditur
1749 1431 1768 1503 (
1792 1430 1960 1499 Idem,
1993 1435 2131 1504 Apo-

533 1515 686 1587 loget.
715 1532 833 1588 cap.
859 1515 952 1583 21,
985 1535 1105 1590 pag.
1136 1518 1285 1589 399).
1316 1521 1568 1577 Petavius
1606 1524 1787 1603 itaque
1817 1544 1883 1582 ex
1906 1528 1987 1583 his
2011 1544 2131 1584 om-

526 1608 688 1664 nibus
704 1610 979 1667 concludit
1001 1611 1197 1669 Filium
1219 1613 1334 1682 Dei,
1362 1614 1513 1685 juxta
1531 1616 1847 1675 Tertulliani
1873 1630 2127 1689 mentem,

525 1716 632 1758 non
665 1713 827 1759 totam
867 1706 1224 1763 substantiam
1253 1709 1494 1766 divinam
1540 1714 1817 1784 possidere
1847 1757 1862 1783 ,
1891 1717 1985 1773 sed
2016 1718 2129 1788 ejus

2227 522 2387 579 nyma
2410 507 2673 563 videntur.
2706 508 2778 563 Ea
2825 520 3002 565 autem
3042 509 3303 567 derivatio
3345 523 3566 569 vocatur
3605 514 3825 585 portio,

2227 613 2321 654 seu
2352 602 2605 672 partitio;
2633 604 2755 673 quia
2785 602 2942 659 Pater
2965 613 3128 659 totam
3156 620 3309 661 suam
3330 607 3677 663 substantiam
3701 623 3829 664 cum

2229 690 2369 748 Filio
2392 693 2465 749 ita
2490 696 2924 762 communicavit,
2958 706 3016 751 ut
3044 697 3112 751 ab
3151 697 3240 754 illo
3270 707 3447 754 tamen
3469 704 3700 771 persona
3733 713 3831 755 sua

2229 784 2297 839 sit
2322 785 2624 841 distinctus.
2659 787 2793 842 Cum
2823 788 2965 843 enim
2988 787 3108 844 Filii
3134 789 3412 861 Patrisque
3444 806 3685 861 persona:
3716 806 3750 846 a
3771 807 3832 849 se

2231 876 2457 932 invicem
2487 878 2883 950 distinguantur
2903 922 2918 947 ,
2945 894 3205 951 suamque
3235 880 3403 937 Filius
3435 898 3465 937 a
3509 883 3665 939 Patre
3704 898 3831 939 cum

2232 978 2341 1024 tota
2367 969 2553 1025 eadem
2576 970 2873 1026 substantia
2904 972 3082 1027 divina
3123 972 3391 1044 acceperit
3416 1015 3430 1040 ,
3465 974 3588 1030 hinc
3612 975 3791 1046 portio
3814 1015 3831 1042 ,

2229 1077 2326 1118 seu
2351 1063 2610 1119 derivatio
2638 1064 2779 1120 illius
2804 1066 3123 1137 appellatur.

2292 1157 2369 1211 At
2401 1156 2542 1212 hunc
2570 1172 2692 1214 esse
2718 1173 2904 1214 verum
2934 1158 3247 1216 Tertulliani
3274 1174 3490 1216 sensum
3518 1160 3694 1232 colligi
3731 1175 3834 1232 po-

2232 1257 2337 1303 test
2364 1263 2433 1303 ex
2464 1248 2566 1304 alia
2612 1248 2729 1319 ejus
2776 1249 3035 1307 adversus
3076 1251 3323 1308 eumdem
3366 1252 3634 1308 Praxeam
3665 1268 3832 1325 argu-

2232 1343 2581 1399 mentatione.
2631 1343 2737 1399 Iste
2784 1342 3052 1413 siquidem
3112 1344 3431 1413 luereticus,
3463 1355 3518 1402 et
3559 1347 3691 1413 alii,
3739 1346 3835 1418 qui

2232 1434 2394 1490 stulte
2417 1434 2621 1506 opinati
2663 1444 2789 1490 sunt
2813 1434 3065 1491 eumdem
3107 1451 3225 1492 esse
3259 1437 3472 1493 Patrem
3519 1448 3573 1494 et
3612 1437 3833 1504 Filium,

2232 1526 2628 1583 contendebant
2658 1527 2741 1583 his
2768 1527 2929 1584 Luca:
2961 1529 3316 1601 Evangelista:
3346 1531 3529 1587 verbis
3560 1548 3573 1585 :
3604 1529 3835 1603 Spiritus

2232 1620 2331 1676 Dei
2367 1622 2678 1693 superueniet
2707 1625 2761 1677 in
2790 1632 2854 1689 te,
2887 1632 2933 1676 et
2959 1622 3116 1678 virtus
3139 1623 3392 1678 Altissimi
3421 1624 3736 1678 obumbrabit
3766 1633 3834 1687 te,

2235 1715 2375 1770 idem
2416 1713 2637 1769 omnino
2685 1714 2970 1785 significari
3020 1729 3084 1770 ac
3123 1715 3167 1770 si
3217 1715 3481 1771 dixisset:
3527 1715 3693 1771 Filius
3735 1713 3838 1770 Dei

524 1791 782 1851 duntaxat
805 1797 1147 1868 portionem,
1190 1816 1255 1857 ac
1295 1802 1520 1873 proinde
1564 1821 1672 1862 non
1720 1809 1964 1864 eamdem
2008 1826 2130 1867 esse

2244 1804 2377 1861 Deus
2403 1816 2497 1873 est,
2526 1815 2575 1860 et
2616 1807 2775 1861 uirtus
2804 1806 3051 1862 Altissimi
3071 1808 3352 1862 altissimus
3369 1819 3443 1863 est
3472 1807 3625 1882 (Luc,
3647 1826 3768 1880 cap.
3793 1807 3835 1875 Ι,

525 1882 702 1941 Patris
729 1890 916 1943 aeterni
943 1904 1007 1945 ac
1033 1890 1152 1946 Filii
1191 1893 1308 1963 ejus
1334 1895 1710 1965 substantiam,
1740 1910 1801 1955 et
1829 1914 2094 1957 naturam.

598 1977 796 2037 Verum
818 1981 864 2037 si
895 1997 983 2039 res
1007 1984 1077 2038 ita
1102 1999 1163 2040 se
1190 1986 1383 2042 habeat
1405 2030 1420 2056 ,
1449 1999 1598 2047 certe
1642 1990 2012 2049 Tertullianus
2033 1995 2133 2051 sibi

526 2072 862 2145 ineptissime
887 2078 1229 2134 contradixit.
1256 2078 1500 2139 Vidimus
1520 2082 1668 2139 enim
1692 2084 1745 2140 in
1767 2087 2134 2158 superioribus

531 2166 774 2223 articulis
799 2183 959 2240 quam
989 2185 1155 2241 saepe,
1187 2187 1348 2243 quam
1375 2185 1718 2244 constanter,
1747 2193 1908 2250 quam
1933 2179 2134 2237 diserte

527 2276 804 2321 asseveret
828 2281 989 2322 unam
1020 2267 1199 2338 plane,
1229 2268 1533 2337 indivisam,
1562 2281 1619 2327 et
1659 2272 1903 2331 eamdem
1926 2290 2048 2332 esse
2079 2276 2133 2331 in

528 2353 688 2413 Patre
707 2368 761 2413 et
792 2357 931 2415 Filio
958 2359 1338 2416 substantiam.
1374 2363 1442 2418 At
1492 2364 1539 2418 si
1588 2364 1755 2421 Filius
1796 2369 2130 2437 portionem,

531 2452 648 2507 sive
680 2460 883 2521 partem
923 2459 1131 2507 tantum
1171 2452 1313 2510 illius
1342 2454 1572 2524 habeat,
1605 2473 1669 2513 ea
1697 2459 2010 2530 utiquenon
2038 2476 2134 2517 ea-

530 2541 655 2598 dem
681 2544 733 2598 in
788 2543 878 2598 illo
908 2553 1068 2617 atque
1094 2546 1146 2601 in
1174 2545 1352 2613 Patre,
1384 2548 1479 2604 sed
1505 2550 1661 2605 sicuti
1692 2566 1812 2621 pars
1839 2568 1868 2606 a
1901 2563 2013 2607 toto
2038 2553 2136 2609 di-

530 2635 644 2689 visa
693 2635 819 2698 estl
851 2636 1012 2705 Supr.
1040 2638 1137 2692 hoc
1179 2655 1296 2710 cap.
1336 2651 1437 2695 art.
1465 2642 1491 2697 1
1518 2640 1562 2713 ).
1590 2642 1789 2699 Contra
1831 2659 1966 2700 vero
2003 2645 2135 2702 Ter-

531 2725 827 2795 tullianus,
855 2729 930 2783 uti
954 2730 1184 2784 vidimus
1209 2773 1223 2795 ,
1258 2732 1310 2786 in
1352 2732 1457 2787 alio
1503 2732 1762 2790 adversus
1808 2735 2134 2793 Mareionem

530 2818 668 2877 libro
704 2819 818 2876 htec
855 2820 1050 2877 litteris
1093 2822 1161 2878 de
1208 2823 1299 2878 illo
1341 2825 1651 2882 mandavit:
1687 2826 1811 2883 Non
1851 2829 2037 2883 minori
2082 2846 2137 2884 se

531 2914 741 2969 tradidit
768 2919 938 2971 omnia
968 2917 1178 2972 Creator
1204 2918 1229 2989 (
1248 2916 1421 2988 Idem,
1449 2921 1539 2975 lib.
1565 2921 1620 2987 4,
1647 2922 1846 2978 advers.
1876 2922 2131 2979 Marcion.

532 3023 649 3078 cap.
680 3008 820 3081 25).
868 3011 1027 3081 Atqui
1080 3011 1125 3066 si
1171 3011 1338 3067 Filius
1410 3028 1571 3068 unam
1634 3013 1896 3070 duntaxat
1944 3015 2137 3071 divina:

533 3102 844 3159 substantia:
894 3105 1193 3175 portionem
1237 3121 1267 3160 a
1337 3105 1497 3163 Patre
1557 3107 1801 3178 accepit,
1847 3108 1983 3176 alia,
2032 3124 2135 3179 qua

2255 1899 2287 1969 Ῡ
2332 1898 2403 1954 25
2429 1900 2468 1970 ).
2502 1898 2869 1954 Tertullianus
2890 1914 3022 1955 vero
3053 1899 3190 1955 hanc
3232 1898 3536 1955 hzrretieam
3567 1902 3837 1971 interpre-

2238 1990 2497 2047 tationem
2520 1991 2598 2047 sic
2622 1992 2939 2063 impugnat:
2974 1991 3030 2047 Si
3063 1991 3171 2058 hie,
3204 1992 3397 2062 inquit,
3426 2002 3569 2048 esset
3597 1992 3841 2064 Evange-

2238 2083 2374 2139 listtc
2402 2098 2592 2139 sensus
2614 2126 2628 2150 ,
2662 2083 2967 2154 scripsisset
2999 2084 3179 2154 utique
3205 2102 3218 2138 :
3257 2082 3397 2138 Deus
3425 2084 3762 2155 superveniet,
3794 2092 3840 2139 et

2238 2176 2533 2231 Altissimus
2580 2176 2894 2231 obumbrabit
2951 2173 3047 2258 ιε(
3082 2175 3301 2231 Tertull.
3353 2176 3441 2230 lib.
3497 2176 3613 2231 adv.
3647 2175 3837 2232 Praxo.

2238 2283 2352 2338 cap.
2387 2266 2460 2322 26
2587 2268 2747 2338 Atqui
2804 2284 2909 2322 non
2956 2268 3025 2322 ita
3072 2268 3321 2336 scripsit,
3368 2267 3461 2323 sed
3517 2270 3671 2323 virtus
3718 2266 3837 2333 Dei,

2238 2377 2341 2414 non
2370 2360 2580 2425 directo,
2622 2359 2676 2415 id
2715 2369 2831 2428 est,
2883 2360 3213 2415 nominativo
3263 2375 3393 2415 casu
3444 2358 3612 2413 Deum
3669 2360 3838 2414 nomi-

2238 2471 2389 2521 nans,
2423 2455 2705 2526 portionem
2726 2456 2881 2510 totius
2905 2453 3127 2526 intelligi
3153 2454 3329 2519 voluit,
3355 2470 3468 2525 qua:
3496 2471 3702 2509 cessura
3722 2463 3833 2509 erat

2239 2548 2291 2601 in
2319 2546 2445 2602 Filii
2486 2564 2688 2602 nonten.
2725 2547 2866 2601 Dixit
2897 2548 3077 2617 itaque
3124 2548 3205 2602 his
3259 2547 3436 2603 verbis
3462 2588 3475 2610 ,
3528 2546 3742 2618 spiritus
3785 2553 3839 2600 et

2238 2640 2400 2694 virtus
2431 2640 2563 2705 Dei,
2591 2640 2813 2709 intelligi
2844 2641 3147 2711 portionem
3173 2682 3188 2706 ,
3214 2640 3339 2711 quia
3384 2653 3579 2693 nomen
3608 2637 3701 2692 Dei
3735 2652 3838 2691 non

2245 2735 2604 2803 nominativo,
2648 2735 2741 2789 sed
2795 2735 3029 2805 genitivo
3081 2750 3212 2789 casu
3257 2744 3532 2804 acceptum
3581 2731 3843 2803 signiﬁcat

2240 2830 2523 2900 portionem
2547 2871 2562 2898 ,
2594 2830 2707 2885 sive
2747 2831 3184 2902 generationem,
3216 2838 3272 2883 et
3311 2828 3694 2883 derivationem
3722 2824 3838 2880 Filii

2240 2936 2269 2975 a
2300 2920 2458 2976 Patre
2486 2936 2605 2977 suo.
2624 2922 2753 2976 Nam
2780 2938 2842 2977 ea
2871 2921 3205 2976 derivatione
3225 2936 3318 2975 seu
3348 2920 3710 2990 generatione,
3741 2917 3840 2973 etsi

2240 3030 2452 3070 omnem
2496 3015 2729 3071 divinam
2775 3017 3127 3071 substantiam
3169 3015 3471 3086 acceperit,
3501 3029 3606 3069 non
3653 3012 3838 3069 eadem

2242 3109 2586 3166 nihilominus
2612 3121 2693 3167 est
2724 3111 2867 3165 illius
2909 3125 2972 3164 ac
3001 3111 3172 3165 Patris
3204 3124 3450 3179 pet'Sona.
3481 3107 3838 3176 Quamobrem

534 3197 810 3269 privatur,
860 3199 1049 3270 procul
1116 3198 1283 3255 dubio
1331 3200 1507 3255 minor
1549 3210 1652 3256 est.
1706 3199 1968 3272 Numquid
2007 3217 2137 3273 ergo
2164 3215 2208 3279 ρ
2253 3201 2525 3272 inceptum
2567 3218 2871 3258 sermonem
2904 3203 2980 3257 sic
3005 3204 3207 3256 Auctor
3233 3211 3416 3255 noster
3463 3199 3838 3269 prosequitur:

534 3290 897 3349 Tertullianus
924 3292 1114 3348 Filium
1149 3293 1241 3349 Dei
1269 3293 1426 3349 Patre
1451 3308 1550 3349 suo
1579 3296 1840 3350 minorem
1869 3309 2014 3362 esse,
2046 3307 2138 3350 as-

534 3387 700 3443 seruit
726 3396 780 3443 et
804 3386 1062 3458 negavit?
1094 3386 1227 3453 Quis
1255 3384 1355 3442 hoc
1387 3386 1614 3454 credat?

607 3480 745 3549 Quid
773 3497 900 3537 vero
919 3522 935 3547 ,
962 3479 1105 3551 quod
1134 3480 1188 3535 in
1220 3480 1310 3535 illo
1336 3480 1427 3552 qui
1459 3480 1616 3536 nobis
1640 3480 1912 3552 objicitur,
1943 3481 2138 3537 adver-

538 3591 632 3633 sus
660 3575 983 3631 Marcionem
1001 3574 1141 3640 loco,
1164 3572 1337 3629 Filius
1367 3574 1564 3629 dicitur
1583 3574 1798 3643 quidem
1825 3573 2141 3629 substantiae

538 3669 735 3727 divinte
760 3670 960 3739 portio,
1006 3668 1101 3724 sed
1148 3668 1218 3723 ibi
1250 3668 1507 3723 continuo
1534 3666 1813 3739 adjicitur,
1865 3678 1999 3723 certe
2039 3683 2141 3740 qua

540 3762 871 3835 plenitudinis
899 3777 1127 3817 consors.
1151 3761 1312 3832 Atqui
1344 3762 1389 3815 si
1438 3760 1528 3816 ille
1560 3759 1878 3816 substantim
1906 3759 2098 3814 divinae
2122 3801 2139 3828 ,

541 3874 662 3931 quae
700 3855 1093 3928 simplicissima
1125 3865 1207 3910 est
1227 3898 1240 3920 ,
1269 3866 1429 3927 atque
1469 3854 1522 3910 in
1549 3870 1615 3910 eo
1638 3865 1693 3910 et
1719 3854 1877 3909 Patre
1896 3896 1912 3919 ,
1943 3862 2001 3908 ut
2025 3852 2141 3908 dic-

548 3959 659 4007 tum
713 3950 781 4004 ab
825 3948 1017 4005 eodem
1045 3946 1377 4004 Tertulliano
1405 3947 1603 4018 saepius
1629 3945 2107 4001 animadvertimus
2126 3987 2141 4013 ,

545 4061 653 4104 non
684 4051 981 4114 separatur,
1013 4058 1241 4109 consors,
1270 4040 1468 4109 socius,
1495 4049 1550 4095 et
1580 4039 1848 4110 particeps
1880 4045 1982 4106 est,
2023 4051 2142 4091 eam

544 4138 732 4208 utique
765 4145 932 4192 totam
962 4134 1227 4206 possidet.

615 4229 881 4285 Praeterea
928 4228 974 4282 si
1009 4227 1204 4282 divina:
1249 4225 1559 4281 substantiae
1601 4223 1782 4295 portio
1809 4266 1823 4291 ,
1867 4222 1983 4278 sive
2019 4236 2145 4292 pars

469 4322 481 4334 '
545 4330 750 4377 tantum
774 4320 952 4391 aliqua
978 4321 1048 4374 sit
1088 4319 1142 4373 in
1171 4316 1310 4373 Filio
1329 4358 1345 4385 ,
1374 4318 1490 4388 ipse
1516 4316 1682 4371 Pater
1722 4330 1840 4370 eam
1884 4314 2145 4385 integram

547 4432 654 4473 non
685 4414 865 4470 habet.
900 4413 1034 4468 Pars
1051 4413 1194 4468 enim
1227 4411 1372 4465 illius
1412 4410 1517 4465 erit
1545 4411 1597 4464 in
1628 4407 1763 4464 Filio
1789 4449 1805 4475 ,
1833 4416 1889 4463 et
1927 4424 1957 4463 a
1989 4408 2147 4462 Patre

547 4510 822 4566 distracta.
852 4505 910 4562 In
941 4505 1025 4560 his
1045 4519 1174 4575 ergo
1190 4502 1396 4558 verbis:
1430 4502 1590 4557 Pater
1618 4512 1722 4556 tota
1749 4499 2030 4556 substantia
2051 4508 2143 4567 est,

2258 3293 2402 3351 Sicut
2432 3314 2550 3367 ergo
2576 3312 2737 3351 sermo
2776 3294 2872 3349 Dei
2902 3312 3004 3350 non
3026 3304 3098 3349 est
3128 3295 3237 3365 ipse
3271 3294 3417 3365 cujus
3448 3301 3521 3347 est
3546 3333 3561 3357 ,
3604 3291 3830 3346 videlice

2246 3389 2453 3456 Patris;
2483 3391 2555 3445 ita
2578 3407 2667 3445 nec
2696 3389 2944 3461 Spiritus,
3001 3387 3093 3441 etsi
3135 3385 3273 3441 Deus
3310 3387 3473 3439 dictus
3514 3394 3606 3450 est,
3636 3400 3735 3438 non
3766 3393 3843 3437 ta-

2249 3503 2362 3542 men
2392 3487 2501 3557 ipse
2530 3495 2622 3550 est,
2651 3486 2795 3555 cujus
2822 3485 3054 3537 dictus...
3079 3480 3140 3535 Et
3162 3481 3275 3534 ideo
3304 3479 3527 3549 Spiritus
3560 3475 3654 3532 Dei
3679 3477 3837 3542 Dens,

2244 3590 2291 3634 ct
2323 3580 2504 3634 Sermo
2534 3577 2626 3632 Dei
2649 3576 2789 3631 Deus
2812 3593 2829 3642 ;
2854 3577 2973 3649 quia
2998 3592 3060 3630 ea:
3086 3574 3217 3640 Deo,
3265 3590 3364 3627 non
3409 3583 3573 3625 tamen
3621 3571 3748 3640 ipse,
3782 3585 3842 3626 ea:

2244 3688 2342 3742 quo
2385 3682 2474 3725 est.
2508 3671 2660 3736 Quod
2688 3670 2732 3722 si
2766 3668 2900 3723 Deus
2926 3667 3053 3730 Dei,
3099 3678 3338 3737 tanquam
3380 3663 3691 3717 snbstantiva
3740 3677 3840 3729 res,

2245 3779 2346 3817 non
2390 3763 2482 3816 erit
2525 3766 2633 3832 ipse
2663 3759 2824 3825 Deus,
2856 3759 2946 3815 scd
2972 3759 3213 3812 hactenus
3242 3755 3376 3810 Deus
3399 3772 3419 3819 ;
3447 3755 3565 3827 quia
3593 3771 3656 3810 ea:
3682 3755 3843 3823 ipsius

2245 3857 2548 3925 substantia,
2576 3872 2675 3927 qua
2705 3865 2749 3909 et
2774 3855 3096 3909 substantive
3138 3869 3218 3907 res
3263 3861 3352 3918 est,
3387 3859 3433 3904 et
3460 3859 3517 3903 ut
3561 3847 3723 3920 portio
3748 3847 3845 3902 ali-

2244 3968 2344 4023 qua
2369 3950 2539 4006 totius.

2318 4043 2559 4100 Audisne
2604 4040 2876 4115 quomodo
2907 4039 3000 4095 Dei
3045 4037 3213 4093 Filius
3240 4045 3295 4094 et
3337 4050 3515 4091 sermo
3543 4034 3616 4090 ibi
3657 4039 3843 4104 aperte

2249 4148 2472 4210 negetur
2497 4151 2619 4193 esse
2659 4136 2799 4191 Deus
2824 4135 2940 4199 Dei,
2982 4133 3076 4188 sed
3106 4147 3266 4188 verus
3295 4131 3532 4196 dicatur,
3567 4128 3706 4185 sicut
3730 4126 3844 4198 ejus

2250 4233 2428 4300 Pater,
2461 4229 2643 4287 Deus?
2672 4227 2929 4298 Quamvis
2957 4237 3137 4282 autem
3171 4240 3329 4281 verus
3362 4224 3433 4279 sit
3464 4223 3636 4286 Dens,
3673 4228 3726 4275 et
3751 4234 3843 4273 ea-

2249 4325 2372 4382 dem
2404 4325 2544 4380 illius
2563 4339 2626 4379 ac
2653 4313 3192 4385 Patris'substantia;
3223 4319 3345 4390 quia
3390 4328 3564 4371 tamen
3596 4330 3661 4370 ex
3706 4311 3845 4368 illius

2250 4419 2574 4490 cogitatione
2603 4426 2658 4472 et
2688 4415 3059 4471 iutellectione
3090 4411 3287 4484 prodiit
3320 4421 3373 4466 et
3402 4409 3616 4480 genitus
3653 4414 3756 4471 est,
3783 4406 3849 4460 ab

2253 4512 2345 4567 illo
2386 4525 2613 4583 persona
2641 4508 3007 4578 distinguitur.
3037 4505 3146 4560 l’.ac
3189 4513 3365 4559 autem
3392 4501 3736 4573 generatione
3760 4499 3845 4555 di-

551 4601 721 4657 Filius
746 4616 860 4655 vero
888 4598 1051 4671 portio
1076 4638 1091 4664 ,
1120 4596 1342 4653 evidens
1376 4596 1537 4668 plane
1575 4596 1925 4667 repugnantia
1950 4593 2136 4664 depre-

2252 4605 2391 4660 ciIur
2414 4604 2577 4658 totius
2606 4601 2868 4657 derivatio
2890 4608 2945 4656 et
2975 4598 3148 4670 portio
3168 4639 3183 4665 ,
3221 4597 3334 4651 sive
3380 4595 3594 4666 partitio
3619 4602 3675 4649 et
3697 4607 3847 4648 com-

550 4697 835 4755 hendetur.
864 4695 1037 4753 Unius
1059 4693 1257 4765 quippe
1293 4691 1375 4749 rei
1398 4734 1415 4759 ,
1454 4707 1517 4748 ac
1566 4692 1904 4763 potissimum
1945 4688 2152 4758 simpli-

549 4793 780 4849 cissima:
803 4800 971 4846 totum
992 4789 1044 4843 in
1066 4794 1263 4851 uno,et
1294 4798 1416 4856 pars
1436 4782 1490 4839 in
1520 4783 1696 4838 altero
1713 4797 1832 4838 esse
1856 4789 2148 4852 nequeunt.

550 4887 683 4944 Cum
713 4885 893 4941 nullus
921 4882 1099 4953 itaque
1125 4889 1232 4936 tam
1273 4876 1519 4934 absurdae
1549 4875 1988 4931 contradictionis
2013 4873 2149 4928 Ter-

552 4979 830 5036 tullianum
859 4976 1183 5033 convincere
1214 4972 1400 5043 possit,
1430 4969 1560 5041 quid
1586 4976 1772 5033 restat,
1802 4965 2150 5022 nisintdica-

551 5088 672 5130 mus
704 5072 852 5128 illum
900 5067 1148 5142 partionis
1192 5064 1408 5122 nomine
1436 5079 1543 5118 non
1578 5059 2148 5131 intellexissepartem

552 5167 783 5239 aliquam
804 5163 999 5219 divinas
1024 5158 1358 5224 substantiae,
1388 5171 1547 5227 quam
1580 5154 1669 5209 ille
1701 5165 1801 5207 nec
1833 5150 2019 5219 dividi,
2049 5167 2149 5208 nec

553 5260 789 5332 separari
821 5273 979 5330 posse
1006 5252 1452 5313 constantissime
1478 5248 1826 5307 asseveravit.

625 5355 745 5421 Quo
768 5366 897 5423 ergo
917 5393 932 5418 ,
960 5347 1166 5421 inquiet
1197 5347 1392 5418 aliquis
1411 5386 1426 5412 ,
1467 5358 1633 5423 sensu
1670 5356 1866 5398 nomen
1894 5339 2058 5411 portio
2083 5341 2150 5395 ab

554 5463 620 5503 eo
644 5420 913 5502 sumitur?
957 5441 1122 5497 Nobis
1150 5438 1363 5511 quidem
1408 5420 1552 5493 haud
1590 5432 1977 5493 reluctantibus
2022 5447 2151 5503 pro-

553 5540 764 5597 babitur
789 5536 979 5594 eodem
1006 5533 1306 5606 signiﬁcatu
1332 5530 1501 5602 accipi
1523 5572 1539 5599 ,
1570 5537 1730 5600 atque
1761 5524 1987 5599 partitio
2007 5566 2022 5592 ,
2055 5537 2152 5579 seu

555 5629 926 5706 participatio,
980 5636 1037 5685 et
1090 5624 1502 5682 communicatio
1555 5621 1750 5678 divina:
1800 5616 2146 5684 substantiae,

556 5740 714 5798 quam
745 5723 901 5781 Pater
921 5720 974 5778 in
1008 5719 1205 5777 Filium
1225 5716 1505 5775 derivavit.
1532 5714 1667 5772 Nam
1689 5712 1856 5771 Filius
1884 5711 1989 5768 hoc
2010 5710 2150 5782 ipso,

554 5817 647 5890 qui
684 5815 841 5877 nobis
887 5813 1139 5888 objicitur
1162 5853 1179 5884 ,
1210 5809 1470 5871 adversus
1497 5808 1758 5871 Praxeam
1808 5805 1930 5867 loco
1955 5801 2155 5863 dicitur

2253 4696 2547 4753 municatio
2571 4737 2584 4762 ,
2610 4694 2704 4750 sed
2734 4710 2834 4765 qua
2857 4734 2873 4761 ,
2900 4699 2958 4746 ut
2996 4691 3086 4746 ille
3129 4690 3236 4753 ait,
3265 4686 3599 4760 plenitudinis
3643 4699 3848 4739 consors

2254 4786 2426 4856 est,id
2457 4794 2559 4850 est,
2578 4796 2743 4840 totam
2774 4794 2823 4839 et
2851 4780 3095 4839 eamdem
3119 4779 3284 4835 habet
3313 4778 3509 4844 Patris,
3528 4792 3680 4849 aquo
3698 4785 3851 4832 ortus

2254 4892 2355 4944 est,
2387 4880 2738 4935 substantiam
2770 4887 2824 4934 et
2852 4862 3206 4931 divinitatem.

2324 4972 2509 5043 Neque
2535 4985 2630 5026 eos
2655 4968 2950 5026 audiendos
2985 4981 3299 5031 censemus,
3340 4964 3431 5037 qui
3457 4964 3757 5037 urgebunt:
3801 4961 3850 5017 ls

2255 5066 2299 5122 si
2331 5067 2400 5120 sit
2423 5063 2739 5120 Tertulliani
2788 5075 3011 5128 sensus,
3051 5060 3118 5116 ab
3141 5075 3208 5116 eo
3236 5075 3431 5115 nomen
3474 5059 3640 5131 portio
3680 5057 3849 5127 accipi

2254 5157 2545 5230 impropria
2567 5156 2810 5221 omnino,
2839 5170 2901 5210 ac
2930 5154 3090 5225 plane
3110 5153 3362 5210 inusitata
3391 5152 3681 5210 locutione.
3711 5150 3849 5208 Suos

2254 5251 2397 5307 enim
2415 5247 2771 5304 Tertullianus
2786 5245 2951 5301 libros
2974 5245 3237 5311 barbaris,
3255 5244 3562 5315 impropriis
3589 5251 3642 5298 et
3689 5241 3848 5297 inusi-

2256 5343 2401 5404 tatis,
2430 5341 2504 5395 uti
2536 5356 2696 5395 nemo
2750 5338 2920 5394 nescit
2958 5346 3013 5393 et
3036 5338 3231 5409 stepius
3270 5334 3696 5402 observavimus,
3730 5348 3849 5390 ver-

2253 5434 2336 5490 bis
2393 5449 2456 5488 ac
2517 5431 2824 5487 nominibus
2875 5431 3120 5501 aspersit.
3186 5428 3319 5485 Nam
3376 5438 3436 5484 ut
3479 5429 3743 5501 plurima,
3794 5427 3848 5482 in

2255 5526 2502 5583 munibus
2519 5524 2636 5595 ejus
2665 5524 2815 5579 libris
2856 5523 3053 5594 passim
3070 5522 3247 5589 obvia,
3272 5535 3417 5577 nunc
3441 5521 3849 5592 prastermittan-

2256 5625 2364 5683 tur,
2392 5630 2569 5672 nonne
2594 5614 2646 5670 in
2678 5612 2782 5669 hoc
2806 5616 2948 5684 ipso,
2976 5613 3044 5669 de
3070 5628 3175 5684 quo
3196 5612 3556 5683 disputamus,
3584 5611 3849 5683 Apologe-

2255 5709 2384 5773 tico,
2417 5722 2575 5779 quem
2599 5706 2666 5763 ad
2687 5706 2932 5764 ethnicos
2970 5705 3233 5762 antistites
3252 5706 3471 5774 direxit,
3498 5706 3667 5776 magis
3690 5719 3849 5777 quam

2256 5803 2313 5865 in
2340 5801 2481 5874 aliis,
2511 5801 2694 5873 latine,
2741 5800 2903 5874 polite
2958 5808 3019 5861 et
3054 5798 3343 5861 emendate
3384 5798 3534 5873 loqui
3584 5797 3854 5857 debebat!
