4092 6352
332 318 430 380 8M

1471 306 1924 385 DISSERTATIO
1960 325 2025 384 ι).
2062 322 2153 386 LE
2189 326 2497 388 nounuv.

3518 286 3640 395 :842

329 438 402 494 At
426 437 606 509 plures
632 445 813 495 tamen
839 436 894 495 in
921 453 988 497 eo
1004 436 1116 511 jam
1142 422 1475 510 notavimus,
1493 452 1545 498 et
1575 443 1753 513 adhuc
1774 454 1925 501 nota.
1950 446 2006 509 Α
2030 445 2200 503 Filius
2248 447 2424 502 minor
2470 446 2700 503 dicatur.
2728 445 2906 504 Prima
2936 455 3052 515 est,
3076 447 3201 519 quia
3256 448 3416 507 Pater
3438 448 3634 507 Filium

329 528 510 587 bimus
547 519 927 600 barbarismos,
977 533 1275 606 modosque
1325 535 1576 607 loquendi
1607 538 1930 609 improprios

329 634 388 683 et
415 626 675 684 insuetos.
702 626 906 685 Nomen
933 626 1111 685 autem
1143 629 1343 700 portio,
1381 645 1447 686 eo
1477 646 1583 703 quo
1627 630 1930 688 notavimus
1958 632 1961 633 ⁷

327 733 493 807 sensu
520 720 642 779 ideo
669 720 950 803 adhibuit,
982 730 1039 779 ut
1062 721 1324 780 Praxeam
1350 722 1620 780 efﬁcacius
1635 722 1926 793 refelleret,

326 813 418 885 qui
448 811 722 871 effutiebat
741 813 937 871 Filium
968 830 1194 888 persona
1225 831 1558 888 nequaquam
1580 833 1610 873 a
1630 815 1791 873 Patre
1814 816 1926 873 dis-

330 908 522 981 tingui.
1030 923 1042 933 ’

917 1062 1211 1105 Διιτιουιυε
1247 1065 1341 1105 νη.

327 1176 615 1235 Solvuntur
657 1181 762 1236 alia
801 1193 1124 1254 argumenta,
1156 1184 1341 1253 quibus
1383 1183 1622 1258 objicitur
1648 1183 1928 1241 Tertullia-

398 1289 522 1328 nunt
548 1283 762 1347 negasse
789 1272 919 1332 Filii
949 1275 1046 1332 Dei
1088 1278 1444 1345 divinitatem;
1481 1278 1602 1350 quia
1631 1279 1760 1334 dixit
1786 1280 1930 1335 illum

396 1363 644 1424 minorem
683 1367 844 1425 Patre
865 1412 880 1439 ,
911 1370 1147 1444 hancque
1182 1372 1469 1442 visibilem,
1498 1383 1546 1429 et
1569 1374 1716 1429 illum
1756 1375 1931 1429 invisi-

392 1459 564 1518 bilem.

326 1602 339 1616 ’
397 1620 559 1678 Aliud
589 1621 870 1694 denegata:
894 1639 927 1681 a
952 1623 1286 1682 Tertulliano
1307 1666 1324 1693 ,
1352 1635 1446 1682 aut
1473 1625 1809 1683 labefactatas
1832 1641 1949 1684 sur

323 1729 529 1787 premze
564 1714 686 1772 Filii
738 1717 834 1774 Dei
881 1718 1174 1777 divinitatis
1220 1728 1595 1792 argumentum
1629 1722 1733 1792 peti
1766 1736 1926 1793 posse

322 1818 512 1880 putant
538 1809 719 1879 ex‘bis
739 1810 885 1867 illius
911 1811 1091 1869 verbis
1122 1829 1136 1866 :
1172 1811 1331 1889 Pater
1372 1823 1479 1869 tota
1521 1814 1804 1870 substantia
1829 1826 1901 1871 est

322 1901 492 1961 Filius
514 1906 917 1975 verogderivatio
957 1907 1132 1972 totius,
1159 1917 1207 1964 et
1244 1909 1432 1982 portio,
1463 1911 1595 1966 sicut
1632 1910 1743 1981 ipse
1767 1912 1929 1983 proﬁ-

321 2003 456 2051 tetur
483 2014 503 2052 :
536 1986 697 2052 Pater
716 1999 883 2072 major
912 2003 993 2054 me
1015 2010 1108 2056 est.
1142 1999 1184 2054 Α
1213 2017 1312 2072 quo
1341 2011 1386 2057 et
1412 2001 1693 2079 minorutus
1731 2004 1932 2059 canitur

324 2088 378 2142 in
404 2087 626 2159 psalmo,
657 2091 918 2146 modicum
941 2091 1064 2162 quid
1085 2094 1212 2146 citra
1239 2092 1464 2164 angelos.
1500 2092 1591 2150 Sic
1625 2093 1783 2150 Pater
1797 2096 1932 2151 alius

320 2199 353 2237 a
387 2180 546 2249 Filio,
572 2185 697 2240 dum
745 2183 890 2240 Filio
932 2187 1103 2253 maior
1148 2184 1411 2259 (Tertull.
1452 2187 1542 2243 lib.
1580 2186 1698 2243 adu.
1730 2186 1925 2244 Praxe.

325 2276 581 2352 cap.9).
632 2277 826 2335 Nonne
893 2294 1062 2350 ergo,
1130 2279 1397 2352 inquiunt,
1451 2280 1544 2337 ille
1613 2280 1683 2353 ibi
1748 2290 1929 2352 aperte

325 2371 589 2443 signiﬁcat
641 2372 695 2427 in
729 2372 927 2442 Patre,
982 2372 1187 2444 majore
1240 2372 1414 2438 Filio,
1450 2383 1627 2451 totam
1670 2389 1792 2431 esse
1833 2375 1928 2431 Di-

324 2466 564 2523 vinitatis
608 2466 986 2535 substantiam,
1037 2475 1093 2525 et
1129 2468 1360 2540 aliquam
1392 2478 1597 2525 tantum
1628 2470 1926 2541 portionem

323 2560 378 2617 in
412 2555 568 2627 Filio,
608 2563 702 2633 qui
757 2562 956 2619 idcirco
988 2561 1080 2617 illo
1116 2562 1296 2619 minor
1339 2562 1463 2619 est?
1505 2561 1657 2620 Itane
1684 2578 1814 2621 vero
1839 2563 1930 2621 ille

318 2652 456 2709 dixit
481 2653 677 2709 Filium
705 2669 825 2711 esse
850 2655 1115 2711 minorem
1147 2655 1306 2711 Patre
1328 2697 1343 2723 ,
1367 2671 1550 2728 quem,
1575 2664 1631 2711 ut
1656 2665 1811 2713 antea
1835 2671 1929 2712 os-

320 2744 632 2812 tendimus,
679 2746 913 2804 asseruit
960 2746 1106 2803 Patri
1156 2763 1278 2805 esse
1318 2763 1538 2819 parem,
1576 2748 1636 2817 rei
1693 2749 1925 2820 pariari,

320 2840 543 2910 a‘quari,
567 2840 744 2911 jungi,
771 2854 871 2897 nec
890 2841 988 2896 illo
1012 2855 1133 2897 esse
1157 2840 1422 2896 minorem
1447 2882 1463 2908 ,
1485 2841 1607 2911 quia
1631 2841 1747 2911 ipse
1774 2839 1927 2897 dixe-
1952 2898 1955 2899 ν

321 2945 449 2993 rat:
497 2933 611 3007 Ego
659 2943 706 2989 et
748 2931 909 2990 Pater
952 2950 1108 2989 unum
1161 2933 1382 2989 sumus?
1428 2935 1616 3006 (supr.
1667 2935 1764 2988 hoc
1806 2950 1924 3004 cap.

320 3037 423 3083 art.
454 3029 479 3083 l
505 3028 547 3100 ).
576 3026 765 3084 Nonne
793 3036 920 3083 ante
941 3027 1150 3098 objecta
1174 3026 1331 3083 nobis
1358 3027 1515 3083 verba
1542 3027 1611 3083 ab
1634 3041 1701 3082 eo
1724 3025 1927 3082 dictum

320 3120 572 3193 egimus:
607 3119 674 3175 Et
714 3137 974 3192 nunquam
1013 3132 1279 3191 separatus
1320 3138 1353 3175 a
1399 3117 1590 3182 Patre,
1614 3129 1709 3185 ant
1739 3120 1870 3174 alius
1896 3136 1928 3173 a

322 3211 516 3279 Patre;
540 3212 662 3286 quia
685 3228 705 3268 :
730 3211 845 3285 Ego
875 3221 920 3269 et
946 3210 1104 3270 Pater
1129 3228 1285 3268 unum
1308 3228 1505 3289 sumus.
1536 3210 1663 3267 Hcec
1687 3212 1783 3266 erit
1808 3228 1928 3283 pro-

326 3305 446 3362 bola
497 3306 744 3372 ueritatis,
791 3316 962 3362 custos
1008 3307 1255 3371 veritatis,
1284 3323 1387 3378 qua
1427 3307 1682 3379 prolatum
1711 3308 1928 3363 dicimus

326 3398 525 3455 Filium
551 3417 584 3454 a
613 3398 795 3466 Patre,
812 3400 904 3456 sed
928 3417 1029 3456 non
1045 3408 1337 3470 separatum
1357 3399 1385 3453 1’
1429 3399 1449 3469 (
1477 3397 1617 3454 Libr.
1679 3399 1765 3454 cit.
1790 3416 1929 3471 cap.

323 3491 432 3565 8).
475 3492 742 3565 Numquid
788 3509 918 3565 ergo
963 3492 1202 3563 putidas,
1233 3501 1289 3548 et
1331 3490 1460 3547 nulli
1507 3507 1738 3562 unquam
1793 3506 1930 3547 eone

327 3586 592 3655 donanda).
642 3582 1082 3643 contradictionis
1129 3584 1574 3642 condemnandus
1618 3582 1929 3640 est?Num-

325 3679 454 3752 quid
492 3694 524 3735 a
569 3694 733 3736 sensu
761 3679 972 3735 animus
1024 3678 1141 3750 ejus
1179 3677 1316 3734 adeo
1382 3693 1613 3750 unquam
1670 3677 1933 3734 alienatus

325 3784 408 3830 est
436 3816 452 3841 ,
506 3782 565 3831 ut
620 3773 814 3829 Filium
867 3773 1065 3830 dixerit
1093 3773 1251 3829 Patre
1301 3786 1401 3828 suo
1432 3774 1692 3827 minorem
1729 3782 1783 3828 et
1825 3787 1930 3829 non

332 3866 635 3936 minorem,
670 3882 853 3938 parem
892 3877 947 3922 et
1000 3882 1105 3922 non
1130 3882 1312 3939 parem
1337 3908 1352 3932 ,
1382 3882 1544 3943 unum
1577 3880 1696 3920 cum
1746 3865 1838 3921 illo
1877 3875 1932 3923 et

327 3973 437 4017 non
470 3975 656 4028 unum,
686 3961 791 4016 nisi
819 3959 919 4015 sub
938 3960 1149 4017 diversa
1172 3958 1421 4016 ratione?
1447 3959 1512 4014 Et
1554 3969 1702 4015 certe
1742 3959 1875 4016 satis
1899 3975 1930 4015 a

327 4053 484 4110 nobis
504 4044 785 4125 probatum
812 4064 896 4111 est
940 4070 1097 4126 quam
1128 4053 1335 4110 diserte
1372 4052 1465 4109 ille
1503 4052 1746 4109 docuerit
1766 4068 1953 4125 uuam

325 4160 448 4204 esse
474 4148 527 4204 in
552 4148 706 4204 Patre
730 4160 785 4205 et
801 4148 939 4204 Filio
965 4147 1417 4225 simplicissimam
1440 4156 1684 4203 naturam
1710 4160 1774 4202 ac
1798 4145 1930 4202 sub-

330 4241 582 4297 stantiam
606 4281 624 4309 ,
651 4257 771 4312 qua:
816 4257 917 4299 nec
950 4241 1188 4314 separari
1229 4256 1330 4299 nec
1374 4239 1556 4314 dividi,
1586 4247 1779 4312 potest.
1821 4239 1928 4297 Sed

328 4332 452 4402 quia
482 4333 722 4391 Praxeas
752 4336 877 4391 inde
902 4334 1102 4392 inferre
1129 4335 1424 4391 conabatur
1447 4312 1695 4391 estindem
1715 4348 1930 4405 quoque

329 4438 450 4481 esse
490 4427 703 4483 illorum
738 4444 1045 4499 personam,
1079 4429 1206 4483 hinc
1258 4417 1460 4485 Αὔριον
1480 4439 1667 4484 noster
1697 4428 1932 4484 ostendit

329 4528 425 4571 eos
452 4532 559 4573 non
585 4527 772 4574 natura
794 4586 795 4593 γ
817 4519 1034 4590 quidem
1059 4561 1075 4587 ,
1104 4519 1199 4576 sed
1231 4534 1458 4601 persona
1486 4519 1775 4592 distingui,
1804 4521 1928 4591 quia

2032 539 2199 605 misit,
2231 548 2285 595 et
2313 538 2482 595 Filius
2511 541 2741 595 mittitur
2765 554 2795 595 a
2816 540 3000 596 Patre.
3035 540 3104 596 At
3134 540 3186 596 id
3216 551 3459 612 spectare
3489 543 3637 600 vide-

2032 618 2119 687 tur
2145 631 2440 688 humanam
2462 631 2582 689 Filii
2612 620 2880 700 naturam,
2906 649 3008 706 qua
3045 633 3195 690 illum
3219 634 3377 692 Patre
3401 650 3502 691 suo
3528 638 3635 691 mi-

2033 740 2219 783 norem
2246 742 2368 784 esse
2396 743 2557 784 nemo
2585 726 2866 784 difﬁtetur.
2895 727 3141 785 Secunda
3177 738 3283 797 est,
3314 730 3437 800 quia
3467 728 3634 786 Filius
3686 710 3695 717 ”

2031 808 2073 874 a'
2090 817 2251 876 Patre
2281 836 2380 876 suo
2405 806 2712 892 generatur,
2740 830 2797 878 et
2819 808 3054 877 divinam
3082 837 3174 878 sua
3206 832 3450 881 naturam
3480 838 3657 889 accc-2

2032 912 2130 981 pit.
2157 912 2317 983 Atqui
2356 911 2457 969 hac
2494 900 2842 985 generatione
2870 914 3164 971 secundum
3201 930 3232 971 a
3277 915 3433 972 Patre
3476 914 3642 973 habet

2031 1005 2254 1077 gradum
2286 1014 2341 1062 et
2369 1006 2613 1063 ordinem
2637 1051 2653 1077 ,
2685 1023 2793 1080 quo
2821 992 3036 1080 quidem
3068 1010 3172 1067 dici
3214 1000 3392 1082 potest
3418 1012 3511 1067 illo
3537 1014 3659 1079 [ηε-ι,

2031 1113 2154 1162 nor,
2172 1098 2265 1155 sed
2286 1107 2512 1168 tantum,
2528 1100 2601 1156 uti
2626 1102 2701 1157 ait
2716 1100 3099 1173 Tertullianus,
3117 1112 3323 1175 propter
3345 1084 3638 1161 teconomia:

2033 1190 2451 1261 observationem,
2480 1194 2553 1251 ita
2583 1204 2643 1250 ut
2668 1211 2775 1251 non
2796 1194 2990 1252 divisio
3012 1238 3027 1263 ,
3052 1194 3147 1252 sed
3167 1192 3446 1268 dispositio
3471 1199 3637 1270 signi-

2034 1286 2249 1343 ﬁcetur.
2290 1289 2467 1360 Atque
2493 1288 2596 1356 ita,
2626 1278 2681 1345 et
2709 1276 2904 1361 duplici
2933 1288 3020 1369 illa
3052 1288 3261 1369 ratione
3288 1288 3455 1345 Filius
3478 1290 3547 1367 ab
3567 1305 3636 1346 eo

2032 1381 2135 1436 dici
2168 1375 2341 1453 potuit
2368 1376 2544 1438 minor
2569 1381 2726 1440 Patre
2750 1424 2765 1447 ,
2796 1369 2855 1449 et.
2878 1368 3013 1437 alius
3036 1366 3107 1437 ab.
3140 1366 3268 1447 illo,
3329 1366 3515 1453 utpote
3543 1384 3633 1454 qui

2032 1474 2102 1530 ab
2132 1476 2250 1547 ipso
2289 1476 2501 1547 genitus
2524 1464 2643 1558 fuit.
2846 1556 2849 1558 _
3308 1549 3313 1555 ι
3364 1547 3368 1550 ,
3464 1542 3471 1552 ,
3656 1532 3657 1539 η

2103 1565 2289 1642 Neque
2314 1570 2468 1627 nobis
2491 1613 2505 1638 ,
2526 1554 2722 1643 quaeso
2744 1613 2761 1641 ,
2792 1556 3022 1643 reponas
3041 1554 3197 1649 hanc.
3218 1554 3632 1644 explicationem
3656 1618 3662 1639 ,

2032 1679 2140 1721 non
2168 1680 2290 1721 esse
2315 1664 2691 1722 orthodoxam.
2722 1665 2940 1736 Antiqui
2979 1666 3122 1721 enim
3151 1665 3349 1721 Patres
3378 1664 3637 1720 Ecclesia:

2032 1757 2137 1825 hoc
2166 1759 2285 1829 ipso
2316 1773 2479 1815 sensu
2501 1799 2517 1826 ,
2549 1759 2708 1814 etiam
2739 1766 2859 1830 post
2884 1758 3172 1814 concilium
3203 1757 3478 1831 Nicarnum
3501 1799 3515 1822 ,
3546 1753 3638 1813 illa

1909 1856 1925 1881 ’
1957 1851 2006 1911 B
2033 1848 2234 1907 Christi
2263 1840 2428 1908 verba
2454 1868 2468 1906 :
2497 1850 2654 1905 Pater
2692 1851 2860 1915 maior
2886 1853 2965 1906 me
2988 1859 3098 1916 est,
3135 1845 3465 1920 interpretati
3488 1859 3633 1905 sunt.

2038 1942 2275 2000 llilarius
2317 1944 2579 2015 siquidem
2605 1986 2620 2009 ,
2653 1944 2952 2000 acerrimus
2970 1986 2985 2010 ,
3009 1943 3054 2000 si
3078 1942 3200 2016 quis
3238 1958 3472 2015 unquam
3495 1985 3511 2011 ,
3540 1958 3637 1998 ca-

2035 2036 2248 2094 tholica:
2297 2038 2557 2093 doctrinm
2592 2024 2903 2104 defensor,
2962 2035 3079 2091 haec
3131 2035 3352 2091 minime
3383 2035 3643 2092 haesitans

2033 2132 2249 2203 scripsit
2274 2148 2287 2184 :
2314 2130 2407 2186 Est
2442 2130 2596 2186 Pater
2619 2131 2785 2203 major
2802 2126 3072 2199 Filio,'sed
3097 2139 3151 2184 ut
3172 2127 3333 2184 Pater
3361 2126 3522 2198 Filio,
3545 2147 3638 2202 ge-

2034 2210 2313 2280 neratione.
2338 2240 2440 2279 non
2478 2240 2675 2296 genere.
2715 2222 2888 2279 Filius
2917 2224 3051 2278 enim
3089 2231 3164 2278 est
3187 2262 3203 2290 ,
3227 2231 3274 2277 et
3301 2239 3365 2278 ea:
3390 2238 3449 2278 eo
3487 2224 3641 2278 exivit

2034 2315 2238 2389 (Hilar.
2264 2317 2321 2372 in
2350 2315 2526 2372 Tract.
2543 2317 2598 2371 in
2621 2306 2752 2388 psal.
2783 2316 2907 2382 118,
2956 2315 2984 2388 §
3012 2307 3122 2386 l7).
3167 2315 3377 2372 Scimus
3422 2314 3639 2386 quidem

2032 2402 2222 2465 eadem
2267 2408 2529 2465 Johannis
2565 2408 2729 2465 verba
2767 2409 2836 2464 ab
2880 2409 2972 2464 illo
3019 2407 3147 2464 alibi
3184 2406 3356 2478 (Idem
3381 2408 3470 2464 lib.
3500 2408 3553 2464 9.
3577 2409 3641 2463 de

2031 2498 2180 2557 Trin.
2233 2500 2263 2574 ᾗ
2301 2502 2427 2574 5|),
2494 2510 2551 2558 et
2595 2501 2663 2557 ab
2709 2501 2830 2557 aliis
2875 2516 3089 2573 quoque
3145 2500 3522 2579 deassumpta
3564 2501 3634 2556 ab

2032 2593 2152 2665 ipso
2193 2594 2287 2653 Dei
2334 2594 2471 2650 Filio
2500 2582 2731 2649 hunmna
2780 2604 2967 2650 natura
3007 2593 3283 2665 explicari.
3343 2594 3449 2651 Sed
3481 2594 3638 2651 nobis

2032 2685 2232 2743 sufﬁcit
2259 2702 2321 2742 ea
2347 2686 2508 2743 etiam
2536 2686 2606 2743 ab
2637 2687 2841 2742 llilario
2880 2674 3235 2757 pluribusque
3261 2687 3384 2742 aliis
3411 2685 3632 2763 Nicmna

2034 2781 2248 2855 synodo
2270 2779 2680 2853 posterioribus,
2714 2790 2770 2836 ut
2799 2780 2925 2836 alibi
2956 2781 3351 2848 annotavimus,
3377 2780 3444 2851 de
3461 2779 3641 2836 divina

2036 2874 2261 2946 intelligi
2300 2873 2583 2946 ipsiusmet
2619 2873 2743 2929 Filii
2768 2873 2858 2930 Dei
2904 2875 3250 2945 generatione
3273 2917 3287 2939 ,
3316 2890 3419 2945 qua
3450 2874 3641 2930 ordine

2040 2968 2312 3025 secundus
2352 2982 2383 3022 a
2427 2967 2586 3024 Patre
2611 2954 2709 3023 suo
2732 2953 2816 3023 est
2839 2965 2992 3038 (Not.
3028 2971 3080 3023 in
3109 2969 3196 3023 tib.
3226 2964 3291 3021 2.’
3319 2967 3550 3023 Ambros.
3574 2970 3638 3022 de

2034 3057 2212 3132 Fide).
2236 3060 2459 3116 Constat
2494 3060 2690 3132 quippe
2712 3048 2841 3115 nihil
2883 3060 3007 3117 inde
3043 3061 3229 3118 inferri
3259 3075 3421 3132 posse
3449 3072 3639 3119 contra
3694 3136 3703 3141 .

2033 3154 2427 3212 Tertullianum
2480 3167 2764 3220 nostrum,
2792 3155 2884 3226 qui
2930 3154 3176 3227 quidem,
3227 3171 3348 3211 cum
3388 3157 3488 3211 sibi
3534 3157 3636 3227 ipsi

1953 3251 2000 3315 C
2034 3249 2141 3304 n'ou
2163 3246 2580 3315 contradixerit,
2611 3247 2702 3304 illa
2751 3248 3093 3321 evangelista:
3130 3248 3291 3306 verba
3320 3249 3420 3305 hoc
3448 3249 3640 3305 catbo-

2037 3341 2144 3398 lico
2169 3355 2330 3397 sensu
2361 3341 2636 3411 accepisse
2664 3341 2803 3397 haud
2834 3341 3101 3398 immerito
3131 3342 3361 3399 videtur.
3398 3343 3465 3398 Et
3488 3352 3640 3400 certe

2035 3442 2104 3491 eo
2152 3435 2322 3505 magis
2366 3434 2456 3489 illa
2501 3435 2581 3490 sic
2633 3435 2974 3507 interpretari
3014 3438 3218 3507 potuit,
3247 3453 3354 3508 quo
3408 3439 3639 3494 insulsas

2034 3526 2359 3583 Arianorum
2390 3527 2762 3584 cavillationes
2787 3529 2966 3584 minus
2995 3514 3291 3600 prievidere
3319 3539 3548 3600 poterat,
3582 3541 3640 3588 et

2035 3617 2314 3674 efﬁcacius
2336 3618 2600 3675 insulsum
2628 3618 2909 3676 refellebat
2933 3608 3153 3677 Praxea:
3179 3637 3438 3678 errorem.

2106 3711 2304 3767 Contra
2334 3722 2510 3768 tamen
2542 3711 2696 3769 nobis
2726 3727 2912 3769 rursus
2952 3713 3213 3791 objiciunt
3239 3714 3634 3787 Tertullianum

2037 3803 2090 3859 in
2120 3804 2234 3859 suis
2261 3800 2521 3860 adversus
2562 3804 2883 3862 Marcionem
2923 3805 3074 3860 libris
3116 3820 3344 3877 negasse
3388 3808 3634 3865 eamdem

2035 3909 2159 3951 esse
2185 3894 2360 3951 Patris
2386 3897 2572 3951 aaterui
2616 3907 2671 3952 et
2698 3895 2816 3952 Filii
2847 3896 3199 3952 substantiam
3250 3897 3268 3969 (
3296 3895 3475 3954 Petav.
3507 3911 3632 3956 tom.

2033 3987 2089 4043 2.
2120 3984 2368 4061 Theolog.
2398 3989 2621 4061 dogmat.
2642 3982 2748 4044 lib.
2773 3990 2825 4045 1.
2858 4005 2972 4062 cap.
2997 3989 3032 4045 5
3059 3991 3101 4062 ).
3133 3989 3205 4044 lbi
3241 3980 3503 4061 siquidem
3534 3994 3638 4047 doc

2038 4090 2127 4138 cet
2154 4081 2352 4137 Filium
2397 4096 2518 4138 esse
2561 4081 2758 4139 factum
2780 4123 2796 4149 ,
2830 4096 2893 4137 ac
2922 4064 3215 4150 visibil'em,
3245 4081 3456 4139 Patrem
3480 4099 3630 4153 vero,

2036 4189 2137 4231 nec
2178 4174 2464 4241 visibilem,
2500 4189 2600 4230 nec
2623 4173 2847 4230 factum.
2886 4160 3163 4231 Diversum
3216 4174 3376 4247 igitur
3423 4177 3633 4233 illorum

2035 4266 2389 4324 substantiam
2433 4281 2554 4322 esse
2596 4267 2823 4336 putavit.
2867 4266 2946 4322 Ad
2983 4266 3034 4322 id
3075 4277 3254 4323 autem
3299 4267 3631 4345 probandum

2034 4360 2150 4418 haec
2181 4361 2334 4417 nobis
2365 4360 2636 4430 objectant
2666 4359 2809 4414 illius
2830 4351 3023 4415 verba:
3048 4358 3359 4430 Pro/itemnr
3378 4360 3632 4417 Christum

2031 4473 2230 4527 semper
2260 4456 2420 4527 egisse
2462 4454 2518 4508 in
2561 4451 2656 4507 Dei
2697 4450 2872 4508 Patris
2907 4446 3143 4522 nomine,
3179 4454 3345 4525 ipsum
3384 4453 3446 4507 ab
3488 4455 3635 4508 initio

2033 4560 2384 4607 conuersatam
2405 4590 2419 4613 ,
2467 4547 2632 4618 ipsum
2677 4538 3001 4620 congressum
3048 4564 3164 4601 cum
3211 4546 3533 4601 Patriarchis
3582 4558 3632 4600 et

332 4609 499 4715 Fjlius
541 4629 571 4668 ³
623 4614 781 4715 wife
827 4630 924 4715 _s"°
963 4615 1202 4687 promus
1344 4615 1557 4715 είῖ¹¹ιίξ¹ξ⁵
1598 4624 1700 4671 es"
1727 4614 1927 4715 Qum?”
1949 4655 2006 4715 1)
2035 4640 2330 4712 Prophetis,
2348 4637 2397 4692 F
2399 4639 2541 4693 ilium
2559 4609 3139 4703 creatoris,Set'ntonettt
3159 4640 3290 4706 eius,
3310 4655 3456 4708 quem
3473 4654 3631 4693 exsc-

329 4706 517 4764 obrcm
547 4719 669 4778 post
695 4707 780 4763 illa
825 4708 940 4779 ipsa
962 4750 978 4775 ,
1010 4724 1131 4779 qua:
1171 4707 1327 4762 nobis
1348 4706 1727 4777 objiciuntur,
1763 4706 1923 4761 verba

330 4782 671 4857 continenter
707 4801 904 4872 adjecit
935 4819 948 4857 :
984 4802 1074 4858 Sic
1116 4810 1162 4856 et
1192 4799 1349 4855 Pater
1376 4800 1509 4854 alius
1535 4816 1566 4853 a
1598 4798 1735 4854 Filio
1755 4840 1771 4868 ,
1803 4798 1926 4873 dum

330 4893 470 4951 Filio
492 4896 678 4967 major,
699 4880 822 4950 dum
846 4896 980 4952 alius
1018 4896 1102 4967 qui
1122 4882 1347 4966 generat,
1379 4895 1511 4949 alius
1525 4894 1609 4963 qui
1635 4902 1928 4966 generatur;

332 4989 456 5045 dum
480 4992 615 5047 alius
640 4992 724 5060 qui
756 4993 953 5059 mittit,
975 4993 1108 5047 alius
1136 4992 1224 5061 qui
1254 4992 1502 5058 mittitur;
1532 4993 1653 5044 dum
1680 4990 1813 5047 alius
1840 4993 1929 5059 qui

336 5083 478 5155 facit,
506 5085 639 5140 alius
672 5103 759 5154 per
783 5103 933 5159 quem
966 5087 1044 5157 ﬁt.
1089 5086 1225 5142 Bene
1262 5085 1398 5154 quod
1426 5095 1472 5140 et
1509 5084 1757 5140 Dominus
1804 5102 1927 5141 usus

336 5172 432 5229 hoc
461 5175 607 5231 uerbo
630 5178 682 5231 in
709 5158 1235 5249 personaParacleti,
1265 5158 1367 5233 non
1410 5177 1706 5232 divisionem
1725 5177 1926 5250 signi/i-

336 5269 487 5336 cavit,
518 5269 609 5324 sed
624 5270 1002 5343 dispositionem
1031 5272 1282 5345 :Rogabo
1308 5273 1462 5338 enim,
1488 5272 1671 5342 inquit,
1698 5270 1928 5341 Patrem,

334 5369 382 5415 et
403 5359 560 5427 alium
586 5363 885 5420 advocatum
905 5365 1069 5421 mittet
1096 5366 1262 5431 vobis,
1294 5365 1548 5437 Spiritum
1570 5364 1811 5419 veritatis.
1839 5366 1929 5422 Sic

333 5455 493 5510 alium
516 5474 550 5512 α
573 5474 625 5514 se
641 5457 997 5529 Parui-letum,
1024 5457 1278 5531 quomodo
1303 5468 1350 5516 et
1375 5477 1468 5517 nos
1502 5479 1537 5516 a
1582 5460 1743 5517 Patre
1770 5462 1930 5517 alium

332 5545 557 5617 Filium;
586 5561 642 5607 ut
670 5554 871 5610 tertium
889 5555 1108 5625 gradum
1123 5554 1405 5611 ostenderet
1434 5552 1810 5621 inParacleto,
1833 5555 1933 5610 sic-

332 5651 388 5696 ut
434 5661 527 5700 nos
569 5646 845 5702 secundum
873 5648 932 5703 in'
955 5646 1116 5715 Filio,
1148 5658 1355 5721 propter
1378 5650 1676 5706 teconomice
1694 5649 1931 5705 observa—

333 5736 518 5791 tionem
543 5740 560 5808 (
586 5736 725 5794 Ibid.
754 5756 873 5813 cap.
905 5738 984 5813 9).

407 5841 551 5904 Duas
576 5861 756 5907 autem
786 5851 857 5907 ibi
886 5851 1063 5911 reddit
1088 5854 1324 5914 rationes
1353 5870 1449 5914 cur
1482 5855 1641 5915 Pater
1666 5854 1859 5928 major,
1881 5863 1939 5913 et

368 5948 373 5956 ‘
618 5942 1081 6009 Temenum.
1128 5947 1179 6013 Ι.

2032 4737 2249 4806 metipso
2265 4731 2570 4805 proferendo
2601 4729 2795 4786 Filium
2822 4733 2972 4803 fecit,
3001 4741 3047 4785 et
3073 4722 3254 4785 exinde
3278 4732 3416 4785 omni
3458 4731 3635 4803 dispo-

2030 4828 2203 4885 sitioni
2230 4841 2337 4881 sua:
2360 4823 2706 4895 voluntatique
2734 4824 2959 4895 prcefecit
2977 4864 2992 4891 ,
3022 4824 3308 4879 diminuens
3346 4815 3491 4879 illum
3521 4842 3633 4899 mo-

2031 4922 2146 4977 dico
2173 4921 2302 4976 citra
2344 4917 2573 4990 angelos,
2604 4918 2731 4973 sicut
2751 4916 2891 4988 apud
2920 4915 3087 4971 David
3129 4917 3372 4986 scriptum
3397 4926 3467 4972 est
3490 4935 3509 4981 ;
3530 4902 3655 4987 qua

2031 5013 2365 5069 diminutione
2385 5013 2439 5066 in
2467 5010 2574 5066 hare
2594 5025 2791 5082 quoque
2807 5009 3082 5075 dispositus
3107 5019 3178 5064 est
3198 5025 3229 5061 a
3252 5008 3423 5078 Patre,
3444 5028 3557 5081 qua:
3572 5024 3629 5067 ut
3652 5080 3655 5084 η

2030 5107 2255 5162 humana
2268 5104 2648 5176 reprehenditis,
2668 5101 2891 5158 ediscens
2895 5102 3010 5173 jam
3030 5102 3148 5156 inde
3163 5119 3192 5155 a
3205 5102 3504 5175 primordio,
3516 5106 3632 5176 jam
3656 5174 3660 5179 Δ

1991 5252 1998 5261 ,
2031 5200 2151 5255 inde
2170 5198 2445 5266 hominem,
2470 5196 2607 5269 quod
2646 5206 2754 5251 erat
2792 5196 2996 5265 futurus
3036 5184 3236 5264 iit/inc.
3277 5193 3377 5251 Ille
3412 5208 3512 5264 est,
3540 5203 3627 5270 qui

2033 5291 2332 5355 descendit;
2362 5289 2451 5344 ille
2478 5297 2550 5344 est
2570 5330 2584 5356 ,
2613 5288 2698 5358 qui
2726 5279 3041 5357 interrogat;
3084 5285 3175 5342 ille
3210 5298 3282 5343 est
3309 5332 3320 5351 ,
3351 5280 3437 5360 qui
3460 5292 3626 5360 jurat.

2033 5384 2283 5441 Craterum
2318 5381 2526 5437 Putrem
2586 5380 2775 5435 nemini
2813 5379 2975 5432 visum
3008 5378 3160 5433 etiam
3189 5396 3452 5435 commune
3477 5392 3636 5437 testa-

2034 5479 2169 5534 bitur
2202 5474 2602 5550 Evangelium..;
2632 5472 2841 5527 Patrem
2865 5472 3163 5528 inuisibilem
3184 5474 3547 5545 determinans,
3578 5476 3634 5533 in

2033 5574 2183 5646 cujus
2211 5572 2508 5627 auctoritate
2533 5578 2580 5624 et
2605 5568 2805 5624 nomine
2824 5570 2931 5641 ipse
2958 5579 3064 5623 erat
3087 5568 3246 5636 Dens,
3272 5562 3358 5641 qui
3374 5554 3662 5628 videbatur-

2041 5665 2208 5721 Filius
2239 5664 2332 5719 Dei
2352 5661 2614 5735 (TertulL,
2644 5661 2733 5717 lib.
2755 5661 2812 5729 9.,
2848 5660 3049 5717 advers.
3078 5661 3331 5717 Marcion.
3363 5652 3477 5737 cap.
3508 5664 3627 5739 27).

2111 5757 2216 5814 Sed
2243 5753 2779 5811 animadvertendum
2818 5763 2901 5811 est
2926 5753 3317 5812 Tertullianum
3346 5757 3416 5812 ibi
3445 5754 3636 5830 dispu-

2044 5861 2162 5910 tare
2190 5858 2379 5910 contra
2402 5849 2729 5907 Marcionem
2748 5891 2764 5922 ,
2794 5850 2923 5922 qui,
2952 5859 3009 5905 ut
3031 5849 3118 5905 ille
3151 5850 3348 5907 ibidem
3371 5853 3480 5921 ait,
3514 5868 3643 5929 per-

2922 5942 3364 6025 (Vingt-sept.)
