4092 6352
386 331 492 389 845

1480 324 1548 382 lN
1585 315 2049 383 TERTULLIANI
2082 314 2617 383 APOLOGETICUM

3579 324 3687 381 8M

391 462 575 519 peram
601 430 921 519 prmdicabat
951 438 1264 520 Creatorem
1288 454 1394 497 non
1420 455 1540 498 esse
1569 436 1738 497 Deum
1765 440 1986 506 bonum,
2014 442 2065 501 Α
2092 457 2205 495 sum
2234 441 2326 496 hoc
2360 447 2413 498 in
2446 443 2656 511 visione,
2686 450 2735 497 et
2760 439 2958 498 somnio
2978 446 3029 497 et
3047 437 3273 511 speculo,
3304 448 3353 496 et
3381 439 3689 512 (enigmate;

396 534 829 611 quandoquidem
856 534 1009 607 plura
1035 535 1103 591 de
1132 533 1223 590 illo
1250 532 1462 605 pusilla,
1491 532 1782 596 imbecilla,
1803 543 1858 589 et
1885 532 1995 591 Deo
2092 535 2210 605 quia
2231 552 2393 590 sermo
2422 547 2467 590 et
2485 537 2692 608 spiritus
2726 535 2825 590 nisi
2857 533 3171 608 imaginaria
3200 536 3368 607 farina
3392 533 3551 588 videri
3584 549 3690 588 non

396 630 610 701 indigna
644 627 1073 701 prtedicabantur
1098 624 1312 700 (Ibid).
1359 628 1427 683 At
1470 624 1835 682 Tcrtullianus
1874 625 1997 681 huic
2098 638 2257 699 potest
2288 627 2474 702 (Ibid)

398 725 650 781 haeretica
690 720 981 793 reSpondet
1011 722 1104 777 bas
1129 721 1434 794 pusiltitates
1461 718 1512 776 in
1544 718 1757 777 ChriSto
1778 719 1998 791 quidem

399 826 540 885 esse,
563 815 661 874 sed
683 831 789 873 non
817 824 1086 888 quatenus
1116 816 1279 881 Deus,
1312 814 1409 871 sed
1431 823 1694 886 quatenus
1712 813 1873 879 homo
1895 820 1999 869 est.

406 910 539 966 Eum
570 916 747 965 autem
780 920 966 965 revera
995 906 1163 965 Deum
1199 916 1321 963 eSSe
1348 906 1576 978 probat,
1623 906 1745 978 quia
1789 920 2004 976 semper

402 1004 510 1074 egit
536 1003 588 1058 in
613 1000 786 1058 Patris
809 1004 1047 1068 nomine,
1070 1001 1159 1073 qui
1187 1015 1307 1057 cum
1336 996 1658 1055 Patriarcbis
1686 1008 1740 1055 et
1766 997 2006 1069 Prophe-

403 1096 473 1152 tis
496 1094 838 1167 loquebatur,
868 1094 991 1167 quia
1016 1094 1107 1149 Dei
1125 1102 1206 1150 est
1227 1093 1439 1157 Sermo,
1455 1090 1793 1148 etCreatoris
1816 1088 2002 1147 Filius.

405 1191 565 1262 Atqui
596 1190 640 1243 is
662 1188 776 1261 ipse
800 1184 1165 1245 Tertullianus
1189 1183 1625 1242 constantissime
1648 1188 1879 1241 asseruit
1911 1180 2005 1238 Fi-

407 1282 541 1339 lium
574 1290 629 1338 et
652 1279 973 1338 Sermonem
1015 1281 1107 1335 Dei
1139 1292 1326 1335 verum
1362 1290 1483 1334 esse
1513 1276 1705 1344 Deum,
1732 1292 1794 1331 ac
1834 1274 2009 1331 Patris

408 1376 491 1431 sui
515 1373 819 1442 Rationem,
853 1389 956 1446 qua
982 1373 1051 1428 ab
1089 1380 1295 1430 artemo
1324 1380 1407 1428 est
1425 1370 1719 1426 rationalis.
1748 1368 2009 1426 Eamdem

409 1484 538 1541 ergo
564 1467 794 1524 credidit
813 1482 934 1523 esse
962 1466 1087 1521 Filii
1128 1475 1180 1523 et
1212 1466 1388 1522 Patris
1427 1464 1824 1531 aeternitatem,
1859 1479 2010 1521 eam-

409 1559 643 1632 demque
664 1557 1036 1615 substantiam.

484 1654 713 1721 Atille,
764 1653 992 1725 inquies,
1037 1650 1237 1709 ibidem
1286 1651 1431 1708 haud
1482 1653 1711 1709 obscure
1763 1648 2010 1721 scripsit:

412 1763 572 1820 quem
610 1763 673 1802 ex
705 1747 973 1818 semetipso
1005 1744 1307 1817 proferendo
1351 1742 1542 1807 Filium
1573 1744 1726 1817 fecit,
1759 1752 1805 1798 et
1834 1734 2017 1797 exinde

2172 722 2305 791 Quis
2344 734 2523 779 autem
2570 723 2652 779 bis
2680 723 2878 778 auditis
2919 720 3235 779 Tertulliani
3277 719 3478 786 verbis,
3521 720 3695 790 palam

2103 830 2208 871 non
2236 815 2465 871 fateatur
2496 826 2699 871 tantum
2729 817 2944 883 abesse,
2972 825 3029 870 ut
3057 814 3145 871 ille
3176 832 3240 871 eo
3262 814 3406 887 quod
3438 813 3595 869 Pater
3616 812 3698 866 in-

2103 907 2350 973 visibilis,
2394 917 2449 964 ct
2484 908 2652 963 Filius
2678 908 2905 964 visibilis
2942 908 3187 975 dicatur,
3219 907 3379 978 hujus
3425 906 3701 978 negaverit

2105 999 2477 1067 divinitatem,
2542 1002 2669 1073 quin
2721 1001 2896 1072 potius
2964 997 3087 1057 inde
3141 1000 3402 1056 adversus
3443 999 3700 1054 Praxeam

2108 1095 2265 1167 plane
2282 1095 2533 1152 conﬁciat
2552 1095 2801 1152 eumdem
2818 1096 3012 1152 Filium
3037 1096 3130 1151 Dei
3154 1111 3340 1153 verum
3366 1108 3490 1150 esse
3513 1094 3699 1157 Deum,

2110 1190 2200 1265 qui
2235 1189 2352 1245 solo
2401 1189 2610 1245 modulo
2641 1189 2995 1256 derivationis,
3043 1188 3096 1245 id
3128 1198 3229 1255 est,
3281 1201 3513 1258 persona
3552 1200 3648 1241 sua
3672 1200 3704 1239 a

2112 1281 2270 1339 Patre
2317 1298 2415 1339 suo
2447 1282 2833 1354 distinguitur?
2876 1282 3014 1351 Quin
3060 1282 3222 1338 etiam
3267 1280 3531 1343 afﬁrmate
3580 1295 3704 1351 pro-

2115 1378 2323 1432 nuntiat
2369 1376 2619 1432 eumdcm
2666 1375 2858 1430 Filium
2894 1375 3009 1440 Dei,
3039 1383 3303 1445 quatenus
3328 1387 3508 1428 sermo
3529 1382 3583 1427 et
3602 1370 3709 1441 spi-
3798 1426 3813 1431 -

2114 1471 2250 1527 ritus
2272 1478 2376 1538 est,
2403 1468 2596 1526 eodem
2632 1478 2872 1541 prorsus,
2898 1484 3003 1539 quo
3032 1469 3211 1533 Pater,
3253 1465 3415 1522 modo
3444 1465 3608 1521 fuisse
3633 1466 3711 1519 in-

2116 1563 2403 1621 visibilem.
2435 1562 2549 1619 Non
2580 1561 2842 1619 dilatetur
2867 1571 3046 1619 mea
3078 1557 3250 1630 illum,
3285 1570 3573 1631 antequam
3596 1572 3712 1614 ear.

2117 1675 2243 1717 nem
2278 1659 2650 1730 assumpserit,
2679 1672 2801 1714 sese
2840 1655 3166 1713 Patriarebis
3205 1648 3503 1728 praebuisse
3527 1654 3713 1710 viden-

2117 1754 2246 1809 dum
2268 1769 2285 1821 ;
2309 1753 2403 1811 sed
2424 1766 2552 1825 qua,
2574 1752 2769 1809 amabo
2796 1761 2870 1820 te,
2894 1751 3144 1808 ratione?
3167 1750 3227 1806 In
3250 1736 3458 1807 visione
3488 1754 3711 1817 tantum,

413 1838 735 1914 dispositioni
754 1852 861 1895 suae
884 1836 1226 1909 voluntatique
1254 1838 1479 1909 prtefecit
1492 1833 1708 1910 (Ibid).
1724 1834 1868 1892 Bene
1896 1835 2015 1906 qui-

2137 1851 2198 1905 tit
2218 1848 2327 1915 ille,
2356 1848 2411 1903 in
2435 1847 2669 1913 somnio,
2698 1847 2755 1903 in
2783 1848 3021 1919 speculo,
3047 1848 3099 1902 in
3128 1846 3432 1920 migrante,
3460 1852 3508 1902 et
3528 1846 3715 1919 ﬁrma,

414 1934 559 1990 dem.
588 1932 695 1989 Sed
723 1929 983 2007 numquid
1016 1931 1087 1988 ibi
1113 1930 1280 1988 Filius
1306 1930 1502 1988 dicitur
1516 1930 1747 2002 quodam
1773 1942 2016 2002 tempore

413 2026 606 2093 tactus,
641 2026 724 2082 vel
755 2025 822 2081 ab
862 2032 1069 2081 aeterno
1096 2025 1310 2096 genitus
1339 2023 1602 2095 negatur?
1640 2020 1856 2078 Minime
1894 2036 2019 2092 pro-

411 2118 574 2175 fecto.
617 2118 760 2174 Duos
807 2118 950 2174 enim
1002 2117 1174 2173 fassus
1219 2115 1405 2173 fuisset
1450 2127 1571 2172 esse
1616 2112 1779 2184 Deos,
1800 2115 2016 2171 Patrem

412 2221 695 2282 aeternum,
726 2221 781 2269 et
811 2208 1002 2267 Filium
1032 2226 1138 2266 non
1165 2218 1451 2279 aeternum,
1478 2218 1640 2281 atque
1682 2210 1757 2265 ita
1786 2207 1839 2264 in
1869 2223 2014 2276 eum,

414 2321 575 2380 quem
644 2307 1019 2381 impugnabat,
1075 2305 1363 2362 Marcionis
1425 2302 1703 2361 incidisset
1755 2319 2015 2359 errorem.

417 2401 551 2457 Cum
579 2416 708 2473 ergo
749 2398 879 2456 dicit
917 2398 1110 2455 Filium
1143 2399 1234 2454 Dei
1276 2397 1307 2453 ὲ
1336 2397 1495 2453 Patre
1517 2411 1616 2453 suo
1639 2406 1765 2452 tunc
1795 2395 2016 2458 factum,

418 2492 633 2566 quando
662 2491 808 2548 illum
849 2508 915 2548 ea:
950 2492 1217 2562 semetipso
1249 2490 1490 2562 protulit,
1543 2490 1587 2545 is
1630 2490 1790 2560 plane
1812 2488 2022 2544 videtur

416 2586 559 2643 illius
585 2601 775 2642 sensus
808 2603 820 2638 :
847 2583 1006 2641 Pater
1036 2582 1162 2641 fecit
1190 2583 1386 2640 Filium
1418 2596 1600 2649 suum,
1631 2581 1843 2653 quando
1873 2581 2021 2635 illum

418 2679 642 2751 protulit
666 2694 729 2734 ea:
750 2677 1037 2749 semetipso,
1068 2675 1120 2731 id
1145 2687 1249 2741 est,
1293 2690 1357 2731 ex
1387 2674 1627 2740 matrice,
1657 2674 1731 2728 uti
1763 2673 2019 2744 loquitur,

418 2783 470 2830 et
502 2772 662 2829 vulva
691 2773 773 2829 sui
803 2770 980 2829 cordis
1004 2780 1060 2827 et
1092 2769 1420 2838 intellectus,
1442 2783 1537 2825 seu
1564 2769 1791 2835 ratione,
1822 2769 2021 2822 intellia

419 2868 598 2940 gentia
628 2883 692 2924 ac
728 2866 1055 2938 cogitatione
1101 2876 1338 2921 mterna:
1373 2874 1560 2935 p05tea
1590 2878 1717 2919 vero
1750 2874 1871 2917 cum
1903 2852 2023 2917 om-

426 2963 512 3017 nia
560 2976 746 3018 creare
795 2959 964 3017 voluit
1013 2957 1725 3031 dispositioni,voluntatique
1761 2970 1868 3012 sua:
1913 2972 2027 3011 eum

423 3057 669 3128 pmfecit.
713 3054 767 3112 Si
798 3056 918 3127 quis
941 3071 1071 3111 vero
1100 3051 1393 3139 contendat
1430 3052 1513 3108 bis
1536 3053 1714 3137 verbis
1755 3070 1819 3108 ex
1846 3062 2027 3107 semet-

424 3152 538 3223 ipso
566 3149 710 3207 idem
737 3148 1048 3222 signiﬁcari,
1069 3130 1397 3220 atqueestra
1425 3160 1482 3201 se
1513 3130 1685 3216 ipsum
1709 3143 2025 3212 emittendo,

2121 1949 2182 1998 ut
2207 1942 2324 2013 ipse
2348 1940 2601 2022 loquitur,
2627 1940 2960 2013 imaginaria.

2192 2054 2310 2112 Non
2334 2052 2560 2112 deerunt
2580 2054 2830 2117 fortasse,
2853 2055 2944 2127 qui
2969 2055 3253 2120 mirentur,
3285 2051 3400 2111 huc
3420 2069 3448 2108 a
3477 2048 3718 2119 Petavio,

2124 2150 2240 2205 viro
2288 2149 2471 2220 utique
2508 2149 2893 2217 eruditissimo,
2934 2156 3124 2204 contra
3175 2157 3357 2205 ve’rat'n
3407 2147 3724 2205 Tertulliani

2124 2241 2299 2298 nostri
2324 2240 2393 2297 de
2442 2239 2567 2296 Filii
2617 2240 2711 2296 Dei
2739 2240 3021 2299 divinitate
3047 2240 3375 2298 sententiam
3420 2242 3575 2296 nobis
3619 2242 3722 2295 ob-

2122 2333 2213 2405 jiei
2251 2332 2456 2401 (Petav.
2501 2342 2536 2388 t.
2580 2332 2638 2401 2,
2671 2331 2941 2403 Theolog.,
2972 2332 3061 2388 lib.
3090 2334 3141 2399 l,
3180 2348 3298 2404 cap.
3324 2330 3403 2404 4).
3445 2331 3726 2404 Νδηϊῑρεθ

2126 2440 2237 2482 non
2266 2427 2440 2483 solum
2472 2425 2613 2482 ultro
2641 2424 2951 2493 conﬁtetur,
2995 2427 3087 2482 sed
3114 2426 3375 2497 plurimis,
3410 2434 3465 2483 et
3502 2435 3647 2491 ante,
3671 2434 3729 2481 et

2128 2528 2250 2594 post
2271 2521 2533 2593 synodum
2560 2518 2830 2576 Nicaenam
2861 2520 3119 2577 Ecclesia:
3150 2521 3365 2576 Patrum
3405 2520 3728 2576 testimoniis

2129 2614 2387 2682 ostendit,
2434 2613 2557 2669 illos
2602 2613 2939 2685 apertissime
2984 2612 3345 2670 deelaravisse
3386 2606 3581 2667 Filium
3610 2610 3726 2677 Dei,

2133 2709 2344 2764 tametsi
2373 2707 2553 2762 divina
2582 2707 2718 2778 ejus,
2750 2708 2890 2763 sicut
2935 2707 3131 2773 Patris,
3162 2715 3352 2762 natura
3376 2747 3390 2772 ,
3417 2704 3592 2761 videri
3629 2719 3728 2760 ne-
3768 2760 3782 2767 κ

2131 2808 2310 2872 queat,
2337 2800 2405 2855 ab
2434 2799 2764 2856 Patriarcbis
2796 2798 3143 2857 nihilominus
3171 2811 3221 2856 et
3242 2797 3546 2872 Prophetis,
3578 2807 3701 2854 ante

2132 2908 2292 2965 quam
2326 2894 2487 2950 homo
2530 2895 2709 2961 tleret,
2752 2893 2927 2951 aliena
2968 2895 3390 2967 aspectabilique
3438 2896 3619 2965 Specie
3646 2885 3731 2949 vi-

2133 3002 2252 3043 sum
2301 2997 2461 3059 atque
2513 2999 2859 3059 conspectum
2893 2989 3089 3062 (idem,
3122 2988 3276 3056 ibid,
3306 2986 3395 3042 lib.
3427 2985 3483 3056 3,
3516 3004 3631 3059 cap.
3670 2985 3728 3055 2,

2137 3082 2167 3156 ᾗ
2201 3083 2295 3151 10,.
2319 3093 2363 3140 et
2402 3083 2588 3156 seqq.).
2636 3082 2772 3152 Quid
2803 3096 2934 3139 vero
2963 3084 3103 3152 quod
3137 3082 3236 3154 ipsi
3282 3082 3499 3137 Petavio
3523 3090 3732 3138 certum

2134 3191 2259 3233 esse
2289 3177 2498 3232 videtur
2519 3193 2625 3233 non
2656 3174 2815 3232 modo
2844 3176 3056 3242 Filium,
3084 3177 3178 3233 sed
3206 3174 3419 3233 Patrem
3453 3176 3639 3243 etiam,
3670 3190 3735 3232 ac

430 3243 798 3344 {ensusjuius
945 3260 958 3297 ³
990 3240 1151 3344 Pa!"
1173 3239 1357 3344 mﬂndi
1390 3239 1543 3344 inim
1568 3248 1719 3344 63”“
1749 3249 2031 3344 5"_Pr9‘“’
2057 3252 2102 3316 Ο
2136 3270 2393 3344 Spiritum
2417 3280 2660 3328 sanctum
2682 3239 3317 3342 apparuissébontinibus
3335 3270 3514 3342 specie
3533 3239 3736 3325 extrin-

437 3337 516 3403 lit,
544 3350 607 3392 ac
639 3336 763 3392 fecit
811 3335 1029 3403 Filium,
1057 3334 1182 3390 dum
1215 3333 1363 3389 illum
1395 3335 1654 3389 creaturis
1689 3332 2028 3389 manifestum

427 3427 575 3485 fecit.
608 3429 688 3484 Ad
721 3429 947 3500 primam
978 3426 1121 3483 enim
1164 3440 1334 3499 usque
1361 3425 1544 3481 mundi
1587 3427 1914 3482 creationem
1953 3424 2034 3481 di-

431 3521 559 3577 vina
602 3519 746 3576 illius
794 3520 1092 3592 generatio,
1133 3526 1190 3574 ut
1242 3518 1401 3590 paulo
1445 3528 1603 3574 antea
1658 3519 2030 3591 explicuimus,

433 3619 486 3670 in
516 3623 721 3671 aeterno
746 3613 920 3669 Patris
953 3613 1073 3669 sinu
1116 3612 1297 3678 latuit,
1338 3624 1393 3668 et
1423 3611 1607 3668 mundi
1644 3613 1793 3668 initio
1822 3613 2035 3684 C(Bpita

433 3707 696 3764 creaturis
720 3706 945 3762 rationis
992 3705 1332 3776 compotibus
1348 3706 1563 3777 agnosci
1592 3723 1607 3772 ;
1642 3716 1872 3779 tuncque
1895 3706 2032 3775 hmc,

436 3801 593 3856 sicuti
620 3801 822 3855 Auctor
860 3806 1043 3854 noster
1070 3798 1306 3869 loquitur
1332 3808 1384 3854 ct
1439 3796 1575 3854 infra
1602 3796 1772 3853 iusius
1801 3800 2039 3869 estplica-

437 3897 649 3960 bimus,
684 3891 919 3966 perlecta
956 3890 1054 3947 fuit
1097 3891 1215 3963 ejus
1253 3890 1532 3960 nativitas,
1578 3907 1697 3963 quae
1756 3902 2037 3949 externum

441 3985 655 4058 aliquod
681 3985 887 4056 accepit
915 3982 1391 4055 complementum.

516 4077 701 4151 Neque
728 4094 920 4151 urgeas
945 4077 1158 4133 Patrem
1182 4077 1250 4132 ab
1269 4076 1669 4133 eoinvisibilem
1694 4078 1820 4139 diei.
1848 4076 2040 4132 Filium

445 4187 575 4230 vero
592 4172 876 4240 visibilem,
907 4180 1067 4242 atque
1104 4169 1245 4227 hunc
1285 4170 1487 4226 idcirco
1524 4170 1737 4225 Patrem
1779 4172 2043 4227 minorem

446 4283 590 4333 esse,
619 4281 722 4322 nec
743 4266 906 4321 Deum
938 4264 1153 4336 proprie
1177 4265 1400 4320 dictum.
1428 4262 1572 4319 Nihil
1599 4263 1798 4319 etenim
1826 4263 1927 4319 hac
1952 4280 2044 4320 ar-

450 4359 852 4434 gumentatione
878 4359 1070 4426 levius,
1100 4367 1154 4414 et
1179 4358 1464 4413 inﬁrmius.
1488 4354 1547 4412 In
1572 4372 1671 4413 suo
1692 4358 1887 4429 quippe
1903 4358 2044 4415 idem

453 4452 816 4512 Tertullianus
842 4451 1101 4507 adversus
1128 4449 1386 4506 Praxcam
1430 4450 1569 4506 libro
1598 4462 1784 4522 aperte
1818 4466 2050 4523 pronun-

455 4549 550 4603 tiat
576 4564 589 4601 :
620 4542 934 4600 Invisibilem
970 4542 1179 4599 Patrem
1243 4559 1338 4614 pro
1389 4544 1704 4615 plenitudine
1748 4546 2049 4616 majestatis,

458 4639 861 4696 visibilem-vero
902 4634 1099 4692 Filium
1148 4653 1241 4708 pro
1286 4637 1492 4692 modulo
1532 4639 1859 4694 derivationis
1886 4639 2050 4711 (Ibid.

458 4753 577 4806 cap.
636 4731 745 4805 Η).
811 4731 977 4787 Paulo
1056 4739 1176 4801 post
1224 4744 1353 4786 vero
1401 4749 1412 4785 :
1467 4728 1699 4786 Dicimus
1759 4741 1806 4786 et
1860 4718 2052 4788 Filium

464 4820 557 4883 suo
622 4824 825 4880 nomine
879 4832 1084 4878 eatenus
1137 4821 1460 4890 inuisibilem,
1514 4839 1616 4894 qua
1666 4841 1831 4879 sermo
1858 4834 1904 4879 et
1950 4826 2061 4896 spi-

458 4922 588 4976 ritus
629 4916 748 4986 Dei,
800 4932 863 4972 es:
891 4915 1185 4972 susbtantia:
1221 4914 1505 4970 conditione
1534 4915 1647 4985 jam
1681 4933 1839 4983 nunc,
1886 4928 1932 4971 et
1956 4935 2060 4990 qua

454 5014 621 5084 Deus,
642 5022 689 5067 et
725 5020 911 5078 sermo,
931 5018 977 5064 et
1012 5009 1260 5081 spiritus;
1288 5008 1533 5063 visibilem
1576 5026 1691 5065 vero
1712 5022 1830 5067 ante
1854 5028 2059 5068 carnent

463 5102 673 5180 (Ibid).
709 5102 991 5172 Quomodo
1020 5111 1197 5159 autem
1243 5110 1366 5157 ante
1407 5111 1735 5172 assumptam
1765 5118 1978 5160 carnem
2000 5120 2061 5160 se

461 5197 845 5272 aspectabilem
877 5195 1187 5268 praebuerit,
1217 5195 1360 5250 bunc
1387 5190 1475 5249 ille
1507 5194 1706 5251 ibidem
1745 5196 1978 5266 explicat
2003 5197 2060 5254 in

461 5292 714 5349 modum:
738 5288 963 5363 Apparet
992 5299 1127 5344 retro
1148 5304 1345 5361 semper
1368 5287 1421 5342 in
1446 5287 1672 5360 speculo,
1704 5297 1751 5343 et
1771 5290 2063 5362 tenigmate,

467 5398 514 5442 et
543 5387 752 5454 visione,
783 5393 831 5441 et
860 5385 1056 5441 somnio
1092 5382 1281 5452 Deum,
1325 5383 1380 5438 id
1402 5394 1498 5453 est,
1532 5381 1730 5439 Filium
1771 5384 1862 5439 Dei
1901 5386 2063 5442 visunt

466 5492 571 5537 tam
609 5478 932 5536 Patriarcltis
985 5487 1033 5534 et
1084 5476 1356 5550 Prop/retis
1382 5520 1397 5546 ,
1452 5495 1605 5549 quant
1645 5487 1690 5533 et
1745 5478 1845 5550 ipsi
1893 5480 2064 5535 adhuc

467 5575 658 5647 Moysi.
706 5572 773 5629 Et
796 5574 905 5645 ipse
925 5571 1129 5646 quidem
1156 5569 1429 5641 Dominus,
1460 5571 1506 5627 si
1532 5572 1668 5642 forte
1693 5588 1867 5626 coram
1889 5572 1959 5627 ad
1982 5573 2066 5645 fa.

464 5668 591 5723 ciem
615 5667 932 5739 loquebatur.
979 5672 1295 5721 non'tamen
1339 5673 1394 5719 ut
1424 5672 1519 5731 est,
1565 5663 1713 5721 homo
1744 5664 1928 5738 [aciem
1953 5667 2064 5738 ejus

464 5759 671 5824 videret,
706 5758 804 5813 nisi
842 5756 973 5828 forte
1005 5757 1058 5811 in
1085 5754 1293 5828 speculo
1346 5766 1392 5810 et
1420 5756 1472 5811 in
1498 5757 1933 5830 tenigmate.......
1962 5759 2065 5816 Aut

470 5847 720 5920 numquid
752 5845 798 5904 1"
801 5850 918 5905 ilius
955 5847 1157 5920 quidem
1184 5844 1442 5903 videbatur
1471 5856 1517 5903 et
1546 5848 1616 5905 sic
1649 5849 1848 5921 facies?
1875 5850 1965 5907 sed
1985 5852 2065 5926 ip-

2139 3376 2296 3420 secus
2325 3371 2620 3434 assumpta.
2653 3362 2826 3435 Atque
2856 3380 2920 3418 ex
2952 3364 3015 3418 iis
3044 3363 3147 3418 rite
3192 3362 3431 3434 probatis
3459 3360 3735 3418 Concludit

2140 3459 2412 3515 levissima
2440 3473 2559 3514 esse
2576 3459 2735 3514 ducta
2763 3453 2885 3514 inde
2907 3457 2978 3525 ab
2998 3458 3212 3514 Arianis
3242 3462 3429 3513 contra
3454 3448 3575 3512 Filii
3597 3456 3735 3511 divi-

2143 3554 2364 3608 nitatem
2379 3562 2841 3624 argumenta,qu:e
2856 3566 3013 3607 nemo
3031 3566 3135 3606 non
3158 3549 3598 3627 COttletnnet.Nos
3614 3565 3740 3606 vero

2145 3649 2201 3704 in
2229 3646 2599 3718 superioribus
2644 3647 2846 3704 nostris
2891 3645 3359 3702 dissertationibus
3404 3642 3742 3700 ostendimus

2148 3741 2247 3796 bas
2276 3741 2513 3797 visiones
2535 3755 2802 3811 suprema:
2833 3736 2953 3794 Filii
2981 3740 3073 3795 Dei
3115 3739 3379 3793 divinitati
3408 3752 3743 3810 nequaquam

2152 3832 2410 3898 obﬁcere,‘
2432 3846 2496 3888 ac
2516 3846 2613 3888 cur
2633 3830 2720 3886 hic
2740 3828 2940 3902 potius,
2969 3846 3129 3903 quam
3160 3830 3275 3902 ejus
3302 3830 3460 3886 Pater
3487 3843 3608 3886 sese
3644 3829 3744 3884 ho-

2148 3924 2382 3981 minibus
2409 3924 2694 3981 videndum
2725 3923 2970 3995 prmbcre
2998 3920 3288 3995 debtterit(
3318 3931 3441 3977 tant.
3477 3921 3530 3987 1,
3559 3919 3745 3993 Αρραο

2150 4026 2248 4074 rat.
2282 4034 2400 4092 pag.
2435 4017 2563 4087 404,
2586 4014 2695 4075 593
2717 4027 2761 4073 et
2787 4014 2891 4075 689
2917 4027 2965 4072 et
2986 4015 3151 4090 seqq).

2725 4174 3010 4215 ABTIGULUS
3047 4175 3163 4215 VIII.

2156 4298 2358 4354 Rursus
2378 4292 2662 4354 ostenditur
2691 4314 2844 4370 quam
2884 4298 3144 4371 perspicue
3173 4294 3523 4351 Tertullianus
3547 4291 3754 4350 tutemi-

2156 4451 2164 4460 ,
2231 4401 2383 4447 tatem
2419 4388 2544 4447 Filii
2582 4389 2678 4446 Del
2721 4401 2943 4455 asserat,
2976 4400 3030 4455 et
3057 4389 3313 4445 contraria
3345 4397 3645 4458 argumenta
3673 4385 3755 4440 di-

2231 4487 2461 4551 (nuntur,
2508 4483 2688 4555 quibus
2734 4483 2920 4552 conﬁci
2958 4498 3108 4554 posse
3152 4492 3335 4553 putant
3384 4476 3756 4536 Tertullianttm

2232 4581 2467 4637 docuisse
2488 4587 2607 4635 ante
2642 4579 2890 4633 mundum
2933 4576 3193 4633 conditum
3218 4576 3413 4631 nullam
3452 4576 3610 4648 fuisse
3633 4570 3762 4627 Filii

2077 4657 2133 4720 D
2238 4676 2331 4732 Dei
2356 4674 2707 4739 substantiam,
2737 4684 2781 4729 et
2803 4677 3077 4745 perfectura
3094 4671 3250 4742 fuisse
3278 4671 3389 4743 ejus
3408 4667 3751 4734 nativitatem,

2237 4786 2352 4825 cum
2377 4765 2517 4824 Deus
2538 4769 2782 4822 ntundum
2808 4782 2980 4823 creare
2999 4764 3205 4820 molitus
3227 4774 3319 4820 est.

2240 4928 2535 5001 Expositis,
2575 4937 2630 4984 et
2653 4942 2806 4999 :equa
2840 4925 2992 4982 lance
3036 4923 3349 4998 ponderatis
3386 4923 3452 4980 iis
3489 4921 3763 4979 rationum

2168 5023 2493 5087 momentis,
2540 5020 2735 5092 quibus
2775 5018 3138 5075 Tertullianus
3184 5015 3432 5073 eamdem
3478 5014 3654 5071 Patris
3699 5024 3765 5068 ae

2169 5114 2292 5170 Filii
2320 5112 2677 5169 substantiam
2721 5128 2825 5169 non
2862 5110 3149 5182 agnovisse
3175 5121 3459 5181 perperam
3498 5107 3762 5177 arguitur,

2169 5205 2237 5263 ad
2265 5222 2327 5262 ea
2351 5206 2462 5276 jam
2490 5206 2768 5263 veniamus
2793 5204 2993 5276 quibus
3014 5203 3193 5260 acrius
3222 5200 3399 5258 adhuc
3424 5200 3769 5256 insimulatur

2171 5298 2414 5371 ejusdem
2458 5298 2578 5355 Filii
2644 5298 2739 5354 Dei
2788 5296 3069 5368 negavisse
3108 5295 3493 5352 aternitatem.
3541 5291 3599 5347 Si
3647 5301 3769 5360 quas

2172 5394 2316 5451 enim
2346 5394 2660 5451 doctissimo
2702 5392 2922 5449 Petavio
2965 5391 3099 5448 ﬁdes
3129 5389 3401 5455 habenda,
3444 5386 3500 5443 in
3546 5385 3650 5441 hoc
3681 5381 3773 5438 ille

2172 5488 2412 5543 arianam
2459 5486 2708 5546 haeresim
2773 5485 3051 5556 impietate
3075 5493 3130 5539 et
3167 5481 3501 5540 absurditate
3551 5478 3787 5548 superat

2175 5578 2404 5651 (Petav.,
2438 5580 2527 5635 lib.
2574 5580 2628 5647 1,
2656 5577 2902 5650 Theolog.
2949 5577 3124 5649 degat.
3173 5576 3238 5630 ds
3286 5572 3473 5629 Trinit.
3552 5586 3671 5639 cap.
3714 5566 3773 5634 5,

2176 5689 2297 5743 pag.
2319 5671 2642 5741 24).Verum
2660 5672 2702 5727 si
2722 5673 2834 5741 ipse
2853 5669 3214 5725 'l‘crtullianus
3237 5676 3400 5731 recte,
3425 5664 3501 5719 uti
3520 5662 3773 5721 vidimus,

2174 5762 2420 5819 eamdem
2443 5778 2563 5819 esse
2602 5762 2833 5820 asseruit
2862 5761 2979 5818 Filii
3024 5776 3089 5817 ac
3115 5760 3289 5816 Patris
3328 5768 3597 5820 naturam,
3628 5754 3772 5809 illum

2179 5854 2363 5927 praeui
2395 5853 2556 5913 dubio
2584 5852 2726 5912 Patri
2749 5869 2844 5912 sna
2866 5861 3194 5912 eoa-ternum
3218 5864 3336 5909 esse
3364 5857 3552 5908 revera
3583 5838 3776 5898 existi-
