4092 6352
321 338 428 404 845

1464 334 1914 404 DlSSERTATlO
1950 342 2016 400 D.
2057 337 2147 403 LE
2174 342 2480 405 NOURRY.

3517 351 3622 411 8-i6

320 462 507 519 mavit.
539 459 916 533 Unusquisque
955 460 1159 527 autem,
1215 470 1278 515 ex
1322 450 1409 515 bis
1455 468 1575 530 qua:
1616 472 1796 533 supra,
1852 466 1917 518 ac
1943 456 1997 523 Α
2023 456 2254 518 dicturus
2310 458 2459 536 (ibid.
2510 476 2625 537 cap.
2667 458 2771 538 5).
2816 450 2970 521 "l‘une
3012 472 3141 537 ergo
3184 458 3277 523 tlte
3316 474 3494 525 sermo
3539 469 3619 523 in-

323 556 664 628 potissimum
689 553 740 610 in
767 552 941 626 primo
964 551 1121 624 hujus
1142 550 1336 625 capitis
1361 552 1592 610 articulo
1614 548 1916 624 retulimus,

320 648 726 721 deprehendere
757 646 910 704 facile
934 646 1104 719 potuit
1125 646 1255 703 illud
1280 646 1574 706 Catholica:
1603 646 1725 705 fidei
1747 648 1918 707 docu-

321 746 560 798 mentum
590 739 1027 797 manifestissime
1057 738 1124 796 ab
1145 754 1211 796 eo
1230 741 1398 797 asseri
1427 750 1480 797 et
1510 738 1816 815 prmdicari.

392 834 498 891 Sed
526 833 652 906 quid
676 833 953 905 speciatim
976 831 1044 889 de
1065 832 1210 889 illius
1229 834 1531 890 mternitate
1557 835 1916 905 constituerit,

318 930 425 1001 jam
463 937 690 996 attento,
717 928 761 984 si
791 927 961 995 lubet,
989 927 1169 982 animo
1194 926 1622 997 consideremus,
1653 944 1715 986 ac
1742 930 1919 1002 primo

319 1022 531 1095 quidem
592 1020 863 1091 quomodo
923 1020 1018 1075 Dei
1072 1021 1429 1081 :eternitatem
1496 1021 1714 1077 deﬁniat
1748 1040 1760 1075 :
1793 1021 1920 1089 Quis

325 1117 480 1180 alius,
514 1116 705 1187 inquit,
736 1112 835 1167 Dei
878 1130 1079 1179 census,
1123 1126 1275 1184 quam
1302 1112 1603 1169 mternltas?
1635 1108 1762 1180 Quis
1787 1113 1919 1170 allus

320 1207 617 1264 Meruitatis
643 1222 842 1274 census,
873 1220 1028 1271 quam
1069 1220 1267 1277 semper
1292 1206 1457 1278 fuisse
1492 1214 1539 1262 et
1560 1206 1788 1279 futurum
1813 1218 1921 1263 esse

318 1312 383 1357 ea:
413 1301 745 1373 prterOgatlva
796 1300 988 1355 nullius
1040 1300 1189 1367 initii,
1247 1300 1444 1356 nullius
1500 1301 1619 1371 ﬁnis
1676 1300 1916 1375 (Tertull.

319 1396 407 1451 lib.
454 1395 571 1449 adv.
631 1393 876 1466 Hei-mag.
933 1406 1049 1465 cap.
1097 1392 1133 1448 4
1162 1391 1201 1465 ).
1246 1391 1321 1448 Ibi
1383 1402 1584 1461 autem,
1637 1392 1793 1449 sicuti
1843 1394 1921 1449 vi-

319 1489 434 1553 des,
467 1504 574 1544 non
600 1488 776 1544 solum
824 1487 1013 1543 definit
1048 1486 1176 1558 quid
1221 1487 1290 1543 sit
1319 1487 1615 1554 Mentitus,
1657 1485 1754 1543 Sed
1798 1503 1917 1543 eam

317 1584 389 1639 ita
416 1581 519 1641 soli
544 1582 655 1637 Deo
676 1594 798 1637 esse
828 1580 1101 1651 prepriam
1129 1621 1144 1646 ,
1175 1588 1233 1635 ut
1258 1579 1391 1636 nulli
1419 1580 1577 1636 alteri
1608 1592 1922 1652 competere

318 1675 508 1742 possit.
538 1672 696 1743 Atqui
717 1671 807 1728 ille
830 1686 937 1727 non
969 1672 1146 1727 minus
1170 1670 1314 1727 clare
1335 1680 1385 1727 et
1416 1673 1716 1743 perspicue,
1740 1672 1814 1728 uti
1831 1687 1923 1728 su-

318 1776 409 1835 pra
424 1764 941 1833 ostendimus,docet
954 1764 1247 1836 probatque
1259 1764 1452 1820 Filium
1467 1765 1557 1821 Dei
1572 1780 1690 1822 esse
1708 1781 1917 1829 verum,

2023 557 2188 613 terior
2225 552 2594 616 tantummodo
2647 556 2768 627 fuit,
2802 544 3143 631 nunciumque
3192 570 3285 631 per
3323 575 3383 618 se
3414 560 3620 618 subsis-

2023 646 2186 705 tebat.
2214 647 2351 706 Cum
2398 660 2576 707 autem
2628 648 2770 706 Deus
2812 651 3074 707 mundum
3124 648 3385 709 fabricare
3428 655 3612 723 etepit,

2022 752 2325 798 sermonem
2370 740 2514 799 hunc
2573 742 2817 815 protulit,
2862 754 3093 816 eumthe
3130 740 3439 813 animaudo,
3493 739 3622 802 fecit

2021 832 2373 889 substantiam
2408 846 2468 890 ac
2498 846 2807 908 personam.
2837 832 2952 891 Non
2970 845 3125 892 antea
3155 850 3304 907 ergo,
3335 832 3408 892 uti
3430 834 3601 903 aiunt,

2023 920 2214 981 Filium
2246 924 2338 983 Del
2366 928 2560 984 laetum
2590 940 2713 986 esse
2742 926 3105 986 Tertullianus
3130 931 3378 1001 opinatus
3406 936 3510 986 est.

2094 1020 2199 1076 Sed
2246 1023 2426 1078 nescio
2475 1022 2720 1095 equidem
2769 1030 2948 1080 utrum
2995 1020 3261 1091 Petavius,
3294 1034 3348 1082 et
3377 1027 3466 1082 alii
3520 1027 3610 1100 qui

2023 1110 2092 1169 ita
2133 1126 2595 1188 argumentantur,
2624 1120 2864 1173 animum
2911 1116 2977 1174 ad
3009 1134 3069 1175 ea
3099 1117 3413 1175 Tertulliani
3446 1120 3612 1177 verba

2023 1207 2154 1262 satis
2184 1208 2533 1275 adverteriitt,
2562 1224 2683 1282 qurc
2709 1211 2796 1266 illa
2837 1210 2972 1282 ipsa,
3002 1220 3121 1283 quze
3154 1212 3308 1268 nobis
3335 1212 3616 1282 objiciuiit,

2021 1301 2363 1356 continenter
2411 1301 2853 1374 subsequuntur:
2887 1301 3035 1368 Ηατε,
3079 1302 3247 1376 inquit
3296 1304 3464 1376 (ibid.
3497 1322 3615 1375 cap.

2024 1388 2114 1462 6),
2166 1401 2238 1447 est
2280 1394 2516 1449 natiuitas
2571 1397 2795 1468 perfecta
2845 1390 3105 1451 Sermonis
3138 1439 3153 1465 ,
3210 1395 3331 1451 dum
3384 1415 3448 1452 ex
3510 1397 3618 1454 Deo

2025 1485 2281 1553 procedit,
2330 1485 2563 1540 conditus
2606 1486 2668 1541 ab
2698 1502 2755 1542 eo
2786 1489 3004 1558 primum
3038 1487 3106 1541 ad
3127 1489 3399 1559 cogitatum
3425 1489 3477 1544 in
3521 1507 3618 1544 uo-

2024 1578 2158 1631 mine
2210 1578 2462 1647 SOpItiaz:
2494 1577 2740 1634 Dominus
2759 1580 2985 1633 condidit
3018 1597 3100 1635 me
3149 1580 3350 1634 initium
3397 1581 3616 1637 viarum.

2036 1666 2231 1726 Dehinc
2280 1681 2546 1743 generatus
2572 1673 2641 1727 ad
2687 1671 2920 1739 e/fectum
2950 1675 2976 1728 τ’
3010 1672 3135 1729 Cum
3181 1682 3384 1744 pararet
3413 1674 3615 1741 caelum,

2023 1767 2233 1820 aderam
2284 1765 2359 1820 tlli
2406 1764 2562 1820 simul
2610 1762 2879 1838 (Proverb.
2913 1782 3027 1838 cap.
3076 1766 3132 1834 8,
3177 1764 3322 1835 3722,
3356 1774 3402 1819 et
3429 1765 3612 1837 seqq),

318 1868 483 1913 unum
512 1870 575 1913 ac
601 1856 848 1913 eumdem
894 1872 1014 1912 cum
1058 1856 1217 1912 Patre
1244 1872 1343 1913 suo
1376 1858 1560 1914 Deum.
1593 1859 1915 1914 Persuasum
1947 1862 1996 1925 Β
2029 1856 2231 1913 Exinde
2253 1871 2365 1912 eum
2393 1872 2568 1928 parem
2596 1859 2690 1913 sibi
2717 1858 2930 1928 faciens,
2956 1856 3019 1913 de
3043 1875 3140 1930 quo
3171 1856 3489 1930 procedendo
3518 1856 3610 1912 Fi-

320 1964 449 2024 θινεο
477 1934 661 2007 habuit
681 1948 924 2007 eamdem
950 1965 1070 2007 esse
1091 1951 1234 2006 illius
1258 1958 1311 2006 et
1333 1950 1509 2006 Patris
1537 1951 1913 2008 atertiitatem.

393 2047 463 2101 At
515 2043 630 2099 lure
681 2059 789 2099 non
844 2052 1029 2099 nostra
1074 2053 1301 2111 tantum,
1331 2041 1429 2100 sed
1478 2044 1646 2115 ipsam
1688 2054 1743 2100 et
1775 2045 1918 2100 illius

326 2139 726 2212 argumentatio
776 2149 882 2205 est,
936 2151 1037 2209 qua
1115 2138 1255 2194 hanc
1302 2137 1423 2192 Filii
1479 2137 1573 2193 Dei
1647 2140 1920 2194 tt'terttila-

321 2244 428 2290 tem
473 2232 898 2290 luculentissime
943 2230 1297 2287 demonstrat.
1348 2230 1508 2297 Audi,
1557 2246 1767 2302 quieso,
1802 2235 1918 2302 ejus

317 2327 501 2393 verba,
552 2332 608 2384 et
654 2326 758 2384 boc
802 2325 1083 2382 nobiscum
1130 2325 1384 2383 fateberis
1415 2344 1429 2381 :
1465 2325 1649 2394 Deum,
1695 2327 1768 2381 ait
1806 2326 1914 2388 ille.

319 2422 717 2487 immutabilem,
762 2430 809 2475 et
856 2419 1228 2491 infurmabilcm
1279 2418 1417 2473 credi
1463 2432 1660 2476 necesse
1719 2429 1811 2485 est,
1863 2426 1919 2472 ut

318 2523 583 2569 cateruam.
614 2510 1026 2584 Transﬁguratio
1079 2518 1246 2565 autem
1289 2510 1607 2583 interemptio
1656 2520 1728 2565 est
1778 2511 1911 2580 pris-

330 2606 441 2660 tini.
474 2604 637 2659 (inme
675 2605 805 2658 enim
841 2604 1191 2675 quodcumque
1230 2604 1626 2675 transﬁguratur
1663 2604 1716 2658 in
1750 2603 1913 2669 aliud,

329 2699 515 2753 desinit
558 2715 663 2754 esse
705 2699 840 2771 quod
864 2698 1051 2769 fuerat,
1095 2708 1140 2753 et
1166 2698 1341 2771 incipit
1364 2713 1470 2753 esse
1496 2697 1633 2769 quod
1663 2713 1761 2752 non
1785 2706 1911 2753 erat.

326 2793 469 2848 Dens
497 2804 665 2847 autent
691 2809 848 2863 neque
870 2792 1055 2847 desinit
1078 2806 1203 2860 esse,
1241 2808 1400 2863 neque
1424 2790 1571 2846 aliud
1591 2801 1753 2863 potest
1774 2805 1918 2857 esse;

318 2886 505 2943 Sermo
549 2895 717 2941 autem
771 2884 910 2939 Deus
939 2926 955 2950 ,
1010 2896 1056 2940 et
1110 2884 1291 2940 Sermo
1342 2882 1593 2940 Dominus
1634 2894 1802 2941 tnunet
1862 2885 1919 2940 in

316 2992 481 3035 rerum
531 2978 895 3050 perseverando
958 2978 1013 3032 in
1060 2993 1154 3032 sua
1207 2980 1376 3049 forma
1417 2976 1609 3051 (Idem,
1656 2978 1747 3033 lib.
1795 2979 1914 3035 adv.

321 3068 515 3127 Praise.
535 3090 651 3145 cap.
678 3071 792 3147 27).
823 3070 875 3129 ls
901 3084 1076 3128 autem
1105 3087 1286 3129 sermo
1328 3084 1409 3129 est
1454 3073 1545 3128 Dei
1579 3072 1831 3140 Verbum,
1864 3082 1919 3131 et

320 3164 512 3231 Filius,
562 3166 673 3238 qui,
725 3175 783 3222 ut
811 3166 1149 3223 continenter
1197 3165 1477 3238 subjunxlt
1513 3166 1914 3237 Tertullianus,

2022 1954 2119 2008 lius
2147 1954 2312 2023 factus
2336 1962 2446 2018 est;
2475 1952 2863 2024 primogenims,
2893 1961 2947 2006 ut
2972 1962 3090 2007 ante
3114 1952 3284 2007 omnia
3312 1954 3542 2025 genitus;
3570 1960 3620 2007 et

2022 2047 2335 2117 unigenitas,
2378 2056 2434 2101 ut
2478 2045 2620 2102 solus
2668 2062 2732 2102 ea:
2759 2040 2868 2102 Deo
2895 2047 3095 2116 genitus
3133 2046 3339 2119 proprie
3377 2048 3440 2102 de
3468 2044 3617 2103 vulva

2022 2141 2189 2196 cordis
2204 2138 2388 2212 ipsius,
2407 2139 2685 2195 secundum
2702 2140 2838 2212 quod
2852 2152 2896 2195 et
2918 2138 3073 2195 Pater
3092 2141 3201 2212 ipse
3220 2150 3426 2196 testatur
3448 2158 3463 2198 :
3483 2135 3621 2196 Eru-

2021 2234 2170 2288 ctavit
2194 2248 2281 2288 cor
2307 2246 2472 2288 meum
2508 2248 2788 2288 sermonem
2808 2233 3053 2304 Optimum
3085 2230 3199 2305 (Ps.
3226 2231 3407 2296 XLIV.
3433 2233 3467 2304 ᾗ
3491 2275 3506 2289 .
3538 2234 3611 2304 l).

2096 2326 2294 2399 Duplex
2323 2328 2521 2383 etenim
2551 2328 2621 2383 ibi
2652 2326 2744 2384 itte
2769 2322 3015 2383 distinxit
3046 2306 3340 2382 nativitatis
3362 2326 3481 2383 Filii
3513 2312 3605 2383 nui

2019 2434 2209 2495 genus.
2239 2420 2484 2478 Primum
2525 2431 2726 2491 autem,
2760 2421 2872 2477 sive
2904 2420 3072 2492 prima
3112 2426 3167 2477 et
3211 2424 3427 2492 proprie
3471 2420 3612 2477 dicta

2023 2514 2163 2571 illius
2192 2517 2469 2586 generatio
2514 2525 2618 2581 est,
2651 2529 2754 2586 qua
2801 2513 2963 2570 Pater
3006 2522 3242 2570 internus
3274 2520 3399 2569 ante
3425 2528 3614 2585 omnes

2020 2619 2295 2666 creaturas
2326 2606 2546 2678 protulit
2597 2606 2733 2662 intra
2763 2619 2822 2662 se
2865 2602 3146 2662 Rationem
3194 2614 3249 2662 et
3273 2604 3612 2662 Sermonem.

2020 2702 2265 2759 Secunda
2316 2714 2448 2756 vero
2493 2701 2671 2755 minus
2722 2699 2935 2770 proprie
2961 2696 3103 2754 dicta
3157 2696 3299 2753 illius
3328 2698 3604 2769 generatio

2014 2795 2137 2859 fuit,
2169 2809 2289 2849 cum
2321 2794 2477 2849 Pater
2505 2792 2683 2863 ipsum
2713 2792 2863 2846 initio
2886 2791 3067 2845 mundi
3104 2791 3356 2862 protulit;
3378 2792 3514 2858 sive,
3551 2800 3609 2846 ut

2021 2889 2093 2944 ait
2124 2890 2238 2960 ipse
2270 2891 2707 2950 Auctortnoster,
2753 2887 3009 2959 generavit
3047 2886 3117 2940 ad
3154 2878 3406 2955 e/Iectum,
3445 2884 3495 2942 id
3522 2896 3604 2942 est

2023 2992 2076 3040 ut
2130 2998 2224 3055 per
2274 2998 2393 3039 eum
2446 2982 2624 3037 omnia
2679 2978 2955 3036 conderet.
3013 2967 3080 3034 At
3116 2980 3284 3051 prima
3332 2967 3609 3052 generatio

2023 3092 2127 3134 non
2160 3074 2257 3132 fuit
2279 3062 2463 3149 procul
2494 3072 2656 3129 dubio
2679 3074 2899 3141 inutilis,
2943 3083 2997 3129 et
3024 3089 3085 3128 ea
3116 3074 3276 3129 Pater
3304 3089 3488 3129 vermn
3511 3090 3609 3146 ge-

2021 3172 2137 3227 nuit
2162 3164 2379 3226 Fllium.
2410 3166 2543 3224 Nam
2572 3166 2725 3224 sicuti
2760 3166 2850 3224 ille
2889 3169 2964 3223 ait
2993 3186 3005 3222 :
3033 3164 3252 3223 Possunt
3297 3186 3398 3223 non
3427 3177 3611 3222 temere

316 3272 445 3314 σε)Γο
472 3258 642 3314 mellis
682 3268 784 3314 εδι-
815 3259 945 3326 QUiS
974 3260 1150 3330 itaque
1179 3274 1410 3330 unquam
1440 3259 1760 3315 Clal'im‘iblls
1786 3275 1905 3316 νῦν·
1940 3260 1987 3325 C
2022 3267 2451 3339 pra’struxisse,et
2471 3272 2587 3318 tunc
2606 3258 2769 3316 Deum
2789 3269 2903 3315 ante
2924 3261 3265 3315 universitatis
3282 3260 3607 3315 constitutio-

317 3350 423 3417 bis,
450 3359 542 3405 aut
586 3350 799 3405 elariori
847 3350 1310 3421 argumentatione
1355 3351 1716 3407 arteruitatem
1769 3352 1912 3408 illius

318 3444 580 3499 asseruit?
597 3443 863 3515 Numquid
877 3432 1013 3515 ergo
1035 3458 1138 3499 una
1156 3454 1316 3499 manu
1338 3442 1410 3499 ibi
1434 3441 1794 3500 Tertullianus
1827 3459 1914 3501 as-

321 3537 467 3605 truit,
480 3537 622 3607 quod
638 3538 762 3593 alibi
778 3538 941 3593 altera
957 3536 1571 3606 destruxerat?Quidam
1587 3546 1763 3594 tamen
1782 3538 1912 3594 tanti

317 3630 574 3703 paradoxi
601 3624 891 3688 Auctorem
915 3640 1156 3687 nostrum
1192 3632 1464 3703 postulare
1493 3646 1600 3688 non
1637 3638 1908 3688 verentur.

388 3725 638 3782 Petavius
668 3725 945 3782 enimvero
991 3725 1148 3781 nobis
1185 3725 1371 3797 objicit
1401 3743 1506 3782 non
1540 3728 1718 3783 minus
1761 3741 1914 3784 certo

317 3824 373 3873 et
401 3818 678 3873 evidenter
707 3818 773 3873 ab
804 3817 898 3874 illo
920 3818 1170 3873 traditum
1202 3817 1405 3874 nullam
1435 3827 1559 3875 ante
1590 3819 1773 3876 mundi
1800 3821 1910 3891 pil-

315 3910 523 3967 mordia
556 3910 721 3966 fuisse
747 3909 868 3965 Filii
895 3910 986 3966 Dei
1013 3910 1390 3981 substantiam,
1422 3910 1517 3969 sed
1547 3926 1665 3969 eam
1694 3921 1805 3971 tum
1823 3928 1914 3970 ac-

317 4004 527 4075 oepisse
555 4014 585 4059 a
626 4003 786 4061 Patre
824 4018 924 4060 suo
952 4004 1167 4077 quando
1197 4005 1455 4063 mundum
1482 4021 1668 4063 creare
1696 4008 1912 4063 molitus

316 4102 420 4154 est.
450 4097 601 4166 Quod
631 4098 849 4169 quidem
889 4114 994 4155 non
1026 4098 1118 4157 ille
1155 4102 1324 4170 solus,
1348 4102 1441 4157 sed
1468 4102 1555 4158 alii
1582 4103 1741 4158 etiam
1778 4116 1913 4158 non.

319 4191 452 4246 nulli
482 4191 725 4247 arbitrati
752 4200 876 4254 sunt
904 4193 1094 4250 confici
1123 4209 1283 4267 posse
1324 4195 1473 4252 hisce
1498 4195 1735 4268 ejusdem
1776 4192 1912 4253 Ter-

270 4290 279 4293 ’
315 4282 524 4339 tulliani
550 4287 729 4341 verbis
763 4284 872 4342 :Ut
900 4289 1120 4359 primum
1167 4288 1307 4346 Dens
1336 4291 1495 4345 voluit
1539 4307 1618 4358 ea,
1655 4304 1770 4362 qua:
1792 4306 1911 4346 cum

317 4374 532 4445 Sophia:
567 4377 767 4431 ratione
791 4388 837 4433 et
866 4395 1094 4435 sermone
1113 4380 1434 4450 disposuerat
1459 4383 1593 4436 intra
1611 4398 1685 4451 se,
1715 4384 1768 4437 in
1793 4383 1911 4438 sub-

315 4465 529 4521 stantias
573 4478 620 4522 et
646 4470 834 4539 species
867 4486 986 4525 suas
1032 4473 1197 4539 edere,
1230 4473 1399 4543 ipsum
1438 4475 1659 4544 primunt
1702 4476 1910 4542 protulit

317 4556 638 4629 Sermonem,
671 4562 932 4618 habentem
962 4563 1015 4618 in
1043 4582 1097 4619 se
1120 4567 1407 4623 individuus
1429 4569 1617 4639 species
1639 4567 1910 4624 Rationem

2016 3379 2127 3416 nem
2154 3360 2317 3414 solum
2343 3374 2442 3411 non
2483 3357 2659 3428 fuisse,
2699 3354 2960 3409 habentem
3008 3355 3059 3408 in
3087 3354 3354 3425 semetipso
3392 3352 3606 3424 proinde

2014 3454 2283 3523 rationem,
2314 3461 2359 3507 et
2382 3451 2436 3505 in
2465 3450 2659 3504 ratione
2684 3463 2984 3519 sermonem,
3022 3464 3165 3518 quem
3195 3444 3468 3502 sectmdnm
3494 3463 3524 3498 a
3554 3460 3608 3499 se
3646 3516 3653 3522 .

2016 3546 2127 3619 ipso
2172 3548 2357 3617 faceret
2410 3543 2581 3617 (ibid.
2635 3558 2748 3613 cap.
2804 3540 2902 3613 5).
2959 3540 3090 3609 Quis
3148 3550 3327 3596 autem
3374 3552 3478 3596 non
3528 3540 3609 3593 vi-

1968 3630 1976 3636 ’
2015 3639 2135 3696 deat
2176 3637 2243 3693 ibi
2290 3635 2675 3693 Tertullianum
2714 3649 2872 3705 agere
2901 3633 2969 3688 de
2996 3634 3088 3688 Dei
3111 3630 3309 3697 Verbo,
3340 3647 3435 3688 seu
3481 3630 3613 3687 Ser-

2017 3744 2178 3789 mune
2204 3738 2329 3786 ante
2381 3727 2561 3784 mundi
2606 3727 2954 3791 creationem,
2989 3736 3042 3782 et
3090 3740 3213 3781 cum
3264 3724 3399 3780 intra
3435 3723 3606 3780 Deum

2017 3824 2230 3882 Patrem
2263 3837 2417 3878 suum
2450 3819 2623 3876 adhuc
2645 3817 2794 3874 erat?
2818 3818 2976 3888 Atqui
3006 3818 3286 3889 perspicue
3311 3815 3381 3871 ibi
3414 3814 3608 3871 decla—

2015 3929 2098 3977 rat
2131 3929 2239 3974 tum
2290 3915 2500 3972 Patrem
2552 3929 2657 3967 non
2688 3910 2851 3969 luisse
2893 3913 3089 3980 solum,
3139 3909 3235 3967 sed
3270 3909 3521 3966 habuisse
3550 3910 3604 3966 in

2018 4014 2312 4085 semetipso
2357 4009 2499 4064 hunc
2543 4008 2862 4064 Sermonem
2910 4025 2939 4061 a
2989 4022 3083 4062 sua
3128 4021 3351 4075 persona
3380 4005 3608 4065 distinc-

2018 4120 2149 4175 tum,
2173 4080 2330 4179 quem
2355 4101 2648 4160 secundum
2677 4118 2704 4155 a
2728 4115 2789 4157 se
2810 4115 2871 4156 ac
2899 4098 3090 4156 Filium
3116 4099 3250 4172 fecit,
3279 4115 3374 4156 seu
3400 4099 3608 4173 genuit.

2016 4202 2157 4273 Ergo
2184 4214 2306 4255 ante
2354 4195 2536 4253 mundi
2583 4194 3042 4260 constitutionem,
3081 4194 3264 4261 idest,
3294 4195 3360 4250 ab
3402 4205 3607 4250 interno

2015 4292 2272 4357 Verbum,
2304 4292 2418 4347 sive
2455 4289 2627 4345 Filius
2652 4288 2765 4352 Dei,
2798 4295 2855 4340 ut
2898 4300 3057 4357 supra
3108 4284 3607 4353 animadvertimus,

2014 4401 2166 4441 suam
2185 4398 2214 4440 a
2242 4386 2348 4444 Deo
2379 4383 2536 4438 Patre
2564 4384 2847 4452 acceperat
2873 4389 3120 4433 naturam
3147 4386 3201 4433 et
3225 4377 3598 4447 substantiam,

2013 4490 2232 4551 eratque
2262 4493 2487 4550 persona
2520 4484 2722 4530 tantum
2747 4490 2774 4529 a
2798 4472 2957 4530 Patre
2987 4473 3293 4530 distinctus.
3656 4546 3659 4547 ν

2087 4574 2155 4626 At
2186 4571 2362 4635 Pater,
2404 4568 2579 4640 arguit
2624 4567 2896 4632 Petavius,
2935 4582 2961 4620 a
3006 4564 3334 4622 Tcrtulliano
3381 4563 3600 4635 dicitur,

317 4662 365 4708 et
393 4653 685 4727 Sep/tiam,
719 4665 775 4711 ut
818 4672 908 4728 per
932 4658 1099 4730 ipsum
1132 4659 1318 4741 ﬁerent
1344 4663 1599 4730 universa,
1638 4674 1729 4735 per
1753 4676 1899 4732 quem
2017 4673 2133 4719 ante
2178 4662 2350 4716 omnia
2393 4658 2534 4738 Dens
2586 4667 2693 4714 erat
2744 4659 2905 4724 solus,
2957 4659 3077 4729 quia
3120 4656 3250 4712 nihil
3292 4657 3602 4714 extrinsecus

314 4755 459 4802 erant
533 4749 753 4822 cogitatu
810 4760 961 4821 atque
1007 4750 1291 4822 disposita;
1322 4754 1436 4809 imo
1465 4763 1511 4809 et
1564 4750 1703 4824 facta
1749 4753 1858 4823 iam
1889 4796 1904 4822 ,

314 4850 557 4912 quantum
584 4846 635 4897 in
666 4842 763 4899 Dei
780 4860 954 4900 sensu.
986 4843 1102 4900 Hoc
1117 4848 1249 4901 enim
1277 4847 1470 4917 deerat,
1505 4857 1559 4902 ut
1579 4864 1750 4903 coram
1776 4865 1908 4921 quo-

314 4944 410 5001 que
436 4936 490 4990 in
525 4937 629 4991 suis
663 4937 941 5008 speciebus,
964 4949 1114 5011 atque
1139 4941 1433 4997 substantiis
1457 4952 1905 5014 cognoscerentur,

318 5038 363 5080 et
392 5037 693 5087 tenerentur.
726 5029 869 5089 Tunc
893 5034 1050 5107 igitur
1078 5036 1231 5091 etiam
1268 5039 1377 5109 ipse
1404 5036 1585 5095 Sermo
1616 5040 1833 5111 speciem
1863 5049 1909 5094 et

318 5131 554 5177 ornatum
580 5141 724 5181 suum
747 5130 922 5198 sumit,
950 5147 1130 5185 sonum
1160 5140 1208 5186 et
1261 5148 1452 5200 vocem,
1476 5150 1589 5187 cum
1612 5133 1763 5200 dixit,
1788 5128 1912 5188 Fiat

319 5209 410 5267 lui:
457 5213 644 5289 (Ibid.,
685 5236 800 5291 cap.
855 5221 950 5295 ϐ).
1028 5223 1153 5281 lude
1224 5225 1367 5281 enim
1432 5225 1682 5282 Petavius
1735 5224 1911 5297 colligi

320 5320 480 5377 posse
556 5315 805 5386 opinatur
864 5318 1003 5378 banc
1068 5321 1233 5380 fuisse
1303 5302 1445 5380 illius
1500 5322 1567 5379 de
1638 5319 1755 5376 Filii
1815 5319 1907 5376 Dei

312 5408 658 5491 generatione
684 5432 787 5472 non
817 5417 1033 5489 quidem
1067 5427 1288 5484 mterna.
1334 5419 1430 5477 sed
1478 5421 1757 5492 temporali
1786 5418 1905 5495 epi-

312 5505 546 5564 nionem.
602 5510 764 5567 Addit
807 5522 1070 5588 praeterea
1122 5513 1526 5571 Tertullianum.
1554 5515 1719 5589 paulo
1775 5524 1900 5571 ante
1965 5581 1970 5585 ,

277 5623 281 5627 ·
311 5598 519 5659 dixisse
541 5602 727 5674 Deum,
757 5607 844 5679 qui
870 5618 1056 5662 natura
1086 5622 1177 5663 sua
1202 5618 1285 5663 est
1317 5608 1619 5677 rationalis,
1650 5624 1816 5682 penes
1851 5622 1910 5665 se

312 5709 381 5748 ex
414 5704 614 5752 (uterne
660 5696 912 5755 habuisse
961 5699 1261 5767 Rationem,
1294 5710 1464 5769 Λάγον,
1488 5708 1545 5759 et
1572 5701 1911 5758 Sermonem.

313 5771 424 5840 Sed
448 5788 591 5845 ltunc
619 5791 757 5847 intra
783 5792 1130 5863 semetipsum
1170 5793 1528 5861 continuisse,
1578 5794 1728 5849 tacite
1768 5794 1910 5866 cogi-

315 5875 493 5968 tando,
534 5887 579 5935 et
606 5881 920 5954 disponendo
948 5898 1138 5956 secum,
1185 5900 1301 5957 qua
1348 5899 1437 5959 per
1467 5885 1764 5945 Sermonem
1803 5895 1911 5944 erat

1324 5980 1341 6003 Ω
1734 5998 1745 6005 ..

2015 4763 2197 4827 prieter
2222 4753 2366 4809 illum
2395 4734 2720 4824 (Tertulliun.
2742 4792 2749 4799 .
2775 4750 2872 4806 loc.
2906 4747 3041 4821 cit.).
3074 4749 3179 4806 Sed
3210 4750 3291 4807 vix
3322 4762 3384 4807 ac
3415 4766 3482 4806 ne
3510 4751 3602 4807 vix

2013 4847 2226 4919 quidem
2275 4862 2306 4902 a
2351 4846 2505 4903 nobis
2535 4846 2820 4916 impetrare
2861 4848 3175 4915 possumus,
3226 4851 3284 4898 ut
3321 4843 3606 4900 credamus

2015 4939 2131 4996 hinc
2170 4939 2313 4995 serio
2366 4937 2435 4994 ab
2485 4928 2847 4993 cruditiSsinto
2885 4944 2940 4991 et
2989 4934 3449 5005 perspicacissimo
3490 4937 3605 4991 viro

2014 5032 2194 5106 objici.
2241 5032 2371 5089 Nam
2434 5031 2795 5088 'l'et'tulliattus
2832 5028 3086 5086 continuo
3127 5027 3401 5104 Sllltjtltlxll
3447 5048 3461 5086 :
3503 5048 3605 5087 ca:-

2017 5138 2177 5186 terunt
2203 5145 2265 5184 ne
2286 5139 2405 5182 tunc
2429 5127 2631 5199 quidem
2657 5124 2794 5180 solus
2815 5138 2832 5189 ,°
2851 5121 3062 5178 habebat
3085 5123 3217 5176 enim
3238 5141 3427 5194 secum,
3452 5143 3601 5197 quam

2018 5223 2226 5279 habebat
2240 5222 2291 5276 in
2309 5220 2591 5291 semetipso,
2614 5216 2879 5272 Rationem
2897 5231 3041 5269 suam
3062 5215 3248 5271 scilicet
3266 5216 3396 5288 (ibid
3404 5217 3443 5289 .}
3472 5217 3606 5276 Per-

2016 5333 2231 5374 suasmn
2265 5315 2441 5386 itaque
2486 5313 2595 5375 ille,
2630 5308 2765 5364 sicut
2796 5324 2955 5379 supra
2984 5307 3339 5375 ostendimus,
3375 5307 3607 5367 habebat

2018 5410 2228 5468 Patrem
2271 5418 2551 5472 aeternum,
2589 5413 2713 5459 ante
2750 5402 3006 5459 mundum
3048 5400 3345 5472 conditum,
3377 5405 3491 5462 sive
3540 5406 3609 5462 ab

2018 5516 2239 5571 aeterno,
2261 5515 2313 5559 et
2330 5501 2499 5558 solum
2515 5499 2697 5567 fuisse,
2721 5511 2768 5553 et
2793 5514 2897 5552 non
2921 5497 3111 5553 solum.
3130 5496 3287 5554 Solus
3308 5500 3448 5555 enim
3468 5510 3606 5569 erat,

2017 5605 2136 5675 quia
2167 5599 2299 5657 nihil
2338 5595 2568 5653 habebat
2593 5603 2741 5651 extra
2771 5610 2829 5649 se
2854 5637 2868 5660 ,
2916 5609 3021 5649 non
3070 5592 3214 5649 solus
3247 5605 3450 5662 autem,
3481 5594 3607 5666 quia

2019 5697 2248 5753 habebat
2276 5696 2410 5748 intra
2438 5705 2496 5747 se
2517 5702 2841 5751 sermonem,
2874 5685 2963 5760 qui
2995 5684 3242 5742 distincta
3270 5685 3337 5742 ab
3364 5687 3456 5743 illo
3484 5704 3607 5760 per-

2021 5807 2171 5855 sonu,
2205 5802 2269 5844 ac
2295 5784 2461 5840 Filius
2487 5781 2605 5855 ejus
2635 5780 2991 5838 est.\iidlmus
3022 5780 3240 5852 insuper
3267 5780 3610 5838 observatum

2025 5882 2093 5941 ab
2121 5879 2309 5939 eodem
2343 5872 2675 5932 Tertulliano
2714 5870 2875 5929 fuisse
2907 5887 3140 5945 gitecum
3184 5888 3378 5932 nomen
3421 5874 3548 5948 λὴον
3587 5892 3617 5931 a
