4092 6352
482 355 588 414 847

1559 348 1625 405 ΙΝ
1652 345 2117 406 TERTULLIANI
2151 344 2687 405 APOLOGETICUM

3671 342 3780 401 8&8

486 469 696 527 Latinis
733 468 996 526 rationem
1042 435 1239 539 potius,
1270 478 1431 538 quam
1476 478 1783 523 sermonem
1837 464 2087 522 debuisse
2112 465 2167 526 Α
2189 478 2382 523 sonum
2421 474 2478 522 et
2503 480 2690 523 vocem
2717 464 2740 521 ?
2775 463 2884 521 Sed
2914 463 3172 537 numquid
3196 462 3555 519 Tertullianus
3579 477 3648 519 eo
3688 462 3790 519 de-

491 563 792 636 appellari:
827 561 960 631 Quia
1008 577 1112 617 non
1148 560 1474 629 sermonalis,
1518 559 1712 631 inquit,
1744 576 1777 614 a
1811 558 2082 631 principio,

489 658 581 713 sed
600 655 867 711 rationalis
893 655 1043 710 etiam
1072 651 1216 709 Deus
1242 662 1360 708 ante
1394 652 1728 726 principium,
1762 660 1809 706 et
1838 652 1958 722 quia
1978 651 2089 721 ipse

491 767 690 823 quoque
714 766 877 805 sermo
904 750 1101 804 ratione
1135 748 1436 815 consistens,
1465 750 1687 819 priorem
1713 762 1827 800 cum
1856 754 1910 798 ut
1942 759 2086 798 suam

492 846 828 901 substantiam
859 844 1090 898 ostendat
1136 840 1351 916 (ibid.).
1388 840 1592 908 Quibus
1640 854 1769 894 sane
1800 837 1975 916 verbis
2018 836 2089 891 si-

493 937 716 1008 gnificat
739 951 935 992 nomen
977 934 1128 999 illud,
1160 938 1309 1006 is)“,
1344 932 1468 989 ideo
1520 932 1685 987 latine
1738 931 1930 986 melius
1984 929 2088 985 dici

492 1046 659 1103 posse
709 1030 1006 1095 rationem;
1049 1026 1172 1100 quia
1204 1027 1346 1083 Deus
1394 1026 1554 1081 Pater
1602 1024 1670 1078 ab
1718 1033 1924 1079 aeterno
1978 1036 2087 1076 non

495 1122 821 1188 sermonalis,
852 1121 954 1177 hoc
974 1129 1079 1185 est,
1101 1121 1418 1176 Sermonem
1450 1128 1599 1173 extra
1628 1131 1686 1172 se
1711 1132 1816 1171 non
1859 1114 2093 1186 protule-

493 1215 1013 1283 rat.Verumtamcn,
1042 1216 1167 1285 quia
1198 1223 1386 1269 natura
1414 1228 1509 1267 sua
1536 1212 1655 1283 ipse
1686 1210 1962 1266 rationalis
1988 1216 2090 1275 est,

496 1308 785 1366 Rationem
813 1308 882 1363 ab
898 1318 1101 1365 aeterno
1123 1308 1260 1362 intra
1289 1320 1348 1362 se
1371 1305 1575 1371 habuit,
1606 1320 1724 1375 quae
1746 1301 1985 1374 ejusdem
2013 1309 2096 1357 est

498 1416 622 1457 cum
650 1401 743 1457 illo
785 1399 1141 1464 substantiae,
1172 1398 1267 1456 sed
1311 1397 1548 1454 secunda
1594 1407 1651 1453 et
1687 1392 1936 1453 distincta
1969 1410 2091 1467 per-

495 1509 630 1573 sona
652 1513 666 1562 ;
689 1494 900 1566 quando
920 1492 1137 1565 quidem
1162 1492 1326 1549 Pater
1355 1491 1471 1564 ejus
1499 1492 1567 1547 ab
1590 1500 1794 1547 :eterno
1816 1488 1965 1545 solus
1989 1502 2094 1543 non

500 1599 638 1648 erat.

495 1728 504 1747 ,
571 1688 642 1738 At
664 1682 804 1739 hunc
830 1682 1044 1753 quidem
1071 1697 1263 1738 verum
1289 1696 1409 1736 esse
1435 1679 1748 1736 Tertulliani
1794 1693 2013 1734 sensum
2045 1687 2100 1733 et

496 1785 734 1833 mentem
775 1775 900 1832 inde
941 1774 1221 1830 evidenter
1268 1772 1551 1828 coniicitur
1576 1771 1717 1843 quod
1765 1772 1835 1827 ibi
1866 1770 2101 1841 disputet

2188 563 2430 631 mentite,
2463 560 2786 633 inquiemus,
2810 560 2977 626 venit,
3011 569 3071 615 ut
3095 557 3463 629 imperfectam
3492 556 3786 628 aliquando

2188 656 2272 712 vel
2298 665 2501 711 tantum
2535 656 2839 713 inchoatam
2885 655 3146 727 putaverit
3187 653 3304 711 Filii
3338 652 3431 709 Dei
3473 652 3793 725 generatio-

2192 765 2341 817 nem,
2364 765 2427 805 ac
2444 758 2628 820 postea
2660 748 2956 819 sumpsisse
2982 748 3217 820 speciem
3243 757 3298 803 et
3318 759 3591 813 ornatum,
3624 755 3789 818 atque

2197 841 2268 896 ita
2326 841 2618 912 perfectam
2658 853 2713 897 et
2768 849 3194 896 consummatam
3249 827 3519 909 (ibit)?
3570 836 3685 893 Non
3723 850 3797 892 eo

2203 934 2365 1006 igitur
2394 950 2556 991 sensu
2573 950 2691 990 eam
2718 933 3083 1005 imperfectam
3108 931 3413 1004 appellavit.
3439 931 3533 987 sed
3549 945 3657 1002 quo
3679 931 3800 1001 ipse

2196 1020 2361 1084 modo
2386 1028 2581 1085 ibidem
2607 1029 2880 1103 explicat;
2931 1028 3055 1101 quia
3079 1030 3180 1084 etsi
3207 1027 3278 1082 ab
3320 1036 3524 1084 :eterno
3550 1024 3791 1098 perfecta

2204 1121 2405 1189 fuerit,
2434 1123 2571 1178 intra
2609 1121 2702 1178 Dei
2736 1130 2914 1177 tamen
2961 1122 3136 1177 sinum
3160 1120 3392 1189 latebat,
3422 1121 3659 1190 nullique
3691 1117 3803 1175 nisi

2196 1213 2413 1287 ipsimet
2438 1215 2539 1271 soli
2580 1215 2688 1271 Deo
2716 1223 2834 1272 erat
2876 1215 3106 1287 cognita.
3132 1216 3237 1270 .Ast
3262 1213 3349 1269 ubi
3376 1211 3635 1269 mundum
3658 1226 3799 1269 con-

2196 1307 2374 1364 dendo
2402 1352 2418 1377 ,
2453 1308 2595 1365 hunc
2618 1307 2936 1366 Sermonem
2969 1325 3122 1365 suum
3165 1319 3315 1365 extra
3346 1324 3404 1364 se
3434 1308 3691 1380 protulit,
3733 1320 3805 1364 ac

2197 1403 2360 1458 veluti
2388 1418 2453 1458 ea:
2487 1402 2656 1458 cordis
2684 1403 2764 1458 sui
2795 1402 2945 1459 uulua
2966 1414 3014 1458 et
3053 1403 3261 1459 matrice
3280 1444 3297 1472 ,
3330 1404 3405 1458 uti
3430 1402 3579 1474 loqui
3606 1411 3797 1469 amat,

2200 1508 2341 1555 extra
2366 1514 2420 1554 se
2436 1499 2618 1563 emisit,
2652 1507 2777 1554 tunc
2801 1498 2888 1554 ille
2912 1507 3145 1555 aeternus
3162 1513 3327 1552 sermo
3354 1496 3569 1564 sumpsit
3614 1510 3798 1551 sonum

2124 1628 2129 1637 ι
2200 1602 2248 1647 et
2268 1607 2477 1663 vocem,
2533 1601 2696 1663 atque
2727 1590 2931 1648 idcirco
2960 1591 3292 1647 exteriorem
3350 1599 3590 1645 ornatum
3617 1598 3663 1643 et
3686 1604 3805 1658 spe-

2200 1686 2344 1741 ciem.
2379 1684 2530 1741 Tunc
2553 1685 2696 1741 enim
2727 1700 2756 1739 a
2782 1685 3044 1741 creaturis
3070 1685 3282 1741 ratione
3313 1682 3552 1754 praeditis
3580 1681 3793 1753 agnitus

2203 1777 2321 1834 fuit.
2352 1777 2558 1833 Nomen
2589 1778 2787 1849 quippe
2811 1778 3000 1847 species
3029 1777 3168 1848 apud
3187 1776 3357 1832 bonos
3378 1784 3628 1831 auctores
3653 1771 3793 1829 idem

495 1867 757 1926 adversus
789 1869 1051 1926 Praxeam
1072 1912 1088 1935 ,
1116 1870 1205 1939 qui
1237 1867 1431 1923 Filium
1468 1881 1773 1923 sermonem
1818 1866 1908 1921 Dei
1940 1881 2093 1920 eum—
2126 1872 2174 1933 B
2201 1871 2542 1943 signiﬁcatac
2566 1872 2642 1926 rei
2667 1870 2892 1940 alicujus
2918 1868 3322 1926 demonstratio.
3345 1867 3413 1923 Et
3435 1882 3563 1923 vero
3587 1864 3802 1936 species,

497 1959 623 2019 dem
648 1961 869 2018 omnino
887 1977 949 2018 ac
974 1961 1209 2027 Patrem,
1229 1971 1282 2016 et
1310 1961 1377 2015 ab
1402 1958 1818 2031 illojdistinctum
1841 1973 1949 2012 non
1970 1971 2092 2013 esse

496 2058 792 2116 ell'utiebat.
821 2059 959 2129 Quid
997 2068 1198 2125 autem,
1223 2058 1448 2113 obsecro
1472 2098 1486 2122 ,
1512 2064 1697 2111 contra
1727 2054 1853 2111 enni
1879 2068 2095 2125 promo-

490 2151 696 2218 visset,
750 2154 795 2207 si
842 2152 1099 2208 fateretur
1127 2151 1221 2208 Dei
1273 2149 1466 2219 Filium
1509 2164 1574 2205 ac
1603 2148 1918 2205 Sermonem
1971 2156 2096 2204 ante

495 2243 686 2300 mundi
714 2244 993 2300 exordium
1017 2258 1124 2301 non
1146 2242 1472 2309 substitisse,
1494 2257 1594 2298 nec
1613 2240 1782 2298 fuisse
1809 2256 2092 2312 personam

494 2355 527 2395 a
554 2339 712 2396 Patre
739 2339 1066 2396 distinctam.
1084 2338 1355 2408 Praecipua
1375 2339 1552 2408 itaque
1579 2350 1785 2392 caussa:
1811 2349 1923 2391 sua:
1951 2343 2099 2405 parte

490 2442 687 2503 sponte
713 2430 956 2487 cadendo
983 2472 998 2496 ,
1052 2429 1292 2501 jugulum
1336 2428 1666 2483 adversario
1718 2426 1978 2483 dedisset.
2029 2427 2099 2481 At

496 2506 706 2579 tantuin
732 2523 886 2579 abest
923 2533 978 2577 ut
1003 2522 1053 2577 id
1100 2520 1379 2587 concedat,
1407 2512 1535 2591 quin
1558 2520 1738 2591 potius
1765 2518 2095 2575 constantis-

503 2618 643 2672 sime
670 2625 880 2673 asserat
896 2617 1211 2672 Sermonem
1236 2614 1329 2669 Dei
1351 2624 1475 2669 ante
1499 2611 1681 2668 mundi
1702 2612 2028 2668 creationem
2049 2620 2104 2667 et

498 2708 568 2765 ab
591 2718 797 2765 aeterno
840 2725 869 2763 a
900 2708 1063 2764 Patre
1104 2722 1227 2765 esse
1255 2707 1594 2773 distinctum,
1624 2716 1785 2777 atque
1811 2705 1878 2763 ab
1924 2720 1989 2763 eo
2014 2718 2100 2760 se-

498 2801 757 2858 cundum.

570 2893 679 2951 Sed
724 2892 854 2949 nibil
880 2892 1105 2949 remittit
1130 2892 1380 2949 Petavius
1400 2900 1665 2963 urgetque
1716 2890 2104 2947 Tertullianum

500 2994 688 3057 aperte
727 2984 972 3041 docuisse
1008 2995 1133 3041 tunc
1170 2986 1463 3057 perlectam
1490 2983 1656 3041 fuisse
1695 2983 1815 3040 Filii
1845 2985 1940 3040 Dei
1963 2985 2100 3041 nati-

508 3080 753 3144 vitatem,
783 3092 907 3132 cum
936 3076 1078 3133 Deus
1109 3092 1172 3132 ex
1206 3076 1376 3132 nihilo
1419 3075 1624 3132 creavit
1673 3077 1873 3131 omnia.
1930 3077 2104 3132 Antea

507 3171 670 3244 igitur
708 3188 809 3228 nec
837 3180 987 3228 ortus
1007 3215 1022 3239 ,
1079 3187 1177 3228 nec
1196 3187 1425 3244 persona
1451 3213 1467 3237 ,
1496 3185 1597 3228 nec
1625 3171 1924 3227 substantia
1951 3181 2067 3227 erat
2093 3188 2106 3226 :

2194 1961 2368 2035 inquit
2393 1962 2618 2031 Nonius,
2652 1962 2714 2016 ab
2748 1962 2989 2033 adspectu
3017 1961 3222 2017 dicitur.
3276 1959 3597 2031 Cum-igitur
3617 1956 3807 2015 Sermo

2203 2055 2317 2122 Dei,
2345 2056 2459 2111 sive
2487 2064 2720 2111 a‘ternus
2760 2054 2854 2110 Dei
2879 2054 3053 2110 Patris
3079 2053 3267 2120 Filius,
3298 2061 3447 2109 extra
3480 2052 3627 2107 illum
3661 2050 3802 2120 prin-

2199 2149 2342 2220 cipio
2386 2149 2569 2205 mundi
2600 2149 2832 2204 emissus
2855 2158 2937 2204 est
2967 2188 2984 2214 ,
3033 2157 3141 2203 tum
3190 2150 3425 2223 speciem
3471 2153 3527 2201 et
3552 2140 3801 2200 ornatum

2201 2244 2316 2299 sive
2346 2258 2538 2299 sonum
2579 2251 2633 2298 et
2682 2257 2870 2297 vocem
2898 2242 3093 2311 accipit
3120 2282 3137 2307 ,
3180 2249 3236 2295 et
3268 2238 3501 2311 perfecta
3556 2237 3658 2294 fuit
3683 2236 3801 2306 ejus

2207 2337 2478 2403 nativitas,
2503 2351 2612 2392 non
2638 2336 2858 2408 quidem
2883 2334 3059 2407 quoad
3082 2350 3162 2403 se,
3195 2334 3289 2391 sed
3308 2333 3484 2406 quoad
3511 2340 3804 2400 creaturas,

2203 2445 2331 2501 qua:
2350 2445 2468 2485 eam
2491 2437 2842 2500 agnoverunt.

2279 2520 2393 2576 Non
2445 2518 2680 2590 amplius
2736 2533 2866 2592 ergo
2896 2519 2931 2573 ii
2980 2518 3230 2575 audiendi
3286 2526 3453 2585 sunt,
3484 2517 3576 2589 qui
3619 2529 3806 2572 rursus

2210 2614 2471 2686 objicient
2507 2613 2706 2669 dictum
2755 2614 2823 2668 ab
2864 2612 3054 2670 eodem
3109 2612 3439 2669 Tertulliano
3471 2629 3486 2667 :
3523 2609 3663 2668 Deus
3709 2620 3811 2666 non

2207 2706 2521 2762 sermonalis
2580 2724 2611 2760 a
2664 2705 2914 2777 principio
2979 2703 3145 2777 (ibid.
3184 2721 3303 2776 cap.
3359 2704 3456 2778 5).
3503 2703 3634 2760 Nam
3686 2719 3817 2760 con-

2206 2801 2449 2858 tinenter
2486 2799 2691 2855 addidit
2724 2816 2738 2854 :
2772 2799 2861 2855 sed
2888 2798 3157 2854 rationalis
3181 2797 3322 2853 Deus
3354 2799 3509 2852 etiam
3534 2807 3652 2852 ante
3673 2799 3815 2868 prin-

2208 2898 2398 2965 cipium
2426 2937 2440 2961 ,
2483 2903 2531 2949 et
2555 2896 2673 2966 quia
2702 2895 2814 2964 ipse
2854 2910 3051 2969 quoque
3079 2892 3261 2949 Sermo
3287 2893 3483 2946 ratione
3500 2892 3777 2947 consistens
3799 2934 3817 2961 ,

2210 2991 2432 3062 priorem
2457 3004 2570 3063 eam
2591 2986 2869 3041 Rationem
2895 2995 2948 3041 ut
2968 2976 3299 3041 substantiam
3315 3002 3459 3040 suam
3483 2984 3731 3039 ostendat.
3761 2982 3821 3040 Si

2217 3093 2399 3139 autem
2426 3082 2567 3137 Deus
2613 3079 2892 3135 rationalis
2921 3077 3021 3134 fuit
3043 3088 3168 3134 ante
3208 3077 3562 3148 principium,
3612 3077 3724 3133 sive
3751 3076 3818 3132 ab

2212 3186 2440 3242 aeterno,
2473 3174 2564 3229 ille
2592 3174 2753 3229 etiam
2782 3172 2850 3228 ab
2875 3182 3081 3228 aeterno
3109 3172 3327 3242 protulit
3349 3171 3655 3237 Rationem,
3678 3186 3817 3242 quae,

505 3280 571 3323 ac
596 3256 818 3338 proinde
848 3281 949 3323 nec
997 3267 1089 3323 Dei
1122 3267 1292 3322 Filius
1345 3266 1554 3339 (Petau.
1603 3277 1725 3322 tom.
1752 3265 1820 3321 ll.
1852 3265 2096 3338 Theolog.
2125 3273 2173 3337 ο
2209 3278 2266 3326 ut
2287 3268 2483 3341 smpius
2506 3266 2729 3332 dictum,
2753 3265 2947 3322 Sermo
2975 3276 3028 3322 et
3053 3265 3223 3321 Filius
3248 3264 3366 3335 ejus
3391 3275 3473 3321 est
3496 3263 3641 3339 (ibid.
3669 3280 3715 3318 c.
3739 3261 3816 3337 8).

509 3358 736 3431 dogmat.
779 3359 868 3414 lib.
900 3357 939 3414 1.
966 3375 1014 3415 c.
1046 3359 1100 3415 5.
1127 3377 1179 3430 p.
1208 3359 1326 3427 95).
1362 3358 1493 3414 Nam
1517 3373 1578 3415 ea
1605 3367 1731 3415 sunt
1756 3358 1872 3414 loco
1898 3360 2063 3415 citato
2089 3401 2105 3427 ,

510 3468 632 3525 quae
672 3454 782 3525 jam
826 3453 1105 3510 retulimus
1136 3495 1149 3517 ,
1204 3454 1347 3509 illius
1397 3453 1558 3509 verba
1584 3453 1834 3527 (Tertull.
1863 3453 1957 3509 lib.
1982 3454 2106 3510 adv.

510 3549 730 3613 Praxe.,
782 3564 900 3620 cap.
954 3547 1033 3620 7)
1073 3564 1088 3603 :
1123 3546 1247 3603 Ha'c
1294 3557 1368 3602 cst
1412 3548 1651 3602 natiuitas
1701 3550 1925 3619 perfecta
1981 3547 2106 3603 Ser-

515 3641 682 3706 monis
725 3640 845 3697 dum
892 3657 956 3696 ea:
986 3632 1109 3695 Deo
1133 3640 1359 3711 procedit
1384 3682 1398 3702 ,
1453 3639 1685 3694 conditus
1709 3639 1772 3693 ab
1797 3656 1854 3693 eo
1894 3641 2114 3710 primunt

516 3733 586 3788 ad
633 3734 908 3806 cogitatum
938 3735 992 3786 in
1042 3735 1244 3788 nomine
1298 3732 1510 3801 Sophia:
1536 3749 1555 3787 :
1599 3731 1850 3787 Dominus
1887 3733 2115 3787 condidit

519 3843 603 3882 me
629 3827 831 3881 initium
859 3827 1055 3881 uiarum
1072 3841 1302 3881 suarum.
1327 3823 1525 3879 Dehinc
1549 3835 1817 3895 generatus
1846 3824 1915 3879 ad
1960 3823 2114 3891 e/Tec-

521 3929 628 3972 tum
661 3934 679 3972 :
707 3917 835 3973 Cum
855 3928 1055 3987 pararet
1080 3914 1294 3988 cadam,
1315 3916 1521 3969 aderam
1550 3914 1629 3969 illi
1661 3914 1948 3988 (Proverb.
1986 3915 2116 3980 VIII,

528 4010 624 4077 ’22,
664 4009 780 4081 27).
827 4010 967 4081 Ergo
1007 4009 1127 4065 Filii
1172 4008 1265 4064 Dei
1314 4009 1568 4062 nativitas
1600 4016 1724 4063 tunc
1747 4017 1948 4063 tantum
1980 4051 1995 4077 ,
2034 4008 2119 4062 in-

523 4104 641 4174 quit
672 4104 947 4167 Petavius,
981 4100 1216 4172 perfecta
1245 4117 1272 4153 a
1305 4100 1635 4156 Tertulliano
1656 4100 1878 4166 dicitur,
1907 4101 2122 4172 quando

524 4192 670 4251 Deus
697 4210 792 4266 per
818 4195 992 4266 ipsum
1017 4237 1032 4261 ,
1068 4194 1155 4264 qui
1200 4192 1389 4249 Sermo
1410 4194 1526 4263 ejus
1571 4204 1673 4259 est,
1702 4202 1756 4249 et
1784 4195 2039 4249 mundum
2069 4205 2124 4251 et

527 4286 708 4343 nuntia
736 4287 957 4342 crearit.

602 4379 799 4435 Verum
843 4378 1184 4434 doctissimus
1233 4377 1324 4434 ille
1368 4377 1450 4431 vir
1478 4374 1906 4435 animadvertere
1956 4380 2125 4451 potuit

531 4474 797 4546 duplicem
844 4474 916 4530 ab
969 4476 1204 4528 Auctore
1250 4481 1435 4526 nostro
1496 4473 1749 4545 distingui
1801 4474 1893 4530 Dei
1957 4475 2127 4530 Patris

532 4580 861 4624 sermonem.
892 4564 1107 4621 Primus
1159 4578 1389 4633 namque
1432 4564 1528 4633 ipsi
1577 4576 1659 4621 est
1706 4566 1945 4631 intimus,
1968 4583 2126 4638 quem

535 4663 697 4737 grarci
752 4667 1011 4719 ἐνδιάθετον
1072 4678 1083 4714 :

536 4771 699 4827 quem
769 4766 1049 4827 προρορυιδν
1095 4756 1370 4825 appellant
1446 4751 1793 4825 (Tertullian.
1843 4756 1939 4810 Ioc.
1977 4756 2060 4817 cit.
2088 4758 2130 4826 ).

538 4848 682 4903 Deus
711 4857 888 4904 autem
920 4848 1082 4902 Pater
1113 4850 1293 4916 priore
1346 4846 1434 4902 illo
1480 4847 1668 4901 intimo
1720 4845 2003 4911 Sermone,
2056 4849 2129 4904 ait

539 4941 922 5005 Tertullianus,
950 4941 1130 4994 omnia
1150 4955 1338 4995 creare
1364 4981 1378 5005 ,
1414 4947 1466 4993 et
1496 4953 1621 4993 suas
1650 4940 1796 4994 edcrc
1815 4940 1866 4993 in
1894 4941 2132 4996 substan-

543 5034 640 5088 tias
667 5043 712 5087 et
739 5034 948 5104 species,
982 5036 1117 5087 intra
1147 5045 1206 5087 se
1235 5030 1409 5103 ipsum
1450 5029 1789 5100 disposuerat
1827 5046 1890 5086 ac
1926 5033 2131 5103 cogita-

541 5138 715 5183 verat.
737 5125 873 5181 Tum
912 5124 1106 5181 deinde
1142 5123 1457 5181 Sermonem
1488 5124 1629 5177 hunc
1667 5139 1820 5177 suum
1846 5135 1997 5179 extra
2041 5141 2131 5193 se,

545 5226 601 5275 et
626 5218 861 5274 exterius
887 5215 1185 5272 omittendo
1215 5215 1462 5271 universa
1493 5213 1713 5269 creavit.
1744 5215 1901 5286 Atqui
1922 5216 2032 5288 jam
2054 5218 2134 5271 vi-

543 5310 721 5367 dimus
743 5326 771 5365 a
803 5308 1136 5365 Tertulliano
1161 5307 1326 5363 asseri
1345 5350 1361 5376 ,
1393 5309 1560 5378 repeti
1585 5348 1602 5374 ,
1629 5318 1683 5363 et
1707 5309 1960 5364 inculcari
1983 5309 2132 5366 illum

543 5405 852 5462 interiorem
895 5416 1202 5459 sermonem
1245 5400 1313 5455 ab
1339 5399 1483 5455 omni
1513 5400 1814 5456 arteruitate
1840 5402 2074 5473 genitum
2103 5418 2132 5456 a

543 5499 703 5555 Patre
732 5512 861 5563 suo,
908 5495 997 5567 qui
1026 5494 1227 5550 idcirco
1253 5493 1320 5548 ab
1350 5508 1416 5548 co
1443 5492 1607 5563 gradu
1633 5502 1685 5549 et
1722 5492 1911 5550 ordine
1936 5494 2131 5550 distin-

539 5600 659 5648 ctus
678 5633 693 5658 ,
726 5587 959 5645 secunda
983 5595 1067 5643 est
1091 5584 1445 5641 sanctissima:
1479 5583 1755 5641 Trinitatis
1783 5600 2027 5657 persona.

544 5679 552 5687 ’
609 5682 722 5740 Cur
771 5697 929 5753 ergo,
975 5679 1215 5751 inquies,
1268 5688 1374 5732 tam
1428 5686 1610 5748 aperte
1653 5678 1891 5734 declarat
1930 5695 2035 5735 non
2064 5680 2133 5737 ab

533 5785 759 5843 aeterno,
788 5774 883 5831 sed
913 5772 1097 5829 mundi
1122 5770 1274 5826 initio
1311 5770 1606 5845 perfectam
1652 5769 1818 5828 fuisse
1849 5773 1965 5843 ejus
1995 5761 2132 5830 nati-

532 5874 776 5936 vitatem,
808 5876 861 5923 ct
891 5875 1017 5923 tunc
1043 5878 1193 5922 suam
1225 5863 1499 5933 accepisse
1527 5864 1761 5935 Speciem
1788 5905 1806 5934 ,
1838 5875 2084 5924 ornatum
2112 5909 2129 5937 ,

2212 3361 2349 3417 Tum
2419 3358 2615 3415 deinde
2648 3401 2663 3425 ,
2723 3359 2806 3412 hic
2855 3350 3072 3423 sermo,
3127 3357 3333 3429 inquit,
3367 3357 3550 3427 spiritu
3602 3366 3822 3413 structus

2214 3466 2313 3520 est,
2344 3464 2411 3521 et,
2441 3464 2494 3510 ut
2520 3455 2592 3509 ita
2621 3454 2856 3521 dixerim,
2884 3451 3147 3509 Sermonis
3176 3469 3359 3523 corpus
3384 3493 3399 3518 ,
3444 3450 3495 3507 id
3523 3460 3605 3508 est
3627 3492 3644 3518 ,
3693 3451 3823 3505 sub-

2223 3549 2437 3615 stantia,
2472 3557 2543 3603 est
2589 3548 2823 3617 spiritus.
2873 3546 3096 3602 Fatetur
3123 3555 3300 3619 autem
3328 3556 3617 3617 utrumque
3647 3586 3663 3613 ,
3704 3544 3806 3600 etsi

2219 3658 2384 3697 unum
2435 3641 2686 3712 idemque
2729 3642 2857 3704 sint,
2918 3655 3074 3711 posse
3116 3640 3294 3712 aliquo
3359 3640 3518 3695 modo
3558 3638 3812 3710 distingui

2220 3734 2398 3805 (Ibid.
2443 3750 2557 3804 cap.
2608 3731 2703 3805 26)
2740 3750 2753 3787 :
2789 3732 2930 3787 Nam
2958 3733 3186 3805 spiritus,
3212 3732 3415 3794 aitille.
3441 3731 3725 3787 substantia
3750 3726 3831 3786 est

2219 3827 2490 3892 sermonis,
2524 3835 2572 3879 et
2601 3841 2765 3880 sernto
2786 3828 3014 3897 operatio
3037 3825 3267 3896 spiritus,
3295 3836 3341 3879 et
3369 3824 3470 3879 duo
3498 3841 3654 3879 unum
3674 3830 3814 3877 sunt.

2222 3917 2319 3974 ilic
2338 3928 2516 3974 autem
2538 3920 2733 3974 Sermo
2781 3917 2875 3972 Dei
2921 3917 3128 3984 Patris,
3169 3916 3283 3972 sive
3323 3917 3435 3986 ipsa
3466 3916 3583 3985 ejus
3608 3915 3825 3986 spiritus

2222 4013 2485 4083 operatio,
2517 4012 2780 4067 creaturis
2807 4026 2912 4065 non
2939 4011 3085 4080 prius
3116 4009 3368 4073 innotuit,
3400 4023 3558 4079 quam
3590 4005 3821 4062 mundus

2224 4102 2569 4160 conderetur.
2623 4105 2690 4157 At
2734 4100 2894 4173 hujus
2946 4103 3278 4173 operationis
3316 4100 3433 4155 sive
3462 4097 3824 4170 generationis

2226 4198 2349 4255 Filii
2397 4198 2495 4253 Dei
2530 4197 2765 4269 cognitio
2804 4212 2833 4251 a
2866 4196 3200 4252 Tertulliano
3239 4195 3540 4266 appellatur
3590 4191 3824 4264 perfecta

2228 4290 2512 4356 nativitas;
2544 4290 2665 4361 quia
2688 4304 2809 4361 qua:
2833 4300 2987 4345 antea
3017 4288 3115 4344 soli
3146 4289 3255 4345 Deo
3277 4274 3420 4343 Patri
3437 4287 3649 4358 cognita
3676 4291 3814 4352 erat,

2230 4395 2360 4442 tunc
2388 4386 2647 4442 creaturis
2674 4384 2882 4440 ratione
2905 4383 3139 4454 praeditis
3162 4381 3423 4453 patefacta
3455 4391 3556 4437 est.

2304 4478 2468 4535 Nobis
2507 4489 2684 4532 tamen
2715 4476 2964 4531 Petavius
2998 4485 3054 4531 et
3097 4477 3187 4531 alii
3216 4474 3391 4531 adhuc
3419 4474 3692 4543 objectant
3713 4470 3827 4525 lucc

2232 4570 2543 4627 Tertulliani
2594 4569 2661 4626 de
2711 4568 2897 4625 eadem
2951 4569 3071 4624 Filii
3124 4568 3216 4625 Dei
3281 4566 3617 4639 apparitione
3664 4562 3823 4619 verba

1143 4658 1279 4713 alter
1334 4667 1587 4715 externus
1655 4673 1709 4716 et
1777 4662 2077 4733 prolatitius
2108 4705 2122 4728 ,
2152 4676 2207 4737 D
2235 4662 2437 4738 (Petav.
2469 4673 2587 4719 tom.
2611 4661 2676 4719 li.
2709 4661 2952 4735 Theolog.
2980 4662 3204 4734 dogmat.
3237 4660 3322 4716 lib.
3358 4661 3396 4715 Ι.
3426 4674 3542 4731 cap.
3576 4660 3631 4724 5,
3658 4674 3709 4727 p.
3735 4654 3823 4722 26;

2237 4755 2450 4812 Tertull.
2482 4754 2571 4809 lib.
2613 4755 2731 4811 adv.
2778 4754 2965 4810 Praxe.
3000 4763 3128 4825 ‘cap.
3178 4753 3316 4824 12):
3369 4752 3474 4808 Sed
3512 4762 3560 4806 et
3604 4752 3656 4805 in
3685 4757 3827 4804 ante-

2236 4849 2524 4904 cedentibus
2578 4848 2813 4917 operibus
2862 4847 3041 4901 mundi
3103 4846 3354 4915 quomodo
3426 4845 3669 4915 scriptum
3716 4838 3829 4896 est!

2236 4941 2474 4999 Primum
2514 4939 2715 5010 quidem
2757 4939 2982 4994 nondum
3041 4936 3182 4992 Filio
3227 4946 3505 5009 apparente
3531 4951 3551 4990 :
3588 4934 3656 4989 Et
3703 4929 3830 4986 dixit

2246 5033 2405 5100 Deus,
2430 5029 2550 5086 Fiat
2568 5032 2678 5101 lum,
2702 5042 2747 5087 et
2765 5034 2903 5101 {acta
2923 5041 3016 5096 est,
3044 5031 3151 5100 ipse
3169 5031 3341 5084 statim
3365 5029 3545 5084 Sermo
3568 5029 3658 5082 tua:
3679 5040 3792 5080 vera
3808 5063 3827 5093 ,

2249 5144 2365 5198 qua:
2391 5127 2648 5181 illuminat
2694 5126 2950 5181 hominem
2987 5126 3260 5180 venientem
3309 5128 3361 5177 in
3392 5123 3525 5177 hunc
3550 5119 3830 5183 mundum,

2237 5231 2283 5276 et
2309 5237 2398 5290 per
2422 5218 2566 5273 illum
2618 5218 2899 5273 mundialis
2947 5234 3141 5290 quoque
3183 5217 3295 5272 lux.
3344 5215 3549 5270 Exinde
3581 5224 3749 5268 autem
3776 5209 3829 5263 in

2242 5312 2492 5368 Sermone
2522 5311 2722 5366 Christo
2748 5312 3013 5366 assistente
3038 5321 3085 5365 et
3114 5311 3503 5366 administrante
3523 5349 3541 5375 ,
3580 5307 3721 5361 Deus
3747 5318 3832 5358 tto-

2237 5406 2390 5462 luerit
2443 5407 2553 5477 fieri
2584 5448 2600 5474 ,
2651 5416 2698 5461 et
2736 5404 2877 5461 Deus
2917 5407 3054 5479 fecit.
3100 5448 3114 5461 .
3159 5446 3173 5460 .
3220 5446 3233 5459 .
3278 5446 3291 5460 .
3345 5392 3436 5476 per
3471 5420 3621 5476 quem
3664 5399 3832 5457 omnia

2238 5499 2377 5570 facta
2400 5509 2531 5555 sunt.
2562 5498 2692 5554 inde
2717 5507 2897 5555 autem
2925 5497 3260 5555 concludunt
3312 5498 3389 5554 ibi
3436 5494 3719 5553 manifeste
3741 5491 3835 5548 de-

2238 5592 2526 5647 monstrari
2563 5591 2757 5648 Filium
2788 5601 2843 5648 et
2868 5592 3128 5663 Spiritum
3180 5591 3470 5649 secundam
3522 5600 3578 5648 et
3623 5587 3833 5644 tertiam

2235 5682 2515 5743 Trinitatis
2564 5700 2845 5757 personam
2875 5700 2983 5742 non
3007 5685 3270 5742 fuissetex
3305 5695 3509 5741 aeterno
3535 5683 3835 5739 subsisten-

2233 5784 2356 5845 tes,
2407 5777 2502 5834 sed
2558 5778 2773 5849 quando
2820 5779 2962 5838 Deus
2988 5778 3248 5836 mundum
3276 5779 3444 5836 voluit
3491 5777 3668 5837 facere
3697 5816 3717 5844 ,
3767 5786 3838 5831 ac

2235 5872 2411 5948 reipsa
2442 5870 2587 5932 fecit.
