4092 6352
344 348 455 413 869
834 357 859 371 ⁸

1490 359 1939 420 DlSSERTATIO
1977 362 2042 420 D.
2084 363 2173 421 LE
2209 363 2517 424 NOURRY.

3541 371 3650 431 830
3669 382 3673 386 '

418 471 488 525 At
535 468 929 527 observandum
953 481 1035 530 est
1076 473 1466 532 Tertullianum
1496 477 1582 535 his
1617 478 1797 535 verbis
1826 494 1945 536 res-
1972 481 2026 542 Α
2052 481 2175 537 inde
2203 483 2362 538 etiam
2393 485 2570 556 colligi
2608 485 2781 555 possit,
2818 499 2847 541 a
2874 483 3208 543 Tertulliano
3238 486 3455 561 agnosci
3478 497 3646 545 teter-

344 563 600 637 pondisse
621 564 836 625 Praxcze
861 567 1133 637 haeretico,
1151 567 1444 626 Catholicis
1460 572 1730 642 obiicienti
1754 573 1940 640 Deum,

346 658 432 716 cui
464 658 596 714 nihil
622 659 952 731 impossibile
968 671 1071 727 est,
1102 663 1338 733 potuisse
1370 680 1431 722 se
1456 665 1705 736 ipsumet
1729 666 1942 721 Patrem

344 760 415 809 'et
444 751 640 807 Filium
671 753 832 810 simul
862 752 1056 811 facere.
1089 755 1362 814 Lnbenter
1411 768 1591 816 autem
1634 760 1723 816 ille
1750 759 1947 817 fatetur

347 847 527 903 onmia
572 847 788 918 quidem
843 864 873 903 a
922 849 1033 906 Deo
1062 866 1219 919 posse
1265 853 1381 907 lieri
1410 869 1425 915 ;
1458 852 1551 908 sed
1583 847 1699 908 non‘
1722 855 1899 908 omnia
1927 897 1941 923 ,

346 954 468 1011 quae
494 939 686 1011 potuit,
716 940 783 994 ab
811 940 904 996 illo
924 957 1047 999 esse
1076 941 1232 999 facta.
1259 944 1675 1017 Debebatigitur
1705 946 1943 1003 Praxeas

346 1032 625 1089 evidenter
646 1033 1033 1113 demonstrare
1081 1037 1293 1093 Patrem
1348 1054 1535 1095 revera
1565 1054 1625 1095 se
1655 1039 1829 1108 ipsum
1862 1039 1944 1095 fe~

347 1125 488 1181 cisse
510 1135 615 1181 tam
646 1126 858 1207 Patrem
893 1144 1050 1198 quam
1076 1129 1304 1197 Filium,
1358 1133 1472 1187 sive
1505 1147 1610 1188 non
1638 1130 1799 1187 alium
1825 1147 1946 1190 esse

347 1218 542 1275 Filium
568 1261 583 1286 ,
612 1237 769 1292 quam
800 1222 973 1294 ipsum
1004 1224 1240 1281 Patrem.
1272 1226 1469 1283 Contra
1499 1244 1627 1284 vero
1647 1228 1937 1284 Tertullia-

338 1326 449 1369 ‘nns
470 1329 534 1370 eo
564 1317 806 1372 securius
843 1317 1078 1376 affirmat
1098 1320 1158 1395 id
1186 1337 1214 1374 a
1256 1321 1459 1378 Praxea
1497 1338 1602 1379 non
1629 1338 1790 1396 posse
1835 1339 1938 1378 un-
1966 1374 1975 1380 .

346 1423 504 1477 quant
536 1408 769 1477 probari,
804 1425 912 1482 quo
943 1409 1154 1469 facilius
1183 1414 1330 1469 varia
1359 1417 1603 1487 congerit
1649 1417 1944 1488 Scriptura:

348 1502 677 1568 testimonia,
699 1503 913 1574 quibus,
943 1505 1133 1577 inquit,
1163 1507 1302 1579 apud
1333 1524 1430 1564 nos
1460 1511 1695 1566 distincte
1723 1509 1945 1571 Pateret

347 1592 519 1651 Filius
562 1596 1012 1665 demonstrantur,
1070 1602 1323 1671 distincte,
1377 1604 1604 1675 inquam,
1641 1623 1741 1660 non
1780 1606 1936 1662 divise

348 1686 508 1761 (ibid.
559 1706 675 1758 cap.
708 1691 849 1762 2t);
898 1694 1327 1766 quandoquidem
1362 1684 1551 1753 Filius
1613 1698 1748 1765 Dei,
1805 1700 1943 1756 sicut

346 1779 504 1835 toties
561 1780 791 1837 diximus
825 1825 839 1849 ,
896 1800 927 1839 a
976 1785 1135 1843 Patre
1209 1788 1483 1859 prodivit,
1526 1799 1686 1863 atque
1742 1791 1942 1848 idcirco

2047 590 2174 630 num
2202 575 2357 644 locis,
2389 577 2503 634 sive
2532 577 2622 633 ﬁlii
2652 580 2744 635 Dei
2770 579 3111 651 Splendorem
3142 592 3509 652 aeternamque
3544 596 3641 653 ge-

2048 669 2380 729 nerationem
2415 669 2483 725 ab
2538 671 2654 741 ipso
2698 679 2807 727 tam
2845 680 3191 742 constanter,
3243 673 3323 729 uti
3371 671 3640 740 vidimus,

2047 774 2308 820 assertam
2338 780 2403 822 ac
2422 776 2828 838 propugnatam.

2677 896 2968 939 ABTICULUS
3005 898 3082 938 IX.

2049 995 2279 1050 Solvitur
2311 996 2456 1051 aliud
2499 1006 2891 1070 argumentum,
2919 996 3038 1053 inde
3062 997 3273 1069 petitum
3293 1037 3309 1063 ,
3361 995 3500 1068 quod
3522 996 3650 1052 Ter-

2120 1090 2367 1144 tullianus
2396 1090 2586 1146 dixisse
2611 1091 2808 1146 videtur
2836 1092 2994 1163 fuisse
3032 1102 3263 1162 tempus,
3320 1106 3421 1163 quo
3475 1089 3647 1148 Filius

2119 1183 2219 1239 Dei
2246 1201 2348 1239 non
2365 1195 2487 1239 erat.

2120 1320 2236 1376 Alia
2304 1320 2557 1375 Petavius
2611 1321 3110 1392 argumentatione,
3178 1335 3247 1377 ex
3321 1319 3637 1380 Tertulliani

2048 1421 2238 1469 contra
2266 1412 2658 1483 Hermogenem
2692 1414 2829 1469 libro
2857 1413 3100 1470 'deducta
3127 1455 3141 1481 ,
3198 1411 3413 1485 probari
3466 1414 3645 1479 adhuc

2049 1524 2209 1580 posse
2238 1509 2488 1578 opinatur
2521 1509 2593 1564 illi
2650 1509 3038 1580 incompertam
3068 1512 3281 1581 penitus
3329 1512 3495 1572 fuisse
3527 1516 3649 1572 Filii

2050 1603 2142 1658 Dei
2173 1604 2549 1657 aeternitatem.
2605 1603 2890 1658 Africanus
2919 1603 3183 1674 siquidem
3227 1607 3430 1662 Auctor
3460 1616 3648 1665 noster

2048 1696 2420 1759 disertissime,
2471 1694 2548 1750 uti
2576 1695 2793 1750 Petavio
2820 1696 3057 1762 videtur,
3081 1698 3396 1767 pronuntiat
3427 1712 3641 1772 tempus

1992 1850 2001 1855 Α
2046 1788 2233 1856 fuisse,
2255 1805 2363 1860 quo
2380 1786 2543 1842 Filius
2572 1787 2664 1842 Dei
2696 1802 2799 1844 non
2818 1796 2954 1843 erat.
2989 1778 3396 1845 Purumlautem
3425 1801 3639 1861 putum-

344 1872 413 1926 ah
441 1888 507 1929 eo
526 1882 611 1930 est
637 1875 853 1946 quidem
881 1876 1187 1948 distinctus,
1209 1881 1302 1936 sed
1336 1898 1439 1937 non
1465 1882 1673 1940 divisus
1701 1893 1757 1940 et
1783 1900 1943 1955 sepa-
1972 1883 2020 1943 B
2050 1899 2154 1953 que
2178 1882 2304 1938 illud
2337 1882 2471 1947 Arii,
2503 1890 2558 1937 et
2583 1889 2910 1936 sectatorum
2940 1879 3061 1952 ejus
3080 1893 3448 1939 commentum
3495 1894 3648 1956 putat

344 1975 531 2032 ratus;
556 1967 678 2037 quia
706 1964 895 2025 eadem
929 1979 1013 2026 est
1043 1973 1321 2045 utriusque
1346 1976 1667 2032 substantia.
1694 1977 1827 2032 Tum
1850 1978 1945 2034 de-

346 2059 470 2116 hinc
498 2054 1053 2134 Scripturze'ejusdcm
1080 2069 1399 2126 auctoritate
1420 2072 1654 2127 ostendit
1683 2082 1793 2129 tres
1822 2088 1945 2129 esse

344 2153 621 2210 Trinitatis
669 2171 926 2225 personas
952 2158 1154 2216 unitate
1177 2160 1410 2233 simplici
1437 2177 1737 2220 connexas.
1767 2166 1837 2220 At
1858 2165 1931 2221 ibi

344 2262 407 2303 ea
436 2248 654 2319 protulit
673 2249 856 2318 verba,
891 2268 1011 2323 quae
1038 2253 1196 2312 nobis
1223 2255 1552 2327 objiciuntur
1574 2299 1590 2325 ,
1616 2274 1679 2314 ac
1706 2259 1945 2330 posthaec

344 2340 614 2396 concludit
639 2343 819 2398 omnia
862 2341 997 2400 facta
1029 2361 1150 2402 esse
1181 2364 1276 2417 per
1308 2348 1402 2404 Dei
1431 2364 1737 2405 sermonem
1765 2393 1781 2419 ,
1827 2351 1944 2408 sive

347 2450 440 2506 per
471 2435 662 2493 Filium
696 2437 787 2493 Dei
815 2479 829 2503 ,
861 2440 950 2510 qui
980 2450 1034 2495 et
1062 2440 1176 2512 ipse
1220 2442 1363 2498 Deus
1389 2454 1488 2499 est.
1523 2446 1657 2514 Quia
1688 2460 1817 2516 ergo
1850 2446 1945 2502 Dei

344 2543 527 2582 sermo
555 2537 658 2594 est,
684 2528 884 2586 idcirco
909 2530 976 2587 ab
999 2548 1067 2589 eo
1096 2533 1459 2606 distinguitur,
1490 2546 1545 2592 et
1586 2538 1725 2593 alius
1751 2537 1947 2594 dicitur

347 2637 605 2691 personae,
639 2623 830 2693 inquit,
862 2641 964 2679 non
997 2625 1291 2682 substantia:
1310 2630 1534 2693 nomine,
1559 2629 1628 2684 ad
1654 2631 1944 2686 distinctio-

348 2731 483 2777 nem,
512 2732 611 2770 non
632 2715 699 2770 ad
719 2716 1033 2774 divisionem.
1056 2718 1339 2789 Quomodo
1360 2732 1538 2780 autem
1558 2742 1662 2781 una
1693 2736 1775 2780 est
1802 2727 1947 2782 iilius

350 2816 404 2863 et
430 2807 601 2864 Patris
628 2810 926 2867 substantia
970 2828 1023 2868 et
1075 2832 1208 2870 nitus
1236 2833 1356 2873 cum
1409 2835 1474 2874 eo
1524 2820 1695 2885 Dens,
1743 2820 1845 2875 nisi
1877 2820 1947 2876 ab

349 2912 574 2970 :rterno,
608 2904 748 2961 sicut
787 2892 944 2965 Pater
969 2907 1177 2964 fuerit?
1226 2909 1359 2966 Cum
1407 2913 1565 2984 igitur
1591 2913 1723 2969 dixit
1750 2913 1945 2969 Filium

352 2997 443 3052 Dei
476 3005 600 3053 ante
622 2998 801 3053 mundi
834 2999 1113 3055 exordium
1157 3018 1262 3057 non
1286 3005 1632 3074 apparuisse,
1673 3004 1813 3060 haud
1846 3005 1947 3063 ob-

353 3103 513 3145 scure
538 3090 806 3160 signiﬁcat
858 3091 1005 3146 illum
1036 3100 1163 3149 tunc
1190 3095 1320 3150 nulli
1371 3107 1632 3153 creaturze
1659 3098 1823 3154 fuisse
1850 3114 1947 3155 co-

350 3183 574 3253 gnitmn.
605 3182 707 3240 Ubi
732 3200 879 3250 vero,
914 3187 988 3240 uti
1015 3186 1108 3243 ille
1138 3187 1334 3244 ibidem
1364 3191 1440 3245 ait
1471 3232 1485 3255 ,
1544 3192 1716 3261 primo
1745 3192 1946 3248 dictum

2046 1976 2399 2047 eruditusjille
2423 1975 2505 2029 vir
2530 1990 2560 2029 a
2580 1973 2911 2029 Tertulliano
2938 1974 3128 2040 asseri,
3158 1975 3244 2030 ubi
3270 1975 3645 2049 Hermogenis,

2046 2070 2138 2140 qui
2172 2068 2455 2125 materiam
2505 2068 2615 2123 Deo
2665 2075 2990 2122 coaeternam
3018 2082 3139 2122 esse
3174 2068 3464 2139 garriebat,
3492 2085 3651 2141 argu-

2048 2172 2227 2218 menta
2274 2162 2448 2217 diluit.
2487 2159 2723 2217 Materia:
2752 2160 3032 2216 enimvero
3068 2162 3426 2219 aeternitatem
3467 2162 3646 2219 haere-

2050 2257 2185 2313 ticus
2210 2254 2301 2310 ille
2328 2254 2491 2309 homo
2515 2255 2888 2309 demonstrare
2913 2269 2980 2308 eo
3011 2254 3301 2323 nitebatur,
3327 2255 3470 2327 quod
3498 2253 3643 2313 Deus

2050 2365 2318 2422 nunquam
2354 2364 2463 2404 non
2489 2348 2746 2403 Dominus
2785 2346 2964 2434 fuerit.
3006 2352 3077 2404 At
3109 2348 3401 2417 Dominus,
3428 2349 3642 2421 inquie-

2048 2445 2176 2511 bat,
2208 2457 2425 2513 semper
2472 2454 2593 2495 esse
2624 2455 2729 2495 non
2761 2441 2967 2510 potuit,
3012 2439 3112 2494 nisi
3168 2442 3407 2497 materiae
3432 2484 3448 2510 ,
3498 2442 3647 2514 cujus

2048 2552 2244 2606 semper
2261 2534 2498 2589 dominus
2527 2531 2949 2587 haberetur.'Sed
2979 2532 3080 2587 hoc
3114 2532 3465 2605 Hermogenis
3491 2549 3651 2605 argu-

2049 2638 2288 2684 mentum
2320 2625 2516 2682 refellit
2536 2623 2918 2690 Tertullianus,
2944 2634 3208 2695 negatque
3234 2625 3403 2681 Deum
3433 2641 3650 2697 semper

2048 2721 2216 2777 misse
2246 2719 2534 2774 Dominum
2564 2717 2583 2789 (
2612 2716 2828 2772 Tertull.
2854 2716 2940 2771 lib.
2972 2719 3090 2772 adv.
3118 2715 3385 2790 Hermog:
3406 2734 3520 2790 cap.
3547 2718 3643 2792 5):

2051 2815 2212 2880 Deus,
2268 2814 2431 2879 enim,
2487 2812 2561 2867 uti
2608 2812 2715 2876 ait,
2757 2812 3051 2867 substantia:
3099 2812 3262 2884 ipsius
3316 2830 3532 2879 nomen,
3589 2813 3645 2869 id

2047 2916 2120 2963 est
2148 2949 2164 2972 ,
2219 2905 2552 2969 Divinitatis;
2598 2902 2848 2959 Dominus
2914 2920 3029 2959 vero
3109 2921 3210 2959 non
3286 2906 3582 2963 substantia:
3617 2947 3637 2974 ,

2049 2998 2138 3055 sed
2168 2997 2447 3064 potestatis.
2485 2995 2746 3050 Dominus
2774 3010 2902 3066 ergo
2934 3005 3139 3050 tantum
3180 2995 3316 3064 fuit,
3356 3013 3420 3052 ex
3450 3013 3556 3069 quo
3585 3014 3651 3056 ea

2052 3107 2174 3149 esse
2197 3099 2501 3161 coeperunt,
2549 3105 2670 3160 quae
2693 3090 2835 3145 Deus
2874 3091 2926 3144 in
2970 3100 3235 3160 potestate
3267 3090 3469 3148 habuit.
3512 3093 3649 3150 Tum

2052 3184 2247 3241 deinde
2291 3184 2369 3239 sic
2411 3182 2795 3253 prosequitur:
2834 3182 2969 3249 Quia
3015 3192 3063 3237 et
3095 3194 3241 3254 pater
3280 3184 3423 3240 Deus
3458 3185 3567 3253 est,
3602 3198 3652 3242 et

352 3284 435 3331 cst
454 3318 469 3339 ,
494 3274 619 3331 Fiat
645 3277 736 3333 tua:
756 3321 771 3345 ,
803 3287 929 3335 tunc
954 3280 1133 3336 statim
1164 3282 1251 3338 lux
1282 3283 1418 3338 facta
1449 3295 1533 3340 est
1557 3328 1572 3351 ,
1625 3295 1678 3340 et
1704 3286 1952 3357 apparuit
1975 3278 2020 3341 C
2048 3278 2213 3349 iudex
2245 3275 2381 3330 De!“
2400 3284 2496 3340 επ»
2537 3290 2639 3328 ηοί
2668 3275 2782 3329 ideo
2816 3283 2984 3329 ιαηιεη
3017 3287 3162 3346 Paw"
3182 3274 3407 3347 ἒτίαάθπ
3429 3294 3650 3349 semper.

353 3368 449 3424 lux
477 3385 626 3438 vera,
658 3372 771 3427 sive
792 3373 983 3429 Sermo
1005 3374 1123 3442 Dei,
1150 3390 1257 3431 non
1289 3377 1526 3447 quidem,
1556 3379 1677 3449 quia
1704 3389 1812 3433 tum
1845 3381 1953 3450 pri-

354 3479 521 3527 mum,
554 3480 652 3521 nec
672 3476 834 3521 antea
867 3468 1075 3523 exstitit
1100 3510 1116 3536 ,
1152 3469 1243 3539 qui
1269 3470 1339 3525 ab
1366 3479 1568 3527 aeterno
1593 3472 1802 3541 genitus
1831 3472 1950 3529 fne-

353 3566 471 3624 rat;
498 3557 592 3614 sed
618 3559 740 3631 quia
770 3570 893 3615 tunc
915 3559 1223 3618 hominibus
1262 3563 1425 3633 cmpit
1451 3578 1732 3634 apparere,
1759 3565 1847 3635 qni
1871 3574 1954 3620 est

356 3651 445 3707 lux
474 3668 600 3708 vera
630 3693 646 3719 ,
687 3669 808 3724 quae
846 3654 1112 3711 illuminat
1156 3671 1371 3711 omnem
1404 3656 1690 3713 hominem
1729 3660 1951 3715 venien-

357 3754 463 3801 tem
505 3746 557 3801 in
614 3746 756 3802 hunc
813 3748 1089 3804 mundum.
1153 3751 1223 3806 At
1269 3760 1475 3806 tantum
1530 3752 1684 3808 abest
1737 3753 1955 3810 ut.h:ec

358 3839 673 3897 Tertulliani
716 3844 883 3897 nostri
927 3844 1211 3915 responsio
1242 3844 1462 3900 Petavio
1489 3845 1714 3917 aliisque
1742 3846 1951 3916 faveat,

357 3934 485 4004 quin
513 3934 692 4004 potius
749 3943 910 3990 totam
942 3935 1180 3993 funditus
1209 3946 1416 3993 evertat
1454 3953 1640 3994 eorum
1671 3954 1957 4010 argumen-

359 4028 637 4098 tationem.
903 4038 908 4043 ’
1590 4092 1595 4095 _

329 4114 335 4120 ’
433 4121 645 4179 Scimus
663 4123 876 4194 quidem
898 4123 1038 4179 illius
1062 4124 1223 4180 verba
1236 4126 1397 4181 alium
1427 4126 1477 4180 in
1507 4140 1723 4181 sensum
1746 4140 1775 4180 a
1802 4125 1958 4183 Bullo

360 4217 691 4290 detorqueri.
728 4220 801 4274 Ea
832 4220 975 4275 enim
1024 4218 1180 4276 valde
1224 4221 1451 4276 obscura
1481 4237 1601 4276 esse
1628 4222 1913 4276 confitetur
1937 4261 1955 4288 ,

362 4309 454 4364 sed
491 4326 611 4380 quae
655 4319 831 4366 tamen
872 4311 1175 4381 suspicatur
1225 4311 1291 4367 de
1330 4312 1450 4368 Filii
1502 4313 1837 4383 apparitione
1879 4314 1959 4369 sic

363 4414 484 4455 esse
512 4399 855 4467 intelligenda
892 4419 906 4455 :
939 4402 1105 4456 Filius
1127 4403 1258 4467 Dei,
1309 4404 1381 4457 ait
1408 4404 1497 4459 ille
1529 4445 1544 4470 ,
1592 4413 1856 4474 quatenus
1877 4414 1961 4461 est

364 4503 565 4549 acterna
591 4492 748 4547 Ratio
766 4502 821 4548 et
850 4494 1071 4564 Sophia,
1117 4505 1239 4550 tunc
1262 4496 1312 4550 in
1344 4496 1531 4566 primis
1569 4511 1829 4566 apparere
1874 4497 1958 4551 in-

365 4589 530 4658 cmpit
550 4631 563 4653 ,
595 4588 811 4659 quando
844 4588 984 4643 Dens
1017 4589 1345 4643 inconditam
1372 4572 1427 4645 et
1468 4589 1748 4645 confusam
1778 4605 1958 4646 rerum

2054 3376 2177 3446 quia
2206 3373 2342 3447 Deus
2378 3388 2596 3443 semper.
2640 3369 2781 3424 Nam
2810 3387 2901 3434 nec
2927 3380 3071 3441 pater
3108 3372 3273 3441 potuit
3296 3387 3405 3426 esse
3428 3380 3546 3427 ante
3581 3373 3652 3442 ﬁ-

2056 3470 2204 3531 lium,
2234 3483 2325 3521 nec
2337 3466 2504 3537 judex
2533 3476 2650 3519 ante
2675 3465 2933 3518 delictum.
2960 3461 3082 3518 Fuit
3106 3474 3274 3519 autem
3291 3473 3508 3536 tempus,
3535 3483 3655 3521 cum

2057 3572 2103 3617 et
2129 3562 2369 3616 delictum
2406 3571 2454 3614 et
2492 3560 2633 3628 ﬁlius
2688 3575 2789 3612 non
2838 3558 2937 3628 fuit
2960 3598 2976 3623 ,
3025 3558 3162 3629 quod
3196 3559 3419 3625 iudicem
3444 3600 3457 3626 ,
3494 3568 3541 3615 et
3567 3561 3657 3632 qui

2059 3664 2256 3726 patrem
2282 3653 2542 3708 dominum
2572 3652 2759 3722 faceret
2793 3667 2812 3704 :
2860 3652 2933 3705 sic
2960 3661 3005 3705 et
3035 3650 3271 3706 dominus
3300 3669 3401 3707 non
3427 3664 3546 3708 ante
3570 3671 3653 3720 ea,

2058 3764 2274 3819 quorum
2304 3746 2540 3801 dominus
2565 3746 2819 3809 existeret,
2848 3743 2937 3799 sed
2963 3744 3199 3799 dominus
3229 3754 3425 3800 tantum
3449 3751 3653 3818 futurus

2058 3842 2393 3914 quandoque,
2424 3844 2554 3895 sicut
2580 3848 2721 3908 pater
2744 3855 2831 3911 per
2859 3838 3023 3907 filium
3044 3881 3058 3906 ,
3092 3840 3222 3893 sicut
3258 3840 3426 3910 judea:
3452 3857 3542 3912 per
3569 3841 3661 3896 dc-

2068 3939 2277 4003 lictum;
2323 3938 2395 3991 ita
2418 3950 2463 3989 et
2493 3935 2730 3989 dominus
2756 3950 2844 4002 per
2868 3950 2946 3997 ea,
2970 3949 3082 4002 qua:
3106 3933 3200 3987 sibi
3225 3935 3471 3989 servitura
3510 3935 3662 4006 fecis-

2062 4043 2159 4090 set.
2192 4030 2349 4089 Unde
2378 4028 2650 4087 concludit
2696 4027 2945 4083 Petavius
2979 4043 3008 4080 a
3053 4026 3381 4083 Tertulliano
3427 4029 3571 4084 clare
3597 4044 3663 4084 ac

2061 4124 2347 4202 perspicue
2379 4120 2591 4178 deliniri
2624 4119 2792 4176 fuisse
2835 4129 3066 4204 tempus,
3099 4135 3206 4192 quo
3232 4119 3397 4177 Filius
3425 4120 3521 4177 Dei
3553 4137 3661 4178 non

2030 4208 2033 4213 ’
2062 4226 2197 4274 erat.

2135 4311 2322 4384 Neque
2348 4308 2784 4382 respondendum
2814 4316 2897 4363 est
2914 4307 3301 4363 Tertullianum
3335 4323 3441 4364 non
3460 4308 3528 4365 de
3543 4309 3663 4378 Dei,

2064 4404 2159 4461 sed
2186 4404 2428 4475 quolibet
2472 4400 2751 4457 hominum
2806 4399 2915 4454 ﬁlio
2946 4399 3111 4469 loqui.
3174 4398 3306 4454 Nam
3336 4399 3428 4456 ubi
3457 4400 3525 4456 de
3567 4402 3667 4457 Dei

2067 4497 2268 4568 Sophia
2290 4537 2305 4560 ,
2336 4496 2451 4550 sive
2477 4494 2595 4561 ipso
2624 4493 2715 4547 Dei
2746 4491 2906 4560 Filio,
2936 4491 3174 4558 disserit,
3204 4491 3277 4547 ibi
3302 4491 3370 4547 de
3401 4492 3492 4547 illo
3537 4492 3669 4548 citat

2067 4606 2122 4650 et
2148 4594 2532 4663 interpretatur
2580 4589 2695 4673 haec
2724 4586 3142 4644 Proverbiorum
3192 4585 3355 4642 verba
3389 4585 3661 4658 (Proverb.

368 4664 645 4739 materiem
670 4682 929 4753 sapientia
958 4698 1054 4737 sua
1085 4682 1393 4752 disponere,
1424 4662 1696 4747 ordinare,
1720 4693 1774 4739 et
1792 4688 1962 4739 'exor-
1988 4677 2039 4736 D
2072 4686 2203 4743 Vlll.
2238 4695 2274 4740 t.
2296 4662 2392 4739 722.
2421 4694 2467 4739 et
2493 4662 2655 4754 seqq.)
2681 4699 2698 4737 :
2728 4680 2975 4736 Dominus
3003 4680 3232 4734 condidit
3282 4695 3362 4734 me
3382 4680 3527 4734 initio
3556 4681 3668 4735 via-

331 4766 337 4771 ’
369 4792 497 4833 nare
527 4790 812 4848 aggressus
848 4786 949 4831 est.
985 4777 1054 4831 At
1091 4792 1155 4831 ex
1183 4775 1439 4844 confusa,
1485 4791 1586 4832 nec
1614 4778 1854 4833 ordinata
1879 4793 1965 4833 re-

368 4886 489 4925 rum
516 4869 788 4940 congerie,
819 4884 937 4939 quae
966 4868 1131 4925 chaos
1152 4878 1410 4937 vocatur,
1458 4869 1692 4925 nondum
1723 4872 1971 4928 eluserat

374 4965 463 5019 Dei
483 4964 754 5034 Sapientia
784 4974 838 5019 et
855 4963 1072 5035 Sophia.
1095 4964 1227 5018 Tum
1256 4979 1381 5020 vero
1403 4964 1701 5020 clarissime
1726 4964 1966 5034 emicuit,

370 5056 586 5128 quando
613 5056 700 5110 lux
727 5057 1038 5128 primigenia
1070 5097 1085 5125 ,
1156 5064 1411 5128 tanquam
1462 5057 1638 5131 imago
1676 5057 1798 5112 Filii
1831 5059 1964 5127 Dei,

374 5151 463 5221 qui
506 5161 721 5206 αξιοι-ηπ)
750 5152 883 5207 lueis
910 5150 1164 5224 splendor
1183 5161 1300 5219 est,
1330 5152 1607 5207 materiam
1638 5152 1920 5209 illustravit
1950 5195 1967 5221 ,

332 5228 337 5237 ’
377 5256 569 5312 resque
599 5232 835 5313 singulas
861 5258 956 5299 sua
987 5244 1199 5300 vestivit
1247 5244 1429 5314 Specie
1453 5286 1467 5308 ,
1526 5259 1728 5315 suoque
1753 5256 1966 5301 ornatu.

376 5332 481 5389 Sed
516 5333 638 5389 huic
698 5336 1122 5406 interpretationi
1179 5336 1308 5390 illud
1368 5351 1670 5407 repugnare
1719 5336 1968 5408 videtur,

375 5428 518 5501 quod
545 5444 651 5484 non
700 5430 875 5484 minus
901 5446 969 5485 ex
1013 5430 1271 5485 ordinatae
1300 5438 1353 5486 et
1387 5429 1627 5485 confusa:
1682 5433 1922 5488 materiei
1952 5474 1968 5501 ,

374 5537 533 5594 quam
553 5539 616 5577 ex
638 5523 771 5577 lucis
801 5523 1128 5594 primigenize
1149 5526 1422 5580 creatione
1446 5525 1644 5580 emicat
1668 5525 1766 5581 Dei
1785 5541 1967 5582 sermo

376 5615 639 5683 etFilius,
673 5631 767 5685 per
796 5631 954 5686 quem
978 5626 1032 5672 et
1053 5618 1139 5671 lux
1165 5617 1415 5688 qtnelibet
1439 5659 1453 5682 ,
1477 5628 1531 5674 ct
1569 5628 1764 5674 cratera
1792 5620 1972 5677 omnia

379 5719 559 5763 creata
580 5718 727 5765 sunt.
748 5709 803 5763 Si
821 5709 941 5779 quis
959 5719 1137 5764 tamen
1161 5718 1306 5765 recte
1330 5709 1493 5781 proba
1503 5711 1832 5767 veritveram
1851 5727 1974 5768 esse

381 5799 560 5868 hanc,
599 5816 756 5870 quam
788 5802 971 5857 Dnllus
994 5800 1184 5868 affert,
1230 5802 1518 5859 verborum
1545 5802 1858 5860 Tertulliani
1880 5820 1974 5861 ex-

382 5893 744 5966 plicationem,
769 5894 894 5953 huic
935 5911 1040 5953 non
1068 5895 1355 5954 admodum
1384 5896 1787 5972 reluctabimur,
1809 5898 1973 5959 modo

2069 4798 2184 4836 rum
2203 4795 2412 4835 suorum
2437 4776 2528 4832 :in
2566 4791 2723 4844 Opera
2750 4791 2846 4828 sua
2880 4780 2998 4828 ante
3034 4773 3223 4827 swcula
3247 4771 3481 4843 fundavit
3516 4788 3667 4831 me...

2072 4872 2228 4928 Prior
2266 4880 2435 4926 autem
2457 4870 2641 4941 abysso
2694 4869 2864 4940 genita
2907 4883 3040 4921 sum.
3088 4862 3179 4921 Sic
3201 4874 3381 4920 autem
3416 4865 3509 4922 ille
3539 4866 3667 4923 inde

2072 4972 2476 5038 argumentatur
2503 4962 2764 5033 (Tertull.
2796 4961 2883 5015 lib.
2924 4959 3043 5013 adv.
3077 4957 3326 5029 Hermog.
3357 4975 3474 5029 cap.
3518 4957 3609 5033 18)
3643 4976 3660 5014 :

2075 5063 2331 5134 Agnoscat
2395 5074 2513 5129 ergo
2584 5055 2927 5127 Hermogenes
2966 5052 3155 5106 idcirco
3213 5052 3366 5105 etiam
3429 5054 3669 5122 sophians

2074 5152 2171 5207 Dei
2225 5161 2399 5206 natam
2436 5163 2481 5205 et
2520 5147 2773 5203 conditam
2813 5145 3085 5217 praedicari
3117 5186 3132 5210 ,
3191 5145 3389 5215 nequid
3433 5147 3671 5201 innatum

2074 5255 2123 5301 et
2147 5246 2460 5301 inconditum
2486 5252 2668 5314 praeter
2693 5241 2855 5295 solum
2883 5238 3049 5294 Deum
3080 5238 3415 5294 crederemus.
3450 5239 3509 5296 Si
3539 5241 3675 5295 enim

2077 5339 2213 5394 intra
2236 5336 2508 5392 Dominum
2530 5333 2663 5403 quod
2684 5348 2749 5387 ea:
2773 5332 2902 5403 ipso,
2935 5340 2982 5386 et
3007 5331 3061 5384 in
3083 5330 3197 5403 ipso
3220 5331 3319 5403 fuit
3338 5372 3352 5398 ,
3400 5332 3509 5387 sine
3528 5333 3673 5388 initio

2078 5448 2180 5488 non
2202 5432 2298 5501 fuit
2316 5472 2332 5495 ,
2357 5428 2558 5498 Saphfa
2585 5425 2771 5481 scilicet
2800 5424 2960 5495 ipsius
2978 5465 2992 5489 ,
3026 5423 3211 5479 exinde
3235 5434 3357 5478 nata
3381 5434 3426 5479 et
3442 5424 3680 5491 condita;

2080 5544 2143 5583 ea:
2164 5542 2265 5600 quo
2305 5525 2356 5578 in
2382 5540 2528 5577 sensu
2555 5520 2651 5574 Dei
2689 5521 2758 5574 ad
2781 5536 2936 5588 opera
2962 5519 3141 5573 mundi
3169 5518 3487 5590 disponenda
3523 5519 3678 5591 cmpit

2079 5618 2264 5691 agitari
2291 5632 2311 5682 ,'
2362 5614 2519 5668 multo
2548 5613 2713 5681 magis
2734 5628 2835 5667 non
2861 5612 2996 5683 capit
3056 5612 3167 5668 sine
3204 5611 3349 5667 initio
3397 5612 3678 5684 quidquam

2078 5714 2236 5785 fuisse
2259 5753 2273 5778 ,
2300 5708 2435 5776 quod
2460 5717 2603 5762 extra
2636 5704 2909 5761 Dominum
2934 5706 3107 5776 fuerit.
3136 5703 3214 5762 Ibi
3244 5720 3374 5763 sane
3392 5704 3684 5763 Tertullia-

2081 5820 2217 5871 nus,
2269 5800 2510 5872 inquient
2540 5839 2554 5866 ,
2597 5799 2771 5871 palam
2817 5798 3092 5855 asseverat
3134 5796 3387 5870 Sophlam
3438 5798 3554 5856 sive
3576 5796 3684 5857 Dei

2080 5897 2273 5956 Filium
2306 5910 2409 5952 non
2442 5892 2608 5952 fuisse
2638 5892 2754 5950 sine
2785 5893 2935 5950 initio
2957 5934 2972 5963 ,
3002 5891 3242 5964 illudque
3272 5877 3584 5966 accepisse;
3617 5908 3683 5952 ac
