  <div class='ocr_page' id='page_1' title='image "/cluster/home/n/w/nwhite01/storage/ocr_20150623/1/hvd.32044015466733/451.png"; bbox 0 0 4092 6352; ppageno 0'>
   <div class='ocr_carea' id='block_1_1' title="bbox 504 291 3822 384">
    <p class='ocr_par' dir='ltr' id='par_1_1' title="bbox 504 291 3822 384">
     <span class='ocr_line' id='line_1_1' title="bbox 504 291 3822 384; baseline 0.003 -32"><span class='ocrx_word' id='word_1_1' title='bbox 504 291 604 353; x_wconf 74' lang='grc'><strong>831</strong></span> <span class='ocrx_word' id='word_1_2' title='bbox 1569 296 1638 354; x_wconf 86' lang='grc' dir='ltr'><strong>ΙΝ</strong></span> <span class='ocrx_word' id='word_1_3' title='bbox 1674 294 2138 357; x_wconf 75' lang='lat' dir='ltr'><strong>TEBTULLIANI</strong></span> <span class='ocrx_word' id='word_1_4' title='bbox 2174 295 2707 363; x_wconf 75' lang='lat' dir='ltr'><strong>APOLOGETICUM</strong></span> <span class='ocrx_word' id='word_1_5' title='bbox 3700 312 3822 384; x_wconf 64' lang='lat'><strong>853</strong></span> 
     </span>
    </p>
   </div>
   <div class='ocr_carea' id='block_1_2' title="bbox 508 410 3814 511">
    <p class='ocr_par' dir='ltr' id='par_1_2' title="bbox 508 410 3814 511">
     <span class='ocr_line' id='line_1_2' title="bbox 508 410 3814 511; baseline 0.006 -44"><span class='ocrx_word' id='word_1_6' title='bbox 508 411 765 481; x_wconf 85' lang='lat' dir='ltr'><strong>Sophiam</strong></span> <span class='ocrx_word' id='word_1_7' title='bbox 801 419 922 467; x_wconf 85' lang='lat' dir='ltr'><strong>thlIC</strong></span> <span class='ocrx_word' id='word_1_8' title='bbox 968 424 1142 469; x_wconf 78' lang='lat' dir='ltr'><strong>natam</strong></span> <span class='ocrx_word' id='word_1_9' title='bbox 1180 427 1241 468; x_wconf 81' lang='lat' dir='ltr'><strong>ac</strong></span> <span class='ocrx_word' id='word_1_10' title='bbox 1266 412 1535 471; x_wconf 84' lang='lat' dir='ltr'><strong>conditam</strong></span> <span class='ocrx_word' id='word_1_11' title='bbox 1562 454 1577 480; x_wconf 92' lang='lat'><strong>,</strong></span> <span class='ocrx_word' id='word_1_12' title='bbox 1608 412 1820 485; x_wconf 78' lang='lat' dir='ltr'><strong>quando</strong></span> <span class='ocrx_word' id='word_1_13' title='bbox 1848 413 2013 486; x_wconf 63' lang='lat' dir='ltr'><strong>coepit</strong></span> <span class='ocrx_word' id='word_1_14' title='bbox 2036 410 2100 468; x_wconf 86' lang='lat' dir='ltr'><strong>ad</strong></span> <span class='ocrx_word' id='word_1_15' title='bbox 2128 411 2183 479; x_wconf 76' lang='grc' dir='ltr'>Α</span> <span class='ocrx_word' id='word_1_16' title='bbox 2279 415 2411 485; x_wconf 84' lang='lat' dir='ltr'><strong>Quis</strong></span> <span class='ocrx_word' id='word_1_17' title='bbox 2432 432 2589 511; x_wconf 52' lang='lat' dir='ltr'><strong>ergo,</strong></span> <span class='ocrx_word' id='word_1_18' title='bbox 2623 418 2831 492; x_wconf 88' lang='lat' dir='ltr'><strong>inquies</strong></span> <span class='ocrx_word' id='word_1_19' title='bbox 2854 463 2869 487; x_wconf 79' lang='lat'><strong>,</strong></span> <span class='ocrx_word' id='word_1_20' title='bbox 2901 421 3184 479; x_wconf 78' lang='lat' dir='ltr'><strong>verborum</strong></span> <span class='ocrx_word' id='word_1_21' title='bbox 3215 423 3332 495; x_wconf 81' lang='lat' dir='ltr'><strong>ejus</strong></span> <span class='ocrx_word' id='word_1_22' title='bbox 3357 440 3583 497; x_wconf 86' lang='lat' dir='ltr'><strong>sensus,</strong></span> <span class='ocrx_word' id='word_1_23' title='bbox 3611 431 3814 502; x_wconf 85' lang='lat' dir='ltr'><strong>quibus</strong></span> 
     </span>
    </p>
   </div>
   <div class='ocr_carea' id='block_1_3' title="bbox 510 504 1847 587">
    <p class='ocr_par' dir='ltr' id='par_1_3' title="bbox 510 504 1847 587">
     <span class='ocr_line' id='line_1_3' title="bbox 510 504 1847 587; baseline 0.002 -30"><span class='ocrx_word' id='word_1_24' title='bbox 510 521 672 575; x_wconf 77' lang='lat' dir='ltr'><strong>opera</strong></span> <span class='ocrx_word' id='word_1_25' title='bbox 695 506 875 559; x_wconf 79' lang='lat' dir='ltr'><strong>mundi</strong></span> <span class='ocrx_word' id='word_1_26' title='bbox 905 504 1232 587; x_wconf 69' lang='lat' dir='ltr'><strong>disponenda</strong></span> <span class='ocrx_word' id='word_1_27' title='bbox 1259 505 1310 560; x_wconf 91' lang='lat' dir='ltr'><strong>in</strong></span> <span class='ocrx_word' id='word_1_28' title='bbox 1335 521 1496 561; x_wconf 88' lang='lat' dir='ltr'><strong>sensu</strong></span> <span class='ocrx_word' id='word_1_29' title='bbox 1519 506 1611 567; x_wconf 85' lang='lat' dir='ltr'><strong>Dei</strong></span> <span class='ocrx_word' id='word_1_30' title='bbox 1640 505 1847 581; x_wconf 79' lang='lat' dir='ltr'><strong>agitari.</strong></span> 
     </span>
    </p>
   </div>
   <div class='ocr_carea' id='block_1_4' title="bbox 580 592 2100 670">
    <p class='ocr_par' dir='ltr' id='par_1_4' title="bbox 580 592 2100 670">
     <span class='ocr_line' id='line_1_4' title="bbox 580 592 2100 670; baseline 0.004 -24"><span class='ocrx_word' id='word_1_31' title='bbox 580 592 771 661; x_wconf 76' lang='lat' dir='ltr'><strong>Totam</strong></span> <span class='ocrx_word' id='word_1_32' title='bbox 814 608 991 657; x_wconf 81' lang='lat' dir='ltr'><strong>autem</strong></span> <span class='ocrx_word' id='word_1_33' title='bbox 1040 598 1176 657; x_wconf 82' lang='lat' dir='ltr'><strong>hanc</strong></span> <span class='ocrx_word' id='word_1_34' title='bbox 1204 598 1722 670; x_wconf 71' lang='lat' dir='ltr'><strong>arguttientationem</strong></span> <span class='ocrx_word' id='word_1_35' title='bbox 1744 640 1758 665; x_wconf 95' lang='lat'><strong>,</strong></span> <span class='ocrx_word' id='word_1_36' title='bbox 1813 607 1869 663; x_wconf 81' lang='lat' dir='ltr'><strong>et</strong></span> <span class='ocrx_word' id='word_1_37' title='bbox 1899 598 2100 669; x_wconf 80' lang='lat' dir='ltr'><strong>integra</strong></span> 
     </span>
    </p>
   </div>
   <div class='ocr_carea' id='block_1_5' title="bbox 507 670 2101 763">
    <p class='ocr_par' dir='ltr' id='par_1_5' title="bbox 507 670 2101 763">
     <span class='ocr_line' id='line_1_5' title="bbox 507 670 2101 763; baseline 0.001 -19"><span class='ocrx_word' id='word_1_38' title='bbox 507 689 758 744; x_wconf 84' lang='lat' dir='ltr'><strong>Auctoris</strong></span> <span class='ocrx_word' id='word_1_39' title='bbox 777 689 941 743; x_wconf 91' lang='lat' dir='ltr'><strong>nostri</strong></span> <span class='ocrx_word' id='word_1_40' title='bbox 967 688 1125 744; x_wconf 82' lang='lat' dir='ltr'><strong>verba</strong></span> <span class='ocrx_word' id='word_1_41' title='bbox 1157 670 1439 745; x_wconf 81' lang='lat' dir='ltr'><strong>retulimus</strong></span> <span class='ocrx_word' id='word_1_42' title='bbox 1464 733 1479 759; x_wconf 89' lang='lat'><strong>,</strong></span> <span class='ocrx_word' id='word_1_43' title='bbox 1513 704 1581 746; x_wconf 90' lang='lat' dir='ltr'><strong>ne</strong></span> <span class='ocrx_word' id='word_1_44' title='bbox 1603 689 1743 744; x_wconf 92' lang='lat' dir='ltr'><strong>ullus</strong></span> <span class='ocrx_word' id='word_1_45' title='bbox 1772 706 1871 745; x_wconf 90' lang='lat' dir='ltr'><strong>nos</strong></span> <span class='ocrx_word' id='word_1_46' title='bbox 1902 689 2101 763; x_wconf 84' lang='lat' dir='ltr'><strong>aliquid</strong></span> 
     </span>
    </p>
   </div>
   <div class='ocr_carea' id='block_1_6' title="bbox 507 780 2104 853">
    <p class='ocr_par' dir='ltr' id='par_1_6' title="bbox 507 780 2104 853">
     <span class='ocr_line' id='line_1_6' title="bbox 507 780 2104 853; baseline 0.002 -19"><span class='ocrx_word' id='word_1_47' title='bbox 507 792 595 835; x_wconf 85' lang='lat' dir='ltr'><strong>aut</strong></span> <span class='ocrx_word' id='word_1_48' title='bbox 624 780 996 836; x_wconf 78' lang='lat' dir='ltr'><strong>dissimulasse</strong></span> <span class='ocrx_word' id='word_1_49' title='bbox 1022 793 1113 836; x_wconf 90' lang='lat' dir='ltr'><strong>aut</strong></span> <span class='ocrx_word' id='word_1_50' title='bbox 1144 781 1555 852; x_wconf 72' lang='lat' dir='ltr'><strong>przetermisisse</strong></span> <span class='ocrx_word' id='word_1_51' title='bbox 1585 792 1860 836; x_wconf 89' lang='lat' dir='ltr'><strong>causetur.</strong></span> <span class='ocrx_word' id='word_1_52' title='bbox 1918 780 2104 853; x_wconf 82' lang='lat' dir='ltr'><strong>Neque</strong></span> 
     </span>
    </p>
   </div>
   <div class='ocr_carea' id='block_1_7' title="bbox 504 865 2101 929">
    <p class='ocr_par' dir='ltr' id='par_1_7' title="bbox 504 865 2101 929">
     <span class='ocr_line' id='line_1_7' title="bbox 504 865 2101 929; baseline 0.001 -3"><span class='ocrx_word' id='word_1_53' title='bbox 504 871 669 926; x_wconf 88' lang='lat' dir='ltr'><strong>etiam</strong></span> <span class='ocrx_word' id='word_1_54' title='bbox 697 871 1160 928; x_wconf 87' lang='lat' dir='ltr'><strong>dissimulahimus</strong></span> <span class='ocrx_word' id='word_1_55' title='bbox 1202 870 1317 927; x_wconf 75' lang='lat' dir='ltr'><strong>luce</strong></span> <span class='ocrx_word' id='word_1_56' title='bbox 1356 865 1672 928; x_wconf 65' lang='lat' dir='ltr'><strong>Tertulliani</strong></span> <span class='ocrx_word' id='word_1_57' title='bbox 1703 873 1819 928; x_wconf 89' lang='lat' dir='ltr'><strong>loca</strong></span> <span class='ocrx_word' id='word_1_58' title='bbox 1846 873 1982 929; x_wconf 87' lang='lat' dir='ltr'><strong>adeo</strong></span> <span class='ocrx_word' id='word_1_59' title='bbox 2004 873 2101 927; x_wconf 90' lang='lat' dir='ltr'><strong>ob-</strong></span> 
     </span>
    </p>
   </div>
   <div class='ocr_carea' id='block_1_8' title="bbox 504 963 2101 1037">
    <p class='ocr_par' dir='ltr' id='par_1_8' title="bbox 504 963 2101 1037">
     <span class='ocr_line' id='line_1_8' title="bbox 504 963 2101 1037; baseline 0.002 -20"><span class='ocrx_word' id='word_1_60' title='bbox 504 968 662 1017; x_wconf 73' lang='lat' dir='ltr'><strong>scura</strong></span> <span class='ocrx_word' id='word_1_61' title='bbox 695 972 751 1018; x_wconf 80' lang='lat' dir='ltr'><strong>et</strong></span> <span class='ocrx_word' id='word_1_62' title='bbox 790 963 1026 1019; x_wconf 68' lang='lat' dir='ltr'><strong>difﬁcilia</strong></span> <span class='ocrx_word' id='word_1_63' title='bbox 1053 964 1372 1036; x_wconf 77' lang='lat' dir='ltr'><strong>quibusdam</strong></span> <span class='ocrx_word' id='word_1_64' title='bbox 1408 967 1610 1030; x_wconf 85' lang='lat' dir='ltr'><strong>videri,</strong></span> <span class='ocrx_word' id='word_1_65' title='bbox 1656 973 1711 1019; x_wconf 89' lang='lat' dir='ltr'><strong>ut</strong></span> <span class='ocrx_word' id='word_1_66' title='bbox 1759 976 2101 1037; x_wconf 77' lang='lat' dir='ltr'><strong>argumenta-</strong></span> 
     </span>
    </p>
   </div>
   <div class='ocr_carea' id='block_1_9' title="bbox 505 1055 2102 1130">
    <p class='ocr_par' dir='ltr' id='par_1_9' title="bbox 505 1055 2102 1130">
     <span class='ocr_line' id='line_1_9' title="bbox 505 1055 2102 1130; baseline 0.003 -21"><span class='ocrx_word' id='word_1_67' title='bbox 505 1056 638 1110; x_wconf 85' lang='lat' dir='ltr'><strong>tioui</strong></span> <span class='ocrx_word' id='word_1_68' title='bbox 667 1072 733 1111; x_wconf 71' lang='lat' dir='ltr'><strong>ex</strong></span> <span class='ocrx_word' id='word_1_69' title='bbox 761 1055 828 1117; x_wconf 77' lang='lat' dir='ltr'><strong>iis</strong></span> <span class='ocrx_word' id='word_1_70' title='bbox 857 1057 1033 1121; x_wconf 66' lang='grc' dir='ltr'>ιιιωιῳ</span> <span class='ocrx_word' id='word_1_71' title='bbox 1060 1056 1195 1112; x_wconf 85' lang='lat' dir='ltr'><strong>nihil</strong></span> <span class='ocrx_word' id='word_1_72' title='bbox 1225 1057 1367 1113; x_wconf 77' lang='lat' dir='ltr'><strong>aliud</strong></span> <span class='ocrx_word' id='word_1_73' title='bbox 1410 1057 1847 1130; x_wconf 81' lang='lat' dir='ltr'><strong>respondendum</strong></span> <span class='ocrx_word' id='word_1_74' title='bbox 1877 1072 2102 1113; x_wconf 81' lang='lat' dir='ltr'><strong>censue-</strong></span> 
     </span>
    </p>
   </div>
   <div class='ocr_carea' id='block_1_10' title="bbox 505 1149 2097 1222">
    <p class='ocr_par' dir='ltr' id='par_1_10' title="bbox 505 1149 2097 1222">
     <span class='ocr_line' id='line_1_10' title="bbox 505 1149 2097 1222; baseline 0 -19"><span class='ocrx_word' id='word_1_75' title='bbox 505 1151 648 1214; x_wconf 89' lang='lat' dir='ltr'><strong>rint,</strong></span> <span class='ocrx_word' id='word_1_76' title='bbox 706 1150 805 1204; x_wconf 87' lang='lat' dir='ltr'><strong>nisi</strong></span> <span class='ocrx_word' id='word_1_77' title='bbox 837 1149 919 1205; x_wconf 73' lang='lat' dir='ltr'><strong>his</strong></span> <span class='ocrx_word' id='word_1_78' title='bbox 953 1149 1259 1222; x_wconf 87' lang='lat' dir='ltr'><strong>Hieronymi</strong></span> <span class='ocrx_word' id='word_1_79' title='bbox 1312 1151 1487 1206; x_wconf 86' lang='lat' dir='ltr'><strong>verbis</strong></span> <span class='ocrx_word' id='word_1_80' title='bbox 1521 1193 1537 1216; x_wconf 93' lang='lat'><strong>,</strong></span> <span class='ocrx_word' id='word_1_81' title='bbox 1594 1151 1786 1221; x_wconf 80' lang='lat' dir='ltr'><strong>quibus</strong></span> <span class='ocrx_word' id='word_1_82' title='bbox 1814 1150 2058 1206; x_wconf 77' lang='lat' dir='ltr'><strong>Helvidio</strong></span> <span class='ocrx_word' id='word_1_83' title='bbox 2082 1192 2097 1216; x_wconf 87' lang='lat'><strong>,</strong></span> 
     </span>
    </p>
   </div>
   <div class='ocr_carea' id='block_1_11' title="bbox 504 1240 2103 1314">
    <p class='ocr_par' dir='ltr' id='par_1_11' title="bbox 504 1240 2103 1314">
     <span class='ocr_line' id='line_1_11' title="bbox 504 1240 2103 1314; baseline 0.001 -17"><span class='ocrx_word' id='word_1_84' title='bbox 504 1240 751 1312; x_wconf 81' lang='lat' dir='ltr'><strong>ejusdem</strong></span> <span class='ocrx_word' id='word_1_85' title='bbox 797 1241 1113 1299; x_wconf 79' lang='lat' dir='ltr'><strong>Tertulliani</strong></span> <span class='ocrx_word' id='word_1_86' title='bbox 1147 1243 1246 1299; x_wconf 90' lang='lat' dir='ltr'><strong>alia</strong></span> <span class='ocrx_word' id='word_1_87' title='bbox 1278 1243 1344 1297; x_wconf 85' lang='lat' dir='ltr'><strong>de</strong></span> <span class='ocrx_word' id='word_1_88' title='bbox 1372 1258 1531 1299; x_wconf 86' lang='lat' dir='ltr'><strong>causa</strong></span> <span class='ocrx_word' id='word_1_89' title='bbox 1578 1245 1949 1299; x_wconf 86' lang='lat' dir='ltr'><strong>auctoritatem</strong></span> <span class='ocrx_word' id='word_1_90' title='bbox 1978 1260 2103 1314; x_wconf 85' lang='lat' dir='ltr'><strong>pro-</strong></span> 
     </span>
    </p>
   </div>
   <div class='ocr_carea' id='block_1_12' title="bbox 505 1324 2099 1411">
    <p class='ocr_par' dir='ltr' id='par_1_12' title="bbox 505 1324 2099 1411">
     <span class='ocr_line' id='line_1_12' title="bbox 505 1324 2099 1411; baseline 0.001 -22"><span class='ocrx_word' id='word_1_91' title='bbox 505 1337 697 1390; x_wconf 80' lang='lat' dir='ltr'><strong>ferenti</strong></span> <span class='ocrx_word' id='word_1_92' title='bbox 752 1335 1041 1411; x_wconf 66' lang='lat' dir='ltr'><strong>respondet</strong></span> <span class='ocrx_word' id='word_1_93' title='bbox 1087 1334 1440 1406; x_wconf 73' lang='lat' dir='ltr'><strong>Hieronymus</strong></span> <span class='ocrx_word' id='word_1_94' title='bbox 1492 1337 1602 1405; x_wconf 88' lang='lat' dir='ltr'><strong>(lib.</strong></span> <span class='ocrx_word' id='word_1_95' title='bbox 1642 1337 1756 1392; x_wconf 87' lang='lat' dir='ltr'><strong>adv.</strong></span> <span class='ocrx_word' id='word_1_96' title='bbox 1814 1324 2099 1409; x_wconf 49' lang='lat' dir='ltr'><strong>Helvii):</strong></span> 
     </span>
    </p>
   </div>
   <div class='ocr_carea' id='block_1_13' title="bbox 506 1427 2101 1503">
    <p class='ocr_par' dir='ltr' id='par_1_13' title="bbox 506 1427 2101 1503">
     <span class='ocr_line' id='line_1_13' title="bbox 506 1427 2101 1503; baseline 0 -21"><span class='ocrx_word' id='word_1_97' title='bbox 506 1427 575 1482; x_wconf 81' lang='grc' dir='ltr'>Ει</span> <span class='ocrx_word' id='word_1_98' title='bbox 606 1427 668 1483; x_wconf 79' lang='lat' dir='ltr'><strong>de</strong></span> <span class='ocrx_word' id='word_1_99' title='bbox 684 1428 998 1486; x_wconf 74' lang='lat' dir='ltr'><strong>Tertulliano</strong></span> <span class='ocrx_word' id='word_1_100' title='bbox 1015 1428 1216 1500; x_wconf 83' lang='lat' dir='ltr'><strong>quidem</strong></span> <span class='ocrx_word' id='word_1_101' title='bbox 1247 1429 1373 1483; x_wconf 81' lang='lat' dir='ltr'><strong>nihil</strong></span> <span class='ocrx_word' id='word_1_102' title='bbox 1398 1430 1618 1499; x_wconf 80' lang='lat' dir='ltr'><strong>amplius</strong></span> <span class='ocrx_word' id='word_1_103' title='bbox 1644 1428 1758 1483; x_wconf 84' lang='lat' dir='ltr'><strong>dico</strong></span> <span class='ocrx_word' id='word_1_104' title='bbox 1782 1471 1796 1494; x_wconf 92' lang='lat'><strong>,</strong></span> <span class='ocrx_word' id='word_1_105' title='bbox 1825 1440 1979 1503; x_wconf 82' lang='lat' dir='ltr'><strong>quam</strong></span> <span class='ocrx_word' id='word_1_106' title='bbox 1999 1427 2101 1483; x_wconf 87' lang='lat' dir='ltr'><strong>Ec-</strong></span> 
     </span>
    </p>
   </div>
   <div class='ocr_carea' id='block_1_14' title="bbox 507 1512 2101 1591">
    <p class='ocr_par' dir='ltr' id='par_1_14' title="bbox 507 1512 2101 1591">
     <span class='ocr_line' id='line_1_14' title="bbox 507 1512 2101 1591; baseline 0.002 -18"><span class='ocrx_word' id='word_1_107' title='bbox 507 1519 675 1574; x_wconf 75' lang='lat' dir='ltr'><strong>rlesice</strong></span> <span class='ocrx_word' id='word_1_108' title='bbox 702 1519 953 1575; x_wconf 76' lang='lat' dir='ltr'><strong>hominem</strong></span> <span class='ocrx_word' id='word_1_109' title='bbox 982 1536 1081 1573; x_wconf 87' lang='lat' dir='ltr'><strong>non</strong></span> <span class='ocrx_word' id='word_1_110' title='bbox 1111 1519 1287 1591; x_wconf 80' lang='lat' dir='ltr'><strong>fuisse,</strong></span> <span class='ocrx_word' id='word_1_111' title='bbox 1319 1519 1369 1575; x_wconf 91' lang='lat' dir='ltr'><strong>id</strong></span> <span class='ocrx_word' id='word_1_112' title='bbox 1396 1530 1499 1588; x_wconf 89' lang='lat' dir='ltr'><strong>est,</strong></span> <span class='ocrx_word' id='word_1_113' title='bbox 1527 1521 1577 1575; x_wconf 90' lang='lat' dir='ltr'><strong>in</strong></span> <span class='ocrx_word' id='word_1_114' title='bbox 1609 1520 1783 1576; x_wconf 87' lang='lat' dir='ltr'><strong>varios</strong></span> <span class='ocrx_word' id='word_1_115' title='bbox 1820 1512 2101 1576; x_wconf 67' lang='lat' dir='ltr'><strong>hmretico-</strong></span> 
     </span>
    </p>
   </div>
   <div class='ocr_carea' id='block_1_15' title="bbox 505 1608 2099 1687">
    <p class='ocr_par' dir='ltr' id='par_1_15' title="bbox 505 1608 2099 1687">
     <span class='ocr_line' id='line_1_15' title="bbox 505 1608 2099 1687; baseline 0.001 -18"><span class='ocrx_word' id='word_1_116' title='bbox 505 1630 623 1669; x_wconf 81' lang='lat' dir='ltr'><strong>tum</strong></span> <span class='ocrx_word' id='word_1_117' title='bbox 642 1629 856 1669; x_wconf 88' lang='lat' dir='ltr'><strong>errores</strong></span> <span class='ocrx_word' id='word_1_118' title='bbox 878 1608 1201 1687; x_wconf 77' lang='lat' dir='ltr'><strong>prolapsum.</strong></span> <span class='ocrx_word' id='word_1_119' title='bbox 1229 1614 1332 1669; x_wconf 85' lang='lat' dir='ltr'><strong>Sed</strong></span> <span class='ocrx_word' id='word_1_120' title='bbox 1353 1611 1454 1669; x_wconf 86' lang='lat' dir='ltr'><strong>hoc</strong></span> <span class='ocrx_word' id='word_1_121' title='bbox 1481 1630 1740 1686; x_wconf 74' lang='lat' dir='ltr'><strong>responso</strong></span> <span class='ocrx_word' id='word_1_122' title='bbox 1767 1615 2099 1670; x_wconf 79' lang='lat' dir='ltr'><strong>difﬁcultatis</strong></span> 
     </span>
    </p>
   </div>
   <div class='ocr_carea' id='block_1_16' title="bbox 507 1706 2100 1773">
    <p class='ocr_par' dir='ltr' id='par_1_16' title="bbox 507 1706 2100 1773">
     <span class='ocr_line' id='line_1_16' title="bbox 507 1706 2100 1773; baseline 0.005 -14"><span class='ocrx_word' id='word_1_123' title='bbox 507 1708 680 1762; x_wconf 91' lang='lat' dir='ltr'><strong>nodus</strong></span> <span class='ocrx_word' id='word_1_124' title='bbox 707 1717 918 1762; x_wconf 76' lang='lat' dir='ltr'><strong>secatur</strong></span> <span class='ocrx_word' id='word_1_125' title='bbox 942 1748 956 1773; x_wconf 91' lang='lat'><strong>,</strong></span> <span class='ocrx_word' id='word_1_126' title='bbox 990 1722 1094 1762; x_wconf 93' lang='lat' dir='ltr'><strong>non</strong></span> <span class='ocrx_word' id='word_1_127' title='bbox 1138 1708 1384 1769; x_wconf 73' lang='lat' dir='ltr'><strong>Solvitur.</strong></span> <span class='ocrx_word' id='word_1_128' title='bbox 1414 1708 1544 1765; x_wconf 78' lang='lat' dir='ltr'><strong>Nam</strong></span> <span class='ocrx_word' id='word_1_129' title='bbox 1571 1707 1931 1769; x_wconf 78' lang='lat' dir='ltr'><strong>Tettuilianns</strong></span> <span class='ocrx_word' id='word_1_130' title='bbox 1958 1706 2100 1767; x_wconf 83' lang='lat' dir='ltr'><strong>hunc</strong></span> 
     </span>
    </p>
   </div>
   <div class='ocr_carea' id='block_1_17' title="bbox 2206 512 3812 596">
    <p class='ocr_par' dir='ltr' id='par_1_17' title="bbox 2206 512 3812 596">
     <span class='ocr_line' id='line_1_17' title="bbox 2206 512 3812 596; baseline 0.014 -34"><span class='ocrx_word' id='word_1_131' title='bbox 2206 522 2324 563; x_wconf 88' lang='lat' dir='ltr'><strong>eam</strong></span> <span class='ocrx_word' id='word_1_132' title='bbox 2352 517 2457 563; x_wconf 89' lang='lat' dir='ltr'><strong>tam</strong></span> <span class='ocrx_word' id='word_1_133' title='bbox 2484 520 2667 582; x_wconf 84' lang='lat' dir='ltr'><strong>aperte</strong></span> <span class='ocrx_word' id='word_1_134' title='bbox 2695 512 2914 581; x_wconf 81' lang='lat' dir='ltr'><strong>inliciari</strong></span> <span class='ocrx_word' id='word_1_135' title='bbox 2944 516 3191 573; x_wconf 86' lang='lat' dir='ltr'><strong>videtur?</strong></span> <span class='ocrx_word' id='word_1_136' title='bbox 3216 518 3382 577; x_wconf 80' lang='lat' dir='ltr'><strong>Nobis</strong></span> <span class='ocrx_word' id='word_1_137' title='bbox 3408 519 3565 580; x_wconf 72' lang='lat' dir='ltr'><strong>facile</strong></span> <span class='ocrx_word' id='word_1_138' title='bbox 3588 525 3812 596; x_wconf 82' lang='lat' dir='ltr'><strong>quidem</strong></span> 
     </span>
    </p>
   </div>
   <div class='ocr_carea' id='block_1_18' title="bbox 2209 603 3809 686">
    <p class='ocr_par' dir='ltr' id='par_1_18' title="bbox 2209 603 3809 686">
     <span class='ocr_line' id='line_1_18' title="bbox 2209 603 3809 686; baseline 0.013 -36"><span class='ocrx_word' id='word_1_139' title='bbox 2209 603 2553 671; x_wconf 74' lang='lat' dir='ltr'><strong>persuadebis</strong></span> <span class='ocrx_word' id='word_1_140' title='bbox 2584 604 2715 660; x_wconf 81' lang='lat' dir='ltr'><strong>nihil</strong></span> <span class='ocrx_word' id='word_1_141' title='bbox 2742 607 2883 662; x_wconf 81' lang='lat' dir='ltr'><strong>aliud</strong></span> <span class='ocrx_word' id='word_1_142' title='bbox 2918 609 3016 671; x_wconf 85' lang='lat' dir='ltr'><strong>sibi</strong></span> <span class='ocrx_word' id='word_1_143' title='bbox 3051 611 3284 669; x_wconf 84' lang='lat' dir='ltr'><strong>voluisse</strong></span> <span class='ocrx_word' id='word_1_144' title='bbox 3306 654 3322 681; x_wconf 91' lang='lat'><strong>,</strong></span> <span class='ocrx_word' id='word_1_145' title='bbox 3355 631 3515 686; x_wconf 82' lang='lat' dir='ltr'><strong>quam</strong></span> <span class='ocrx_word' id='word_1_146' title='bbox 3560 618 3677 673; x_wconf 87' lang='lat' dir='ltr'><strong>aliis</strong></span> <span class='ocrx_word' id='word_1_147' title='bbox 3706 635 3809 683; x_wconf 60' lang='lat' dir='ltr'><strong>su.</strong></span> 
     </span>
    </p>
   </div>
   <div class='ocr_carea' id='block_1_19' title="bbox 2206 696 3809 779">
    <p class='ocr_par' dir='ltr' id='par_1_19' title="bbox 2206 696 3809 779">
     <span class='ocr_line' id='line_1_19' title="bbox 2206 696 3809 779; baseline 0.013 -32"><span class='ocrx_word' id='word_1_148' title='bbox 2206 711 2301 769; x_wconf 89' lang='lat' dir='ltr'><strong>pra</strong></span> <span class='ocrx_word' id='word_1_149' title='bbox 2332 696 2611 767; x_wconf 75' lang='lat' dir='ltr'><strong>explicatis</strong></span> <span class='ocrx_word' id='word_1_150' title='bbox 2635 740 2649 766; x_wconf 93' lang='lat'><strong>,</strong></span> <span class='ocrx_word' id='word_1_151' title='bbox 2680 701 2875 773; x_wconf 87' lang='lat' dir='ltr'><strong>quibus</strong></span> <span class='ocrx_word' id='word_1_152' title='bbox 2915 702 3127 761; x_wconf 80' lang='lat' dir='ltr'><strong>dixerat</strong></span> <span class='ocrx_word' id='word_1_153' title='bbox 3161 714 3285 762; x_wconf 87' lang='lat' dir='ltr'><strong>tune</strong></span> <span class='ocrx_word' id='word_1_154' title='bbox 3314 706 3606 779; x_wconf 82' lang='lat' dir='ltr'><strong>perlectam</strong></span> <span class='ocrx_word' id='word_1_155' title='bbox 3638 710 3809 775; x_wconf 75' lang='lat' dir='ltr'><strong>fuisse</strong></span> 
     </span>
    </p>
   </div>
   <div class='ocr_carea' id='block_1_20' title="bbox 2206 785 3812 864">
    <p class='ocr_par' dir='ltr' id='par_1_20' title="bbox 2206 785 3812 864">
     <span class='ocr_line' id='line_1_20' title="bbox 2206 785 3812 864; baseline 0.014 -23"><span class='ocrx_word' id='word_1_156' title='bbox 2206 785 2347 841; x_wconf 88' lang='lat' dir='ltr'><strong>illius</strong></span> <span class='ocrx_word' id='word_1_157' title='bbox 2390 790 2753 857; x_wconf 85' lang='lat' dir='ltr'><strong>nativitatem,</strong></span> <span class='ocrx_word' id='word_1_158' title='bbox 2784 794 2999 864; x_wconf 81' lang='lat' dir='ltr'><strong>quando</strong></span> <span class='ocrx_word' id='word_1_159' title='bbox 3028 796 3170 853; x_wconf 87' lang='lat' dir='ltr'><strong>Deus</strong></span> <span class='ocrx_word' id='word_1_160' title='bbox 3217 800 3284 855; x_wconf 89' lang='lat' dir='ltr'><strong>ad</strong></span> <span class='ocrx_word' id='word_1_161' title='bbox 3329 800 3583 859; x_wconf 88' lang='lat' dir='ltr'><strong>mundum</strong></span> <span class='ocrx_word' id='word_1_162' title='bbox 3614 818 3812 863; x_wconf 80' lang='lat' dir='ltr'><strong>crean-</strong></span> 
     </span>
    </p>
   </div>
   <div class='ocr_carea' id='block_1_21' title="bbox 2206 877 3807 967">
    <p class='ocr_par' dir='ltr' id='par_1_21' title="bbox 2206 877 3807 967">
     <span class='ocr_line' id='line_1_21' title="bbox 2206 877 3807 967; baseline 0.014 -35"><span class='ocrx_word' id='word_1_163' title='bbox 2206 877 2333 939; x_wconf 85' lang='lat' dir='ltr'><strong>dum</strong></span> <span class='ocrx_word' id='word_1_164' title='bbox 2359 896 2640 951; x_wconf 75' lang='lat' dir='ltr'><strong>aggressus</strong></span> <span class='ocrx_word' id='word_1_165' title='bbox 2662 894 2762 941; x_wconf 90' lang='lat' dir='ltr'><strong>est.</strong></span> <span class='ocrx_word' id='word_1_166' title='bbox 2789 885 3022 943; x_wconf 84' lang='lat' dir='ltr'><strong>Tametsi</strong></span> <span class='ocrx_word' id='word_1_167' title='bbox 3046 890 3190 945; x_wconf 90' lang='lat' dir='ltr'><strong>enim</strong></span> <span class='ocrx_word' id='word_1_168' title='bbox 3221 900 3377 948; x_wconf 83' lang='lat' dir='ltr'><strong>antea</strong></span> <span class='ocrx_word' id='word_1_169' title='bbox 3404 902 3458 948; x_wconf 92' lang='lat' dir='ltr'><strong>et</strong></span> <span class='ocrx_word' id='word_1_170' title='bbox 3480 910 3549 952; x_wconf 81' lang='lat' dir='ltr'><strong>ex</strong></span> <span class='ocrx_word' id='word_1_171' title='bbox 3573 907 3807 967; x_wconf 68' lang='lat' dir='ltr'><strong>icterno,</strong></span> 
     </span>
    </p>
   </div>
   <div class='ocr_carea' id='block_1_22' title="bbox 2207 975 3809 1058">
    <p class='ocr_par' dir='ltr' id='par_1_22' title="bbox 2207 975 3809 1058">
     <span class='ocr_line' id='line_1_22' title="bbox 2207 975 3809 1058; baseline 0.014 -32"><span class='ocrx_word' id='word_1_172' title='bbox 2207 975 2279 1027; x_wconf 90' lang='lat' dir='ltr'><strong>uti</strong></span> <span class='ocrx_word' id='word_1_173' title='bbox 2328 976 2657 1037; x_wconf 67' lang='lat' dir='ltr'><strong>ostendimus</strong></span> <span class='ocrx_word' id='word_1_174' title='bbox 2681 1020 2697 1044; x_wconf 92' lang='lat'><strong>,</strong></span> <span class='ocrx_word' id='word_1_175' title='bbox 2748 979 2834 1035; x_wconf 90' lang='lat' dir='ltr'><strong>hic</strong></span> <span class='ocrx_word' id='word_1_176' title='bbox 2861 980 3027 1037; x_wconf 86' lang='lat' dir='ltr'><strong>Filius</strong></span> <span class='ocrx_word' id='word_1_177' title='bbox 3066 984 3156 1043; x_wconf 84' lang='lat' dir='ltr'><strong>Dei</strong></span> <span class='ocrx_word' id='word_1_178' title='bbox 3185 986 3401 1058; x_wconf 78' lang='lat' dir='ltr'><strong>genitus</strong></span> <span class='ocrx_word' id='word_1_179' title='bbox 3426 986 3625 1056; x_wconf 76' lang='lat' dir='ltr'><strong>fuerit;</strong></span> <span class='ocrx_word' id='word_1_180' title='bbox 3663 1007 3809 1048; x_wconf 80' lang='lat' dir='ltr'><strong>nou-</strong></span> 
     </span>
    </p>
   </div>
   <div class='ocr_carea' id='block_1_23' title="bbox 2205 1066 3806 1153">
    <p class='ocr_par' dir='ltr' id='par_1_23' title="bbox 2205 1066 3806 1153">
     <span class='ocr_line' id='line_1_23' title="bbox 2205 1066 3806 1153; baseline 0.013 -31"><span class='ocrx_word' id='word_1_181' title='bbox 2205 1066 2330 1122; x_wconf 86' lang='lat' dir='ltr'><strong>dutn</strong></span> <span class='ocrx_word' id='word_1_182' title='bbox 2366 1078 2541 1125; x_wconf 87' lang='lat' dir='ltr'><strong>tamen</strong></span> <span class='ocrx_word' id='word_1_183' title='bbox 2591 1085 2656 1127; x_wconf 74' lang='lat' dir='ltr'><strong>ex</strong></span> <span class='ocrx_word' id='word_1_184' title='bbox 2704 1075 2889 1130; x_wconf 67' lang='lat' dir='ltr'><strong>astet-ni</strong></span> <span class='ocrx_word' id='word_1_185' title='bbox 2920 1074 3094 1133; x_wconf 83' lang='lat' dir='ltr'><strong>Patris</strong></span> <span class='ocrx_word' id='word_1_186' title='bbox 3136 1077 3437 1147; x_wconf 77' lang='lat' dir='ltr'><strong>sinu,,seu</strong></span> <span class='ocrx_word' id='word_1_187' title='bbox 3484 1083 3806 1153; x_wconf 85' lang='lat' dir='ltr'><strong>intellectu,</strong></span> 
     </span>
    </p>
   </div>
   <div class='ocr_carea' id='block_1_24' title="bbox 2208 1165 3809 1235">
    <p class='ocr_par' dir='ltr' id='par_1_24' title="bbox 2208 1165 3809 1235">
     <span class='ocr_line' id='line_1_24' title="bbox 2208 1165 3809 1235; baseline 0.012 -20"><span class='ocrx_word' id='word_1_188' title='bbox 2208 1171 2458 1232; x_wconf 84' lang='lat' dir='ltr'><strong>tanquam</strong></span> <span class='ocrx_word' id='word_1_189' title='bbox 2500 1178 2564 1225; x_wconf 71' lang='lat' dir='ltr'><strong>ex</strong></span> <span class='ocrx_word' id='word_1_190' title='bbox 2594 1165 2711 1235; x_wconf 88' lang='lat' dir='ltr'><strong>ejus</strong></span> <span class='ocrx_word' id='word_1_191' title='bbox 2740 1168 2998 1235; x_wconf 83' lang='lat' dir='ltr'><strong>matrice,</strong></span> <span class='ocrx_word' id='word_1_192' title='bbox 3039 1170 3195 1225; x_wconf 85' lang='lat' dir='ltr'><strong>vulva</strong></span> <span class='ocrx_word' id='word_1_193' title='bbox 3241 1184 3296 1229; x_wconf 90' lang='lat' dir='ltr'><strong>et</strong></span> <span class='ocrx_word' id='word_1_194' title='bbox 3325 1172 3493 1233; x_wconf 88' lang='lat' dir='ltr'><strong>corde</strong></span> <span class='ocrx_word' id='word_1_195' title='bbox 3547 1190 3809 1233; x_wconf 81' lang='lat' dir='ltr'><strong>excesse-</strong></span> 
     </span>
    </p>
   </div>
   <div class='ocr_carea' id='block_1_25' title="bbox 2204 1256 3810 1334">
    <p class='ocr_par' dir='ltr' id='par_1_25' title="bbox 2204 1256 3810 1334">
     <span class='ocr_line' id='line_1_25' title="bbox 2204 1256 3810 1334; baseline 0.013 -27"><span class='ocrx_word' id='word_1_196' title='bbox 2204 1264 2308 1309; x_wconf 89' lang='lat' dir='ltr'><strong>rat.</strong></span> <span class='ocrx_word' id='word_1_197' title='bbox 2356 1256 2494 1310; x_wconf 82' lang='lat' dir='ltr'><strong>Ante</strong></span> <span class='ocrx_word' id='word_1_198' title='bbox 2534 1271 2622 1312; x_wconf 89' lang='lat' dir='ltr'><strong>res</strong></span> <span class='ocrx_word' id='word_1_199' title='bbox 2651 1257 2809 1329; x_wconf 78' lang='lat' dir='ltr'><strong>igitur</strong></span> <span class='ocrx_word' id='word_1_200' title='bbox 2846 1270 3056 1317; x_wconf 87' lang='lat' dir='ltr'><strong>creatas</strong></span> <span class='ocrx_word' id='word_1_201' title='bbox 3083 1277 3184 1320; x_wconf 89' lang='lat' dir='ltr'><strong>nec</strong></span> <span class='ocrx_word' id='word_1_202' title='bbox 3209 1262 3376 1322; x_wconf 83' lang='lat' dir='ltr'><strong>Filius</strong></span> <span class='ocrx_word' id='word_1_203' title='bbox 3405 1280 3545 1334; x_wconf 88' lang='lat' dir='ltr'><strong>esse,</strong></span> <span class='ocrx_word' id='word_1_204' title='bbox 3577 1284 3675 1327; x_wconf 89' lang='lat' dir='ltr'><strong>nec</strong></span> <span class='ocrx_word' id='word_1_205' title='bbox 3704 1271 3810 1327; x_wconf 86' lang='lat' dir='ltr'><strong>Pa-</strong></span> 
     </span>
    </p>
   </div>
   <div class='ocr_carea' id='block_1_26' title="bbox 2208 1345 3807 1421">
    <p class='ocr_par' dir='ltr' id='par_1_26' title="bbox 2208 1345 3807 1421">
     <span class='ocr_line' id='line_1_26' title="bbox 2208 1345 3807 1421; baseline 0.013 -21"><span class='ocrx_word' id='word_1_206' title='bbox 2208 1353 2339 1401; x_wconf 88' lang='lat' dir='ltr'><strong>trem</strong></span> <span class='ocrx_word' id='word_1_207' title='bbox 2370 1345 2570 1405; x_wconf 87' lang='lat' dir='ltr'><strong>habere</strong></span> <span class='ocrx_word' id='word_1_208' title='bbox 2590 1353 3010 1421; x_wconf 73' lang='lat' dir='ltr'><strong>cognoscebatur</strong></span> <span class='ocrx_word' id='word_1_209' title='bbox 3033 1356 3058 1408; x_wconf 78' lang='lat' dir='ltr'><strong>&#39;l</strong></span> <span class='ocrx_word' id='word_1_210' title='bbox 3084 1354 3216 1412; x_wconf 88' lang='lat' dir='ltr'><strong>Cum</strong></span> <span class='ocrx_word' id='word_1_211' title='bbox 3246 1366 3426 1415; x_wconf 88' lang='lat' dir='ltr'><strong>autem</strong></span> <span class='ocrx_word' id='word_1_212' title='bbox 3453 1358 3610 1419; x_wconf 80' lang='lat' dir='ltr'><strong>Pater</strong></span> <span class='ocrx_word' id='word_1_213' title='bbox 3651 1362 3807 1420; x_wconf 87' lang='lat' dir='ltr'><strong>illum</strong></span> 
     </span>
    </p>
   </div>
   <div class='ocr_carea' id='block_1_27' title="bbox 2204 1441 3811 1519">
    <p class='ocr_par' dir='ltr' id='par_1_27' title="bbox 2204 1441 3811 1519">
     <span class='ocr_line' id='line_1_27' title="bbox 2204 1441 3811 1519; baseline 0.012 -26"><span class='ocrx_word' id='word_1_214' title='bbox 2204 1449 2353 1494; x_wconf 81' lang='lat' dir='ltr'><strong>extra</strong></span> <span class='ocrx_word' id='word_1_215' title='bbox 2381 1456 2438 1496; x_wconf 90' lang='lat' dir='ltr'><strong>se</strong></span> <span class='ocrx_word' id='word_1_216' title='bbox 2464 1441 2643 1497; x_wconf 68' lang='lat' dir='ltr'><strong>emisit</strong></span> <span class='ocrx_word' id='word_1_217' title='bbox 2664 1484 2679 1510; x_wconf 89' lang='lat'><strong>,</strong></span> <span class='ocrx_word' id='word_1_218' title='bbox 2711 1455 2835 1499; x_wconf 89' lang='lat' dir='ltr'><strong>tunc</strong></span> <span class='ocrx_word' id='word_1_219' title='bbox 2862 1445 2978 1515; x_wconf 90' lang='lat' dir='ltr'><strong>ejus</strong></span> <span class='ocrx_word' id='word_1_220' title='bbox 3000 1450 3400 1519; x_wconf 78' lang='lat' dir='ltr'><strong>generationem</strong></span> <span class='ocrx_word' id='word_1_221' title='bbox 3429 1494 3441 1517; x_wconf 88' lang='lat'><strong>,</strong></span> <span class='ocrx_word' id='word_1_222' title='bbox 3469 1464 3519 1508; x_wconf 89' lang='lat' dir='ltr'><strong>et</strong></span> <span class='ocrx_word' id='word_1_223' title='bbox 3544 1453 3691 1510; x_wconf 89' lang='lat' dir='ltr'><strong>illum</strong></span> <span class='ocrx_word' id='word_1_224' title='bbox 3713 1471 3811 1512; x_wconf 50' lang='lat' dir='ltr'><strong>re-</strong></span> 
     </span>
    </p>
   </div>
   <div class='ocr_carea' id='block_1_28' title="bbox 2207 1530 3803 1618">
    <p class='ocr_par' dir='ltr' id='par_1_28' title="bbox 2207 1530 3803 1618">
     <span class='ocr_line' id='line_1_28' title="bbox 2207 1530 3803 1618; baseline 0.011 -33"><span class='ocrx_word' id='word_1_225' title='bbox 2207 1547 2330 1586; x_wconf 85' lang='lat' dir='ltr'><strong>vera</strong></span> <span class='ocrx_word' id='word_1_226' title='bbox 2372 1530 2558 1589; x_wconf 83' lang='lat' dir='ltr'><strong>Filium</strong></span> <span class='ocrx_word' id='word_1_227' title='bbox 2596 1536 2685 1590; x_wconf 86' lang='lat' dir='ltr'><strong>Dei</strong></span> <span class='ocrx_word' id='word_1_228' title='bbox 2715 1553 2835 1593; x_wconf 86' lang='lat' dir='ltr'><strong>esse</strong></span> <span class='ocrx_word' id='word_1_229' title='bbox 2859 1580 2874 1606; x_wconf 94' lang='lat'><strong>,</strong></span> <span class='ocrx_word' id='word_1_230' title='bbox 2907 1537 3151 1596; x_wconf 78' lang='lat' dir='ltr'><strong>homines</strong></span> <span class='ocrx_word' id='word_1_231' title='bbox 3178 1558 3470 1614; x_wconf 84' lang='lat' dir='ltr'><strong>agnoscere</strong></span> <span class='ocrx_word' id='word_1_232' title='bbox 3499 1558 3803 1618; x_wconf 72' lang='lat' dir='ltr'><strong>emperunt.</strong></span> 
     </span>
    </p>
   </div>
   <div class='ocr_carea' id='block_1_29' title="bbox 2206 1625 3808 1709">
    <p class='ocr_par' dir='ltr' id='par_1_29' title="bbox 2206 1625 3808 1709">
     <span class='ocr_line' id='line_1_29' title="bbox 2206 1625 3808 1709; baseline 0.012 -30"><span class='ocrx_word' id='word_1_233' title='bbox 2206 1625 2562 1685; x_wconf 85' lang='lat' dir='ltr'><strong>&#39;l&#39;ertnlliauus</strong></span> <span class='ocrx_word' id='word_1_234' title='bbox 2604 1630 2781 1701; x_wconf 84' lang='lat' dir='ltr'><strong>itaque</strong></span> <span class='ocrx_word' id='word_1_235' title='bbox 2817 1641 2872 1686; x_wconf 91' lang='lat' dir='ltr'><strong>ut</strong></span> <span class='ocrx_word' id='word_1_236' title='bbox 2904 1633 3142 1689; x_wconf 77' lang='lat' dir='ltr'><strong>frivolam</strong></span> <span class='ocrx_word' id='word_1_237' title='bbox 3195 1635 3546 1709; x_wconf 83' lang='lat' dir='ltr'><strong>Hermogenis</strong></span> <span class='ocrx_word' id='word_1_238' title='bbox 3574 1656 3640 1696; x_wconf 78' lang='lat' dir='ltr'><strong>ex</strong></span> <span class='ocrx_word' id='word_1_239' title='bbox 3668 1656 3808 1699; x_wconf 84' lang='lat' dir='ltr'><strong>voce</strong></span> 
     </span>
    </p>
   </div>
   <div class='ocr_carea' id='block_1_30' title="bbox 2210 1715 3804 1795">
    <p class='ocr_par' dir='ltr' id='par_1_30' title="bbox 2210 1715 3804 1795">
     <span class='ocr_line' id='line_1_30' title="bbox 2210 1715 3804 1795; baseline 0.013 -26"><span class='ocrx_word' id='word_1_240' title='bbox 2210 1715 2411 1771; x_wconf 80' lang='lat' dir='ltr'><strong>Domini</strong></span> <span class='ocrx_word' id='word_1_241' title='bbox 2442 1731 2707 1795; x_wconf 89' lang='lat' dir='ltr'><strong>sumptam</strong></span> <span class='ocrx_word' id='word_1_242' title='bbox 2732 1726 3247 1794; x_wconf 77' lang='lat' dir='ltr'><strong>argumentationem</strong></span> <span class='ocrx_word' id='word_1_243' title='bbox 3279 1728 3550 1787; x_wconf 79' lang='lat' dir='ltr'><strong>efﬁcacius</strong></span> <span class='ocrx_word' id='word_1_244' title='bbox 3589 1743 3804 1790; x_wconf 87' lang='lat' dir='ltr'><strong>everte-</strong></span> 
     </span>
    </p>
   </div>
   <div class='ocr_carea' id='block_1_31' title="bbox 504 1796 3804 1905">
    <p class='ocr_par' dir='ltr' id='par_1_31' title="bbox 504 1796 3804 1905">
     <span class='ocr_line' id='line_1_31' title="bbox 504 1796 3804 1905; baseline 0.008 -53"><span class='ocrx_word' id='word_1_245' title='bbox 504 1798 701 1853; x_wconf 88' lang='lat' dir='ltr'><strong>librum</strong></span> <span class='ocrx_word' id='word_1_246' title='bbox 732 1798 945 1875; x_wconf 74' lang='lat' dir='ltr'><strong>scripSit</strong></span> <span class='ocrx_word' id='word_1_247' title='bbox 974 1799 1149 1855; x_wconf 88' lang='lat' dir='ltr'><strong>adlmc</strong></span> <span class='ocrx_word' id='word_1_248' title='bbox 1194 1799 1492 1854; x_wconf 81' lang='lat' dir='ltr'><strong>Catholicus</strong></span> <span class='ocrx_word' id='word_1_249' title='bbox 1539 1812 1593 1856; x_wconf 90' lang='lat' dir='ltr'><strong>et</strong></span> <span class='ocrx_word' id='word_1_250' title='bbox 1626 1796 1878 1858; x_wconf 66' lang='lat' dir='ltr'><strong>licclesize</strong></span> <span class='ocrx_word' id='word_1_251' title='bbox 1910 1800 2093 1859; x_wconf 77' lang='lat' dir='ltr'><strong>homo.</strong></span> <span class='ocrx_word' id='word_1_252' title='bbox 2127 1817 2177 1879; x_wconf 74' lang='grc' dir='ltr'><strong>Β</strong></span> <span class='ocrx_word' id='word_1_253' title='bbox 2208 1820 2288 1867; x_wconf 69' lang='lat' dir='ltr'><strong>rei</strong></span> <span class='ocrx_word' id='word_1_254' title='bbox 2311 1855 2325 1879; x_wconf 61' lang='lat'><strong>,</strong></span> <span class='ocrx_word' id='word_1_255' title='bbox 2358 1813 2457 1868; x_wconf 83' lang='lat' dir='ltr'><strong>dici</strong></span> <span class='ocrx_word' id='word_1_256' title='bbox 2484 1830 2641 1886; x_wconf 80' lang='lat' dir='ltr'><strong>posse</strong></span> <span class='ocrx_word' id='word_1_257' title='bbox 2675 1818 2966 1875; x_wconf 79' lang='lat' dir='ltr'><strong>arbitratus</strong></span> <span class='ocrx_word' id='word_1_258' title='bbox 2993 1830 3075 1875; x_wconf 88' lang='lat' dir='ltr'><strong>est</strong></span> <span class='ocrx_word' id='word_1_259' title='bbox 3106 1821 3268 1877; x_wconf 80' lang='lat' dir='ltr'><strong>fuisse</strong></span> <span class='ocrx_word' id='word_1_260' title='bbox 3302 1834 3541 1897; x_wconf 72' lang='lat' dir='ltr'><strong>tempus,</strong></span> <span class='ocrx_word' id='word_1_261' title='bbox 3568 1843 3673 1905; x_wconf 81' lang='lat' dir='ltr'><strong>quo</strong></span> <span class='ocrx_word' id='word_1_262' title='bbox 3698 1843 3804 1884; x_wconf 78' lang='lat' dir='ltr'><strong>nec</strong></span> 
     </span>
    </p>
   </div>
   <div class='ocr_carea' id='block_1_32' title="bbox 507 1889 2096 1960">
    <p class='ocr_par' dir='ltr' id='par_1_32' title="bbox 507 1889 2096 1960">
     <span class='ocr_line' id='line_1_32' title="bbox 507 1889 2096 1960; baseline 0.002 -15"><span class='ocrx_word' id='word_1_263' title='bbox 507 1889 711 1946; x_wconf 87' lang='lat' dir='ltr'><strong>Deinde</strong></span> <span class='ocrx_word' id='word_1_264' title='bbox 741 1906 892 1959; x_wconf 85' lang='lat' dir='ltr'><strong>vero,</strong></span> <span class='ocrx_word' id='word_1_265' title='bbox 921 1892 1130 1947; x_wconf 88' lang='lat' dir='ltr'><strong>etiamsi</strong></span> <span class='ocrx_word' id='word_1_266' title='bbox 1182 1893 1234 1946; x_wconf 92' lang='lat' dir='ltr'><strong>in</strong></span> <span class='ocrx_word' id='word_1_267' title='bbox 1271 1893 1443 1947; x_wconf 84' lang='lat' dir='ltr'><strong>varius</strong></span> <span class='ocrx_word' id='word_1_268' title='bbox 1474 1908 1685 1951; x_wconf 88' lang='lat' dir='ltr'><strong>errores</strong></span> <span class='ocrx_word' id='word_1_269' title='bbox 1713 1892 1980 1960; x_wconf 87' lang='lat' dir='ltr'><strong>inciderit,</strong></span> <span class='ocrx_word' id='word_1_270' title='bbox 2012 1904 2096 1948; x_wconf 89' lang='lat' dir='ltr'><strong>at-</strong></span> 
     </span>
    </p>
   </div>
   <div class='ocr_carea' id='block_1_33' title="bbox 503 1974 2098 2057">
    <p class='ocr_par' dir='ltr' id='par_1_33' title="bbox 503 1974 2098 2057">
     <span class='ocr_line' id='line_1_33' title="bbox 503 1974 2098 2057; baseline 0.003 -21"><span class='ocrx_word' id='word_1_271' title='bbox 503 2000 639 2053; x_wconf 83' lang='lat' dir='ltr'><strong>que,</strong></span> <span class='ocrx_word' id='word_1_272' title='bbox 697 1993 750 2036; x_wconf 88' lang='lat' dir='ltr'><strong>ttt</strong></span> <span class='ocrx_word' id='word_1_273' title='bbox 774 1974 956 2040; x_wconf 61' lang='lat' dir='ltr'><strong>Hilarii</strong></span> <span class='ocrx_word' id='word_1_274' title='bbox 990 1984 1167 2039; x_wconf 84' lang='lat' dir='ltr'><strong>verbis</strong></span> <span class='ocrx_word' id='word_1_275' title='bbox 1198 1995 1409 2039; x_wconf 79' lang='lat' dir='ltr'><strong>utantur</strong></span> <span class='ocrx_word' id='word_1_276' title='bbox 1433 2027 1447 2052; x_wconf 90' lang='lat'><strong>,</strong></span> <span class='ocrx_word' id='word_1_277' title='bbox 1481 2002 1785 2057; x_wconf 85' lang='lat' dir='ltr'><strong>quanquam</strong></span> <span class='ocrx_word' id='word_1_278' title='bbox 1831 2001 1973 2039; x_wconf 87' lang='lat' dir='ltr'><strong>error</strong></span> <span class='ocrx_word' id='word_1_279' title='bbox 1999 1987 2098 2041; x_wconf 86' lang='lat' dir='ltr'><strong>lto-</strong></span> 
     </span>
    </p>
   </div>
   <div class='ocr_carea' id='block_1_34' title="bbox 506 2074 2094 2151">
    <p class='ocr_par' dir='ltr' id='par_1_34' title="bbox 506 2074 2094 2151">
     <span class='ocr_line' id='line_1_34' title="bbox 506 2074 2094 2151; baseline 0.004 -25"><span class='ocrx_word' id='word_1_280' title='bbox 506 2076 654 2128; x_wconf 77' lang='lat' dir='ltr'><strong>:uinis</strong></span> <span class='ocrx_word' id='word_1_281' title='bbox 683 2076 902 2132; x_wconf 75' lang='lat' dir='ltr'><strong>detraxit</strong></span> <span class='ocrx_word' id='word_1_282' title='bbox 920 2077 1119 2147; x_wconf 78' lang='lat' dir='ltr'><strong>scriptis</strong></span> <span class='ocrx_word' id='word_1_283' title='bbox 1144 2077 1486 2151; x_wconf 78' lang='lat' dir='ltr'><strong>probabilibus</strong></span> <span class='ocrx_word' id='word_1_284' title='bbox 1512 2078 1870 2141; x_wconf 74' lang='lat' dir='ltr'><strong>auctoritatem</strong></span> <span class='ocrx_word' id='word_1_285' title='bbox 1893 2074 1964 2149; x_wconf 82' lang='grc' dir='ltr'><strong>(Η</strong></span> <span class='ocrx_word' id='word_1_286' title='bbox 1973 2079 2094 2133; x_wconf 84' lang='lat' dir='ltr'><strong>ilar.</strong></span> 
     </span>
    </p>
   </div>
   <div class='ocr_carea' id='block_1_35' title="bbox 505 2168 2100 2247">
    <p class='ocr_par' dir='ltr' id='par_1_35' title="bbox 505 2168 2100 2247">
     <span class='ocr_line' id='line_1_35' title="bbox 505 2168 2100 2247; baseline 0.004 -24"><span class='ocrx_word' id='word_1_287' title='bbox 505 2168 786 2245; x_wconf 77' lang='lat' dir='ltr'><strong>Comment.</strong></span> <span class='ocrx_word' id='word_1_288' title='bbox 818 2171 867 2223; x_wconf 90' lang='lat' dir='ltr'><strong>in</strong></span> <span class='ocrx_word' id='word_1_289' title='bbox 902 2170 1088 2225; x_wconf 75' lang='lat' dir='ltr'><strong>Matth.</strong></span> <span class='ocrx_word' id='word_1_290' title='bbox 1115 2189 1231 2242; x_wconf 89' lang='lat' dir='ltr'><strong>cap.</strong></span> <span class='ocrx_word' id='word_1_291' title='bbox 1257 2171 1346 2242; x_wconf 77' lang='grc' dir='ltr'><strong>γ),</strong></span> <span class='ocrx_word' id='word_1_292' title='bbox 1381 2189 1414 2226; x_wconf 93' lang='lat' dir='ltr'><strong>n</strong></span> <span class='ocrx_word' id='word_1_293' title='bbox 1439 2189 1476 2227; x_wconf 58' lang='lat' dir='ltr'><strong>vs</strong></span> <span class='ocrx_word' id='word_1_294' title='bbox 1511 2182 1685 2227; x_wconf 83' lang='lat' dir='ltr'><strong>tamen</strong></span> <span class='ocrx_word' id='word_1_295' title='bbox 1714 2188 1874 2247; x_wconf 82' lang='lat' dir='ltr'><strong>supra</strong></span> <span class='ocrx_word' id='word_1_296' title='bbox 1920 2182 2100 2231; x_wconf 86' lang='lat' dir='ltr'><strong>osten-</strong></span> 
     </span>
    </p>
   </div>
   <div class='ocr_carea' id='block_1_36' title="bbox 509 2262 2100 2336">
    <p class='ocr_par' dir='ltr' id='par_1_36' title="bbox 509 2262 2100 2336">
     <span class='ocr_line' id='line_1_36' title="bbox 509 2262 2100 2336; baseline 0.006 -24"><span class='ocrx_word' id='word_1_297' title='bbox 509 2262 685 2319; x_wconf 83' lang='lat' dir='ltr'><strong>dimus</strong></span> <span class='ocrx_word' id='word_1_298' title='bbox 711 2262 1046 2321; x_wconf 68' lang='lat' dir='ltr'><strong>Catholicam</strong></span> <span class='ocrx_word' id='word_1_299' title='bbox 1076 2262 1142 2318; x_wconf 85' lang='lat' dir='ltr'><strong>de</strong></span> <span class='ocrx_word' id='word_1_300' title='bbox 1172 2265 1349 2320; x_wconf 84' lang='lat' dir='ltr'><strong>divina</strong></span> <span class='ocrx_word' id='word_1_301' title='bbox 1372 2273 1427 2317; x_wconf 89' lang='lat' dir='ltr'><strong>et</strong></span> <span class='ocrx_word' id='word_1_302' title='bbox 1447 2276 1643 2323; x_wconf 69' lang='lat' dir='ltr'><strong>teterna</strong></span> <span class='ocrx_word' id='word_1_303' title='bbox 1680 2264 1793 2318; x_wconf 74' lang='lat' dir='ltr'><strong>Fila</strong></span> <span class='ocrx_word' id='word_1_304' title='bbox 1818 2265 1907 2319; x_wconf 87' lang='lat' dir='ltr'><strong>Dei</strong></span> <span class='ocrx_word' id='word_1_305' title='bbox 1933 2280 2100 2336; x_wconf 79' lang='lat' dir='ltr'><strong>gene-</strong></span> 
     </span>
    </p>
   </div>
   <div class='ocr_carea' id='block_1_37' title="bbox 512 2340 2099 2433">
    <p class='ocr_par' dir='ltr' id='par_1_37' title="bbox 512 2340 2099 2433">
     <span class='ocr_line' id='line_1_37' title="bbox 512 2340 2099 2433; baseline 0.004 -27"><span class='ocrx_word' id='word_1_306' title='bbox 512 2340 719 2413; x_wconf 77' lang='lat' dir='ltr'><strong>ratione</strong></span> <span class='ocrx_word' id='word_1_307' title='bbox 752 2350 797 2411; x_wconf 42' lang='lat' dir='ltr'><strong>d.</strong></span> <span class='ocrx_word' id='word_1_308' title='bbox 824 2372 939 2433; x_wconf 63' lang='lat' dir='ltr'><strong>gina</strong></span> <span class='ocrx_word' id='word_1_309' title='bbox 970 2357 1034 2409; x_wconf 85' lang='lat' dir='ltr'><strong>ab</strong></span> <span class='ocrx_word' id='word_1_310' title='bbox 1061 2356 1113 2413; x_wconf 86' lang='lat' dir='ltr'><strong>ill</strong></span> <span class='ocrx_word' id='word_1_311' title='bbox 1136 2374 1170 2422; x_wconf 77' lang='grc' dir='ltr'>ι,</span> <span class='ocrx_word' id='word_1_312' title='bbox 1206 2359 1318 2410; x_wconf 78' lang='lat' dir='ltr'><strong>sive</strong></span> <span class='ocrx_word' id='word_1_313' title='bbox 1343 2358 1663 2422; x_wconf 63' lang='lat' dir='ltr'><strong>orthodoxe,</strong></span> <span class='ocrx_word' id='word_1_314' title='bbox 1697 2358 1810 2411; x_wconf 86' lang='lat' dir='ltr'><strong>sive</strong></span> <span class='ocrx_word' id='word_1_315' title='bbox 1845 2358 2099 2413; x_wconf 69' lang='lat' dir='ltr'><strong>haeretica</strong></span> 
     </span>
    </p>
   </div>
   <div class='ocr_carea' id='block_1_38' title="bbox 506 2451 1573 2509">
    <p class='ocr_par' dir='ltr' id='par_1_38' title="bbox 506 2451 1573 2509">
     <span class='ocr_line' id='line_1_38' title="bbox 506 2451 1573 2509; baseline 0.005 -8"><span class='ocrx_word' id='word_1_316' title='bbox 506 2458 818 2504; x_wconf 77' lang='lat' dir='ltr'><strong>constanter</strong></span> <span class='ocrx_word' id='word_1_317' title='bbox 846 2461 1108 2504; x_wconf 78' lang='lat' dir='ltr'><strong>assertum</strong></span> <span class='ocrx_word' id='word_1_318' title='bbox 1142 2468 1203 2505; x_wconf 87' lang='lat' dir='ltr'><strong>ac</strong></span> <span class='ocrx_word' id='word_1_319' title='bbox 1230 2451 1573 2509; x_wconf 74' lang='lat' dir='ltr'><strong>vindicatum.</strong></span> 
     </span>
    </p>
   </div>
   <div class='ocr_carea' id='block_1_39' title="bbox 583 2541 2098 2629">
    <p class='ocr_par' dir='ltr' id='par_1_39' title="bbox 583 2541 2098 2629">
     <span class='ocr_line' id='line_1_39' title="bbox 583 2541 2098 2629; baseline 0.004 -34"><span class='ocrx_word' id='word_1_320' title='bbox 583 2541 719 2596; x_wconf 75' lang='lat' dir='ltr'><strong>Vero</strong></span> <span class='ocrx_word' id='word_1_321' title='bbox 770 2542 948 2629; x_wconf 80' lang='lat' dir='ltr'><strong>itaque</strong></span> <span class='ocrx_word' id='word_1_322' title='bbox 993 2544 1220 2598; x_wconf 88' lang='lat' dir='ltr'><strong>similior</strong></span> <span class='ocrx_word' id='word_1_323' title='bbox 1262 2543 1509 2600; x_wconf 67' lang='lat' dir='ltr'><strong>fortassis</strong></span> <span class='ocrx_word' id='word_1_324' title='bbox 1557 2545 1823 2605; x_wconf 82' lang='lat' dir='ltr'><strong>videbitur</strong></span> <span class='ocrx_word' id='word_1_325' title='bbox 1869 2544 2098 2601; x_wconf 91' lang='lat' dir='ltr'><strong>aliorum</strong></span> 
     </span>
    </p>
   </div>
   <div class='ocr_carea' id='block_1_40' title="bbox 508 2634 2097 2709">
    <p class='ocr_par' dir='ltr' id='par_1_40' title="bbox 508 2634 2097 2709">
     <span class='ocr_line' id='line_1_40' title="bbox 508 2634 2097 2709; baseline 0.003 -21"><span class='ocrx_word' id='word_1_326' title='bbox 508 2635 791 2705; x_wconf 76' lang='lat' dir='ltr'><strong>reSponsio</strong></span> <span class='ocrx_word' id='word_1_327' title='bbox 812 2678 825 2701; x_wconf 88' lang='lat'><strong>,</strong></span> <span class='ocrx_word' id='word_1_328' title='bbox 858 2637 946 2709; x_wconf 88' lang='lat' dir='ltr'><strong>qui</strong></span> <span class='ocrx_word' id='word_1_329' title='bbox 979 2634 1163 2699; x_wconf 84' lang='lat' dir='ltr'><strong>dicunt</strong></span> <span class='ocrx_word' id='word_1_330' title='bbox 1192 2635 1600 2701; x_wconf 84' lang='lat' dir='ltr'><strong>Tertullianutn,</strong></span> <span class='ocrx_word' id='word_1_331' title='bbox 1626 2638 1872 2693; x_wconf 82' lang='lat' dir='ltr'><strong>acerrimi</strong></span> <span class='ocrx_word' id='word_1_332' title='bbox 1904 2638 2097 2709; x_wconf 76' lang='lat' dir='ltr'><strong>ingenii</strong></span> 
     </span>
    </p>
   </div>
   <div class='ocr_carea' id='block_1_41' title="bbox 505 2726 2099 2800">
    <p class='ocr_par' dir='ltr' id='par_1_41' title="bbox 505 2726 2099 2800">
     <span class='ocr_line' id='line_1_41' title="bbox 505 2726 2099 2800; baseline 0.004 -20"><span class='ocrx_word' id='word_1_333' title='bbox 505 2728 709 2795; x_wconf 87' lang='lat' dir='ltr'><strong>virum,</strong></span> <span class='ocrx_word' id='word_1_334' title='bbox 760 2726 898 2783; x_wconf 84' lang='lat' dir='ltr'><strong>haud</strong></span> <span class='ocrx_word' id='word_1_335' title='bbox 932 2730 1145 2786; x_wconf 88' lang='lat' dir='ltr'><strong>insolito</strong></span> <span class='ocrx_word' id='word_1_336' title='bbox 1186 2730 1568 2800; x_wconf 87' lang='lat' dir='ltr'><strong>disputantium</strong></span> <span class='ocrx_word' id='word_1_337' title='bbox 1600 2747 1749 2786; x_wconf 88' lang='lat' dir='ltr'><strong>more</strong></span> <span class='ocrx_word' id='word_1_338' title='bbox 1790 2733 1841 2787; x_wconf 89' lang='lat' dir='ltr'><strong>in</strong></span> <span class='ocrx_word' id='word_1_339' title='bbox 1871 2733 2099 2787; x_wconf 62' lang='lat' dir='ltr'><strong>ttiasitna</strong></span> 
     </span>
    </p>
   </div>
   <div class='ocr_carea' id='block_1_42' title="bbox 504 2809 2099 2896">
    <p class='ocr_par' dir='ltr' id='par_1_42' title="bbox 504 2809 2099 2896">
     <span class='ocr_line' id='line_1_42' title="bbox 504 2809 2099 2896; baseline 0.004 -23"><span class='ocrx_word' id='word_1_340' title='bbox 504 2820 572 2874; x_wconf 89' lang='lat' dir='ltr'><strong>de</strong></span> <span class='ocrx_word' id='word_1_341' title='bbox 597 2821 832 2879; x_wconf 83' lang='lat' dir='ltr'><strong>materia:</strong></span> <span class='ocrx_word' id='word_1_342' title='bbox 863 2823 1161 2877; x_wconf 70' lang='lat' dir='ltr'><strong>mternitate</strong></span> <span class='ocrx_word' id='word_1_343' title='bbox 1186 2837 1306 2877; x_wconf 90' lang='lat' dir='ltr'><strong>cum</strong></span> <span class='ocrx_word' id='word_1_344' title='bbox 1336 2809 1670 2896; x_wconf 26' lang='lat' dir='ltr'><strong>Herm-agent:</strong></span> <span class='ocrx_word' id='word_1_345' title='bbox 1693 2823 1947 2881; x_wconf 76' lang='lat' dir='ltr'><strong>lueretico</strong></span> <span class='ocrx_word' id='word_1_346' title='bbox 1974 2840 2099 2879; x_wconf 88' lang='lat' dir='ltr'><strong>con-</strong></span> 
     </span>
    </p>
   </div>
   <div class='ocr_carea' id='block_1_43' title="bbox 506 2915 2099 2993">
    <p class='ocr_par' dir='ltr' id='par_1_43' title="bbox 506 2915 2099 2993">
     <span class='ocr_line' id='line_1_43' title="bbox 506 2915 2099 2993; baseline 0.003 -25"><span class='ocrx_word' id='word_1_347' title='bbox 506 2916 775 2993; x_wconf 82' lang='lat' dir='ltr'><strong>tentione,</strong></span> <span class='ocrx_word' id='word_1_348' title='bbox 834 2915 991 2986; x_wconf 89' lang='lat' dir='ltr'><strong>paulo</strong></span> <span class='ocrx_word' id='word_1_349' title='bbox 1039 2916 1213 2983; x_wconf 85' lang='lat' dir='ltr'><strong>ultra,</strong></span> <span class='ocrx_word' id='word_1_350' title='bbox 1267 2932 1423 2989; x_wconf 79' lang='lat' dir='ltr'><strong>quam</strong></span> <span class='ocrx_word' id='word_1_351' title='bbox 1475 2933 1569 2989; x_wconf 89' lang='lat' dir='ltr'><strong>par</strong></span> <span class='ocrx_word' id='word_1_352' title='bbox 1619 2928 1764 2986; x_wconf 86' lang='lat' dir='ltr'><strong>erat,</strong></span> <span class='ocrx_word' id='word_1_353' title='bbox 1818 2918 2099 2993; x_wconf 88' lang='lat' dir='ltr'><strong>abreptum</strong></span> 
     </span>
    </p>
   </div>
   <div class='ocr_carea' id='block_1_44' title="bbox 505 2990 2099 3087">
    <p class='ocr_par' dir='ltr' id='par_1_44' title="bbox 505 2990 2099 3087">
     <span class='ocr_line' id='line_1_44' title="bbox 505 2990 2099 3087; baseline 0.004 -27"><span class='ocrx_word' id='word_1_354' title='bbox 505 3007 673 3067; x_wconf 78' lang='lat' dir='ltr'><strong>fuisse</strong></span> <span class='ocrx_word' id='word_1_355' title='bbox 711 2990 894 3080; x_wconf 80' lang='grc' dir='ltr'><strong>(Βαιι.</strong></span> <span class='ocrx_word' id='word_1_356' title='bbox 943 3008 1137 3080; x_wconf 67' lang='lat' dir='ltr'><strong>deteris.</strong></span> <span class='ocrx_word' id='word_1_357' title='bbox 1184 3009 1277 3079; x_wconf 80' lang='lat' dir='ltr'><strong>ﬁd.</strong></span> <span class='ocrx_word' id='word_1_358' title='bbox 1328 3008 1520 3077; x_wconf 54' lang='lat' dir='ltr'><strong>Nicen,</strong></span> <span class='ocrx_word' id='word_1_359' title='bbox 1571 3021 1693 3065; x_wconf 84' lang='lat' dir='ltr'><strong>sect.</strong></span> <span class='ocrx_word' id='word_1_360' title='bbox 1740 3010 1794 3079; x_wconf 78' lang='grc'><strong>5,</strong></span> <span class='ocrx_word' id='word_1_361' title='bbox 1845 2990 1961 3087; x_wconf 72' lang='lat' dir='ltr'><strong>cap.</strong></span> <span class='ocrx_word' id='word_1_362' title='bbox 2012 3010 2099 3078; x_wconf 76' lang='lat'><strong>10,</strong></span> 
     </span>
    </p>
   </div>
   <div class='ocr_carea' id='block_1_45' title="bbox 503 3099 2101 3179">
    <p class='ocr_par' dir='ltr' id='par_1_45' title="bbox 503 3099 2101 3179">
     <span class='ocr_line' id='line_1_45' title="bbox 503 3099 2101 3179; baseline 0.004 -25"><span class='ocrx_word' id='word_1_363' title='bbox 503 3119 558 3156; x_wconf 92' lang='lat' dir='ltr'><strong>n.</strong></span> <span class='ocrx_word' id='word_1_364' title='bbox 586 3100 683 3171; x_wconf 71' lang='grc'><strong>4).</strong></span> <span class='ocrx_word' id='word_1_365' title='bbox 710 3099 918 3157; x_wconf 81' lang='lat' dir='ltr'><strong>Nemini</strong></span> <span class='ocrx_word' id='word_1_366' title='bbox 946 3103 1085 3157; x_wconf 92' lang='lat' dir='ltr'><strong>enim</strong></span> <span class='ocrx_word' id='word_1_367' title='bbox 1105 3144 1119 3167; x_wconf 93' lang='lat'><strong>,</strong></span> <span class='ocrx_word' id='word_1_368' title='bbox 1150 3104 1228 3158; x_wconf 84' lang='lat' dir='ltr'><strong>vel</strong></span> <span class='ocrx_word' id='word_1_369' title='bbox 1262 3102 1601 3158; x_wconf 84' lang='lat' dir='ltr'><strong>mediocriter</strong></span> <span class='ocrx_word' id='word_1_370' title='bbox 1628 3104 1680 3158; x_wconf 92' lang='lat' dir='ltr'><strong>in</strong></span> <span class='ocrx_word' id='word_1_371' title='bbox 1710 3104 1947 3179; x_wconf 81' lang='lat' dir='ltr'><strong>legendis</strong></span> <span class='ocrx_word' id='word_1_372' title='bbox 1984 3105 2101 3179; x_wconf 87' lang='lat' dir='ltr'><strong>ejus</strong></span> 
     </span>
    </p>
   </div>
   <div class='ocr_carea' id='block_1_46' title="bbox 2206 1905 3796 1992">
    <p class='ocr_par' dir='ltr' id='par_1_46' title="bbox 2206 1905 3796 1992">
     <span class='ocr_line' id='line_1_46' title="bbox 2206 1905 3796 1992; baseline 0.011 -34"><span class='ocrx_word' id='word_1_373' title='bbox 2206 1905 2371 1960; x_wconf 90' lang='lat' dir='ltr'><strong>Deum</strong></span> <span class='ocrx_word' id='word_1_374' title='bbox 2402 1921 2522 1962; x_wconf 76' lang='lat' dir='ltr'><strong>esse</strong></span> <span class='ocrx_word' id='word_1_375' title='bbox 2560 1918 2802 1979; x_wconf 88' lang='lat' dir='ltr'><strong>patrem,</strong></span> <span class='ocrx_word' id='word_1_376' title='bbox 2836 1927 2933 1967; x_wconf 88' lang='lat' dir='ltr'><strong>nec</strong></span> <span class='ocrx_word' id='word_1_377' title='bbox 2965 1912 3082 1984; x_wconf 83' lang='lat' dir='ltr'><strong>ejus</strong></span> <span class='ocrx_word' id='word_1_378' title='bbox 3112 1910 3304 1973; x_wconf 84' lang='lat' dir='ltr'><strong>Filiu‘m</strong></span> <span class='ocrx_word' id='word_1_379' title='bbox 3354 1916 3598 1979; x_wconf 81' lang='lat' dir='ltr'><strong>homines</strong></span> <span class='ocrx_word' id='word_1_380' title='bbox 3625 1935 3796 1992; x_wconf 60' lang='lat' dir='ltr'><strong>agno-</strong></span> 
     </span>
    </p>
   </div>
   <div class='ocr_carea' id='block_1_47' title="bbox 2203 1998 3793 2085">
    <p class='ocr_par' dir='ltr' id='par_1_47' title="bbox 2203 1998 3793 2085">
     <span class='ocr_line' id='line_1_47' title="bbox 2203 1998 3793 2085; baseline 0.01 -34"><span class='ocrx_word' id='word_1_381' title='bbox 2203 1998 2458 2067; x_wconf 75' lang='lat' dir='ltr'><strong>St‘Cllaltl;</strong></span> <span class='ocrx_word' id='word_1_382' title='bbox 2488 2002 2607 2073; x_wconf 85' lang='lat' dir='ltr'><strong>quia</strong></span> <span class='ocrx_word' id='word_1_383' title='bbox 2641 2001 2795 2073; x_wconf 88' lang='lat' dir='ltr'><strong>hujus</strong></span> <span class='ocrx_word' id='word_1_384' title='bbox 2816 2006 3089 2075; x_wconf 78' lang='lat' dir='ltr'><strong>generatio</strong></span> <span class='ocrx_word' id='word_1_385' title='bbox 3114 2016 3169 2067; x_wconf 85' lang='lat' dir='ltr'><strong>et</strong></span> <span class='ocrx_word' id='word_1_386' title='bbox 3213 2008 3460 2065; x_wconf 84' lang='lat' dir='ltr'><strong>nativitas</strong></span> <span class='ocrx_word' id='word_1_387' title='bbox 3488 2010 3619 2085; x_wconf 76' lang='lat' dir='ltr'><strong>ipsis</strong></span> <span class='ocrx_word' id='word_1_388' title='bbox 3641 2027 3793 2067; x_wconf 85' lang='lat' dir='ltr'><strong>com-</strong></span> 
     </span>
    </p>
   </div>
   <div class='ocr_carea' id='block_1_48' title="bbox 2205 2096 3799 2173">
    <p class='ocr_par' dir='ltr' id='par_1_48' title="bbox 2205 2096 3799 2173">
     <span class='ocr_line' id='line_1_48' title="bbox 2205 2096 3799 2173; baseline 0.01 -27"><span class='ocrx_word' id='word_1_389' title='bbox 2205 2101 2350 2171; x_wconf 81' lang='lat' dir='ltr'><strong>perta</strong></span> <span class='ocrx_word' id='word_1_390' title='bbox 2382 2102 2438 2148; x_wconf 90' lang='lat' dir='ltr'><strong>et</strong></span> <span class='ocrx_word' id='word_1_391' title='bbox 2464 2096 2640 2171; x_wconf 78' lang='lat' dir='ltr'><strong>agnita</strong></span> <span class='ocrx_word' id='word_1_392' title='bbox 2675 2116 2778 2159; x_wconf 87' lang='lat' dir='ltr'><strong>non</strong></span> <span class='ocrx_word' id='word_1_393' title='bbox 2813 2098 3002 2154; x_wconf 77' lang='lat' dir='ltr'><strong>fuerat.</strong></span> <span class='ocrx_word' id='word_1_394' title='bbox 3036 2102 3125 2157; x_wconf 81' lang='lat' dir='ltr'><strong>Ast</strong></span> <span class='ocrx_word' id='word_1_395' title='bbox 3171 2101 3257 2157; x_wconf 92' lang='lat' dir='ltr'><strong>ubi</strong></span> <span class='ocrx_word' id='word_1_396' title='bbox 3282 2120 3397 2159; x_wconf 86' lang='lat' dir='ltr'><strong>eam</strong></span> <span class='ocrx_word' id='word_1_397' title='bbox 3428 2116 3799 2173; x_wconf 78' lang='lat' dir='ltr'><strong>agnoverunt,</strong></span> 
     </span>
    </p>
   </div>
   <div class='ocr_carea' id='block_1_49' title="bbox 2204 2180 3803 2269">
    <p class='ocr_par' dir='ltr' id='par_1_49' title="bbox 2204 2180 3803 2269">
     <span class='ocr_line' id='line_1_49' title="bbox 2204 2180 3803 2269; baseline 0.013 -35"><span class='ocrx_word' id='word_1_398' title='bbox 2204 2190 2349 2250; x_wconf 63' lang='lat' dir='ltr'><strong>tunc,</strong></span> <span class='ocrx_word' id='word_1_399' title='bbox 2374 2180 2534 2240; x_wconf 88' lang='lat' dir='ltr'><strong>sicuti</strong></span> <span class='ocrx_word' id='word_1_400' title='bbox 2564 2186 2764 2243; x_wconf 89' lang='lat' dir='ltr'><strong>dictum</strong></span> <span class='ocrx_word' id='word_1_401' title='bbox 2786 2189 2852 2243; x_wconf 84' lang='lat' dir='ltr'><strong>ab</strong></span> <span class='ocrx_word' id='word_1_402' title='bbox 2880 2208 2945 2245; x_wconf 91' lang='lat' dir='ltr'><strong>eo</strong></span> <span class='ocrx_word' id='word_1_403' title='bbox 2974 2192 3223 2259; x_wconf 81' lang='lat' dir='ltr'><strong>vidimus,</strong></span> <span class='ocrx_word' id='word_1_404' title='bbox 3247 2193 3359 2247; x_wconf 64' lang='lat' dir='ltr'><strong>hare</strong></span> <span class='ocrx_word' id='word_1_405' title='bbox 3385 2197 3660 2265; x_wconf 73' lang='lat' dir='ltr'><strong>generatio</strong></span> <span class='ocrx_word' id='word_1_406' title='bbox 3680 2213 3803 2269; x_wconf 85' lang='lat' dir='ltr'><strong>per-</strong></span> 
     </span>
    </p>
   </div>
   <div class='ocr_carea' id='block_1_50' title="bbox 2204 2273 3795 2361">
    <p class='ocr_par' dir='ltr' id='par_1_50' title="bbox 2204 2273 3795 2361">
     <span class='ocr_line' id='line_1_50' title="bbox 2204 2273 3795 2361; baseline 0.011 -32"><span class='ocrx_word' id='word_1_407' title='bbox 2204 2273 2339 2331; x_wconf 80' lang='lat' dir='ltr'><strong>fecta</strong></span> <span class='ocrx_word' id='word_1_408' title='bbox 2364 2276 2481 2333; x_wconf 80' lang='lat' dir='ltr'><strong>fuit.</strong></span> <span class='ocrx_word' id='word_1_409' title='bbox 2515 2279 2588 2335; x_wconf 90' lang='lat' dir='ltr'><strong>De</strong></span> <span class='ocrx_word' id='word_1_410' title='bbox 2611 2279 2707 2335; x_wconf 89' lang='lat' dir='ltr'><strong>hac</strong></span> <span class='ocrx_word' id='word_1_411' title='bbox 2728 2281 2887 2355; x_wconf 82' lang='lat' dir='ltr'><strong>igitur</strong></span> <span class='ocrx_word' id='word_1_412' title='bbox 2916 2285 3146 2357; x_wconf 81' lang='lat' dir='ltr'><strong>perfecta</strong></span> <span class='ocrx_word' id='word_1_413' title='bbox 3167 2328 3183 2351; x_wconf 91' lang='lat'><strong>,</strong></span> <span class='ocrx_word' id='word_1_414' title='bbox 3214 2304 3278 2341; x_wconf 90' lang='lat' dir='ltr'><strong>eo</strong></span> <span class='ocrx_word' id='word_1_415' title='bbox 3302 2329 3316 2355; x_wconf 93' lang='lat'><strong>,</strong></span> <span class='ocrx_word' id='word_1_416' title='bbox 3339 2303 3445 2358; x_wconf 89' lang='lat' dir='ltr'><strong>quo</strong></span> <span class='ocrx_word' id='word_1_417' title='bbox 3468 2289 3795 2361; x_wconf 76' lang='lat' dir='ltr'><strong>notavimus,</strong></span> 
     </span>
    </p>
   </div>
   <div class='ocr_carea' id='block_1_51' title="bbox 2202 2366 3773 2449">
    <p class='ocr_par' dir='ltr' id='par_1_51' title="bbox 2202 2366 3773 2449">
     <span class='ocr_line' id='line_1_51' title="bbox 2202 2366 3773 2449; baseline 0.01 -28"><span class='ocrx_word' id='word_1_418' title='bbox 2202 2382 2363 2425; x_wconf 81' lang='lat' dir='ltr'><strong>sensu</strong></span> <span class='ocrx_word' id='word_1_419' title='bbox 2390 2374 2733 2449; x_wconf 76' lang='lat' dir='ltr'><strong>generatione</strong></span> <span class='ocrx_word' id='word_1_420' title='bbox 2762 2373 2903 2447; x_wconf 90' lang='lat' dir='ltr'><strong>loqui</strong></span> <span class='ocrx_word' id='word_1_421' title='bbox 2933 2376 3156 2435; x_wconf 87' lang='lat' dir='ltr'><strong>videtur.</strong></span> <span class='ocrx_word' id='word_1_422' title='bbox 3308 2366 3313 2371; x_wconf 54' lang='grc'><em>’</em></span> <span class='ocrx_word' id='word_1_423' title='bbox 3756 2385 3773 2393; x_wconf 86' lang='grc'><em>’</em></span> 
     </span>
    </p>
   </div>
   <div class='ocr_carea' id='block_1_52' title="bbox 2285 2467 3803 2548">
    <p class='ocr_par' dir='ltr' id='par_1_52' title="bbox 2285 2467 3803 2548">
     <span class='ocr_line' id='line_1_52' title="bbox 2285 2467 3803 2548; baseline 0.009 -29"><span class='ocrx_word' id='word_1_424' title='bbox 2285 2467 2353 2520; x_wconf 88' lang='lat' dir='ltr'><strong>At</strong></span> <span class='ocrx_word' id='word_1_425' title='bbox 2390 2469 2526 2523; x_wconf 89' lang='lat' dir='ltr'><strong>hanc</strong></span> <span class='ocrx_word' id='word_1_426' title='bbox 2569 2484 2757 2523; x_wconf 84' lang='lat' dir='ltr'><strong>revera</strong></span> <span class='ocrx_word' id='word_1_427' title='bbox 2802 2486 2921 2525; x_wconf 86' lang='lat' dir='ltr'><strong>esse</strong></span> <span class='ocrx_word' id='word_1_428' title='bbox 2964 2470 3106 2526; x_wconf 88' lang='lat' dir='ltr'><strong>illius</strong></span> <span class='ocrx_word' id='word_1_429' title='bbox 3135 2484 3370 2529; x_wconf 90' lang='lat' dir='ltr'><strong>mentem</strong></span> <span class='ocrx_word' id='word_1_430' title='bbox 3406 2474 3599 2530; x_wconf 80' lang='lat' dir='ltr'><strong>conﬁci</strong></span> <span class='ocrx_word' id='word_1_431' title='bbox 3626 2485 3803 2548; x_wconf 85' lang='lat' dir='ltr'><strong>potest</strong></span> 
     </span>
    </p>
   </div>
   <div class='ocr_carea' id='block_1_53' title="bbox 2204 2561 3796 2638">
    <p class='ocr_par' dir='ltr' id='par_1_53' title="bbox 2204 2561 3796 2638">
     <span class='ocr_line' id='line_1_53' title="bbox 2204 2561 3796 2638; baseline 0.003 -20"><span class='ocrx_word' id='word_1_432' title='bbox 2204 2578 2268 2618; x_wconf 80' lang='lat' dir='ltr'><strong>ex</strong></span> <span class='ocrx_word' id='word_1_433' title='bbox 2311 2562 2489 2617; x_wconf 77' lang='lat' dir='ltr'><strong>citatis</strong></span> <span class='ocrx_word' id='word_1_434' title='bbox 2538 2561 2816 2635; x_wconf 86' lang='lat' dir='ltr'><strong>ipsiusmet</strong></span> <span class='ocrx_word' id='word_1_435' title='bbox 2856 2563 3113 2619; x_wconf 77' lang='lat' dir='ltr'><strong>adversus</strong></span> <span class='ocrx_word' id='word_1_436' title='bbox 3158 2564 3550 2638; x_wconf 74' lang='lat' dir='ltr'><strong>Hermogenem</strong></span> <span class='ocrx_word' id='word_1_437' title='bbox 3582 2568 3796 2623; x_wconf 84' lang='lat' dir='ltr'><strong>verbis:</strong></span> 
     </span>
    </p>
   </div>
   <div class='ocr_carea' id='block_1_54' title="bbox 2206 2654 3801 2733">
    <p class='ocr_par' dir='ltr' id='par_1_54' title="bbox 2206 2654 3801 2733">
     <span class='ocr_line' id='line_1_54' title="bbox 2206 2654 3801 2733; baseline 0.004 -23"><span class='ocrx_word' id='word_1_438' title='bbox 2206 2656 2405 2730; x_wconf 77' lang='lat' dir='ltr'><strong>Sep/tia</strong></span> <span class='ocrx_word' id='word_1_439' title='bbox 2443 2656 2604 2728; x_wconf 86' lang='lat' dir='ltr'><strong>ipsius</strong></span> <span class='ocrx_word' id='word_1_440' title='bbox 2624 2698 2638 2723; x_wconf 85' lang='lat'><strong>,</strong></span> <span class='ocrx_word' id='word_1_441' title='bbox 2675 2656 2872 2728; x_wconf 87' lang='lat' dir='ltr'><strong>inquit,</strong></span> <span class='ocrx_word' id='word_1_442' title='bbox 2902 2658 3082 2715; x_wconf 75' lang='lat' dir='ltr'><strong>exinde</strong></span> <span class='ocrx_word' id='word_1_443' title='bbox 3109 2669 3229 2714; x_wconf 82' lang='lat' dir='ltr'><strong>nata</strong></span> <span class='ocrx_word' id='word_1_444' title='bbox 3268 2669 3315 2714; x_wconf 82' lang='lat' dir='ltr'><strong>et</strong></span> <span class='ocrx_word' id='word_1_445' title='bbox 3351 2654 3556 2717; x_wconf 83' lang='lat' dir='ltr'><strong>cendita</strong></span> <span class='ocrx_word' id='word_1_446' title='bbox 3577 2704 3592 2730; x_wconf 86' lang='lat'><strong>,</strong></span> <span class='ocrx_word' id='word_1_447' title='bbox 3621 2678 3684 2717; x_wconf 73' lang='lat' dir='ltr'><strong>ea:</strong></span> <span class='ocrx_word' id='word_1_448' title='bbox 3703 2678 3801 2733; x_wconf 83' lang='lat' dir='ltr'><strong>quo</strong></span> 
     </span>
    </p>
   </div>
   <div class='ocr_carea' id='block_1_55' title="bbox 2203 2749 3803 2829">
    <p class='ocr_par' dir='ltr' id='par_1_55' title="bbox 2203 2749 3803 2829">
     <span class='ocr_line' id='line_1_55' title="bbox 2203 2749 3803 2829; baseline 0.004 -26"><span class='ocrx_word' id='word_1_449' title='bbox 2203 2752 2255 2809; x_wconf 87' lang='lat' dir='ltr'><strong>in</strong></span> <span class='ocrx_word' id='word_1_450' title='bbox 2278 2767 2425 2805; x_wconf 87' lang='lat' dir='ltr'><strong>sensu</strong></span> <span class='ocrx_word' id='word_1_451' title='bbox 2453 2749 2548 2803; x_wconf 87' lang='lat' dir='ltr'><strong>Dei</strong></span> <span class='ocrx_word' id='word_1_452' title='bbox 2584 2751 2653 2804; x_wconf 85' lang='lat' dir='ltr'><strong>ad</strong></span> <span class='ocrx_word' id='word_1_453' title='bbox 2682 2766 2836 2823; x_wconf 81' lang='lat' dir='ltr'><strong>opera</strong></span> <span class='ocrx_word' id='word_1_454' title='bbox 2868 2752 3043 2805; x_wconf 87' lang='lat' dir='ltr'><strong>mundi</strong></span> <span class='ocrx_word' id='word_1_455' title='bbox 3068 2752 3382 2822; x_wconf 80' lang='lat' dir='ltr'><strong>disponenda</strong></span> <span class='ocrx_word' id='word_1_456' title='bbox 3430 2757 3581 2826; x_wconf 73' lang='lat' dir='ltr'><strong>etrapit</strong></span> <span class='ocrx_word' id='word_1_457' title='bbox 3617 2756 3803 2829; x_wconf 82' lang='lat' dir='ltr'><strong>agitari</strong></span> 
     </span>
    </p>
   </div>
   <div class='ocr_carea' id='block_1_56' title="bbox 2207 2842 3801 2919">
    <p class='ocr_par' dir='ltr' id='par_1_56' title="bbox 2207 2842 3801 2919">
     <span class='ocr_line' id='line_1_56' title="bbox 2207 2842 3801 2919; baseline 0.005 -22"><span class='ocrx_word' id='word_1_458' title='bbox 2207 2842 2549 2915; x_wconf 81' lang='lat' dir='ltr'><strong>(Tertulltan.</strong></span> <span class='ocrx_word' id='word_1_459' title='bbox 2586 2843 2670 2896; x_wconf 88' lang='lat' dir='ltr'><strong>lib.</strong></span> <span class='ocrx_word' id='word_1_460' title='bbox 2730 2843 2924 2899; x_wconf 73' lang='lat' dir='ltr'><strong>advers.</strong></span> <span class='ocrx_word' id='word_1_461' title='bbox 2963 2844 3269 2918; x_wconf 83' lang='lat' dir='ltr'><strong>Hermogeu.</strong></span> <span class='ocrx_word' id='word_1_462' title='bbox 3311 2864 3424 2919; x_wconf 85' lang='lat' dir='ltr'><strong>cap.</strong></span> <span class='ocrx_word' id='word_1_463' title='bbox 3491 2850 3579 2919; x_wconf 79' lang='grc'><strong>18)</strong></span> <span class='ocrx_word' id='word_1_464' title='bbox 3613 2865 3629 2916; x_wconf 87' lang='grc'><strong>;</strong></span> <span class='ocrx_word' id='word_1_465' title='bbox 3678 2850 3801 2918; x_wconf 83' lang='lat' dir='ltr'><strong>quia</strong></span> 
     </span>
    </p>
   </div>
   <div class='ocr_carea' id='block_1_57' title="bbox 2209 2937 3798 3011">
    <p class='ocr_par' dir='ltr' id='par_1_57' title="bbox 2209 2937 3798 3011">
     <span class='ocr_line' id='line_1_57' title="bbox 2209 2937 3798 3011; baseline 0.006 -21"><span class='ocrx_word' id='word_1_466' title='bbox 2209 2938 2321 2993; x_wconf 79' lang='lat' dir='ltr'><strong>lace</strong></span> <span class='ocrx_word' id='word_1_467' title='bbox 2383 2938 2492 3007; x_wconf 85' lang='lat' dir='ltr'><strong>ipsa</strong></span> <span class='ocrx_word' id='word_1_468' title='bbox 2546 2937 2779 3010; x_wconf 80' lang='lat' dir='ltr'><strong>Sophia,</strong></span> <span class='ocrx_word' id='word_1_469' title='bbox 2831 2955 2985 3009; x_wconf 78' lang='lat' dir='ltr'><strong>quze,</strong></span> <span class='ocrx_word' id='word_1_470' title='bbox 3022 2939 3148 3006; x_wconf 86' lang='lat' dir='ltr'><strong>illo,</strong></span> <span class='ocrx_word' id='word_1_471' title='bbox 3203 2951 3258 2997; x_wconf 90' lang='lat' dir='ltr'><strong>ut</strong></span> <span class='ocrx_word' id='word_1_472' title='bbox 3296 2941 3798 3011; x_wconf 78' lang='lat' dir='ltr'><strong>ilixiniiis,i.-ttente,</strong></span> 
     </span>
    </p>
   </div>
   <div class='ocr_carea' id='block_1_58' title="bbox 2207 3029 3801 3107">
    <p class='ocr_par' dir='ltr' id='par_1_58' title="bbox 2207 3029 3801 3107">
     <span class='ocr_line' id='line_1_58' title="bbox 2207 3029 3801 3107; baseline 0.004 -23"><span class='ocrx_word' id='word_1_473' title='bbox 2207 3030 2256 3091; x_wconf 83' lang='lat' dir='ltr'><strong>in</strong></span> <span class='ocrx_word' id='word_1_474' title='bbox 2286 3030 2395 3084; x_wconf 88' lang='lat' dir='ltr'><strong>Deo</strong></span> <span class='ocrx_word' id='word_1_475' title='bbox 2421 3040 2569 3105; x_wconf 85' lang='lat' dir='ltr'><strong>patre</strong></span> <span class='ocrx_word' id='word_1_476' title='bbox 2598 3045 2811 3101; x_wconf 88' lang='lat' dir='ltr'><strong>semper</strong></span> <span class='ocrx_word' id='word_1_477' title='bbox 2839 3029 2932 3085; x_wconf 82' lang='lat' dir='ltr'><strong>fuit</strong></span> <span class='ocrx_word' id='word_1_478' title='bbox 2952 3073 2966 3096; x_wconf 90' lang='lat'><strong>,</strong></span> <span class='ocrx_word' id='word_1_479' title='bbox 3000 3031 3303 3089; x_wconf 88' lang='lat' dir='ltr'><strong>hominibus</strong></span> <span class='ocrx_word' id='word_1_480' title='bbox 3323 3049 3387 3089; x_wconf 79' lang='lat' dir='ltr'><strong>ex</strong></span> <span class='ocrx_word' id='word_1_481' title='bbox 3412 3035 3528 3105; x_wconf 81' lang='lat' dir='ltr'><strong>ipso</strong></span> <span class='ocrx_word' id='word_1_482' title='bbox 3556 3044 3676 3091; x_wconf 85' lang='lat' dir='ltr'><strong>nata</strong></span> <span class='ocrx_word' id='word_1_483' title='bbox 3704 3050 3801 3107; x_wconf 80' lang='lat' dir='ltr'><strong>ap-</strong></span> 
     </span>
    </p>
   </div>
   <div class='ocr_carea' id='block_1_59' title="bbox 2206 3123 3802 3197">
    <p class='ocr_par' dir='ltr' id='par_1_59' title="bbox 2206 3123 3802 3197">
     <span class='ocr_line' id='line_1_59' title="bbox 2206 3123 3802 3197; baseline 0.004 -21"><span class='ocrx_word' id='word_1_484' title='bbox 2206 3125 2411 3197; x_wconf 88' lang='lat' dir='ltr'><strong>paruit,</strong></span> <span class='ocrx_word' id='word_1_485' title='bbox 2442 3139 2505 3179; x_wconf 89' lang='lat' dir='ltr'><strong>ac</strong></span> <span class='ocrx_word' id='word_1_486' title='bbox 2535 3123 2815 3180; x_wconf 79' lang='lat' dir='ltr'><strong>manifesta</strong></span> <span class='ocrx_word' id='word_1_487' title='bbox 2847 3124 2975 3196; x_wconf 87' lang='lat' dir='ltr'><strong>ipsis</strong></span> <span class='ocrx_word' id='word_1_488' title='bbox 3004 3125 3136 3187; x_wconf 82' lang='lat' dir='ltr'><strong>facta</strong></span> <span class='ocrx_word' id='word_1_489' title='bbox 3179 3137 3280 3182; x_wconf 70' lang='lat' dir='ltr'><strong>03L</strong></span> <span class='ocrx_word' id='word_1_490' title='bbox 3322 3126 3437 3181; x_wconf 82' lang='lat' dir='ltr'><strong>Non</strong></span> <span class='ocrx_word' id='word_1_491' title='bbox 3482 3128 3623 3183; x_wconf 84' lang='lat' dir='ltr'><strong>enim</strong></span> <span class='ocrx_word' id='word_1_492' title='bbox 3670 3128 3802 3185; x_wconf 77' lang='lat' dir='ltr'><strong>dixit</strong></span> 
     </span>
    </p>
   </div>
   <div class='ocr_carea' id='block_1_60' title="bbox 508 3195 2099 3292">
    <p class='ocr_par' dir='ltr' id='par_1_60' title="bbox 508 3195 2094 3270">
     <span class='ocr_line' id='line_1_60' title="bbox 508 3195 2094 3270; baseline 0.006 -23"><span class='ocrx_word' id='word_1_493' title='bbox 508 3195 656 3250; x_wconf 76' lang='lat' dir='ltr'><strong>libris</strong></span> <span class='ocrx_word' id='word_1_494' title='bbox 685 3206 913 3263; x_wconf 80' lang='lat' dir='ltr'><strong>versato,</strong></span> <span class='ocrx_word' id='word_1_495' title='bbox 950 3197 1337 3267; x_wconf 86' lang='lat' dir='ltr'><strong>incompertum</strong></span> <span class='ocrx_word' id='word_1_496' title='bbox 1365 3212 1485 3253; x_wconf 87' lang='lat' dir='ltr'><strong>esse</strong></span> <span class='ocrx_word' id='word_1_497' title='bbox 1512 3207 1685 3270; x_wconf 82' lang='lat' dir='ltr'><strong>potest</strong></span> <span class='ocrx_word' id='word_1_498' title='bbox 1714 3198 1863 3254; x_wconf 90' lang='lat' dir='ltr'><strong>illum</strong></span> <span class='ocrx_word' id='word_1_499' title='bbox 1895 3201 1961 3254; x_wconf 90' lang='lat' dir='ltr'><strong>ad</strong></span> <span class='ocrx_word' id='word_1_500' title='bbox 1986 3210 2094 3259; x_wconf 81' lang='lat' dir='ltr'><strong>sta-</strong></span> 
     </span>
    </p>
   </div>
   <div class='ocr_carea' id='block_1_61' title="bbox 2203 3195 3800 3292">
    <p class='ocr_par' dir='ltr' id='par_1_61' title="bbox 2207 3195 3800 3292">
     <span class='ocr_line' id='line_1_61' title="bbox 2207 3195 3800 3292; baseline 0.005 -23"><span class='ocrx_word' id='word_1_501' title='bbox 2207 3195 2324 3271; x_wconf 82' lang='lat' dir='ltr'><strong>eatn</strong></span> <span class='ocrx_word' id='word_1_502' title='bbox 2372 3224 2478 3271; x_wconf 81' lang='lat' dir='ltr'><strong>tum</strong></span> <span class='ocrx_word' id='word_1_503' title='bbox 2507 3216 2737 3288; x_wconf 81' lang='lat' dir='ltr'><strong>primum</strong></span> <span class='ocrx_word' id='word_1_504' title='bbox 2765 3227 2935 3273; x_wconf 88' lang='lat' dir='ltr'><strong>ortam</strong></span> <span class='ocrx_word' id='word_1_505' title='bbox 2968 3234 3029 3275; x_wconf 88' lang='lat' dir='ltr'><strong>ac</strong></span> <span class='ocrx_word' id='word_1_506' title='bbox 3054 3220 3308 3291; x_wconf 76' lang='lat' dir='ltr'><strong>genitam.</strong></span> <span class='ocrx_word' id='word_1_507' title='bbox 3358 3220 3488 3277; x_wconf 82' lang='lat' dir='ltr'><strong>Nam</strong></span> <span class='ocrx_word' id='word_1_508' title='bbox 3540 3222 3640 3275; x_wconf 88' lang='lat' dir='ltr'><strong>hoc</strong></span> <span class='ocrx_word' id='word_1_509' title='bbox 3684 3222 3800 3292; x_wconf 88' lang='lat' dir='ltr'><strong>ipso</strong></span> 
     </span>
    </p>
   </div>
   <div class='ocr_carea' id='block_1_62' title="bbox 507 3286 2101 3367">
    <p class='ocr_par' dir='ltr' id='par_1_62' title="bbox 507 3286 2101 3367">
     <span class='ocr_line' id='line_1_62' title="bbox 507 3286 2101 3367; baseline 0.002 -22"><span class='ocrx_word' id='word_1_510' title='bbox 507 3286 792 3345; x_wconf 84' lang='lat' dir='ltr'><strong>bilicntlam</strong></span> <span class='ocrx_word' id='word_1_511' title='bbox 825 3289 1059 3363; x_wconf 86' lang='lat' dir='ltr'><strong>aliquam</strong></span> <span class='ocrx_word' id='word_1_512' title='bbox 1081 3292 1501 3367; x_wconf 81' lang='lat' dir='ltr'><strong>propositionem</strong></span> <span class='ocrx_word' id='word_1_513' title='bbox 1525 3291 1761 3364; x_wconf 84' lang='lat' dir='ltr'><strong>undique</strong></span> <span class='ocrx_word' id='word_1_514' title='bbox 1785 3302 2101 3364; x_wconf 83' lang='lat' dir='ltr'><strong>argumenta</strong></span> 
     </span>
    </p>
   </div>
   <div class='ocr_carea' id='block_1_63' title="bbox 506 3382 2099 3457">
    <p class='ocr_par' dir='ltr' id='par_1_63' title="bbox 506 3382 2099 3457">
     <span class='ocr_line' id='line_1_63' title="bbox 506 3382 2099 3457; baseline 0.003 -21"><span class='ocrx_word' id='word_1_515' title='bbox 506 3382 779 3452; x_wconf 80' lang='lat' dir='ltr'><strong>colligere.</strong></span> <span class='ocrx_word' id='word_1_516' title='bbox 801 3397 863 3436; x_wconf 88' lang='lat' dir='ltr'><strong>ac</strong></span> <span class='ocrx_word' id='word_1_517' title='bbox 883 3396 944 3436; x_wconf 89' lang='lat' dir='ltr'><strong>ca</strong></span> <span class='ocrx_word' id='word_1_518' title='bbox 969 3382 1129 3436; x_wconf 82' lang='lat' dir='ltr'><strong>etiam</strong></span> <span class='ocrx_word' id='word_1_519' title='bbox 1154 3398 1272 3452; x_wconf 77' lang='lat' dir='ltr'><strong>qua:</strong></span> <span class='ocrx_word' id='word_1_520' title='bbox 1298 3399 1403 3437; x_wconf 88' lang='lat' dir='ltr'><strong>non</strong></span> <span class='ocrx_word' id='word_1_521' title='bbox 1435 3383 1609 3457; x_wconf 82' lang='lat' dir='ltr'><strong>magni</strong></span> <span class='ocrx_word' id='word_1_522' title='bbox 1638 3392 1793 3438; x_wconf 87' lang='lat' dir='ltr'><strong>erant</strong></span> <span class='ocrx_word' id='word_1_523' title='bbox 1814 3385 2099 3440; x_wconf 87' lang='lat' dir='ltr'><strong>momenti.</strong></span> 
     </span>
    </p>
   </div>
   <div class='ocr_carea' id='block_1_64' title="bbox 506 3476 2100 3553">
    <p class='ocr_par' dir='ltr' id='par_1_64' title="bbox 506 3476 2100 3553">
     <span class='ocr_line' id='line_1_64' title="bbox 506 3476 2100 3553; baseline 0.002 -21"><span class='ocrx_word' id='word_1_524' title='bbox 506 3476 623 3532; x_wconf 90' lang='lat' dir='ltr'><strong>Non</strong></span> <span class='ocrx_word' id='word_1_525' title='bbox 654 3492 813 3553; x_wconf 77' lang='lat' dir='ltr'><strong>ergo,</strong></span> <span class='ocrx_word' id='word_1_526' title='bbox 844 3477 1087 3547; x_wconf 88' lang='lat' dir='ltr'><strong>inquiunt</strong></span> <span class='ocrx_word' id='word_1_527' title='bbox 1114 3520 1128 3543; x_wconf 92' lang='lat'><strong>,</strong></span> <span class='ocrx_word' id='word_1_528' title='bbox 1158 3494 1220 3532; x_wconf 75' lang='lat' dir='ltr'><strong>ex</strong></span> <span class='ocrx_word' id='word_1_529' title='bbox 1250 3477 1426 3533; x_wconf 88' lang='lat' dir='ltr'><strong>citatis</strong></span> <span class='ocrx_word' id='word_1_530' title='bbox 1469 3477 1627 3551; x_wconf 86' lang='lat' dir='ltr'><strong>hujus</strong></span> <span class='ocrx_word' id='word_1_531' title='bbox 1657 3479 1774 3534; x_wconf 88' lang='lat' dir='ltr'><strong>libri</strong></span> <span class='ocrx_word' id='word_1_532' title='bbox 1807 3479 1987 3535; x_wconf 83' lang='lat' dir='ltr'><strong>verbis</strong></span> <span class='ocrx_word' id='word_1_533' title='bbox 2010 3480 2100 3550; x_wconf 82' lang='lat' dir='ltr'><strong>ju-</strong></span> 
     </span>
    </p>
   </div>
   <div class='ocr_carea' id='block_1_65' title="bbox 503 3568 2093 3645">
    <p class='ocr_par' dir='ltr' id='par_1_65' title="bbox 503 3568 2093 3645">
     <span class='ocr_line' id='line_1_65' title="bbox 503 3568 2093 3645; baseline 0.005 -24"><span class='ocrx_word' id='word_1_534' title='bbox 503 3569 791 3626; x_wconf 85' lang='lat' dir='ltr'><strong>dicandum</strong></span> <span class='ocrx_word' id='word_1_535' title='bbox 821 3579 902 3624; x_wconf 90' lang='lat' dir='ltr'><strong>est</strong></span> <span class='ocrx_word' id='word_1_536' title='bbox 925 3610 940 3637; x_wconf 93' lang='lat'><strong>,</strong></span> <span class='ocrx_word' id='word_1_537' title='bbox 970 3568 1094 3641; x_wconf 89' lang='lat' dir='ltr'><strong>quid</strong></span> <span class='ocrx_word' id='word_1_538' title='bbox 1126 3570 1216 3625; x_wconf 91' lang='lat' dir='ltr'><strong>ille</strong></span> <span class='ocrx_word' id='word_1_539' title='bbox 1245 3570 1312 3627; x_wconf 88' lang='lat' dir='ltr'><strong>de</strong></span> <span class='ocrx_word' id='word_1_540' title='bbox 1352 3580 1552 3627; x_wconf 71' lang='lat' dir='ltr'><strong>acterna</strong></span> <span class='ocrx_word' id='word_1_541' title='bbox 1584 3571 1704 3627; x_wconf 89' lang='lat' dir='ltr'><strong>Filii</strong></span> <span class='ocrx_word' id='word_1_542' title='bbox 1748 3572 1839 3628; x_wconf 89' lang='lat' dir='ltr'><strong>Dei</strong></span> <span class='ocrx_word' id='word_1_543' title='bbox 1868 3589 2093 3645; x_wconf 78' lang='lat' dir='ltr'><strong>genera-</strong></span> 
     </span>
    </p>
   </div>
   <div class='ocr_carea' id='block_1_66' title="bbox 507 3664 2103 3743">
    <p class='ocr_par' dir='ltr' id='par_1_66' title="bbox 507 3664 2103 3743">
     <span class='ocr_line' id='line_1_66' title="bbox 507 3664 2103 3743; baseline -0.003 -16"><span class='ocrx_word' id='word_1_544' title='bbox 507 3674 652 3727; x_wconf 85' lang='lat' dir='ltr'><strong>tione</strong></span> <span class='ocrx_word' id='word_1_545' title='bbox 698 3664 965 3731; x_wconf 88' lang='lat' dir='ltr'><strong>senserit;</strong></span> <span class='ocrx_word' id='word_1_546' title='bbox 1002 3664 1099 3721; x_wconf 90' lang='lat' dir='ltr'><strong>sed</strong></span> <span class='ocrx_word' id='word_1_547' title='bbox 1145 3681 1208 3721; x_wconf 77' lang='lat' dir='ltr'><strong>ex</strong></span> <span class='ocrx_word' id='word_1_548' title='bbox 1232 3664 1397 3735; x_wconf 85' lang='lat' dir='ltr'><strong>aliis,</strong></span> <span class='ocrx_word' id='word_1_549' title='bbox 1448 3664 1539 3721; x_wconf 90' lang='lat' dir='ltr'><strong>ubi</strong></span> <span class='ocrx_word' id='word_1_550' title='bbox 1582 3665 1769 3721; x_wconf 89' lang='lat' dir='ltr'><strong>sedato</strong></span> <span class='ocrx_word' id='word_1_551' title='bbox 1808 3677 2103 3743; x_wconf 77' lang='lat' dir='ltr'><strong>pacataque</strong></span> 
     </span>
    </p>
   </div>
   <div class='ocr_carea' id='block_1_67' title="bbox 504 3762 2097 3830">
    <p class='ocr_par' dir='ltr' id='par_1_67' title="bbox 504 3762 2097 3830">
     <span class='ocr_line' id='line_1_67' title="bbox 504 3762 2097 3830; baseline 0.001 -12"><span class='ocrx_word' id='word_1_552' title='bbox 504 3766 687 3821; x_wconf 91' lang='lat' dir='ltr'><strong>animo</strong></span> <span class='ocrx_word' id='word_1_553' title='bbox 731 3779 904 3828; x_wconf 88' lang='lat' dir='ltr'><strong>suam,</strong></span> <span class='ocrx_word' id='word_1_554' title='bbox 948 3764 1023 3818; x_wconf 89' lang='lat' dir='ltr'><strong>uti</strong></span> <span class='ocrx_word' id='word_1_555' title='bbox 1064 3763 1291 3818; x_wconf 80' lang='lat' dir='ltr'><strong>vidimus</strong></span> <span class='ocrx_word' id='word_1_556' title='bbox 1314 3805 1329 3830; x_wconf 92' lang='lat'><strong>,</strong></span> <span class='ocrx_word' id='word_1_557' title='bbox 1360 3776 1414 3819; x_wconf 87' lang='lat' dir='ltr'><strong>et</strong></span> <span class='ocrx_word' id='word_1_558' title='bbox 1442 3764 1600 3819; x_wconf 75' lang='lat' dir='ltr'><strong>totius</strong></span> <span class='ocrx_word' id='word_1_559' title='bbox 1628 3762 1883 3821; x_wconf 70' lang='lat' dir='ltr'><strong>Ecclesiae</strong></span> <span class='ocrx_word' id='word_1_560' title='bbox 1911 3763 1978 3819; x_wconf 90' lang='lat' dir='ltr'><strong>de</strong></span> <span class='ocrx_word' id='word_1_561' title='bbox 2008 3781 2097 3819; x_wconf 88' lang='lat' dir='ltr'><strong>su-</strong></span> 
     </span>
    </p>
   </div>
   <div class='ocr_carea' id='block_1_68' title="bbox 504 3852 2101 3927">
    <p class='ocr_par' dir='ltr' id='par_1_68' title="bbox 504 3852 2101 3927">
     <span class='ocr_line' id='line_1_68' title="bbox 504 3852 2101 3927; baseline 0.002 -16"><span class='ocrx_word' id='word_1_562' title='bbox 504 3871 686 3927; x_wconf 88' lang='lat' dir='ltr'><strong>prema</strong></span> <span class='ocrx_word' id='word_1_563' title='bbox 715 3854 835 3911; x_wconf 84' lang='lat' dir='ltr'><strong>Filii</strong></span> <span class='ocrx_word' id='word_1_564' title='bbox 869 3855 959 3911; x_wconf 92' lang='lat' dir='ltr'><strong>Dei</strong></span> <span class='ocrx_word' id='word_1_565' title='bbox 982 3855 1257 3911; x_wconf 84' lang='lat' dir='ltr'><strong>divinitate</strong></span> <span class='ocrx_word' id='word_1_566' title='bbox 1278 3869 1331 3911; x_wconf 89' lang='lat' dir='ltr'><strong>ct</strong></span> <span class='ocrx_word' id='word_1_567' title='bbox 1358 3855 1656 3912; x_wconf 84' lang='lat' dir='ltr'><strong>:eternitatc</strong></span> <span class='ocrx_word' id='word_1_568' title='bbox 1681 3852 1978 3915; x_wconf 83' lang='lat' dir='ltr'><strong>doctrinam</strong></span> <span class='ocrx_word' id='word_1_569' title='bbox 2004 3872 2101 3914; x_wconf 86' lang='lat' dir='ltr'><strong>cx-</strong></span> 
     </span>
    </p>
   </div>
   <div class='ocr_carea' id='block_1_69' title="bbox 505 3950 739 4022">
    <p class='ocr_par' dir='ltr' id='par_1_69' title="bbox 505 3950 739 4022">
     <span class='ocr_line' id='line_1_69' title="bbox 505 3950 739 4022; baseline -0.004 -20"><span class='ocrx_word' id='word_1_570' title='bbox 505 3950 739 4022; x_wconf 81' lang='lat' dir='ltr'><strong>pliCaVil.</strong></span> 
     </span>
    </p>
   </div>
   <div class='ocr_carea' id='block_1_70' title="bbox 576 4039 2101 4115">
    <p class='ocr_par' dir='ltr' id='par_1_70' title="bbox 576 4039 2101 4115">
     <span class='ocr_line' id='line_1_70' title="bbox 576 4039 2101 4115; baseline 0.001 -19"><span class='ocrx_word' id='word_1_571' title='bbox 576 4039 682 4099; x_wconf 88' lang='lat' dir='ltr'><strong>Sed</strong></span> <span class='ocrx_word' id='word_1_572' title='bbox 713 4042 1045 4108; x_wconf 82' lang='lat' dir='ltr'><strong>accuratius,</strong></span> <span class='ocrx_word' id='word_1_573' title='bbox 1079 4043 1123 4096; x_wconf 81' lang='lat' dir='ltr'><strong>si</strong></span> <span class='ocrx_word' id='word_1_574' title='bbox 1170 4041 1348 4109; x_wconf 84' lang='lat' dir='ltr'><strong>lubet,</strong></span> <span class='ocrx_word' id='word_1_575' title='bbox 1379 4041 1744 4115; x_wconf 72' lang='lat' dir='ltr'><strong>espendamus</strong></span> <span class='ocrx_word' id='word_1_576' title='bbox 1792 4053 1965 4101; x_wconf 86' lang='lat' dir='ltr'><strong>utrum</strong></span> <span class='ocrx_word' id='word_1_577' title='bbox 2012 4041 2101 4098; x_wconf 91' lang='lat' dir='ltr'><strong>ille</strong></span> 
     </span>
    </p>
   </div>
   <div class='ocr_carea' id='block_1_71' title="bbox 508 4137 2100 4209">
    <p class='ocr_par' dir='ltr' id='par_1_71' title="bbox 508 4137 2100 4209">
     <span class='ocr_line' id='line_1_71' title="bbox 508 4137 2100 4209; baseline 0.004 -22"><span class='ocrx_word' id='word_1_578' title='bbox 508 4152 652 4191; x_wconf 71' lang='lat' dir='ltr'><strong>verte</strong></span> <span class='ocrx_word' id='word_1_579' title='bbox 692 4145 745 4191; x_wconf 91' lang='lat' dir='ltr'><strong>et</strong></span> <span class='ocrx_word' id='word_1_580' title='bbox 777 4152 805 4189; x_wconf 90' lang='lat' dir='ltr'><strong>a</strong></span> <span class='ocrx_word' id='word_1_581' title='bbox 852 4151 910 4191; x_wconf 89' lang='lat' dir='ltr'><strong>se</strong></span> <span class='ocrx_word' id='word_1_582' title='bbox 940 4137 1191 4192; x_wconf 77' lang='lat' dir='ltr'><strong>stabilita:</strong></span> <span class='ocrx_word' id='word_1_583' title='bbox 1237 4137 1495 4192; x_wconf 73' lang='lat' dir='ltr'><strong>dor-trime</strong></span> <span class='ocrx_word' id='word_1_584' title='bbox 1539 4137 1833 4209; x_wconf 37' lang='lat' dir='ltr'><strong>limites‘in</strong></span> <span class='ocrx_word' id='word_1_585' title='bbox 1875 4138 2100 4209; x_wconf 80' lang='lat' dir='ltr'><strong>objectis</strong></span> 
     </span>
    </p>
   </div>
   <div class='ocr_carea' id='block_1_72' title="bbox 505 4228 2101 4307">
    <p class='ocr_par' dir='ltr' id='par_1_72' title="bbox 505 4228 2101 4307">
     <span class='ocr_line' id='line_1_72' title="bbox 505 4228 2101 4307; baseline 0.001 -22"><span class='ocrx_word' id='word_1_586' title='bbox 505 4228 638 4289; x_wconf 84' lang='lat' dir='ltr'><strong>locis</strong></span> <span class='ocrx_word' id='word_1_587' title='bbox 666 4229 839 4307; x_wconf 84' lang='lat' dir='ltr'><strong>reipsa</strong></span> <span class='ocrx_word' id='word_1_588' title='bbox 881 4229 950 4284; x_wconf 88' lang='lat' dir='ltr'><strong>sit</strong></span> <span class='ocrx_word' id='word_1_589' title='bbox 993 4238 1376 4301; x_wconf 75' lang='lat' dir='ltr'><strong>transgressus.</strong></span> <span class='ocrx_word' id='word_1_590' title='bbox 1420 4230 1478 4285; x_wconf 87' lang='lat' dir='ltr'><strong>lu</strong></span> <span class='ocrx_word' id='word_1_591' title='bbox 1522 4230 1701 4300; x_wconf 84' lang='lat' dir='ltr'><strong>priore</strong></span> <span class='ocrx_word' id='word_1_592' title='bbox 1744 4239 1921 4284; x_wconf 90' lang='lat' dir='ltr'><strong>autem</strong></span> <span class='ocrx_word' id='word_1_593' title='bbox 1968 4230 2101 4293; x_wconf 79' lang='lat' dir='ltr'><strong>dixit</strong></span> 
     </span>
    </p>
   </div>
   <div class='ocr_carea' id='block_1_73' title="bbox 508 4324 2101 4396">
    <p class='ocr_par' dir='ltr' id='par_1_73' title="bbox 508 4324 2101 4396">
     <span class='ocr_line' id='line_1_73' title="bbox 508 4324 2101 4396; baseline -0.001 -18"><span class='ocrx_word' id='word_1_594' title='bbox 508 4324 674 4378; x_wconf 88' lang='lat' dir='ltr'><strong>Dcmn</strong></span> <span class='ocrx_word' id='word_1_595' title='bbox 704 4340 809 4378; x_wconf 89' lang='lat' dir='ltr'><strong>non</strong></span> <span class='ocrx_word' id='word_1_596' title='bbox 841 4339 1052 4393; x_wconf 81' lang='lat' dir='ltr'><strong>semper</strong></span> <span class='ocrx_word' id='word_1_597' title='bbox 1099 4325 1262 4381; x_wconf 83' lang='lat' dir='ltr'><strong>fuisse</strong></span> <span class='ocrx_word' id='word_1_598' title='bbox 1304 4325 1578 4381; x_wconf 86' lang='lat' dir='ltr'><strong>dominum</strong></span> <span class='ocrx_word' id='word_1_599' title='bbox 1604 4368 1617 4392; x_wconf 90' lang='lat'><strong>,</strong></span> <span class='ocrx_word' id='word_1_600' title='bbox 1646 4325 1776 4380; x_wconf 80' lang='lat' dir='ltr'><strong>sicut</strong></span> <span class='ocrx_word' id='word_1_601' title='bbox 1820 4341 1910 4381; x_wconf 87' lang='lat' dir='ltr'><strong>nec</strong></span> <span class='ocrx_word' id='word_1_602' title='bbox 1958 4336 2101 4396; x_wconf 85' lang='lat' dir='ltr'><strong>pater</strong></span> 
     </span>
    </p>
   </div>
   <div class='ocr_carea' id='block_1_74' title="bbox 454 4412 2100 4493">
    <p class='ocr_par' dir='ltr' id='par_1_74' title="bbox 454 4412 2100 4493">
     <span class='ocr_line' id='line_1_74' title="bbox 454 4412 2100 4493; baseline 0.004 -23"><span class='ocrx_word' id='word_1_603' title='bbox 454 4454 459 4458; x_wconf 60' lang='grc' dir='ltr'><strong>ι</strong></span> <span class='ocrx_word' id='word_1_604' title='bbox 504 4419 665 4491; x_wconf 86' lang='lat' dir='ltr'><strong>potuit</strong></span> <span class='ocrx_word' id='word_1_605' title='bbox 692 4412 796 4483; x_wconf 67' lang='lat' dir='ltr'><strong>esse</strong></span> <span class='ocrx_word' id='word_1_606' title='bbox 822 4429 938 4477; x_wconf 86' lang='lat' dir='ltr'><strong>ante</strong></span> <span class='ocrx_word' id='word_1_607' title='bbox 960 4420 1123 4484; x_wconf 80' lang='lat' dir='ltr'><strong>ﬁliam</strong></span> <span class='ocrx_word' id='word_1_608' title='bbox 1148 4461 1163 4485; x_wconf 83' lang='lat'><strong>,</strong></span> <span class='ocrx_word' id='word_1_609' title='bbox 1207 4436 1296 4473; x_wconf 83' lang='lat' dir='ltr'><strong>nec</strong></span> <span class='ocrx_word' id='word_1_610' title='bbox 1311 4420 1479 4492; x_wconf 79' lang='lat' dir='ltr'><strong>judex</strong></span> <span class='ocrx_word' id='word_1_611' title='bbox 1503 4432 1621 4475; x_wconf 89' lang='lat' dir='ltr'><strong>ante</strong></span> <span class='ocrx_word' id='word_1_612' title='bbox 1643 4419 1903 4475; x_wconf 80' lang='lat' dir='ltr'><strong>delictum.</strong></span> <span class='ocrx_word' id='word_1_613' title='bbox 1939 4422 2100 4493; x_wconf 82' lang='lat' dir='ltr'><strong>Atqui</strong></span> 
     </span>
    </p>
   </div>
   <div class='ocr_carea' id='block_1_75' title="bbox 507 4516 2098 4590">
    <p class='ocr_par' dir='ltr' id='par_1_75' title="bbox 507 4516 2098 4590">
     <span class='ocr_line' id='line_1_75' title="bbox 507 4516 2098 4590; baseline 0.001 -17"><span class='ocrx_word' id='word_1_614' title='bbox 507 4520 575 4577; x_wconf 88' lang='lat' dir='ltr'><strong>ibi</strong></span> <span class='ocrx_word' id='word_1_615' title='bbox 609 4516 833 4590; x_wconf 75' lang='lat' dir='ltr'><strong>quaestio</strong></span> <span class='ocrx_word' id='word_1_616' title='bbox 874 4532 976 4575; x_wconf 73' lang='lat' dir='ltr'><strong>non</strong></span> <span class='ocrx_word' id='word_1_617' title='bbox 1010 4517 1075 4569; x_wconf 77' lang='lat' dir='ltr'><strong>do</strong></span> <span class='ocrx_word' id='word_1_618' title='bbox 1118 4527 1267 4586; x_wconf 77' lang='lat' dir='ltr'><strong>patre</strong></span> <span class='ocrx_word' id='word_1_619' title='bbox 1297 4529 1349 4580; x_wconf 82' lang='lat' dir='ltr'><strong>et</strong></span> <span class='ocrx_word' id='word_1_620' title='bbox 1386 4519 1566 4589; x_wconf 86' lang='lat' dir='ltr'><strong>judice</strong></span> <span class='ocrx_word' id='word_1_621' title='bbox 1591 4558 1606 4587; x_wconf 80' lang='lat'><strong>,</strong></span> <span class='ocrx_word' id='word_1_622' title='bbox 1655 4518 1746 4575; x_wconf 84' lang='lat' dir='ltr'><strong>sed</strong></span> <span class='ocrx_word' id='word_1_623' title='bbox 1786 4527 1988 4574; x_wconf 88' lang='lat' dir='ltr'><strong>lantmn</strong></span> <span class='ocrx_word' id='word_1_624' title='bbox 2030 4519 2098 4576; x_wconf 90' lang='lat' dir='ltr'><strong>de</strong></span> 
     </span>
    </p>
   </div>
   <div class='ocr_carea' id='block_1_76' title="bbox 2209 3311 3801 3385">
    <p class='ocr_par' dir='ltr' id='par_1_76' title="bbox 2209 3311 3801 3385">
     <span class='ocr_line' id='line_1_76' title="bbox 2209 3311 3801 3385; baseline 0.003 -19"><span class='ocrx_word' id='word_1_625' title='bbox 2209 3312 2353 3376; x_wconf 84' lang='lat' dir='ltr'><strong>loco,</strong></span> <span class='ocrx_word' id='word_1_626' title='bbox 2399 3326 2505 3384; x_wconf 89' lang='lat' dir='ltr'><strong>quo</strong></span> <span class='ocrx_word' id='word_1_627' title='bbox 2554 3311 2903 3382; x_wconf 77' lang='lat' dir='ltr'><strong>Hermogenis</strong></span> <span class='ocrx_word' id='word_1_628' title='bbox 2944 3314 3180 3383; x_wconf 81' lang='lat' dir='ltr'><strong>argutias</strong></span> <span class='ocrx_word' id='word_1_629' title='bbox 3228 3313 3503 3385; x_wconf 84' lang='lat' dir='ltr'><strong>cxplodit,</strong></span> <span class='ocrx_word' id='word_1_630' title='bbox 3547 3315 3691 3371; x_wconf 87' lang='lat' dir='ltr'><strong>illam</strong></span> <span class='ocrx_word' id='word_1_631' title='bbox 3732 3315 3801 3371; x_wconf 85' lang='lat' dir='ltr'><strong>ab</strong></span> 
     </span>
    </p>
   </div>
   <div class='ocr_carea' id='block_1_77' title="bbox 2206 3402 3803 3474">
    <p class='ocr_par' dir='ltr' id='par_1_77' title="bbox 2206 3402 3803 3474">
     <span class='ocr_line' id='line_1_77' title="bbox 2206 3402 3803 3474; baseline 0.003 -17"><span class='ocrx_word' id='word_1_632' title='bbox 2206 3414 2408 3459; x_wconf 70' lang='lat' dir='ltr'><strong>aeterno</strong></span> <span class='ocrx_word' id='word_1_633' title='bbox 2451 3412 2622 3457; x_wconf 89' lang='lat' dir='ltr'><strong>ortam</strong></span> <span class='ocrx_word' id='word_1_634' title='bbox 2671 3402 2835 3467; x_wconf 81' lang='lat' dir='ltr'><strong>fuisse</strong></span> <span class='ocrx_word' id='word_1_635' title='bbox 2878 3403 3230 3460; x_wconf 87' lang='lat' dir='ltr'><strong>disertissime</strong></span> <span class='ocrx_word' id='word_1_636' title='bbox 3271 3406 3563 3474; x_wconf 70' lang='lat' dir='ltr'><strong>praedicat:</strong></span> <span class='ocrx_word' id='word_1_637' title='bbox 3612 3406 3676 3463; x_wconf 87' lang='lat' dir='ltr'><strong>Si</strong></span> <span class='ocrx_word' id='word_1_638' title='bbox 3709 3425 3803 3462; x_wconf 84' lang='lat' dir='ltr'><strong>nc-</strong></span> 
     </span>
    </p>
   </div>
   <div class='ocr_carea' id='block_1_78' title="bbox 2206 3494 3803 3570">
    <p class='ocr_par' dir='ltr' id='par_1_78' title="bbox 2206 3494 3803 3570">
     <span class='ocr_line' id='line_1_78' title="bbox 2206 3494 3803 3570; baseline 0.002 -19"><span class='ocrx_word' id='word_1_639' title='bbox 2206 3498 2425 3551; x_wconf 82' lang='lat' dir='ltr'><strong>cessaria</strong></span> <span class='ocrx_word' id='word_1_640' title='bbox 2454 3506 2527 3550; x_wconf 79' lang='lat' dir='ltr'><strong>est</strong></span> <span class='ocrx_word' id='word_1_641' title='bbox 2547 3538 2559 3559; x_wconf 88' lang='lat'><strong>,</strong></span> <span class='ocrx_word' id='word_1_642' title='bbox 2606 3496 2770 3567; x_wconf 87' lang='lat' dir='ltr'><strong>inquit</strong></span> <span class='ocrx_word' id='word_1_643' title='bbox 2792 3539 2808 3569; x_wconf 81' lang='lat'><strong>,</strong></span> <span class='ocrx_word' id='word_1_644' title='bbox 2835 3494 2942 3552; x_wconf 88' lang='lat' dir='ltr'><strong>Deo</strong></span> <span class='ocrx_word' id='word_1_645' title='bbox 2973 3498 3183 3552; x_wconf 81' lang='lat' dir='ltr'><strong>materia</strong></span> <span class='ocrx_word' id='word_1_646' title='bbox 3226 3498 3294 3559; x_wconf 85' lang='lat' dir='ltr'><strong>ad</strong></span> <span class='ocrx_word' id='word_1_647' title='bbox 3321 3516 3475 3570; x_wconf 80' lang='lat' dir='ltr'><strong>opera</strong></span> <span class='ocrx_word' id='word_1_648' title='bbox 3506 3500 3680 3556; x_wconf 86' lang='lat' dir='ltr'><strong>mundi</strong></span> <span class='ocrx_word' id='word_1_649' title='bbox 3701 3542 3714 3564; x_wconf 90' lang='lat'><strong>,</strong></span> <span class='ocrx_word' id='word_1_650' title='bbox 3743 3510 3803 3557; x_wconf 81' lang='lat' dir='ltr'><strong>ut</strong></span> 
     </span>
    </p>
   </div>
   <div class='ocr_carea' id='block_1_79' title="bbox 2211 3589 3805 3665">
    <p class='ocr_par' dir='ltr' id='par_1_79' title="bbox 2211 3589 3805 3665">
     <span class='ocr_line' id='line_1_79' title="bbox 2211 3589 3805 3665; baseline 0.003 -23"><span class='ocrx_word' id='word_1_651' title='bbox 2211 3589 2553 3661; x_wconf 74' lang='lat' dir='ltr'><strong>Hermogenes</strong></span> <span class='ocrx_word' id='word_1_652' title='bbox 2584 3591 2921 3657; x_wconf 72' lang='lat' dir='ltr'><strong>existimavit,</strong></span> <span class='ocrx_word' id='word_1_653' title='bbox 2955 3591 3127 3651; x_wconf 80' lang='lat' dir='ltr'><strong>[tabuit</strong></span> <span class='ocrx_word' id='word_1_654' title='bbox 3179 3591 3314 3651; x_wconf 78' lang='lat' dir='ltr'><strong>Deus</strong></span> <span class='ocrx_word' id='word_1_655' title='bbox 3352 3595 3615 3655; x_wconf 80' lang='lat' dir='ltr'><strong>materiam</strong></span> <span class='ocrx_word' id='word_1_656' title='bbox 3654 3595 3805 3665; x_wconf 76' lang='lat' dir='ltr'><strong>longe</strong></span> 
     </span>
    </p>
   </div>
   <div class='ocr_carea' id='block_1_80' title="bbox 2206 3681 3803 3758">
    <p class='ocr_par' dir='ltr' id='par_1_80' title="bbox 2206 3681 3803 3758">
     <span class='ocr_line' id='line_1_80' title="bbox 2206 3681 3803 3758; baseline 0.004 -23"><span class='ocrx_word' id='word_1_657' title='bbox 2206 3682 2485 3754; x_wconf 75' lang='lat' dir='ltr'><strong>digniorem</strong></span> <span class='ocrx_word' id='word_1_658' title='bbox 2518 3694 2561 3737; x_wconf 89' lang='lat' dir='ltr'><strong>et</strong></span> <span class='ocrx_word' id='word_1_659' title='bbox 2606 3681 2945 3749; x_wconf 78' lang='lat' dir='ltr'><strong>idoneiorem,</strong></span> <span class='ocrx_word' id='word_1_660' title='bbox 2971 3701 3068 3737; x_wconf 87' lang='lat' dir='ltr'><strong>non</strong></span> <span class='ocrx_word' id='word_1_661' title='bbox 3116 3685 3254 3754; x_wconf 80' lang='lat' dir='ltr'><strong>apud</strong></span> <span class='ocrx_word' id='word_1_662' title='bbox 3301 3687 3630 3758; x_wconf 77' lang='lat' dir='ltr'><strong>pliilosOplios</strong></span> <span class='ocrx_word' id='word_1_663' title='bbox 3658 3687 3803 3741; x_wconf 75' lang='lat' dir='ltr'><strong>cesti-</strong></span> 
     </span>
    </p>
   </div>
   <div class='ocr_carea' id='block_1_81' title="bbox 2207 3775 3799 3854">
    <p class='ocr_par' dir='ltr' id='par_1_81' title="bbox 2207 3775 3799 3854">
     <span class='ocr_line' id='line_1_81' title="bbox 2207 3775 3799 3854; baseline 0.005 -25"><span class='ocrx_word' id='word_1_664' title='bbox 2207 3775 2472 3840; x_wconf 83' lang='lat' dir='ltr'><strong>mandam,</strong></span> <span class='ocrx_word' id='word_1_665' title='bbox 2508 3775 2595 3830; x_wconf 84' lang='lat' dir='ltr'><strong>sed</strong></span> <span class='ocrx_word' id='word_1_666' title='bbox 2619 3776 2758 3845; x_wconf 87' lang='lat' dir='ltr'><strong>apud</strong></span> <span class='ocrx_word' id='word_1_667' title='bbox 2782 3777 3057 3852; x_wconf 68' lang='lat' dir='ltr'><strong>prop/tetas</strong></span> <span class='ocrx_word' id='word_1_668' title='bbox 3086 3779 3467 3851; x_wconf 84' lang='lat' dir='ltr'><strong>intelligendam</strong></span> <span class='ocrx_word' id='word_1_669' title='bbox 3493 3823 3508 3848; x_wconf 85' lang='lat'><strong>,</strong></span> <span class='ocrx_word' id='word_1_670' title='bbox 3544 3779 3799 3854; x_wconf 74' lang='lat' dir='ltr'><strong>Sep/tiam</strong></span> 
     </span>
    </p>
   </div>
   <div class='ocr_carea' id='block_1_82' title="bbox 2204 3867 3799 3947">
    <p class='ocr_par' dir='ltr' id='par_1_82' title="bbox 2204 3867 3799 3947">
     <span class='ocr_line' id='line_1_82' title="bbox 2204 3867 3799 3947; baseline 0.006 -22"><span class='ocrx_word' id='word_1_671' title='bbox 2204 3887 2349 3925; x_wconf 87' lang='lat' dir='ltr'><strong>snam</strong></span> <span class='ocrx_word' id='word_1_672' title='bbox 2375 3870 2583 3924; x_wconf 85' lang='lat' dir='ltr'><strong>scilicet.</strong></span> <span class='ocrx_word' id='word_1_673' title='bbox 2623 3867 2745 3925; x_wconf 78' lang='lat' dir='ltr'><strong>Ilwc</strong></span> <span class='ocrx_word' id='word_1_674' title='bbox 2774 3872 2989 3944; x_wconf 77' lang='lat' dir='ltr'><strong>denique</strong></span> <span class='ocrx_word' id='word_1_675' title='bbox 3031 3873 3141 3927; x_wconf 78' lang='lat' dir='ltr'><strong>sola</strong></span> <span class='ocrx_word' id='word_1_676' title='bbox 3172 3874 3402 3947; x_wconf 80' lang='lat' dir='ltr'><strong>cegnoeit</strong></span> <span class='ocrx_word' id='word_1_677' title='bbox 3442 3891 3646 3930; x_wconf 81' lang='lat' dir='ltr'><strong>sensum</strong></span> <span class='ocrx_word' id='word_1_678' title='bbox 3691 3875 3799 3935; x_wconf 78' lang='grc' dir='ltr'><strong>0οο</strong></span> 
     </span>
    </p>
   </div>
   <div class='ocr_carea' id='block_1_83' title="bbox 2204 3962 3803 4039">
    <p class='ocr_par' dir='ltr' id='par_1_83' title="bbox 2204 3962 3803 4039">
     <span class='ocr_line' id='line_1_83' title="bbox 2204 3962 3803 4039; baseline 0.007 -26"><span class='ocrx_word' id='word_1_679' title='bbox 2204 3962 2347 4015; x_wconf 86' lang='lat' dir='ltr'><strong>mini.</strong></span> <span class='ocrx_word' id='word_1_680' title='bbox 2379 3962 2504 4028; x_wconf 82' lang='lat' dir='ltr'><strong>Quis</strong></span> <span class='ocrx_word' id='word_1_681' title='bbox 2531 3962 2663 4016; x_wconf 88' lang='lat' dir='ltr'><strong>enim</strong></span> <span class='ocrx_word' id='word_1_682' title='bbox 2690 3964 2785 4019; x_wconf 86' lang='lat' dir='ltr'><strong>scit</strong></span> <span class='ocrx_word' id='word_1_683' title='bbox 2813 3980 2927 4034; x_wconf 77' lang='lat' dir='ltr'><strong>qua:</strong></span> <span class='ocrx_word' id='word_1_684' title='bbox 2952 3974 3066 4018; x_wconf 87' lang='lat' dir='ltr'><strong>sunt</strong></span> <span class='ocrx_word' id='word_1_685' title='bbox 3097 3963 3192 4019; x_wconf 89' lang='lat' dir='ltr'><strong>Dei</strong></span> <span class='ocrx_word' id='word_1_686' title='bbox 3213 4006 3227 4031; x_wconf 87' lang='lat'><strong>,</strong></span> <span class='ocrx_word' id='word_1_687' title='bbox 3256 3975 3299 4019; x_wconf 89' lang='lat' dir='ltr'><strong>et</strong></span> <span class='ocrx_word' id='word_1_688' title='bbox 3320 3982 3434 4035; x_wconf 79' lang='lat' dir='ltr'><strong>qua:</strong></span> <span class='ocrx_word' id='word_1_689' title='bbox 3461 3967 3512 4020; x_wconf 90' lang='lat' dir='ltr'><strong>iu</strong></span> <span class='ocrx_word' id='word_1_690' title='bbox 3542 3968 3672 4039; x_wconf 84' lang='lat' dir='ltr'><strong>ipso,</strong></span> <span class='ocrx_word' id='word_1_691' title='bbox 3702 3969 3803 4024; x_wconf 78' lang='lat' dir='ltr'><strong>nisi</strong></span> 
     </span>
    </p>
   </div>
   <div class='ocr_carea' id='block_1_84' title="bbox 2203 4058 3799 4130">
    <p class='ocr_par' dir='ltr' id='par_1_84' title="bbox 2203 4058 3799 4130">
     <span class='ocr_line' id='line_1_84' title="bbox 2203 4058 3799 4130; baseline 0.004 -19"><span class='ocrx_word' id='word_1_692' title='bbox 2203 4058 2409 4129; x_wconf 77' lang='lat' dir='ltr'><strong>spiritus</strong></span> <span class='ocrx_word' id='word_1_693' title='bbox 2451 4058 2537 4127; x_wconf 84' lang='lat' dir='ltr'><strong>qui</strong></span> <span class='ocrx_word' id='word_1_694' title='bbox 2587 4060 2636 4111; x_wconf 88' lang='lat' dir='ltr'><strong>in</strong></span> <span class='ocrx_word' id='word_1_695' title='bbox 2665 4058 2818 4129; x_wconf 82' lang='lat' dir='ltr'><strong>ipsa?</strong></span> <span class='ocrx_word' id='word_1_696' title='bbox 2846 4058 3044 4129; x_wconf 79' lang='lat' dir='ltr'><strong>Sep/tia</strong></span> <span class='ocrx_word' id='word_1_697' title='bbox 3070 4069 3236 4114; x_wconf 85' lang='lat' dir='ltr'><strong>autem</strong></span> <span class='ocrx_word' id='word_1_698' title='bbox 3263 4060 3490 4130; x_wconf 79' lang='lat' dir='ltr'><strong>spiritus.</strong></span> <span class='ocrx_word' id='word_1_699' title='bbox 3526 4060 3679 4117; x_wconf 80' lang='lat' dir='ltr'><strong>Unde</strong></span> <span class='ocrx_word' id='word_1_700' title='bbox 3710 4063 3799 4119; x_wconf 84' lang='lat' dir='ltr'><strong>ille</strong></span> 
     </span>
    </p>
   </div>
   <div class='ocr_carea' id='block_1_85' title="bbox 2203 4149 3799 4225">
    <p class='ocr_par' dir='ltr' id='par_1_85' title="bbox 2203 4149 3799 4225">
     <span class='ocr_line' id='line_1_85' title="bbox 2203 4149 3799 4225; baseline 0.002 -20"><span class='ocrx_word' id='word_1_701' title='bbox 2203 4149 2510 4207; x_wconf 88' lang='lat' dir='ltr'><strong>concludit:</strong></span> <span class='ocrx_word' id='word_1_702' title='bbox 2564 4150 2689 4218; x_wconf 77' lang='lat' dir='ltr'><strong>Quis</strong></span> <span class='ocrx_word' id='word_1_703' title='bbox 2720 4167 2820 4205; x_wconf 89' lang='lat' dir='ltr'><strong>non</strong></span> <span class='ocrx_word' id='word_1_704' title='bbox 2860 4152 2990 4205; x_wconf 79' lang='lat' dir='ltr'><strong>Itane</strong></span> <span class='ocrx_word' id='word_1_705' title='bbox 3034 4152 3201 4222; x_wconf 80' lang='lat' dir='ltr'><strong>potius</strong></span> <span class='ocrx_word' id='word_1_706' title='bbox 3245 4154 3471 4207; x_wconf 83' lang='lat' dir='ltr'><strong>omnium</strong></span> <span class='ocrx_word' id='word_1_707' title='bbox 3513 4155 3705 4225; x_wconf 81' lang='lat' dir='ltr'><strong>fontem</strong></span> <span class='ocrx_word' id='word_1_708' title='bbox 3751 4164 3799 4208; x_wconf 85' lang='lat' dir='ltr'><strong>et</strong></span> 
     </span>
    </p>
   </div>
   <div class='ocr_carea' id='block_1_86' title="bbox 2203 4243 3796 4315">
    <p class='ocr_par' dir='ltr' id='par_1_86' title="bbox 2203 4243 3796 4315">
     <span class='ocr_line' id='line_1_86' title="bbox 2203 4243 3796 4315; baseline 0.002 -18"><span class='ocrx_word' id='word_1_709' title='bbox 2203 4243 2445 4315; x_wconf 85' lang='lat' dir='ltr'><strong>originem</strong></span> <span class='ocrx_word' id='word_1_710' title='bbox 2484 4243 2795 4299; x_wconf 86' lang='lat' dir='ltr'><strong>conuuendet</strong></span> <span class='ocrx_word' id='word_1_711' title='bbox 2819 4286 2831 4305; x_wconf 86' lang='lat'><strong>,</strong></span> <span class='ocrx_word' id='word_1_712' title='bbox 2864 4244 3124 4297; x_wconf 87' lang='lat' dir='ltr'><strong>materiam</strong></span> <span class='ocrx_word' id='word_1_713' title='bbox 3165 4260 3280 4299; x_wconf 85' lang='lat' dir='ltr'><strong>vero</strong></span> <span class='ocrx_word' id='word_1_714' title='bbox 3324 4245 3651 4300; x_wconf 84' lang='lat' dir='ltr'><strong>materiarum</strong></span> <span class='ocrx_word' id='word_1_715' title='bbox 3696 4263 3796 4300; x_wconf 84' lang='lat' dir='ltr'><strong>non</strong></span> 
     </span>
    </p>
   </div>
   <div class='ocr_carea' id='block_1_87' title="bbox 2202 4333 3793 4408">
    <p class='ocr_par' dir='ltr' id='par_1_87' title="bbox 2202 4333 3793 4408">
     <span class='ocr_line' id='line_1_87' title="bbox 2202 4333 3793 4408; baseline 0.001 -20"><span class='ocrx_word' id='word_1_716' title='bbox 2202 4336 2298 4389; x_wconf 82' lang='lat' dir='ltr'><strong>sibi</strong></span> <span class='ocrx_word' id='word_1_717' title='bbox 2317 4333 2569 4388; x_wconf 85' lang='lat' dir='ltr'><strong>subditam</strong></span> <span class='ocrx_word' id='word_1_718' title='bbox 2591 4376 2604 4398; x_wconf 91' lang='lat'><strong>,</strong></span> <span class='ocrx_word' id='word_1_719' title='bbox 2630 4351 2729 4389; x_wconf 88' lang='lat' dir='ltr'><strong>non</strong></span> <span class='ocrx_word' id='word_1_720' title='bbox 2758 4344 2890 4390; x_wconf 88' lang='lat' dir='ltr'><strong>stata</strong></span> <span class='ocrx_word' id='word_1_721' title='bbox 2912 4335 3181 4401; x_wconf 78' lang='lat' dir='ltr'><strong>diversam,</strong></span> <span class='ocrx_word' id='word_1_722' title='bbox 3209 4353 3311 4390; x_wconf 86' lang='lat' dir='ltr'><strong>non</strong></span> <span class='ocrx_word' id='word_1_723' title='bbox 3337 4346 3473 4390; x_wconf 84' lang='lat' dir='ltr'><strong>motu</strong></span> <span class='ocrx_word' id='word_1_724' title='bbox 3497 4337 3793 4408; x_wconf 83' lang='lat' dir='ltr'><strong>inquietam,</strong></span> 
     </span>
    </p>
   </div>
   <div class='ocr_carea' id='block_1_88' title="bbox 2203 4429 3798 4503">
    <p class='ocr_par' dir='ltr' id='par_1_88' title="bbox 2203 4429 3798 4503">
     <span class='ocr_line' id='line_1_88' title="bbox 2203 4429 3798 4503; baseline 0.004 -20"><span class='ocrx_word' id='word_1_725' title='bbox 2203 4447 2302 4483; x_wconf 88' lang='lat' dir='ltr'><strong>non</strong></span> <span class='ocrx_word' id='word_1_726' title='bbox 2330 4429 2504 4485; x_wconf 82' lang='lat' dir='ltr'><strong>habitu</strong></span> <span class='ocrx_word' id='word_1_727' title='bbox 2532 4432 2798 4500; x_wconf 78' lang='lat' dir='ltr'><strong>informem</strong></span> <span class='ocrx_word' id='word_1_728' title='bbox 2823 4473 2837 4496; x_wconf 89' lang='lat'><strong>,</strong></span> <span class='ocrx_word' id='word_1_729' title='bbox 2866 4432 2955 4495; x_wconf 73' lang='lat' dir='ltr'><strong>sed</strong></span> <span class='ocrx_word' id='word_1_730' title='bbox 2975 4432 3179 4487; x_wconf 84' lang='lat' dir='ltr'><strong>insitam</strong></span> <span class='ocrx_word' id='word_1_731' title='bbox 3206 4441 3252 4485; x_wconf 88' lang='lat' dir='ltr'><strong>et</strong></span> <span class='ocrx_word' id='word_1_732' title='bbox 3274 4433 3533 4503; x_wconf 82' lang='lat' dir='ltr'><strong>propriam</strong></span> <span class='ocrx_word' id='word_1_733' title='bbox 3556 4473 3570 4498; x_wconf 89' lang='lat'><strong>,</strong></span> <span class='ocrx_word' id='word_1_734' title='bbox 3596 4443 3643 4488; x_wconf 85' lang='lat' dir='ltr'><strong>et</strong></span> <span class='ocrx_word' id='word_1_735' title='bbox 3669 4450 3798 4489; x_wconf 85' lang='lat' dir='ltr'><strong>com-</strong></span> 
     </span>
    </p>
   </div>
   <div class='ocr_carea' id='block_1_89' title="bbox 2203 4528 3796 4608">
    <p class='ocr_par' dir='ltr' id='par_1_89' title="bbox 2203 4528 3796 4608">
     <span class='ocr_line' id='line_1_89' title="bbox 2203 4528 3796 4608; baseline 0.003 -28"><span class='ocrx_word' id='word_1_736' title='bbox 2203 4529 2457 4599; x_wconf 73' lang='lat' dir='ltr'><strong>positam,</strong></span> <span class='ocrx_word' id='word_1_737' title='bbox 2495 4538 2540 4584; x_wconf 85' lang='lat' dir='ltr'><strong>et</strong></span> <span class='ocrx_word' id='word_1_738' title='bbox 2583 4530 2857 4597; x_wconf 84' lang='lat' dir='ltr'><strong>decoram,</strong></span> <span class='ocrx_word' id='word_1_739' title='bbox 2904 4530 3044 4608; x_wconf 73' lang='lat' dir='ltr'><strong>quali</strong></span> <span class='ocrx_word' id='word_1_740' title='bbox 3095 4528 3231 4584; x_wconf 83' lang='lat' dir='ltr'><strong>Deus</strong></span> <span class='ocrx_word' id='word_1_741' title='bbox 3277 4530 3437 4600; x_wconf 85' lang='lat' dir='ltr'><strong>potuit</strong></span> <span class='ocrx_word' id='word_1_742' title='bbox 3481 4531 3674 4602; x_wconf 77' lang='lat' dir='ltr'><strong>egisse,</strong></span> <span class='ocrx_word' id='word_1_743' title='bbox 3718 4530 3796 4585; x_wconf 78' lang='lat' dir='ltr'><strong>sui</strong></span> 
     </span>
    </p>
   </div>
   <div class='ocr_carea' id='block_1_90' title="bbox 502 4611 3794 4697">
    <p class='ocr_par' dir='ltr' id='par_1_90' title="bbox 502 4611 3794 4697">
     <span class='ocr_line' id='line_1_90' title="bbox 502 4611 3794 4697; baseline 0.003 -30"><span class='ocrx_word' id='word_1_744' title='bbox 502 4613 721 4669; x_wconf 84' lang='lat' dir='ltr'><strong>domino</strong></span> <span class='ocrx_word' id='word_1_745' title='bbox 749 4622 882 4673; x_wconf 87' lang='lat' dir='ltr'><strong>crat.</strong></span> <span class='ocrx_word' id='word_1_746' title='bbox 916 4611 1175 4691; x_wconf 77' lang='lat' dir='ltr'><strong>Exempla</strong></span> <span class='ocrx_word' id='word_1_747' title='bbox 1209 4616 1365 4684; x_wconf 70' lang='lat' dir='ltr'><strong>igitur</strong></span> <span class='ocrx_word' id='word_1_748' title='bbox 1390 4628 1541 4684; x_wconf 88' lang='lat' dir='ltr'><strong>sunt,</strong></span> <span class='ocrx_word' id='word_1_749' title='bbox 1575 4635 1694 4697; x_wconf 72' lang='lat' dir='ltr'><strong>qua:</strong></span> <span class='ocrx_word' id='word_1_750' title='bbox 1718 4620 1782 4681; x_wconf 86' lang='lat' dir='ltr'><strong>ad</strong></span> <span class='ocrx_word' id='word_1_751' title='bbox 1810 4623 2093 4685; x_wconf 78' lang='lat' dir='ltr'><strong>cmilutau-</strong></span> <span class='ocrx_word' id='word_1_752' title='bbox 2123 4614 2175 4675; x_wconf 76' lang='grc' dir='ltr'><strong>Ι)</strong></span> <span class='ocrx_word' id='word_1_753' title='bbox 2202 4624 2363 4693; x_wconf 78' lang='lat' dir='ltr'><strong>magis</strong></span> <span class='ocrx_word' id='word_1_754' title='bbox 2388 4639 2541 4695; x_wconf 88' lang='lat' dir='ltr'><strong>quam</strong></span> <span class='ocrx_word' id='word_1_755' title='bbox 2568 4623 2721 4678; x_wconf 87' lang='lat' dir='ltr'><strong>alieni</strong></span> <span class='ocrx_word' id='word_1_756' title='bbox 2762 4622 2951 4694; x_wconf 80' lang='lat' dir='ltr'><strong>egens?</strong></span> <span class='ocrx_word' id='word_1_757' title='bbox 2984 4623 3050 4676; x_wconf 75' lang='lat' dir='ltr'><strong>At</strong></span> <span class='ocrx_word' id='word_1_758' title='bbox 3079 4620 3197 4691; x_wconf 90' lang='lat' dir='ltr'><strong>quis</strong></span> <span class='ocrx_word' id='word_1_759' title='bbox 3228 4637 3332 4677; x_wconf 90' lang='lat' dir='ltr'><strong>non</strong></span> <span class='ocrx_word' id='word_1_760' title='bbox 3377 4622 3623 4693; x_wconf 80' lang='lat' dir='ltr'><strong>intelligit</strong></span> <span class='ocrx_word' id='word_1_761' title='bbox 3655 4623 3724 4678; x_wconf 89' lang='lat' dir='ltr'><strong>ibi</strong></span> <span class='ocrx_word' id='word_1_762' title='bbox 3763 4639 3794 4678; x_wconf 89' lang='lat' dir='ltr'><strong>a</strong></span> 
     </span>
    </p>
   </div>
   <div class='ocr_carea' id='block_1_91' title="bbox 502 4704 2100 4782">
    <p class='ocr_par' dir='ltr' id='par_1_91' title="bbox 502 4704 2100 4782">
     <span class='ocr_line' id='line_1_91' title="bbox 502 4704 2100 4782; baseline 0.006 -22"><span class='ocrx_word' id='word_1_763' title='bbox 502 4705 629 4761; x_wconf 86' lang='lat' dir='ltr'><strong>dum</strong></span> <span class='ocrx_word' id='word_1_764' title='bbox 661 4704 1051 4779; x_wconf 74' lang='lat' dir='ltr'><strong>lltn&#39;niogcnem</strong></span> <span class='ocrx_word' id='word_1_765' title='bbox 1100 4707 1336 4765; x_wconf 83' lang='lat' dir='ltr'><strong>adhibet.</strong></span> <span class='ocrx_word' id='word_1_766' title='bbox 1385 4711 1674 4779; x_wconf 75' lang='lat' dir='ltr'><strong>cujuslibet</strong></span> <span class='ocrx_word' id='word_1_767' title='bbox 1721 4724 1933 4782; x_wconf 85' lang='lat' dir='ltr'><strong>autem,</strong></span> <span class='ocrx_word' id='word_1_768' title='bbox 1985 4719 2100 4776; x_wconf 80' lang='lat' dir='ltr'><strong>sive</strong></span> 
     </span>
    </p>
   </div>
   <div class='ocr_carea' id='block_1_92' title="bbox 502 4797 2097 4885">
    <p class='ocr_par' dir='ltr' id='par_1_92' title="bbox 502 4797 2097 4885">
     <span class='ocr_line' id='line_1_92' title="bbox 502 4797 2097 4885; baseline 0.009 -34"><span class='ocrx_word' id='word_1_769' title='bbox 502 4797 670 4859; x_wconf 82' lang='lat' dir='ltr'><strong>creati</strong></span> <span class='ocrx_word' id='word_1_770' title='bbox 694 4797 807 4857; x_wconf 82' lang='lat' dir='ltr'><strong>sive</strong></span> <span class='ocrx_word' id='word_1_771' title='bbox 837 4799 1058 4861; x_wconf 73' lang='lat' dir='ltr'><strong>increati</strong></span> <span class='ocrx_word' id='word_1_772' title='bbox 1088 4801 1252 4870; x_wconf 83' lang='lat' dir='ltr'><strong>patris</strong></span> <span class='ocrx_word' id='word_1_773' title='bbox 1271 4811 1325 4859; x_wconf 87' lang='lat' dir='ltr'><strong>et</strong></span> <span class='ocrx_word' id='word_1_774' title='bbox 1347 4802 1542 4875; x_wconf 70' lang='lat' dir='ltr'><strong>iudicis</strong></span> <span class='ocrx_word' id='word_1_775' title='bbox 1566 4847 1582 4875; x_wconf 94' lang='lat'><strong>,</strong></span> <span class='ocrx_word' id='word_1_776' title='bbox 1616 4807 1859 4885; x_wconf 81' lang='lat' dir='ltr'><strong>exempla</strong></span> <span class='ocrx_word' id='word_1_777' title='bbox 1884 4809 1948 4871; x_wconf 82' lang='lat' dir='ltr'><strong>ad</strong></span> <span class='ocrx_word' id='word_1_778' title='bbox 1980 4809 2097 4881; x_wconf 61' lang='lat' dir='ltr'><strong>ejus</strong></span> 
     </span>
    </p>
   </div>
   <div class='ocr_carea' id='block_1_93' title="bbox 501 4891 1836 4965">
    <p class='ocr_par' dir='ltr' id='par_1_93' title="bbox 501 4891 1836 4965">
     <span class='ocr_line' id='line_1_93' title="bbox 501 4891 1836 4965; baseline 0.007 -20"><span class='ocrx_word' id='word_1_779' title='bbox 501 4891 833 4961; x_wconf 84' lang='lat' dir='ltr'><strong>propositum</strong></span> <span class='ocrx_word' id='word_1_780' title='bbox 863 4893 1061 4965; x_wconf 85' lang='lat' dir='ltr'><strong>pariter</strong></span> <span class='ocrx_word' id='word_1_781' title='bbox 1082 4893 1470 4953; x_wconf 83' lang='lat' dir='ltr'><strong>conducebant.</strong></span> <span class='ocrx_word' id='word_1_782' title='bbox 1832 4925 1836 4928; x_wconf 80' lang='lat'><strong><em>~</em></strong></span> 
     </span>
    </p>
   </div>
   <div class='ocr_carea' id='block_1_94' title="bbox 574 4981 2097 5058">
    <p class='ocr_par' dir='ltr' id='par_1_94' title="bbox 574 4981 2097 5058">
     <span class='ocr_line' id='line_1_94' title="bbox 574 4981 2097 5058; baseline 0.011 -22"><span class='ocrx_word' id='word_1_783' title='bbox 574 4981 705 5037; x_wconf 86' lang='lat' dir='ltr'><strong>Esto</strong></span> <span class='ocrx_word' id='word_1_784' title='bbox 745 4992 956 5050; x_wconf 84' lang='lat' dir='ltr'><strong>tamen,</strong></span> <span class='ocrx_word' id='word_1_785' title='bbox 1005 4993 1059 5038; x_wconf 91' lang='lat' dir='ltr'><strong>et</strong></span> <span class='ocrx_word' id='word_1_786' title='bbox 1094 4985 1485 5053; x_wconf 88' lang='lat' dir='ltr'><strong>concedamus,</strong></span> <span class='ocrx_word' id='word_1_787' title='bbox 1528 4989 1573 5043; x_wconf 90' lang='lat' dir='ltr'><strong>si</strong></span> <span class='ocrx_word' id='word_1_788' title='bbox 1618 4990 1799 5058; x_wconf 88' lang='lat' dir='ltr'><strong>lubet,</strong></span> <span class='ocrx_word' id='word_1_789' title='bbox 1834 4993 1981 5049; x_wconf 88' lang='lat' dir='ltr'><strong>illum</strong></span> <span class='ocrx_word' id='word_1_790' title='bbox 2028 4995 2097 5053; x_wconf 85' lang='lat' dir='ltr'><strong>de</strong></span> 
     </span>
    </p>
   </div>
   <div class='ocr_carea' id='block_1_95' title="bbox 501 5078 2140 5163">
    <p class='ocr_par' dir='ltr' id='par_1_95' title="bbox 501 5078 2140 5163">
     <span class='ocr_line' id='line_1_95' title="bbox 501 5078 2140 5163; baseline 0.009 -34"><span class='ocrx_word' id='word_1_791' title='bbox 501 5092 628 5135; x_wconf 88' lang='lat' dir='ltr'><strong>vero</strong></span> <span class='ocrx_word' id='word_1_792' title='bbox 658 5078 765 5134; x_wconf 90' lang='lat' dir='ltr'><strong>Deo</strong></span> <span class='ocrx_word' id='word_1_793' title='bbox 795 5080 951 5139; x_wconf 80' lang='lat' dir='ltr'><strong>Patre</strong></span> <span class='ocrx_word' id='word_1_794' title='bbox 977 5082 1198 5153; x_wconf 68' lang='lat' dir='ltr'><strong>ejusque</strong></span> <span class='ocrx_word' id='word_1_795' title='bbox 1228 5081 1363 5143; x_wconf 87' lang='lat' dir='ltr'><strong>Filio</strong></span> <span class='ocrx_word' id='word_1_796' title='bbox 1393 5084 1573 5158; x_wconf 86' lang='lat' dir='ltr'><strong>loqui,</strong></span> <span class='ocrx_word' id='word_1_797' title='bbox 1605 5087 1859 5163; x_wconf 88' lang='lat' dir='ltr'><strong>nmuqnid</strong></span> <span class='ocrx_word' id='word_1_798' title='bbox 1891 5090 2094 5149; x_wconf 76' lang='lat' dir='ltr'><strong>inticias</strong></span> <span class='ocrx_word' id='word_1_799' title='bbox 2131 5100 2140 5111; x_wconf 64' lang='grc' dir='ltr'><em>ί</em></span> 
     </span>
    </p>
   </div>
   <div class='ocr_carea' id='block_1_96' title="bbox 500 5169 2093 5240">
    <p class='ocr_par' dir='ltr' id='par_1_96' title="bbox 500 5169 2093 5240">
     <span class='ocr_line' id='line_1_96' title="bbox 500 5169 2093 5240; baseline 0.009 -15"><span class='ocrx_word' id='word_1_800' title='bbox 500 5170 579 5231; x_wconf 84' lang='lat' dir='ltr'><strong>ire</strong></span> <span class='ocrx_word' id='word_1_801' title='bbox 609 5169 778 5240; x_wconf 86' lang='lat' dir='ltr'><strong>potuit</strong></span> <span class='ocrx_word' id='word_1_802' title='bbox 823 5172 970 5231; x_wconf 86' lang='lat' dir='ltr'><strong>illum</strong></span> <span class='ocrx_word' id='word_1_803' title='bbox 1017 5188 1116 5231; x_wconf 82' lang='lat' dir='ltr'><strong>suo</strong></span> <span class='ocrx_word' id='word_1_804' title='bbox 1160 5174 1303 5231; x_wconf 80' lang='lat' dir='ltr'><strong>Patri</strong></span> <span class='ocrx_word' id='word_1_805' title='bbox 1346 5191 1466 5233; x_wconf 73' lang='lat' dir='ltr'><strong>esse</strong></span> <span class='ocrx_word' id='word_1_806' title='bbox 1512 5180 1880 5237; x_wconf 75' lang='lat' dir='ltr'><strong>cozetcrnum?</strong></span> <span class='ocrx_word' id='word_1_807' title='bbox 1907 5180 2093 5239; x_wconf 81' lang='lat' dir='ltr'><strong>Nonne</strong></span> 
     </span>
    </p>
   </div>
   <div class='ocr_carea' id='block_1_97' title="bbox 498 5263 2094 5347">
    <p class='ocr_par' dir='ltr' id='par_1_97' title="bbox 498 5263 2094 5347">
     <span class='ocr_line' id='line_1_97' title="bbox 498 5263 2094 5347; baseline 0.004 -29"><span class='ocrx_word' id='word_1_808' title='bbox 498 5263 629 5318; x_wconf 88' lang='lat' dir='ltr'><strong>satis</strong></span> <span class='ocrx_word' id='word_1_809' title='bbox 658 5278 923 5339; x_wconf 85' lang='lat' dir='ltr'><strong>superque</strong></span> <span class='ocrx_word' id='word_1_810' title='bbox 965 5266 1242 5336; x_wconf 83' lang='lat' dir='ltr'><strong>probatum</strong></span> <span class='ocrx_word' id='word_1_811' title='bbox 1276 5277 1357 5323; x_wconf 86' lang='lat' dir='ltr'><strong>est</strong></span> <span class='ocrx_word' id='word_1_812' title='bbox 1383 5284 1540 5345; x_wconf 87' lang='lat' dir='ltr'><strong>quam</strong></span> <span class='ocrx_word' id='word_1_813' title='bbox 1571 5271 1825 5341; x_wconf 69' lang='lat' dir='ltr'><strong>prmclarc</strong></span> <span class='ocrx_word' id='word_1_814' title='bbox 1862 5288 1923 5329; x_wconf 82' lang='lat' dir='ltr'><strong>ac</strong></span> <span class='ocrx_word' id='word_1_815' title='bbox 1949 5290 2094 5347; x_wconf 69' lang='lat' dir='ltr'><strong>swpe</strong></span> 
     </span>
    </p>
   </div>
   <div class='ocr_carea' id='block_1_98' title="bbox 498 5354 2094 5434">
    <p class='ocr_par' dir='ltr' id='par_1_98' title="bbox 498 5354 2094 5434">
     <span class='ocr_line' id='line_1_98' title="bbox 498 5354 2094 5434; baseline 0.009 -28"><span class='ocrx_word' id='word_1_816' title='bbox 498 5354 870 5425; x_wconf 73' lang='lat' dir='ltr'><strong>prmdicaverit</strong></span> <span class='ocrx_word' id='word_1_817' title='bbox 896 5371 1198 5415; x_wconf 87' lang='lat' dir='ltr'><strong>sermonem</strong></span> <span class='ocrx_word' id='word_1_818' title='bbox 1246 5375 1339 5415; x_wconf 90' lang='lat' dir='ltr'><strong>seu</strong></span> <span class='ocrx_word' id='word_1_819' title='bbox 1373 5361 1564 5419; x_wconf 84' lang='lat' dir='ltr'><strong>Filium</strong></span> <span class='ocrx_word' id='word_1_820' title='bbox 1613 5363 1745 5431; x_wconf 86' lang='lat' dir='ltr'><strong>Dei,</strong></span> <span class='ocrx_word' id='word_1_821' title='bbox 1778 5364 1868 5434; x_wconf 90' lang='lat' dir='ltr'><strong>qui</strong></span> <span class='ocrx_word' id='word_1_822' title='bbox 1922 5366 2094 5421; x_wconf 84' lang='lat' dir='ltr'><strong>Patris</strong></span> 
     </span>
    </p>
   </div>
   <div class='ocr_carea' id='block_1_99' title="bbox 498 5450 2092 5532">
    <p class='ocr_par' dir='ltr' id='par_1_99' title="bbox 498 5450 2092 5532">
     <span class='ocr_line' id='line_1_99' title="bbox 498 5450 2092 5532; baseline 0.003 -23"><span class='ocrx_word' id='word_1_823' title='bbox 498 5451 582 5509; x_wconf 86' lang='lat' dir='ltr'><strong>sui</strong></span> <span class='ocrx_word' id='word_1_824' title='bbox 608 5450 745 5509; x_wconf 89' lang='lat' dir='ltr'><strong>ratio</strong></span> <span class='ocrx_word' id='word_1_825' title='bbox 790 5459 906 5519; x_wconf 83' lang='lat' dir='ltr'><strong>est,</strong></span> <span class='ocrx_word' id='word_1_826' title='bbox 938 5467 1152 5525; x_wconf 87' lang='lat' dir='ltr'><strong>semper</strong></span> <span class='ocrx_word' id='word_1_827' title='bbox 1188 5454 1241 5511; x_wconf 90' lang='lat' dir='ltr'><strong>in</strong></span> <span class='ocrx_word' id='word_1_828' title='bbox 1270 5455 1359 5511; x_wconf 91' lang='lat' dir='ltr'><strong>illo</strong></span> <span class='ocrx_word' id='word_1_829' title='bbox 1386 5457 1547 5513; x_wconf 78' lang='lat' dir='ltr'><strong>fuisse</strong></span> <span class='ocrx_word' id='word_1_830' title='bbox 1569 5499 1582 5523; x_wconf 89' lang='lat'><strong>,</strong></span> <span class='ocrx_word' id='word_1_831' title='bbox 1630 5473 1727 5515; x_wconf 88' lang='lat' dir='ltr'><strong>nec</strong></span> <span class='ocrx_word' id='word_1_832' title='bbox 1755 5474 1984 5532; x_wconf 84' lang='lat' dir='ltr'><strong>unquam</strong></span> <span class='ocrx_word' id='word_1_833' title='bbox 2025 5460 2092 5515; x_wconf 88' lang='lat' dir='ltr'><strong>ab</strong></span> 
     </span>
    </p>
   </div>
   <div class='ocr_carea' id='block_1_100' title="bbox 492 5549 2092 5629">
    <p class='ocr_par' dir='ltr' id='par_1_100' title="bbox 492 5549 2092 5629">
     <span class='ocr_line' id='line_1_100' title="bbox 492 5549 2092 5629; baseline 0.005 -27"><span class='ocrx_word' id='word_1_834' title='bbox 492 5561 561 5602; x_wconf 89' lang='lat' dir='ltr'><strong>eo</strong></span> <span class='ocrx_word' id='word_1_835' title='bbox 600 5555 933 5618; x_wconf 85' lang='lat' dir='ltr'><strong>separatum,</strong></span> <span class='ocrx_word' id='word_1_836' title='bbox 992 5562 1055 5603; x_wconf 84' lang='lat' dir='ltr'><strong>ac</strong></span> <span class='ocrx_word' id='word_1_837' title='bbox 1111 5549 1331 5619; x_wconf 71' lang='lat' dir='ltr'><strong>primide</strong></span> <span class='ocrx_word' id='word_1_838' title='bbox 1376 5565 1497 5609; x_wconf 87' lang='lat' dir='ltr'><strong>esse</strong></span> <span class='ocrx_word' id='word_1_839' title='bbox 1560 5555 1853 5611; x_wconf 68' lang='lat' dir='ltr'><strong>aeternum?</strong></span> <span class='ocrx_word' id='word_1_840' title='bbox 1896 5554 2092 5629; x_wconf 74' lang='lat' dir='ltr'><strong>Quam-</strong></span> 
     </span>
    </p>
   </div>
   <div class='ocr_carea' id='block_1_101' title="bbox 494 5639 2088 5717">
    <p class='ocr_par' dir='ltr' id='par_1_101' title="bbox 494 5639 2088 5717">
     <span class='ocr_line' id='line_1_101' title="bbox 494 5639 2088 5717; baseline 0.006 -24"><span class='ocrx_word' id='word_1_841' title='bbox 494 5641 679 5696; x_wconf 86' lang='lat' dir='ltr'><strong>obrem</strong></span> <span class='ocrx_word' id='word_1_842' title='bbox 716 5640 801 5695; x_wconf 88' lang='lat' dir='ltr'><strong>ubi</strong></span> <span class='ocrx_word' id='word_1_843' title='bbox 830 5639 961 5696; x_wconf 84' lang='lat' dir='ltr'><strong>dicit</strong></span> <span class='ocrx_word' id='word_1_844' title='bbox 987 5643 1425 5712; x_wconf 72' lang='lat' dir='ltr'><strong>tempusiuisse;</strong></span> <span class='ocrx_word' id='word_1_845' title='bbox 1456 5661 1563 5717; x_wconf 90' lang='lat' dir='ltr'><strong>quo</strong></span> <span class='ocrx_word' id='word_1_846' title='bbox 1587 5646 1675 5703; x_wconf 89' lang='lat' dir='ltr'><strong>ille</strong></span> <span class='ocrx_word' id='word_1_847' title='bbox 1702 5660 1810 5703; x_wconf 85' lang='lat' dir='ltr'><strong>non</strong></span> <span class='ocrx_word' id='word_1_848' title='bbox 1840 5655 1952 5703; x_wconf 86' lang='lat' dir='ltr'><strong>erat</strong></span> <span class='ocrx_word' id='word_1_849' title='bbox 1974 5689 1987 5712; x_wconf 89' lang='lat'><strong>,</strong></span> <span class='ocrx_word' id='word_1_850' title='bbox 2018 5647 2088 5705; x_wconf 88' lang='lat' dir='ltr'><strong>ibi</strong></span> 
     </span>
    </p>
   </div>
   <div class='ocr_carea' id='block_1_102' title="bbox 492 5732 2087 5813">
    <p class='ocr_par' dir='ltr' id='par_1_102' title="bbox 492 5732 2087 5813">
     <span class='ocr_line' id='line_1_102' title="bbox 492 5732 2087 5813; baseline 0.006 -26"><span class='ocrx_word' id='word_1_851' title='bbox 492 5732 675 5803; x_wconf 81' lang='lat' dir='ltr'><strong>procul</strong></span> <span class='ocrx_word' id='word_1_852' title='bbox 707 5732 868 5793; x_wconf 82' lang='lat' dir='ltr'><strong>dubio</strong></span> <span class='ocrx_word' id='word_1_853' title='bbox 909 5750 1107 5806; x_wconf 78' lang='lat' dir='ltr'><strong>negare</strong></span> <span class='ocrx_word' id='word_1_854' title='bbox 1139 5735 1310 5791; x_wconf 83' lang='lat' dir='ltr'><strong>noluit</strong></span> <span class='ocrx_word' id='word_1_855' title='bbox 1341 5740 1455 5808; x_wconf 87' lang='lat' dir='ltr'><strong>ejus</strong></span> <span class='ocrx_word' id='word_1_856' title='bbox 1499 5740 1852 5798; x_wconf 73' lang='lat' dir='ltr'><strong>:cternitatem</strong></span> <span class='ocrx_word' id='word_1_857' title='bbox 1878 5782 1892 5807; x_wconf 91' lang='lat'><strong>,</strong></span> <span class='ocrx_word' id='word_1_858' title='bbox 1924 5755 2087 5813; x_wconf 86' lang='lat' dir='ltr'><strong>quam</strong></span> 
     </span>
    </p>
   </div>
   <div class='ocr_carea' id='block_1_103' title="bbox 488 5827 1545 5901">
    <p class='ocr_par' dir='ltr' id='par_1_103' title="bbox 488 5827 1545 5901">
     <span class='ocr_line' id='line_1_103' title="bbox 488 5827 1545 5901; baseline 0.002 -16"><span class='ocrx_word' id='word_1_859' title='bbox 488 5828 678 5901; x_wconf 65' lang='lat' dir='ltr'><strong>Sl‘epilli</strong></span> <span class='ocrx_word' id='word_1_860' title='bbox 709 5827 831 5884; x_wconf 78' lang='lat' dir='ltr'><strong>alibi</strong></span> <span class='ocrx_word' id='word_1_861' title='bbox 859 5829 1084 5887; x_wconf 85' lang='lat' dir='ltr'><strong>asseruit</strong></span> <span class='ocrx_word' id='word_1_862' title='bbox 1118 5843 1179 5884; x_wconf 90' lang='lat' dir='ltr'><strong>ac</strong></span> <span class='ocrx_word' id='word_1_863' title='bbox 1214 5837 1414 5889; x_wconf 85' lang='lat' dir='ltr'><strong>tutatus</strong></span> <span class='ocrx_word' id='word_1_864' title='bbox 1443 5840 1545 5888; x_wconf 82' lang='lat' dir='ltr'><strong>est.</strong></span> 
     </span>
    </p>
   </div>
   <div class='ocr_carea' id='block_1_104' title="bbox 2204 4715 3794 4787">
    <p class='ocr_par' dir='ltr' id='par_1_104' title="bbox 2204 4715 3794 4787">
     <span class='ocr_line' id='line_1_104' title="bbox 2204 4715 3794 4787; baseline 0.001 -17"><span class='ocrx_word' id='word_1_865' title='bbox 2204 4716 2532 4777; x_wconf 75' lang='lat' dir='ltr'><strong>&#39;I‘ertnlliano</strong></span> <span class='ocrx_word' id='word_1_866' title='bbox 2562 4716 2727 4777; x_wconf 83' lang='lat' dir='ltr'><strong>asseri</strong></span> <span class='ocrx_word' id='word_1_867' title='bbox 2759 4715 3015 4787; x_wconf 83' lang='lat' dir='ltr'><strong>Sopliiatn</strong></span> <span class='ocrx_word' id='word_1_868' title='bbox 3047 4715 3139 4770; x_wconf 86' lang='lat' dir='ltr'><strong>Dei</strong></span> <span class='ocrx_word' id='word_1_869' title='bbox 3166 4757 3182 4779; x_wconf 89' lang='lat'><strong>,</strong></span> <span class='ocrx_word' id='word_1_870' title='bbox 3225 4715 3293 4768; x_wconf 87' lang='lat' dir='ltr'><strong>ab</strong></span> <span class='ocrx_word' id='word_1_871' title='bbox 3322 4715 3467 4769; x_wconf 92' lang='lat' dir='ltr'><strong>omni</strong></span> <span class='ocrx_word' id='word_1_872' title='bbox 3497 4715 3794 4771; x_wconf 57' lang='lat' dir='ltr'><strong>aeternitate</strong></span> 
     </span>
    </p>
   </div>
   <div class='ocr_carea' id='block_1_105' title="bbox 2202 4790 3807 4879">
    <p class='ocr_par' dir='ltr' id='par_1_105' title="bbox 2202 4790 3807 4879">
     <span class='ocr_line' id='line_1_105' title="bbox 2202 4790 3807 4879; baseline -0.002 -15"><span class='ocrx_word' id='word_1_873' title='bbox 2202 4810 2364 4865; x_wconf 78' lang='lat' dir='ltr'><strong>luiSse</strong></span> <span class='ocrx_word' id='word_1_874' title='bbox 2394 4824 2422 4862; x_wconf 89' lang='lat' dir='ltr'><strong>a</strong></span> <span class='ocrx_word' id='word_1_875' title='bbox 2452 4809 2610 4869; x_wconf 83' lang='lat' dir='ltr'><strong>Patre</strong></span> <span class='ocrx_word' id='word_1_876' title='bbox 2637 4821 2737 4863; x_wconf 91' lang='lat' dir='ltr'><strong>suo</strong></span> <span class='ocrx_word' id='word_1_877' title='bbox 2754 4790 2986 4879; x_wconf 76' lang='lat' dir='ltr'><strong>genitam</strong></span> <span class='ocrx_word' id='word_1_878' title='bbox 3013 4848 3027 4873; x_wconf 89' lang='lat'><strong>,</strong></span> <span class='ocrx_word' id='word_1_879' title='bbox 3060 4823 3181 4875; x_wconf 74' lang='lat' dir='ltr'><strong>qua:</strong></span> <span class='ocrx_word' id='word_1_880' title='bbox 3204 4808 3421 4879; x_wconf 79' lang='lat' dir='ltr'><strong>spiritus</strong></span> <span class='ocrx_word' id='word_1_881' title='bbox 3444 4817 3646 4861; x_wconf 88' lang='lat' dir='ltr'><strong>tantum</strong></span> <span class='ocrx_word' id='word_1_882' title='bbox 3671 4817 3753 4862; x_wconf 89' lang='lat' dir='ltr'><strong>est</strong></span> <span class='ocrx_word' id='word_1_883' title='bbox 3776 4823 3807 4869; x_wconf 64' lang='lat'><strong>.‘</strong></span> 
     </span>
    </p>
   </div>
   <div class='ocr_carea' id='block_1_106' title="bbox 2201 4897 3793 4969">
    <p class='ocr_par' dir='ltr' id='par_1_106' title="bbox 2201 4897 3793 4969">
     <span class='ocr_line' id='line_1_106' title="bbox 2201 4897 3793 4969; baseline 0 -15"><span class='ocrx_word' id='word_1_884' title='bbox 2201 4916 2263 4957; x_wconf 85' lang='lat' dir='ltr'><strong>ac</strong></span> <span class='ocrx_word' id='word_1_885' title='bbox 2292 4899 2383 4955; x_wconf 90' lang='lat' dir='ltr'><strong>Dei</strong></span> <span class='ocrx_word' id='word_1_886' title='bbox 2428 4899 2599 4955; x_wconf 75' lang='lat' dir='ltr'><strong>Patris</strong></span> <span class='ocrx_word' id='word_1_887' title='bbox 2638 4898 2980 4954; x_wconf 89' lang='lat' dir='ltr'><strong>consiliarius</strong></span> <span class='ocrx_word' id='word_1_888' title='bbox 3003 4943 3019 4964; x_wconf 84' lang='grc'>,</span> <span class='ocrx_word' id='word_1_889' title='bbox 3048 4913 3167 4969; x_wconf 74' lang='lat' dir='ltr'><strong>qua:</strong></span> <span class='ocrx_word' id='word_1_890' title='bbox 3195 4897 3263 4952; x_wconf 92' lang='lat' dir='ltr'><strong>ab</strong></span> <span class='ocrx_word' id='word_1_891' title='bbox 3299 4914 3365 4953; x_wconf 91' lang='lat' dir='ltr'><strong>eo</strong></span> <span class='ocrx_word' id='word_1_892' title='bbox 3404 4915 3507 4953; x_wconf 92' lang='lat' dir='ltr'><strong>non</strong></span> <span class='ocrx_word' id='word_1_893' title='bbox 3536 4908 3674 4953; x_wconf 84' lang='lat' dir='ltr'><strong>statu</strong></span> <span class='ocrx_word' id='word_1_894' title='bbox 3694 4942 3708 4966; x_wconf 91' lang='lat'><strong>,</strong></span> <span class='ocrx_word' id='word_1_895' title='bbox 3742 4899 3793 4955; x_wconf 90' lang='lat' dir='ltr'><strong>id</strong></span> 
     </span>
    </p>
   </div>
   <div class='ocr_carea' id='block_1_107' title="bbox 2200 4991 3795 5065">
    <p class='ocr_par' dir='ltr' id='par_1_107' title="bbox 2200 4991 3795 5065">
     <span class='ocr_line' id='line_1_107' title="bbox 2200 4991 3795 5065; baseline 0 -17"><span class='ocrx_word' id='word_1_896' title='bbox 2200 5005 2280 5048; x_wconf 91' lang='lat' dir='ltr'><strong>est</strong></span> <span class='ocrx_word' id='word_1_897' title='bbox 2301 5036 2314 5058; x_wconf 91' lang='lat'><strong>,</strong></span> <span class='ocrx_word' id='word_1_898' title='bbox 2345 5003 2578 5065; x_wconf 86' lang='lat' dir='ltr'><strong>utsupra</strong></span> <span class='ocrx_word' id='word_1_899' title='bbox 2609 4993 2909 5048; x_wconf 87' lang='lat' dir='ltr'><strong>notavimus</strong></span> <span class='ocrx_word' id='word_1_900' title='bbox 2933 5034 2946 5059; x_wconf 93' lang='lat'><strong>,</strong></span> <span class='ocrx_word' id='word_1_901' title='bbox 2984 4991 3278 5047; x_wconf 86' lang='lat' dir='ltr'><strong>substantia</strong></span> <span class='ocrx_word' id='word_1_902' title='bbox 3307 5000 3390 5047; x_wconf 89' lang='lat' dir='ltr'><strong>est</strong></span> <span class='ocrx_word' id='word_1_903' title='bbox 3422 4991 3665 5058; x_wconf 85' lang='lat' dir='ltr'><strong>diversa,</strong></span> <span class='ocrx_word' id='word_1_904' title='bbox 3699 4992 3795 5048; x_wconf 87' lang='lat' dir='ltr'><strong>sed</strong></span> 
     </span>
    </p>
   </div>
   <div class='ocr_carea' id='block_1_108' title="bbox 2202 5080 3795 5158">
    <p class='ocr_par' dir='ltr' id='par_1_108' title="bbox 2202 5080 3795 5158">
     <span class='ocr_line' id='line_1_108' title="bbox 2202 5080 3795 5158; baseline -0.001 -18"><span class='ocrx_word' id='word_1_905' title='bbox 2202 5087 2442 5158; x_wconf 82' lang='lat' dir='ltr'><strong>propria,</strong></span> <span class='ocrx_word' id='word_1_906' title='bbox 2465 5100 2528 5139; x_wconf 89' lang='lat' dir='ltr'><strong>ac</strong></span> <span class='ocrx_word' id='word_1_907' title='bbox 2555 5100 2769 5154; x_wconf 86' lang='lat' dir='ltr'><strong>semper</strong></span> <span class='ocrx_word' id='word_1_908' title='bbox 2804 5083 2963 5139; x_wconf 84' lang='lat' dir='ltr'><strong>insita</strong></span> <span class='ocrx_word' id='word_1_909' title='bbox 2991 5080 3091 5138; x_wconf 83' lang='lat' dir='ltr'><strong>fuit</strong></span> <span class='ocrx_word' id='word_1_910' title='bbox 3115 5124 3129 5147; x_wconf 89' lang='lat'><strong>,</strong></span> <span class='ocrx_word' id='word_1_911' title='bbox 3162 5093 3217 5138; x_wconf 91' lang='lat' dir='ltr'><strong>et</strong></span> <span class='ocrx_word' id='word_1_912' title='bbox 3245 5099 3343 5152; x_wconf 83' lang='lat' dir='ltr'><strong>qua</strong></span> <span class='ocrx_word' id='word_1_913' title='bbox 3376 5084 3487 5138; x_wconf 82' lang='lat' dir='ltr'><strong>sola</strong></span> <span class='ocrx_word' id='word_1_914' title='bbox 3513 5126 3526 5151; x_wconf 90' lang='lat'><strong>,</strong></span> <span class='ocrx_word' id='word_1_915' title='bbox 3563 5098 3664 5143; x_wconf 81' lang='lat' dir='ltr'><strong>nec</strong></span> <span class='ocrx_word' id='word_1_916' title='bbox 3685 5083 3795 5138; x_wconf 88' lang='lat' dir='ltr'><strong>ulla</strong></span> 
     </span>
    </p>
   </div>
   <div class='ocr_carea' id='block_1_109' title="bbox 2198 5175 3795 5247">
    <p class='ocr_par' dir='ltr' id='par_1_109' title="bbox 2198 5175 3795 5247">
     <span class='ocr_line' id='line_1_109' title="bbox 2198 5175 3795 5247; baseline -0.002 -13"><span class='ocrx_word' id='word_1_917' title='bbox 2198 5180 2299 5234; x_wconf 88' lang='lat' dir='ltr'><strong>alia</strong></span> <span class='ocrx_word' id='word_1_918' title='bbox 2332 5195 2412 5245; x_wconf 88' lang='lat' dir='ltr'><strong>re,</strong></span> <span class='ocrx_word' id='word_1_919' title='bbox 2453 5176 2519 5233; x_wconf 90' lang='lat' dir='ltr'><strong>ad</strong></span> <span class='ocrx_word' id='word_1_920' title='bbox 2553 5177 2736 5232; x_wconf 89' lang='lat' dir='ltr'><strong>mundi</strong></span> <span class='ocrx_word' id='word_1_921' title='bbox 2776 5175 3100 5233; x_wconf 87' lang='lat' dir='ltr'><strong>creationem</strong></span> <span class='ocrx_word' id='word_1_922' title='bbox 3133 5176 3416 5247; x_wconf 40' lang='lat' dir='ltr'><strong>egebatgsi</strong></span> <span class='ocrx_word' id='word_1_923' title='bbox 3449 5184 3625 5232; x_wconf 89' lang='lat' dir='ltr'><strong>tamen</strong></span> <span class='ocrx_word' id='word_1_924' title='bbox 3653 5176 3795 5231; x_wconf 90' lang='lat' dir='ltr'><strong>Dens</strong></span> 
     </span>
    </p>
   </div>
   <div class='ocr_carea' id='block_1_110' title="bbox 2198 5266 3240 5340">
    <p class='ocr_par' dir='ltr' id='par_1_110' title="bbox 2198 5266 3240 5340">
     <span class='ocr_line' id='line_1_110' title="bbox 2198 5266 3240 5340; baseline -0.003 -17"><span class='ocrx_word' id='word_1_925' title='bbox 2198 5272 2374 5340; x_wconf 89' lang='lat' dir='ltr'><strong>aliquo</strong></span> <span class='ocrx_word' id='word_1_926' title='bbox 2405 5284 2633 5339; x_wconf 85' lang='lat' dir='ltr'><strong>unquam</strong></span> <span class='ocrx_word' id='word_1_927' title='bbox 2658 5268 2867 5338; x_wconf 84' lang='lat' dir='ltr'><strong>eguisse</strong></span> <span class='ocrx_word' id='word_1_928' title='bbox 2892 5269 2995 5323; x_wconf 87' lang='lat' dir='ltr'><strong>dici</strong></span> <span class='ocrx_word' id='word_1_929' title='bbox 3030 5266 3240 5339; x_wconf 74' lang='lat' dir='ltr'><strong>possit?</strong></span> 
     </span>
    </p>
   </div>
   <div class='ocr_carea' id='block_1_111' title="bbox 2270 5361 3790 5434">
    <p class='ocr_par' dir='ltr' id='par_1_111' title="bbox 2270 5361 3790 5434">
     <span class='ocr_line' id='line_1_111' title="bbox 2270 5361 3790 5434; baseline -0.001 -15"><span class='ocrx_word' id='word_1_930' title='bbox 2270 5364 2362 5419; x_wconf 89' lang='lat' dir='ltr'><strong>llis</strong></span> <span class='ocrx_word' id='word_1_931' title='bbox 2393 5379 2549 5434; x_wconf 87' lang='lat' dir='ltr'><strong>porro</strong></span> <span class='ocrx_word' id='word_1_932' title='bbox 2592 5362 2660 5416; x_wconf 90' lang='lat' dir='ltr'><strong>ita</strong></span> <span class='ocrx_word' id='word_1_933' title='bbox 2705 5361 2985 5429; x_wconf 88' lang='lat' dir='ltr'><strong>stabilitis,</strong></span> <span class='ocrx_word' id='word_1_934' title='bbox 3021 5361 3337 5433; x_wconf 81' lang='lat' dir='ltr'><strong>Hermogeoi</strong></span> <span class='ocrx_word' id='word_1_935' title='bbox 3373 5362 3537 5416; x_wconf 90' lang='lat' dir='ltr'><strong>Deum</strong></span> <span class='ocrx_word' id='word_1_936' title='bbox 3568 5361 3790 5418; x_wconf 86' lang='lat' dir='ltr'><strong>materia</strong></span> 
     </span>
    </p>
   </div>
   <div class='ocr_carea' id='block_1_112' title="bbox 2196 5454 3793 5535">
    <p class='ocr_par' dir='ltr' id='par_1_112' title="bbox 2196 5454 3793 5535">
     <span class='ocr_line' id='line_1_112' title="bbox 2196 5454 3793 5535; baseline 0 -24"><span class='ocrx_word' id='word_1_937' title='bbox 2196 5456 2489 5535; x_wconf 75' lang='lat' dir='ltr'><strong>indiguisse</strong></span> <span class='ocrx_word' id='word_1_938' title='bbox 2508 5496 2523 5523; x_wconf 90' lang='lat'><strong>,</strong></span> <span class='ocrx_word' id='word_1_939' title='bbox 2550 5465 2709 5526; x_wconf 90' lang='lat' dir='ltr'><strong>atque</strong></span> <span class='ocrx_word' id='word_1_940' title='bbox 2738 5454 2874 5509; x_wconf 88' lang='lat' dir='ltr'><strong>adeo</strong></span> <span class='ocrx_word' id='word_1_941' title='bbox 2903 5455 3001 5527; x_wconf 89' lang='lat' dir='ltr'><strong>ipsi</strong></span> <span class='ocrx_word' id='word_1_942' title='bbox 3027 5470 3150 5521; x_wconf 90' lang='lat' dir='ltr'><strong>esse</strong></span> <span class='ocrx_word' id='word_1_943' title='bbox 3179 5465 3500 5511; x_wconf 73' lang='lat' dir='ltr'><strong>eoa-lernam</strong></span> <span class='ocrx_word' id='word_1_944' title='bbox 3529 5454 3793 5511; x_wconf 76' lang='lat' dir='ltr'><strong>eiiutienti</strong></span> 
     </span>
    </p>
   </div>
   <div class='ocr_carea' id='block_1_113' title="bbox 2195 5544 3788 5623">
    <p class='ocr_par' dir='ltr' id='par_1_113' title="bbox 2195 5544 3788 5623">
     <span class='ocr_line' id='line_1_113' title="bbox 2195 5544 3788 5623; baseline 0.001 -21"><span class='ocrx_word' id='word_1_945' title='bbox 2195 5546 2484 5623; x_wconf 86' lang='lat' dir='ltr'><strong>respondet</strong></span> <span class='ocrx_word' id='word_1_946' title='bbox 2509 5565 2521 5602; x_wconf 94' lang='lat'>:</span> <span class='ocrx_word' id='word_1_947' title='bbox 2550 5544 2757 5601; x_wconf 83' lang='lat' dir='ltr'><strong>Idcirco</strong></span> <span class='ocrx_word' id='word_1_948' title='bbox 2783 5547 2937 5603; x_wconf 87' lang='lat' dir='ltr'><strong>etiant</strong></span> <span class='ocrx_word' id='word_1_949' title='bbox 2966 5546 3218 5618; x_wconf 78' lang='lat' dir='ltr'><strong>Sep/tiam</strong></span> <span class='ocrx_word' id='word_1_950' title='bbox 3246 5546 3341 5602; x_wconf 86' lang='lat' dir='ltr'><strong>Dei</strong></span> <span class='ocrx_word' id='word_1_951' title='bbox 3368 5559 3542 5602; x_wconf 84' lang='lat' dir='ltr'><strong>natam</strong></span> <span class='ocrx_word' id='word_1_952' title='bbox 3574 5559 3619 5603; x_wconf 83' lang='lat' dir='ltr'><strong>et</strong></span> <span class='ocrx_word' id='word_1_953' title='bbox 3662 5565 3788 5604; x_wconf 84' lang='lat' dir='ltr'><strong>con-</strong></span> 
     </span>
    </p>
   </div>
   <div class='ocr_carea' id='block_1_114' title="bbox 2193 5638 3793 5713">
    <p class='ocr_par' dir='ltr' id='par_1_114' title="bbox 2193 5638 3793 5713">
     <span class='ocr_line' id='line_1_114' title="bbox 2193 5638 3793 5713; baseline 0.001 -19"><span class='ocrx_word' id='word_1_954' title='bbox 2193 5639 2352 5694; x_wconf 86' lang='lat' dir='ltr'><strong>ditam</strong></span> <span class='ocrx_word' id='word_1_955' title='bbox 2377 5638 2647 5711; x_wconf 62' lang='lat' dir='ltr'><strong>pradicari</strong></span> <span class='ocrx_word' id='word_1_956' title='bbox 2665 5679 2681 5708; x_wconf 85' lang='lat'><strong>,</strong></span> <span class='ocrx_word' id='word_1_957' title='bbox 2706 5657 2766 5695; x_wconf 88' lang='lat' dir='ltr'><strong>ne</strong></span> <span class='ocrx_word' id='word_1_958' title='bbox 2791 5639 2913 5711; x_wconf 84' lang='lat' dir='ltr'><strong>quid</strong></span> <span class='ocrx_word' id='word_1_959' title='bbox 2936 5639 3168 5695; x_wconf 87' lang='lat' dir='ltr'><strong>innatum</strong></span> <span class='ocrx_word' id='word_1_960' title='bbox 3196 5652 3240 5695; x_wconf 94' lang='lat' dir='ltr'><strong>et</strong></span> <span class='ocrx_word' id='word_1_961' title='bbox 3264 5641 3579 5696; x_wconf 85' lang='lat' dir='ltr'><strong>inconditum</strong></span> <span class='ocrx_word' id='word_1_962' title='bbox 3602 5652 3793 5713; x_wconf 55' lang='lat' dir='ltr'><strong>preter</strong></span> 
     </span>
    </p>
   </div>
   <div class='ocr_carea' id='block_1_115' title="bbox 2190 5732 3787 5809">
    <p class='ocr_par' dir='ltr' id='par_1_115' title="bbox 2190 5732 3787 5809">
     <span class='ocr_line' id='line_1_115' title="bbox 2190 5732 3787 5809; baseline 0.002 -20"><span class='ocrx_word' id='word_1_963' title='bbox 2190 5733 2356 5789; x_wconf 80' lang='lat' dir='ltr'><strong>solum</strong></span> <span class='ocrx_word' id='word_1_964' title='bbox 2388 5732 2550 5791; x_wconf 85' lang='lat' dir='ltr'><strong>Deum</strong></span> <span class='ocrx_word' id='word_1_965' title='bbox 2573 5733 3115 5807; x_wconf 81' lang='lat' dir='ltr'><strong>crederemus(lbid.).</strong></span> <span class='ocrx_word' id='word_1_966' title='bbox 3144 5735 3278 5791; x_wconf 88' lang='lat' dir='ltr'><strong>Dicit</strong></span> <span class='ocrx_word' id='word_1_967' title='bbox 3302 5735 3483 5809; x_wconf 86' lang='lat' dir='ltr'><strong>itaque</strong></span> <span class='ocrx_word' id='word_1_968' title='bbox 3508 5736 3787 5807; x_wconf 85' lang='lat' dir='ltr'><strong>Sophiam,</strong></span> 
     </span>
    </p>
   </div>
   <div class='ocr_carea' id='block_1_116' title="bbox 2190 5826 3788 5900">
    <p class='ocr_par' dir='ltr' id='par_1_116' title="bbox 2190 5826 3788 5900">
     <span class='ocr_line' id='line_1_116' title="bbox 2190 5826 3788 5900; baseline -0.001 -14"><span class='ocrx_word' id='word_1_969' title='bbox 2190 5843 2282 5886; x_wconf 73' lang='lat' dir='ltr'><strong>seu</strong></span> <span class='ocrx_word' id='word_1_970' title='bbox 2310 5826 2623 5885; x_wconf 84' lang='lat' dir='ltr'><strong>Sermonem</strong></span> <span class='ocrx_word' id='word_1_971' title='bbox 2656 5836 2709 5883; x_wconf 88' lang='lat' dir='ltr'><strong>et</strong></span> <span class='ocrx_word' id='word_1_972' title='bbox 2741 5826 2935 5884; x_wconf 87' lang='lat' dir='ltr'><strong>Filium</strong></span> <span class='ocrx_word' id='word_1_973' title='bbox 2967 5826 3096 5896; x_wconf 84' lang='lat' dir='ltr'><strong>Dei,</strong></span> <span class='ocrx_word' id='word_1_974' title='bbox 3126 5826 3413 5900; x_wconf 87' lang='lat' dir='ltr'><strong>aliquando</strong></span> <span class='ocrx_word' id='word_1_975' title='bbox 3443 5837 3619 5883; x_wconf 87' lang='lat' dir='ltr'><strong>natam</strong></span> <span class='ocrx_word' id='word_1_976' title='bbox 3643 5842 3788 5900; x_wconf 65' lang='lat' dir='ltr'><strong>preco</strong></span> 
     </span>
    </p>
   </div>
  </div>
