4092 6352
325 275 438 339 855

1473 271 1920 334 DlSSERTATIO
1944 266 2023 332 D.‘
2039 273 2130 333 LE
2165 274 2472 335 NOURRY.

3516 287 3632 352 εει

329 393 535 464 dicari,
577 399 632 450 et
659 391 845 467 agitari
869 392 1098 465 coepisse
1130 392 1283 465 juxta
1320 392 1541 449 citatum
1570 393 1637 448 ab
1671 392 1763 449 illo
1803 406 1927 464 pro-
1951 391 2005 455 Α
2030 401 2136 448 tum
2163 392 2281 463 Dei,
2306 394 2565 466 passiones
2588 411 2792 453 carnem
2820 397 3038 454 hominis
3067 399 3403 469 probaverunt
3429 400 3626 476 (Idem,

330 488 507 561 phette
537 486 773 555 dictum,
815 485 1081 542 Eructavit
1125 502 1407 542 sermonem
1452 489 1698 557 optimum
1726 503 1747 543 :
1769 486 1929 558 Atque

330 584 402 639 ita
442 593 592 639 natus
616 625 629 649 ,
664 584 853 657 inquit,
885 581 1067 639 Sermo
1092 580 1221 649 Dei,
1253 582 1341 655 qui
1363 591 1411 637 et
1438 581 1548 653 ejus
1574 581 1774 654 Sophia
1813 588 1929 645 est;

333 678 456 748 quia
483 692 552 732 ex
579 675 699 733 sinu
727 675 898 732 Patris
923 676 1005 731 sui
1031 718 1045 745 ,
1079 676 1134 731 in
1161 691 1267 746 quo
1288 676 1354 730 ab
1374 684 1579 731 aeterno
1603 674 1818 746 genitus
1847 673 1927 728 la-

338 777 544 837 tuerat,
580 779 705 824 tunc
740 769 938 838 exivit,
967 778 1022 824 et
1049 768 1310 836 excessit,
1356 777 1515 840 atque
1554 768 1627 822 ita
1657 809 1672 836 ,
1702 777 1757 821 ut
1788 765 1926 822 dixi-

336 877 455 929 mus
478 904 493 930 ,
525 861 759 933 perfecta
787 860 881 917 fuit
914 861 1030 932 ejus
1062 860 1341 929 nativitas;
1383 862 1503 932 quia
1533 870 1640 915 tum
1664 901 1680 928 ,
1709 875 1809 917 nec
1837 875 1932 915 an-

337 965 421 1011 tea
454 953 758 1010 hominibus
781 953 1043 1025 patefacta
1072 964 1124 1008 ct
1145 954 1509 1017 demonstrata
1534 963 1636 1010 est.
1670 953 1933 1024 Quemad-

338 1049 556 1107 modum
581 1057 759 1107 autem
789 1047 905 1103 haec
936 1049 1046 1120 ipsa
1070 1047 1188 1104 Filii
1222 1049 1314 1106 Dei
1341 1048 1639 1121 generatio,
1675 1049 1743 1104 ita
1769 1048 1931 1107 etiam

266 1212 270 1219 η
337 1139 502 1197 divini
552 1140 668 1210 ejus
710 1140 886 1196 Patris
925 1140 1252 1209 dominatio,
1293 1141 1401 1196 imo
1440 1150 1492 1196 et
1530 1142 1858 1217 paternitas,
1900 1155 1932 1195 a

337 1235 598 1293 creaturis
620 1234 844 1291 rationis
871 1235 1206 1307 compotibus
1228 1235 1393 1308 C(Bpit
1428 1212 1613 1292 mundi
1640 1212 1967 1307 piimordiol

339 1325 578 1398 agnosci,
610 1336 663 1383 et
690 1328 829 1383 Deus
856 1327 992 1383 sicut
1022 1327 1218 1393 Patris,
1242 1326 1312 1382 ita
1344 1337 1397 1384 et
1425 1328 1633 1382 Domini
1678 1328 1935 1401 appellari

340 1418 666 1476 nominibus.
697 1419 865 1475 Porro
895 1428 1071 1474 autem
1112 1418 1251 1475 hanc
1277 1435 1395 1475 esse
1426 1419 1741 1493 Tertulliani
1782 1436 1958 1488 mens

343 1520 448 1567 tein
475 1554 489 1579 ,
519 1511 643 1567 inde
669 1511 970 1578 coniicitur,
1004 1512 1144 1583 qttod
1174 1512 1245 1569 ibi
1272 1512 1506 1584 disputet
1528 1513 1784 1569 adversus
1807 1513 1938 1569 Iler-

341 1620 621 1676 mogenem
644 1648 659 1673 ,
678 1606 765 1676 qui
789 1605 1148 1661 contendebat
1174 1606 1341 1662 Deum
1363 1607 1431 1663 ab
1453 1615 1659 1661 aeterno
1691 1621 1793 1661 non
1817 1619 1940 1663 esse

344 1701 651 1768 Dominum,
701 1682 804 1754 nisi
850 1698 1092 1755 habuerit
1138 1709 1285 1753 extra
1328 1714 1388 1754 se
1418 1699 1739 1766 materiam,
1787 1697 1940 1768 cujus

2032 486 2120 542 lib.
2149 488 2213 545 de
2241 487 2405 545 Carne
2432 488 2623 551 Christi
2667 508 2783 565 cap.
2825 492 3259 565 5).1,uculenter
3284 496 3443 568 igitur
3466 496 3628 561 docet

2030 579 2322 650 perfectam
2348 580 2568 637 omnino
2602 581 2769 639 fuisse
2822 585 2876 641 in
2904 583 3120 641 Christo
3154 586 3389 643 divinam
3435 588 3626 646 huma-

2033 687 2262 743 namque
2290 682 2554 730 naturam.
2607 673 2717 731 Nec
2751 676 2926 732 minus
2973 689 3160 750 aperte
3210 678 3447 737 declarat
3493 681 3628 737 duas

2032 766 2149 823 illas
2176 765 2373 826 Christi
2395 777 2612 825 naturas
2637 770 2890 828 confusas
2915 787 3021 828 non
3048 772 3245 840 fuisse,
3268 774 3362 832 sed
3387 791 3417 831 a
3455 790 3516 832 se
3542 773 3629 831 in-

2033 861 2204 920 vicem
2244 863 2316 918 ita
2348 863 2656 934 distinctas,
2701 876 2759 922 ut
2786 866 2999 936 penitus
3039 866 3269 925 diversa:
3306 869 3414 925 sint
3441 883 3631 925 earum

2033 956 2405 1029 proprietates.

2110 1050 2164 1106 in
2194 1049 2542 1122 Apologetico
2566 1051 2746 1123 itaque
2772 1066 2894 1107 cum
2922 1053 2989 1107 ab
3014 1065 3080 1108 eo
3103 1051 3307 1109 dictum
3334 1062 3417 1109 est
3440 1070 3453 1109 :
3485 1051 3629 1108 Nas-

2035 1144 2166 1199 citur
2192 1143 2342 1197 homo
2384 1139 2491 1197 Deo
2518 1143 2703 1198 mixtus
2734 1142 2875 1216 (loc.
2917 1160 3060 1216 supr.
3111 1145 3196 1198 cit.
3225 1142 3245 1215 )
3270 1186 3286 1214 ,
3317 1144 3394 1201 ibi
3445 1144 3635 1215 procul

2037 1235 2200 1292 dubio
2222 1251 2327 1291 non
2351 1236 2613 1311 signiﬁcat
2636 1236 2769 1293 duas
2798 1238 2915 1308 ejus
2941 1248 3184 1306 naturas,
3217 1239 3290 1293 uti
3319 1249 3502 1310 postea
3532 1239 3639 1296 Eu-

2041 1326 2276 1400 tycbiani
2297 1328 2700 1384 somniaverunt
2720 1370 2735 1395 ,
2765 1328 2930 1385 fuisse
2957 1330 3250 1402 permixtas
3280 1341 3334 1386 et
3361 1330 3638 1398 contusas,

2040 1422 2133 1477 sed
2177 1421 2255 1477 sic
2283 1421 2417 1487 sibi,
2470 1422 2609 1476 sicut
2654 1422 2780 1478 alibi
2824 1423 3208 1493 patefecimus,
3259 1423 3537 1496 copulatas
3582 1437 3638 1481 et

2041 1513 2375 1583 conjunctas,
2403 1522 2462 1569 ut
2481 1511 2725 1569 Christus
2750 1524 2802 1569 et
2830 1530 2989 1569 verus
3017 1515 3187 1581 Deus,
3212 1525 3266 1570 et
3293 1530 3454 1573 verus
3477 1516 3640 1573 homo

2042 1606 2110 1662 sit
2138 1606 2156 1677 (
2186 1606 2399 1662 Dissert.
2429 1606 2481 1661 in
2505 1607 2737 1662 Lactant.
2764 1624 2878 1679 cap.
2915 1607 3006 1676 17,
3034 1617 3133 1663 art.
3165 1608 3260 1680 5).

2060 1757 2065 1763 ,
2115 1697 2232 1753 Non
2273 1698 2546 1755 communi
2586 1708 2767 1768 autem
2797 1699 3077 1757 hominum
3106 1716 3255 1757 more
3281 1701 3434 1758 illum
3470 1702 3647 1758 homi-

342 1808 530 1850 revera
546 1792 793 1848 dominus
822 1789 1292 1857 fuerit.C‘.ctet'um,
1312 1790 1557 1863 quamvis
1574 1789 1939 1860 Tertullianus
1967 1799 2015 1861 B
2046 1807 2169 1846 nem
2195 1792 2389 1847 iactum
2416 1805 2536 1867 esse
2561 1790 2752 1859 docet;
2785 1791 2877 1848 sed
2905 1791 3145 1863 delapsus
3164 1833 3179 1859 ,
3211 1792 3410 1865 inquit,
3438 1794 3492 1848 in
3539 1794 3643 1847 vir-

345 1886 413 1942 ab
434 1872 577 1941 o'tnui
605 1886 1079 1958 argumentationis
1109 1884 1267 1956 hujus
1285 1883 1599 1943 difﬁcultate
1618 1878 1762 1940 sese
1795 1884 1945 1957 peni-

346 1988 431 2033 tus
463 1995 567 2034 non
613 1978 993 2043 extricaverit;
1036 1992 1195 2032 nemo
1246 1986 1423 2033 tamen
1456 1977 1579 2033 inde
1623 1977 1943 2034 concludere

347 2073 543 2128 merito
564 2056 741 2145 potest
763 2071 830 2126 ab
856 2070 947 2128 illo
986 2080 1228 2143 negatam
1259 2070 1423 2127 fuisse
1452 2071 1568 2127 Filii
1605 2071 1700 2133 Dei
1725 2074 1944 2128 aeterni-

349 2174 511 2221 tatem
538 2206 571 2239 ,_
593 2178 656 2218 ac
680 2163 915 2218 divinam
944 2171 1206 2218 naturam.
1236 2163 1366 2233 Quis
1408 2164 1551 2219 enim
1581 2164 1750 2220 nescit
1786 2165 1941 2221 intel-

350 2258 490 2313 lectu
512 2254 824 2311 difﬁcillima
855 2254 1099 2329 quasdam
1129 2255 1447 2312 documenta
1470 2271 1501 2312 a
1542 2256 1783 2327 pluribus
1807 2257 1948 2313 haud

353 2349 657 2407 dubitanter
680 2349 848 2403 asseri
869 2392 884 2419 ,
923 2350 1014 2421 qui
1044 2364 1231 2405 omnes
1256 2350 1449 2420 quibus
1474 2348 1820 2420 implicantur
1842 2349 1948 2405 dif-

354 2441 647 2498 ﬁcultatum
680 2441 848 2497 nodos
869 2442 1082 2512 penitus
1104 2440 1312 2497 solvere
1339 2457 1443 2497 non
1471 2441 1817 2514 possunt?At
1843 2443 1951 2499 cvi-

355 2534 670 2590 dentissime
716 2535 1046 2589 ostendimus
1088 2549 1248 2606 quam
1289 2544 1627 2602 constanter,
1677 2551 1836 2608 quam
1867 2536 1952 2591 di-

360 2617 500 2705 serte
524 2668 539 2692 ,
570 2638 622 2681 et
647 2627 761 2681 sine
789 2627 909 2681 ullis
936 2627 1219 2682 verborum
1249 2627 1565 2699 ambagibus
1594 2627 1954 2685 Tertullianus

361 2719 592 2775 aSSeruit
613 2735 674 2773 ac
715 2718 1003 2775 vindicavit
1026 2717 1141 2773 Filii
1176 2719 1269 2773 Dei
1302 2720 1655 2774 a-teruitatetn
1684 2720 1954 2775 divinam-

362 2830 465 2885 quc
502 2813 617 2883 ejus
645 2824 910 2869 naturam.
953 2812 1061 2870 Sed
1096 2814 1237 2869 illam
1266 2813 1442 2871 adhuc
1473 2814 1600 2870 alibi
1645 2831 1751 2883 non
1781 2816 1958 2875 minus

364 2909 641 2979 perspicue
664 2907 934 2980 praedicat,
957 2908 1409 2980 quemadmodum
1434 2910 1487 2964 in
1517 2909 1761 2982 sequenti
1782 2910 1960 2982 capite

365 3000 679 3058 videbimus.
1264 3010 1265 3013 ‘

971 3141 1200 3200 CAPUT
1235 3141 1328 3199 IX.

777 3256 855 3314 De
880 3257 1082 3314 Christo
1106 3257 1216 3314 Deo
1240 3270 1285 3314 et
1311 3260 1533 3315 homine.

891 3390 1183 3431 ARTICULUS
1221 3391 1429 3431 PRIMUS.

371 3515 453 3574 De
480 3517 702 3573 humo
744 3515 934 3573 Christi
961 3533 1026 3572 ea:
1060 3517 1253 3588 virgine
1280 3524 1395 3571 oﬂu
1417 3558 1434 3585 ,
1460 3532 1492 3571 a
1517 3514 1679 3573 sacris
1708 3515 1970 3587 prophetis

445 3612 788 3683 ps‘artuutiato
811 3626 829 3666 :
858 3626 951 3665 cur
974 3610 1160 3665 dicitur
1184 3612 1336 3665 homo
1366 3609 1477 3666 Deo
1515 3610 1707 3664 mixtus
1728 3625 1748 3665 :
1776 3610 1887 3680 ejus
1916 3610 1972 3664 in

446 3718 606 3767 imas
647 3710 918 3765 ducatum
960 3722 1063 3764 non
1092 3724 1239 3780 posse
1277 3709 1421 3778 rejici
1464 3725 1497 3763 a
1541 3708 1838 3782 gentilibus,
1885 3709 1972 3779 qui

447 3802 516 3867 ad
537 3801 893 3861 destruendam
913 3802 1052 3858 illius
1071 3801 1327 3857 veritatem
1348 3801 1580 3869 quwdam
1600 3799 1789 3856 similia
1810 3802 1975 3872 ﬁnxe-

448 3910 585 3956 rant.

453 4040 594 4098 Satis
618 4039 827 4096 abunde
849 4081 864 4106 ,
901 4039 1002 4110 nisi
1043 4040 1200 4114 plane
1229 4037 1482 4106 fallimur,
1509 4054 1539 4094 a
1564 4037 1716 4094 nobis
1754 4036 1978 4103 demon-

382 4143 605 4192 stratum
633 4147 715 4191 est
765 4150 923 4206 quam
958 4148 1082 4188 vera
1115 4130 1522 4209 orthoiloxaque
1569 4130 1727 4187 fuerit
1769 4130 1979 4186 Tertul-

381 4228 508 4283 liani
539 4229 605 4283 de
648 4243 896 4303 suprema
922 4226 1119 4298 Verbi,
1160 4226 1272 4281 sive
1314 4223 1591 4289 Sermonis
1637 4232 1690 4280 et
1733 4221 1851 4279 Filii
1886 4223 1981 4279 Dei

386 4320 683 4387 divinitate,
714 4319 976 4374 sententia
1003 4334 1066 4375 ac
1109 4318 1369 4375 doctrina.
1395 4317 1502 4373 Sed
1532 4317 1616 4373 his
1642 4316 1778 4373 lucis
1807 4314 1983 4373 adhuc

388 4414 588 4485 aliquid
633 4412 828 4467 all‘crre
870 4428 930 4468 ea
963 4420 1221 4487 possunt,
1269 4426 1387 4482 qua:
1433 4410 1525 4466 ille
1571 4410 1640 4466 de
1667 4408 1857 4465 eodem
1889 4408 1983 4463 Dei

392 4508 528 4565 Filio
551 4507 781 4562 lunnana
812 4522 973 4562 carne
1009 4506 1194 4561 induto
1216 4503 1450 4560 tradidit.
1481 4503 1782 4561 Gentilibus
1802 4510 1984 4565 autem

2047 1884 2249 1957 ginem,
2281 1898 2398 1953 qum
2429 1883 2544 1943 sine
2573 1882 2735 1939 ullius
2764 1883 2859 1937 viri
2892 1898 3053 1954 opera
3085 1883 3236 1943 illum
3267 1885 3451 1959 genuit
3478 1885 3645 1957 (Apo-

2048 1979 2200 2053 loget.
2226 1976 2323 2031 loc.
2351 1975 2483 2047 cit.).
2513 1975 2707 2032 Verum
2735 1977 2856 2049 quia
2884 1974 2988 2033 hoc
3012 1975 3218 2033 credita
3245 1976 3643 2045 difficillimum,

2051 2070 2135 2125 vel
2162 2068 2230 2125 ab
2253 2067 2479 2135 ethnicis
2506 2066 2718 2123 irrideri
2750 2054 2989 2138 poterat,
3014 2067 3374 2126 Tertullianus
3400 2068 3650 2125 consulto

2052 2178 2181 2221 sane
2211 2172 2432 2220 cunctos
2473 2163 2728 2223 admonet
2770 2150 2898 2218 illud
2945 2177 2975 2216 a
3022 2162 3190 2219 sacris
3233 2163 3649 2237 praenuntiatum

2054 2258 2219 2321 fuisse
2265 2256 2573 2329 prophetis,
2615 2270 2840 2327 quorum
2885 2256 3176 2312 auctoritas
3221 2271 3252 2310 a
3297 2255 3545 2322 nemine,
3593 2264 3652 2310 ut

2055 2367 2215 2424 supra
2266 2348 2540 2417 diximus,
2592 2357 2767 2419 potest
2832 2348 3112 2403 inﬁrmari.
3169 2346 3508 2423 Quapropter
3562 2348 3652 2415 ille

2057 2444 2213 2523 paulo
2242 2454 2364 2499 ante
2390 2443 2634 2498 dixerat:
2672 2439 2858 2514 (Venit
2884 2442 3039 2514 igitur
3065 2441 3149 2510 qui
3180 2441 3247 2494 ad
3273 2440 3656 2513 reformandam

2058 2550 2103 2593 et
2149 2535 2547 2601 iituminandam
2573 2551 2709 2603 eam,
2743 2534 2967 2605 gratiam
2998 2532 3306 2589 Judaeorum
3335 2533 3658 2591 Christianis

2062 2628 2428 2685 transmissam
2450 2667 2466 2695 ,
2493 2636 2731 2685 venturus
2756 2642 2789 2680 a
2818 2623 2923 2679 Deo
2950 2626 3387 2697 praenuntiabatur
3426 2624 3661 2681 Christus

2061 2724 2148 2787 ille
2175 2721 2343 2777 Filius
2371 2720 2516 2795 Dei).
2544 2719 2719 2791 Hujus
2744 2721 2898 2793 igitur
2917 2720 3097 2792 gratia:
3118 2718 3503 2793 disciplinaque
3521 2719 3662 2778 arbi-

2063 2827 2137 2873 ter
2180 2827 2225 2872 et
2256 2816 2514 2888 magister,
2561 2815 2877 2871 illuntinator
2941 2823 3091 2886 atque
3169 2813 3420 2873 deductor
3458 2814 3658 2889 generis

2065 2910 2309 2979 humani,
2353 2908 2521 2964 Filius
2570 2908 2669 2963 Dei
2718 2909 3154 2975 anituntiabatur;
3203 2924 3305 2963 non
3348 2906 3548 2981 quidem
3591 2908 3667 2962 ita

2065 3005 2261 3079 genitus
2283 3046 2295 3069 ,
2327 3015 2381 3059 ut
2409 3002 2665 3058 erubescat
2690 3003 2744 3056 in
2782 3001 2877 3073 ﬁlii
2917 3002 3121 3059 nomine
3142 3043 3158 3069 ,
3182 3011 3270 3057 aut
3299 3000 3362 3055 de
3390 3001 3552 3073 patris
3581 3016 3665 3058 se-

2068 3098 2317 3157 mine,....
2346 3094 2444 3149 Dei
2481 3093 2652 3149 Filius
2682 3093 2876 3148 nullam
2916 3093 2981 3149 de
3006 3092 3326 3164 impudicitia
3367 3093 3516 3155 habet
3556 3109 3671 3150 ma-

1988 3199 2038 3262 C
2071 3196 2229 3253 trem;
2257 3188 2407 3242 etiam
2433 3202 2584 3256 quam
2598 3185 2797 3239 videtur
2823 3184 3027 3252 habere,
3056 3200 3157 3239 non
3178 3192 3425 3263 nupserat
3447 3182 3663 3256 (Ibid).

2071 3277 2260 3332 Omnia
2291 3278 2406 3332 haec
2434 3276 2654 3331 totidem
2685 3275 2846 3331 verba
2874 3276 2928 3331 in
2957 3276 3158 3331 nostris
3182 3274 3458 3332 codicibus
3483 3290 3670 3332 manu-

2071 3370 2287 3443 scriptis
2327 3379 2381 3425 et
2425 3370 2657 3443 antiquis
2683 3368 3011 3425 editionibus
3052 3366 3121 3424 ad
3159 3368 3452 3440 Rigaltium
3500 3384 3669 3441 usque

2073 3464 2409 3520 exhibentur.
2463 3462 2571 3520 Sed
2623 3461 2891 3535 Rigaltio,
2937 3477 3097 3535 quem
3137 3463 3229 3518 alii
3273 3472 3457 3536 postea
3499 3465 3673 3520 secuti

2074 3567 2233 3625 sunt,
2267 3556 2492 3628 primam
2523 3555 2682 3629 hujus
2711 3555 2815 3612 loci
2835 3555 3074 3629 pbrasim
3095 3597 3110 3625 ,
3134 3556 3342 3615 uncinis
3369 3557 3629 3613 inclusam
3649 3599 3669 3624 ,

2042 3694 2049 3701 .
2076 3650 2287 3721 penitus
2316 3662 2561 3704 reseCare
2590 3649 2810 3720 placuit.
2838 3648 3047 3706 Nullam
3075 3657 3254 3707 tamen
3284 3651 3669 3725 amputationis

2080 3743 2222 3798 illius
2275 3740 2507 3796 reddidit
2555 3740 2859 3807 rationem,
2896 3741 3006 3797 imo
3030 3757 3100 3797 ne
3137 3742 3415 3798 minimum
3454 3743 3672 3814 quidem

2080 3835 2321 3892 verbum.
2350 3834 2419 3889 At
2459 3832 2669 3890 tametsi
2713 3834 2827 3888 lucc
2854 3833 3063 3905 phrasis
3101 3835 3302 3893 inutilis
3328 3852 3550 3907 prorsus
3570 3880 3587 3907 ,
3618 3846 3676 3905 et

2010 3990 2015 3997 ,
2083 3928 2249 3985 textui
2271 3926 2585 3983 Tertulliani
2607 3927 2828 3985 omnino
2853 3936 3181 3999 praepostere
3200 3928 3401 3989 inserta
3430 3930 3535 4007 ipsi
3559 3932 3675 3997 visa

2081 4024 2151 4079 sit
2176 4040 2189 4089 ;
2214 4022 2382 4078 lector
2403 4032 2577 4077 tamen
2606 4020 2763 4092 hujus
2791 4020 3141 4078 additamenti
3162 4022 3353 4081 saltem
3382 4024 3679 4087 admonen-

2082 4118 2183 4175 dus
2212 4127 2346 4174 erat.

2156 4213 2444 4279 Caeterum,
2475 4210 2607 4266 nulli
2630 4209 2857 4267 obscura
2883 4224 3005 4269 esse
3037 4218 3215 4285 potest
3247 4215 3513 4273 sententia
3538 4216 3673 4275 Ter-

2087 4306 2331 4373 tulliani,
2382 4306 2472 4379 qui
2517 4305 2954 4363 manifestissime
3000 4308 3308 4379 pronuntiat
3345 4309 3540 4371 Filium
3580 4312 3678 4371 Dei

2086 4397 2362 4473 delapsum
2388 4411 2507 4457 esse
2527 4397 2587 4461 in
2607 4396 2869 4475 virginem
2886 4439 2903 4464 ,
2930 4412 2997 4455 ex
3024 4413 3129 4471 qua
3166 4398 3458 4458 humanum
3484 4416 3682 4474 corpus

2089 4489 2313 4558 accepit.
2353 4487 2625 4561 Virginem
2651 4497 2827 4545 autem
2857 4488 3029 4559 dixit,
3065 4491 3188 4562 quia
3230 4491 3313 4549 hic
3345 4493 3439 4551 Dei
3478 4493 3683 4563 Filius,

392 4603 656 4669 breviter,
705 4601 950 4671 huncque
991 4599 1042 4655 in
1075 4598 1292 4665 modum
1346 4601 1583 4672 explicat
1636 4603 1760 4677 quid
1789 4604 1855 4665 de
1893 4605 1964 4665 ωε

2091 4587 2328 4657 nullam,
2369 4586 2579 4665 inquit,
2625 4587 2688 4642 de
2714 4586 3034 4659 impudicitia
3062 4596 3288 4656 ,matrem
3318 4586 3500 4656 habet;
3529 4589 3686 4645 etiam

393 4696 683 4753 Christiani
715 4695 1013 4753 sentirent:
1046 4691 1152 4757 Iste
1192 4692 1286 4751 Dei
1328 4694 1503 4751 radius
1526 4737 1541 4763 ,
1580 4695 1629 4755 id
1658 4705 1775 4765 est,
1820 4696 1990 4755 Filius

396 4791 521 4857 Dei,
551 4789 640 4860 qui
669 4805 731 4845 cx
766 4788 939 4844 Patris
978 4787 1060 4844 sui
1092 4786 1209 4841 sinu
1257 4796 1506 4859 tanquam
1539 4788 1717 4861 radius
1771 4807 1836 4847 ex
1864 4790 1991 4851 Sole

396 4882 625 4954 prodiit,
658 4892 709 4936 ut
738 4892 872 4935 retro
911 4896 1108 4950 semper
1131 4879 1504 4951 pra'dicabatur
1530 4881 1593 4936 ab
1617 4881 1838 4959 antiquis
1860 4926 1874 4951 ,
1904 4885 1989 4940 ni-

398 4979 591 5048 mirum
625 4968 928 5048 prophetis,
958 4973 1197 5045 delapsns
1238 4974 1293 5029 in
1334 4974 1575 5047 virginem
1601 4975 1906 5047 quamdam,
1943 4987 1991 5037 et

402 5072 452 5124 in
480 5081 618 5124 utero
643 5070 753 5140 ejus
775 5084 894 5123 caro
923 5067 1177 5138 ﬁguratus
1197 5108 1212 5134 ,
1242 5068 1465 5125 nascitur
1492 5067 1642 5124 homo
1669 5067 1777 5124 Deo
1807 5070 1996 5139 mixtus

406 5164 748 5242 (Tertullion.
786 5165 1051 5237 Apologet.
1097 5179 1212 5236 cap.
1244 5162 1336 5231 21,
1385 5180 1503 5236 pag.
1536 5161 1687 5235 399).
1735 5163 1841 5220 Sed
1882 5163 1998 5222 hmc

405 5257 510 5312 alio
541 5257 591 5312 in
625 5256 759 5311 libro
784 5256 1101 5313 clarioribus
1131 5255 1281 5311 hisce
1297 5255 1475 5312 verbis
1500 5255 1781 5327 exposuit:
1815 5255 2001 5324 Itaque

405 5350 668 5421 utriusque
685 5351 981 5406 substantia:
999 5367 1176 5405 census
1197 5351 1449 5405 hominem
1478 5360 1523 5404 et
1549 5349 1716 5405 Deum
1737 5349 1999 5418 exhibuit;

408 5443 525 5498 hinc
550 5456 724 5514 natum
749 5485 764 5511 ,
791 5442 914 5497 inde
941 5458 1041 5497 non
1067 5452 1242 5496 natum
1265 5461 1285 5510 ;
1305 5442 1424 5497 hinc
1450 5459 1686 5498 corneum
1710 5484 1726 5513 ,
1758 5442 1876 5499 inde
1896 5444 2003 5516 spi-

408 5542 642 5611 ritalem;
674 5544 790 5598 hinc
820 5543 1079 5612 inﬁrmum
1101 5584 1117 5612 ,
1144 5543 1263 5603 inde
1293 5546 1585 5614 prwfortem
1602 5562 1623 5612 ;
1653 5545 1771 5601 hinc
1794 5545 2011 5600 morien-

413 5646 509 5692 tem
532 5679 549 5706 ,
571 5637 688 5693 inde
707 5639 966 5693 viventem.
996 5636 1125 5715 Quae
1147 5638 1429 5709 proprietas
1449 5637 1795 5697 cou‘ditionutn
1821 5637 2007 5703 divinis

413 5742 459 5789 et
496 5733 734 5789 humana:
766 5748 914 5802 aqua
942 5733 1114 5805 utique
1140 5741 1339 5810 natura:
1374 5733 1636 5805 utriusque
1660 5733 1869 5790 ueritate
1906 5735 2011 5795 dis-

414 5836 602 5903 puncta
628 5834 731 5897 est,
755 5825 930 5883 eadem
958 5826 1061 5901 fide
1084 5826 1295 5900 spiritus
1322 5834 1370 5883 et
1390 5828 1597 5895 carnis;
1628 5827 1833 5886 virtutes
1859 5828 2012 5899 spiri-

2093 4696 2245 4754 quam
2270 4679 2465 4737 videtur
2500 4677 2718 4746 habere,
2763 4694 2864 4733 non
2893 4687 3152 4749 nupserat.
3181 4680 3251 4739 At
3268 4679 3315 4735 si
3343 4680 3449 4742 ulla
3478 4684 3684 4757 absque

2094 4771 2439 4846 impudicitia:
2474 4770 2629 4840 labe,
2661 4782 2717 4827 et
2750 4770 2981 4832 maritali
3023 4773 3292 4828 consortio
3336 4786 3507 4832 mater
3547 4778 3686 4836 facta

2097 4888 2179 4936 est
2198 4920 2214 4949 ,
2254 4884 2401 4933 certe
2425 4871 2698 4931 Christum
2726 4868 2873 4924 salva
2899 4866 3218 4939 virginitatis
3243 4883 3356 4925 suae
3383 4868 3691 4943 integritate

2097 4971 2302 5045 genuit.
2331 4968 2439 5027 Sed
2464 4983 2568 5041 qua
2598 4967 2835 5032 ratione,
2866 4963 3065 5034 inquiet
3091 4960 3283 5033 aliquis
3306 5004 3322 5030 ,
3353 4964 3458 5021 dici
3483 4968 3690 5037 putuit:

2102 5066 2226 5125 Non
2254 5061 2536 5140 nupserat?
2564 5058 2751 5116 Nonne
2777 5055 3019 5129 plerique
3043 5070 3231 5111 omnes
3272 5056 3413 5115 illam
3457 5058 3697 5132 losepho

2101 5168 2321 5233 nuptam
2351 5171 2539 5215 revera
2584 5152 2747 5221 fuisse
2771 5147 3119 5236 asseverant?
3147 5147 3495 5219 Respondent
3521 5152 3695 5223 aliqui

2101 5253 2203 5319 hoc
2236 5251 2400 5315 verbo
2427 5266 2528 5305 non
2554 5253 2841 5316 nupserat,
2885 5241 3019 5297 nihil
3057 5241 3201 5298 aliud
3240 5242 3528 5315 signiﬁcari
3548 5287 3563 5310 ,
3594 5244 3699 5301 nisi

2104 5345 2322 5405 Mariam
2353 5345 2525 5403 virum
2566 5355 2675 5396 non
2702 5336 3035 5409 cognovisse.
3077 5335 3207 5395 Nam
3272 5346 3328 5391 et
3357 5335 3472 5407 ipsa
3510 5336 3704 5406 angelo

2108 5440 2425 5515 respondit:
2480 5435 2746 5507 Quomodo
2776 5436 2860 5506 ﬁet
2890 5432 3071 5500 istud;
3113 5430 3357 5503 quoniam
3405 5429 3567 5485 virum
3598 5444 3703 5485 non

2109 5538 2404 5611 cognosco?
2431 5530 2449 5605 ζ
2476 5534 2606 5589 Luc.
2636 5548 2751 5602 cap.
2782 5531 2836 5598 1,
2868 5544 2918 5584 υ.
2962 5528 3031 5589 54
3056 5529 3095 5601 ).
3118 5526 3224 5585 Sed
3255 5525 3337 5583 Itis
3365 5522 3705 5597 probandum

2111 5642 2227 5689 erat
2258 5648 2289 5689 a
2318 5630 2511 5703 quibus
2549 5626 2774 5685 verbum
2823 5624 2957 5683 nubo
3017 5623 3121 5678 hoc
3178 5635 3345 5677 sensu
3385 5618 3702 5688 accipiatur.

2110 5726 2394 5792 Nonnullis
2420 5737 2550 5791 vero
2580 5723 2696 5785 haec
2718 5763 2732 5788 .
2779 5732 2941 5793 quam
2979 5716 3290 5790 Hieronymi
3317 5728 3439 5772 esse
3485 5720 3709 5784 putant,

2115 5823 2370 5897 probatur
2408 5818 2591 5893 opinio
2614 5817 2834 5881 hiat-iam
2858 5814 3076 5889 quando
3101 5812 3350 5887 concepit
3390 5807 3665 5868 Christum
3676 5808 3718 5877 τ.
