4092 6352
521 336 643 402 ’835

1612 339 1677 396 ΙΝ
1716 335 2181 396 TERTULLIANI
2209 333 2742 398 APOLOGETICUM
3492 338 3518 369 "'

3733 343 3839 404 856

519 477 788 533 sponsam
813 505 826 530 ,
854 440 968 518 sive
992 435 1532 531 utEvangeiistarum
1568 469 1782 513 utamur
1803 456 1992 521 verbo,
2037 455 2128 510 de-
2158 459 2210 517 Α
2238 455 2377 510 fectu
2419 455 2636 511 dubium
2685 470 2806 512 esse
2852 463 3065 527 potest,
3097 456 3224 529 quin
3265 453 3571 529 Cyprianus
3601 459 3666 515 ad
3693 460 3838 517 hunc

537 565 834 624 sponsatam
873 556 1088 626 quidem
1135 553 1301 609 fuisse
1340 551 1598 623 Josepho,
1623 551 1710 607 cui
1753 559 1874 621 post
1914 549 2076 605 breve
2101 562 2133 602 a

535 659 794 720 conceptu
825 650 1164 705 intervallum
1207 661 1367 718 nupta
1415 656 1517 703 est.
1547 645 1653 704 Sed
1697 646 1876 701 nullus
1920 644 2136 700 Tertul-

533 743 662 797 liani
709 751 944 797 mentem
972 743 1209 809 certius,
1254 756 1413 811 quam
1449 739 1537 794 ille
1575 740 1690 808 ipse
1720 738 1927 808 aperire
1959 748 2137 808 potest

533 833 734 900 (Petav.
761 833 954 888 tom.V.
975 834 1223 905 Theolog.
1245 834 1471 905 dogtnat.
1492 831 1581 886 lib.
1597 831 1737 886 XIV.
1764 847 1879 902 cap.
1899 831 1952 887 5.
1977 832 2004 901 ς
2032 831 2130 916 ‘10;

431 989 442 998 _
534 925 840 998 llierouym.
866 927 985 982 adv.
1019 926 1217 997 Ilelvi).
1266 928 1335 979 At
1377 925 1429 979 in
1477 939 1576 978 suo
1610 923 1678 978 de
1733 938 1896 978 carne
1936 922 2132 977 Christi

530 1017 669 1071 libro
721 1019 835 1072 tunc
879 1017 949 1073 de
998 1018 1174 1072 Maria
1226 1017 1432 1088 virgine
1480 1015 1695 1088 scripsit
1764 1006 1778 1073 ὲ
1833 1013 1945 1069 Etsi
1993 1005 2134 1086 virgo

518 1095 761 1180 concepit
787 1152 802 1176 ,
831 1111 883 1164 in
915 1120 1067 1182 partu
1095 1127 1186 1164 suo
1225 1111 1437 1179 nupsit,
1468 1111 1580 1178 ipsa
1622 1101 1866 1179 patefacti
1903 1108 2134 1178 corporis

519 1195 680 1274 'legc,
710 1218 870 1273 quam
917 1202 1112 1257 ibidem
1156 1204 1316 1258 citat:
1353 1202 1517 1256 Omne
1554 1201 1894 1255 masculinum
1937 1200 2132 1272 adape-

509 1297 665 1350 ricus
690 1298 910 1359 vulvam,
939 1289 1174 1352 sanctum
1229 1297 1484 1351 vocabitur
1539 1295 1757 1349 Domino
1803 1293 2002 1366 (Idem,
2041 1295 2131 1349 tib.

514 1391 595 1444 de
633 1407 786 1445 carne
843 1391 1032 1447 Christ.
1083 1408 1196 1462 cap.
1249 1391 1366 1462 9.5).
1423 1383 1581 1447 Vides
1629 1405 1759 1444 sane
1786 1389 2003 1443 verbum
2033 1406 2132 1442 nu-

529 1485 646 1539 bere
675 1485 761 1540 hic
791 1484 858 1540 ab
897 1500 962 1540 eo
993 1486 1131 1540 sumi
1181 1501 1277 1554 pro
1327 1484 1547 1554 virginis
1594 1491 1778 1553 partu,
1827 1498 1932 1552 quo
1978 1481 2132 1536 vulva

516 1576 644 1648 ejus
689 1589 923 1632 reserata
967 1586 1066 1632 est.
1118 1577 1232 1632 Non
1272 1577 1383 1648 jam
1431 1575 1646 1648 quidem
1691 1575 1980 1646 qmerinms
2027 1589 2133 1656 quo

527 1685 691 1725 sensu
713 1685 829 1726 eam
858 1659 1100 1739 apertam
1125 1685 1246 1725 esse
1272 1670 1497 1733 dixerit,
1532 1669 1598 1722 de
1626 1682 1731 1740 quo
1759 1667 1813 1722 in
1847 1667 2042 1722 nostris
2064 1666 2131 1721 ad

510 1746 872 1816 ’Ambrosittm
903 1761 1394 1817 observationibus.
1429 1760 1594 1816 Nobis
1620 1761 1766 1816 enim
1799 1775 1941 1816 nunc
1978 1759 2129 1814 sniti-

2238 547 2548 605 Tertulliani
2582 549 2750 605 nostri
2777 551 2954 605 locum
2978 550 3296 620 respexerit,
3329 549 3451 608 cum
3484 552 3601 610 tunc
3625 556 3841 625 scriptis

2237 643 2510 698 tradebat:
2547 642 2720 715 Hujus
2745 646 2898 716 igitur
2926 646 3255 715 indulgentia:
3277 689 3292 713 ,
3339 648 3554 717 gratiae,
3605 650 3840 722 discipli-

2239 753 2412 808 na‘que
2449 737 2635 791 arbiter
2653 747 2699 791 et
2725 730 2981 810 magister,
3011 737 3194 792 Sermo
3217 747 3261 792 et
3294 737 3461 794 Filius
3479 739 3573 795 Dei
3602 742 3837 808 mittitur,

2237 828 2323 898 qui
2354 844 2444 899 per
2471 830 2743 898 prophetas
2766 845 2938 884 omnes
2965 840 3099 884 retro
3128 830 3448 886 illuminator
3477 841 3521 887 et
3547 833 3729 888 doctor
3751 853 3841 906 ge-

2239 921 2372 976 neris
2397 921 2609 976 humani
2647 922 3133 992 prcedicabatur.....
3169 921 3269 978 Hic
3299 925 3350 978 in
3379 924 3624 998 virginem
3661 927 3836 983 illabi-

2238 1023 2338 1078 tur,
2369 1031 2570 1069 carnem
2602 1015 2805 1088 Spiritu
2836 1026 3010 1071 sancto
3031 1027 3335 1086 cooperante
3358 1060 3372 1084 ,
3397 1018 3629 1073 induitur
3657 1035 3676 1075 :
3702 1019 3839 1076 Deus

2238 1123 2354 1162 cum
2428 1108 2630 1164 homine
2696 1109 2930 1164 miscetur
3004 1109 3294 1182 (Cyprian.
3361 1111 3448 1166 lib.
3513 1113 3576 1167 de
3635 1110 3834 1170 Idolor.

2237 1201 2392 1254 vanit.
2425 1201 2468 1272 ).
2526 1201 2720 1256 Mixtus
2761 1211 2936 1256 autent
2986 1202 3055 1257 ab
3109 1217 3175 1257 eo
3200 1244 3212 1266 ,
3269 1202 3410 1259 sicut
3447 1219 3478 1258 a
3506 1201 3838 1261 Tertulliano

2237 1293 2452 1360 dieitur,
2484 1310 2589 1350 non
2615 1294 2892 1365 utriusque
2921 1306 3123 1350 natura:
3144 1295 3344 1350 divina:
3365 1304 3420 1352 et
3442 1296 3694 1352 humanae
3716 1297 3836 1355 ﬁcta

2238 1386 2305 1450 ab
2349 1386 2694 1457 Entychianis
2741 1385 3090 1448 confusione,
3142 1385 3235 1441 sed
3283 1387 3406 1457 quia
3447 1377 3736 1456 Christus,
3785 1398 3841 1445 ut

2238 1479 2397 1548 paulo
2441 1489 2566 1534 ante
2618 1480 2960 1546 monuimus,
3010 1489 3291 1548 utramque
3339 1489 3584 1535 naturam
3634 1482 3837 1552 perfec-

2239 1581 2344 1627 tam
2374 1573 2568 1628 divinm
2615 1589 2727 1628 suae
2770 1589 3015 1644 persona:
3044 1573 3384 1643 coniunctam
3431 1576 3838 1649 copulatamque

2238 1666 2419 1723 habet.
3461 1669 3466 1680 Ι

2308 1761 2443 1818 Tum
2473 1761 2670 1817 dehinc
2700 1763 2900 1817 Auctor
2930 1770 3114 1818 noster
3141 1762 3399 1832 ipsosmet
3439 1763 3668 1835 gentiles
3704 1764 3836 1821 allo-

522 1854 595 1908 cit
620 1837 781 1919 illud,
823 1854 892 1907 de
921 1870 1027 1923 quo
1057 1854 1215 1925 igitur
1245 1854 1467 1908 verbum
1499 1851 1687 1906 nubere
1725 1850 1793 1905 ab
1847 1867 1912 1907 eo
1955 1850 2124 1922 accipi
2157 1857 2202 1916 B
2231 1866 2387 1909 eutns
2409 1897 2423 1919 ,
2451 1855 2567 1912 inec
2595 1857 2663 1910 ab
2699 1857 2765 1911 iis
2812 1856 2962 1926 rejici
3005 1872 3110 1912 non
3145 1872 3302 1927 posse
3349 1858 3428 1913 sic
3457 1857 3832 1915 demonstrat:

529 1962 626 2016 pro
659 1947 937 2002 muliebris
983 1948 1116 2002 uteri
1166 1947 1216 2001 in
1263 1956 1418 2019 partu
1459 1945 1817 2018 patefactione
1870 1943 2039 2017 (Not.
2072 1945 2126 1998 in

515 2040 759 2096 Ambros.
791 2041 1029 2112 Exposit.
1081 2041 1280 2114 Evang.
1327 2051 1450 2096 sect.
1492 2040 1619 2095 Luc.
1647 2039 1683 2111 ).
1734 2039 1886 2096 Sicut
1947 2048 2125 2098 autem

508 2141 720 2202 'negare
774 2149 878 2188 non
920 2149 1202 2203 possumus
1257 2133 1394 2189 hanc
1421 2133 1640 2188 minime
1686 2133 1958 2203 propriam
1997 2146 2120 2188 esse

509 2225 682 2295 ’hujns
739 2227 887 2283 verbi
955 2228 1438 2298 signiﬁcationem.
1497 2228 1566 2282 ita
1612 2235 1759 2282 certe
1802 2241 1992 2281 omnes
2041 2225 2122 2280 fa-

513 2311 623 2373 teri
653 2318 850 2374 debent
891 2321 1146 2374 illibatam
1183 2320 1365 2376 Marize
1398 2320 1756 2390 virginitatem
1795 2319 1866 2374 ab
1897 2319 1988 2373 illo
2012 2319 2124 2374 evi-

441 2400 446 2404 ’
507 2411 834 2468 'dcntissime
860 2415 1214 2483 asseri(Tom.
1263 2400 1573 2486 LApparat.
1606 2414 1694 2469 lib.
1720 2413 1808 2480 Ill,
1840 2415 2043 2470 dissert.
2061 2413 2118 2480 2,

509 2505 636 2574 "cap.
672 2504 723 2569 6,
760 2516 861 2560 art.
904 2507 960 2570 9,
1002 2525 1120 2577 pag.
1155 2507 1260 2563 975
1283 2508 1322 2578 ).
1355 2506 1474 2562 Non
1503 2509 1554 2561 in
1596 2497 1694 2562 suo
1726 2508 1868 2561 enim
1915 2516 2120 2561 tantum
2153 2529 2156 2533 ·

504 2596 901 2670 Ἄροιυεθιὶρο,
947 2601 1040 2656 sed
1079 2602 1186 2656 alio
1228 2602 1388 2656 etiam
1423 2602 1474 2655 in
1505 2601 1642 2656 libro
1667 2643 1681 2666 ,
1715 2610 1774 2656 ut
1815 2600 1943 2656 alibi
1982 2600 2119 2655 vidi-

503 2690 670 2759 'mus,
704 2685 830 2747 illud
861 2683 1245 2748 documentum
1282 2693 1484 2748 stabilit
1509 2736 1523 2758 ,
1569 2708 1633 2748 ac
1678 2693 1960 2748 conﬁrmat
2001 2703 2120 2747 tan-

504 2781 673 2853 ‘quam
702 2785 770 2838 ab
815 2779 1063 2840 universa
1110 2787 1190 2840 sui
1234 2787 1490 2856 temporis
1540 2786 1780 2842 Ecclesia
1806 2780 1832 2851 ,⁷
1855 2796 1910 2842 et
1959 2796 2118 2843 antea

507 2859 1020 2953 magnoconsensn
1062 2887 1358 2949 receptum.
1391 2877 1500 2932 Nos
1527 2893 1658 2934 vero
1688 2879 1755 2933 de
1780 2893 1846 2933 eo
1876 2865 2120 2948 insupe—

501 2969 750 3031 ‘rioribus
779 2969 976 3048 ttoSIris
1007 2966 1472 3035 dissertationibus
1513 2980 1946 3052 disputavimus(
1975 2981 2114 3040 Ibid.

503 3067 605 3123 'tib.
639 3067 703 3133 ll,
728 3063 932 3125 dissert.
964 3071 1016 3126 6.
1048 3060 1164 3142 mp.
1199 3074 1252 3139 7,
1286 3072 1313 3145 ς
1348 3074 1399 3140 5,
1424 3059 1555 3145 ρας.
1589 3074 1732 3141 597;
1764 3074 2032 3131 Dissertat.
2064 3079 2117 3132 in

514 3158 751 3215 Lactant.
781 3170 898 3233 cap.
933 3164 1022 3218 l7.
1070 3148 1265 3220 ανεξδ.
1298 3175 1421 3221 tom.
1450 3170 1502 3222 l.
1536 3169 1788 3237 Apparet.
1819 3169 1915 3222 loc.
1950 3169 2036 3223 cit.
2071 3178 2117 3224 et

2213 1944 2463 2019 Recipite
2502 1950 2705 2011 interim
2751 1949 2882 2004 hanc
2908 1949 3168 2020 fabulam,
3213 1949 3329 2006 sive
3373 1950 3527 2005 siculi
3567 1950 3832 2019 fabulam,

2230 2043 2412 2096 similis
2454 2052 2524 2096 est
2573 2043 2779 2106 vestris,
2810 2041 2934 2095 dum
2976 2043 3287 2095 ostendimus
3311 2045 3566 2112 quomodo
3603 2042 3832 2102 Christus

2229 2137 2486 2208 probetur.
2523 2137 2761 2192 Sciebant
2786 2138 2874 2208 qui
2902 2153 3050 2206 penes
3081 2154 3166 2191 vos
3202 2137 3403 2208 fabulas
3429 2137 3497 2190 ad
3527 2138 3830 2194 destructio-

2228 2245 2342 2282 nem
2367 2230 2592 2283 verilatis
2616 2230 2758 2283 istius
2786 2229 2998 2283 armalas
3043 2230 3566 2300 prteministraverunt
3599 2230 3831 2302 (Tertul-

2226 2324 2352 2377 lian.
2406 2323 2670 2394 Apologet.
2715 2339 2831 2393 cap.
2879 2323 2968 2389 2t,
3017 2341 3138 2393 pag.
3172 2323 3411 2396 399).]n
3462 2326 3661 2381 nostris
3705 2342 3829 2408 vero

2193 2401 2197 2408 ’
2227 2415 2604 2484 manuscriptis
2624 2415 2930 2480 codicibus,
2961 2425 3012 2470 et
3043 2427 3166 2470 ante
3188 2416 3475 2487 Rigaltium
3507 2417 3685 2483 editis,
3713 2403 3829 2488 post

2228 2507 2458 2564 verbum
2485 2496 2726 2578 probetur
2747 2550 2761 2573 ,
2795 2508 2908 2563 haec
2936 2509 3112 2573 aliter,
3146 2510 3329 2580 sicque
3358 2511 3558 2581 scripta
3589 2521 3716 2567 sunt
3742 2532 3755 2568 :
3782 2523 3824 2568 et

2223 2603 2310 2672 qui
2329 2619 2478 2670 penes
2502 2619 2588 2656 vos
2611 2603 2861 2672 ejusmodi
2887 2603 3088 2674 fabulas
3112 2605 3325 2659 tentatas
3350 2604 3418 2658 ad
3439 2606 3825 2662 destructionem

2209 2690 2448 2748 veritatis
2482 2694 2768 2748 istiusmodi
2796 2695 3322 2765 prteministraverint.
3365 2696 3471 2751 Cur
3499 2712 3626 2752 vero
3651 2698 3824 2769 Rigal-

2225 2785 2328 2838 tins
2347 2783 2464 2840 haec
2493 2786 2654 2839 verba
2686 2786 3078 2853 immutaverit,
3109 2787 3304 2842 nullam
3333 2788 3401 2842 ab
3438 2804 3505 2844 eo
3533 2801 3814 2860 exspectes

2221 2881 2501 2934 rationem.
2540 2879 2901 2935 Tertnllianns
2943 2891 3120 2935 autem
3163 2881 3420 2936 adversus
3467 2882 3712 2938 ethnicos
3745 2885 3819 2940 sic

2209 2964 2660 3043 argumentatur:
2701 2972 2946 3041 Objicere
2995 2973 3125 3028 mihi
3175 2976 3397 3044 potestis
3444 2991 3544 3041 ea,
3583 2992 3704 3047 qua:
3753 2977 3818 3033 de

2219 3067 2473 3133 Christo,
2520 3068 2743 3138 ejusque
2789 3085 2853 3123 ex
2885 3069 3089 3140 virgine
3131 3080 3290 3135 ortu,
3331 3079 3388 3127 et
3432 3071 3666 3127 humana
3714 3073 3818 3128 vita

2220 3158 2354 3226 dixi,
2379 3175 2581 3215 meram
2613 3175 2733 3215 esse
2763 3160 3016 3215 fabulam.
3047 3166 3134 3228 At,
3163 3165 3266 3218 etsi
3292 3163 3340 3218 id
3381 3164 3532 3220 vobis
3557 3165 3818 3222 concede-

506 3251 602 3306 ιώ.
635 3254 691 3317 5,
731 3243 932 3309 dissert.
969 3254 1025 3320 2,
1053 3243 1169 3327 cap,
1196 3258 1249 3322 6,
1291 3268 1390 3311 ari.
1423 3257 1477 3322 4,
1509 3275 1628 3330 pag.
1665 3258 1791 3334 597,
1829 3269 1876 3314 ει
1898 3277 2036 3332 seqq,
2064 3272 2112 3316 ετ
2139 3256 2184 3319 C
2220 3268 2332 3307 rem
2359 3295 2374 3318 ,
2403 3253 2539 3308 hanc
2562 3261 2737 3308 tamen
2765 3269 2868 3307 non
2891 3269 3166 3325 respuere,
3192 3254 3284 3310 sed
3311 3256 3548 3326 recipere
3574 3257 3815 3323 debetis;

509 3337 812 3402 Dissertfin
835 3339 1078 3426 Lactant.
1112 3367 1227 3420 cap.
1261 3351 1314 3415 8,
1347 3362 1444 3404 nrt.
1472 3351 1564 3423 1).

501 3441 509 3451 ’
583 3429 782 3495 Palam.
811 3441 988 3497 adhuc
1015 3443 1380 3498 Tertullianns
1426 3444 1705 3514 proﬁtetur
1745 3429 1886 3500 hunc
1913 3444 2111 3501 Christi

502 3530 578 3590 ex
627 3524 1073 3606 \-ir'gittc"orttttn,
1121 3549 1177 3592 et
1216 3537 1504 3593 adventum
1531 3539 1603 3592 'in
1637 3548 1839 3605 terras,
1881 3554 1913 3594 τι
1943 3541 2112 3595 sacris

502 3614 710 3684 nostris
737 3631 946 3685 vatibus
973 3632 1386 3700 praenuntiatum
1417 3629 1740 3711 fuisse.qSed
1767 3650 1886 3704 quae
1909 3635 2017 3689 sint
2047 3635 2102 3690 il~

505 3711 677 3776 lorum
709 3713 921 3779 macula
943 3765 958 3790 ,
996 3723 1096 3778 hoc
1126 3725 1176 3778 in
1211 3724 1376 3791 libro,
1427 3726 1477 3779 in
1505 3741 1612 3794 quo
1641 3725 1886 3781 brevitati
1913 3742 2108 3783 consu-

503 3811 650 3867 lebat
671 3814 876 3882 ,-'plane
915 3815 1099 3869 tacuit.
1132 3817 1286 3870 Plura
1315 3831 1441 3872 vero
1483 3817 1570 3871 ille
1600 3818 1649 3870 in
1683 3817 1821 3873 libro
1845 3804 2107 3875 adversus

505 3903 721 3959 Judaaos
743 3949 757 3971 ,
801 3917 854 3960 et
883 3902 971 3962 alii
1016 3909 1066 3962 in
1095 3909 1214 3963 aliis
1254 3909 1404 3964 libris
1439 3912 1768 3977 retulerunt,
1801 3912 1870 3968 de
1909 3913 2103 3984 quibus

503 3994 682 4050 adhuc
709 3997 762 4052 in
790 3999 976 4053 iisdem
1003 4000 1369 4069 superioribus
1395 4003 1596 4057 nostris
1635 4003 2104 4061 dissertationibus

497 4095 680 4140 actum
710 4104 739 4140 a
783 4089 938 4143 nobis
976 4089 1092 4144 fuit.
1144 4090 1403 4146 Otnittere
1453 4101 1631 4148 tamen
1674 4112 1777 4148 non
1821 4087 2104 4165 possumus

500 4175 695 4230 Justini
726 4182 976 4250 martyris
1005 4183 1366 4237 testimonium
1389 4226 1402 4248 ,
1433 4184 1573 4255 quod
1605 4185 1916 4241 Tertulliani
1943 4189 2101 4245 dictis

501 4258 706 4334 optime
728 4263 975 4340 congruit
997 4313 1011 4336 ,
1041 4288 1210 4343 eaque
1239 4276 1429 4328 mirum
1462 4276 1512 4329 in
1545 4277 1764 4331 modum
1792 4278 2094 4337 confirmat.

500 4356 602 4413 Ubi
635 4360 778 4415 enim
823 4363 1192 4420 sanctissimus
1223 4365 1312 4420 ille
1341 4361 1562 4433 martyr
1585 4370 1764 4438 plures
1801 4371 1870 4427 de
1902 4371 2098 4430 .i'uturo

497 4449 696 4514 Christi
723 4451 958 4508 adventu
990 4441 1286 4532 sacrorum“
1308 4455 1686 4528 prephetarum
1721 4463 2097 4531 prtcdictiones

496 4545 627 4598 citat
648 4536 848 4617 {atque
878 4547 1017 4622 hanc
1048 4549 1097 4602 in
1124 4551 1311 4618 primis
1333 4537 1500 4615 Isaia),
1523 4552 1666 4630 Ecce
1695 4556 1850 4630 Virgo
1873 4560 1924 4614 in
1951 4559 2094 4615 utero

2219 3348 2414 3418 quippe
2437 3364 2559 3418 qua:
2590 3348 2652 3402 iis
2679 3348 2871 3402 similis
2896 3357 3002 3414 est,
3032 3364 3164 3418 quas
3195 3348 3442 3404 ﬁnxistis.
3465 3349 3816 3407 Ostendimus

2216 3443 2361 3498 enim
2401 3442 2673 3513 quomodo
2699 3439 2946 3500 Christus
2977 3443 3045 3499 de
3089 3443 3295 3514 virgine
3340 3454 3495 3498 natus
3527 3445 3812 3513 probetur,

2213 3551 2278 3592 ac
2316 3537 2497 3607 plures
2549 3552 2671 3591 esse
2713 3536 3001 3607 scriptores
3026 3578 3040 3600 ,
3086 3536 3174 3605 qni
3201 3536 3426 3591 similes
3467 3536 3712 3605 fabulas,
3747 3538 3814 3592 ad

2213 3631 2604 3686 destructionem
2653 3631 2876 3685 veritatis
2937 3647 3087 3700 penes
3150 3649 3236 3686 vos
3290 3633 3810 3702 praeministraverint.

2214 3727 2308 3781 Dic
2333 3736 2508 3782 autem
2535 3769 2551 3794 ,
2585 3742 2768 3798 qnmso
2788 3770 2800 3789 ,
2833 3737 3008 3782 utrum
3041 3728 3130 3784 hic
3158 3729 3551 3801 descriptorum
3587 3732 3640 3788 in
3661 3731 3811 3788 codi-

2211 3822 2363 3877 cibus
2415 3822 2612 3877 nostris
2659 3823 2944 3878 verborum
2999 3824 3310 3880 Tertulliani
3362 3841 3594 3896 sensus,
3642 3829 3808 3901 magis

2209 3930 2368 3984 quam
2399 3915 2450 3968 in
2483 3914 2781 3986 Rigaltiana
2813 3916 3050 3971 editione
3076 3917 3338 3972 obscurus
3357 3919 3449 3974 sit.
3715 3936 3717 3938 ·

2278 4006 2568 4074 Czeterum,
2597 4018 2753 4064 antea
2782 4009 3025 4065 Justinus
3048 4021 3252 4084 martyr
3278 4012 3437 4067 simili
3468 4013 3622 4082 plane
3647 4014 3805 4073 modo

2204 4089 2390 4158 contra
2419 4103 2636 4157 eosdem
2672 4103 2896 4172 gentiles
2925 4103 3292 4173 disputaverat
3317 4124 3331 4161 :
3354 4111 3412 4159 Et
3435 4111 3581 4161 tua;
3600 4112 3808 4179 satiare?-

2201 4189 2332 4250 θένου
2357 4205 2650 4267 νῆιν-θῆσθαι
2677 4205 2890 4267 φέρομεν,
2912 4206 3080 4261 κοινὸν,
3107 4201 3188 4251 nati
3217 4205 3358 4254 τοῦτο
3384 4210 3500 4269 πρὸς
3523 4211 3604 4254 τὸν
3626 4208 3807 4274 “epeia

2203 4296 2319 4342 εστω
2342 4279 2468 4355 sua.
2493 4287 2643 4353 Quod
2671 4303 2786 4342 vero
2813 4299 2859 4342 et
2899 4305 2961 4343 ea:
2989 4289 3180 4360 virgine
3206 4289 3477 4345 Christum
3500 4302 3678 4346 natum
3700 4310 3806 4348 esse

2201 4380 2841 4450 prazdicamus,commune
2882 4383 2948 4437 sit
2976 4383 3070 4437 hoc
3094 4400 3291 4454 quoque
3320 4395 3538 4458 prapter,
3561 4385 3799 4442 Perseum

2200 4473 2453 4528 vobiscum
2501 4471 2734 4546 (Justin.
2783 4475 3002 4548 Apolog.
3060 4474 3142 4548 l).
3196 4475 3329 4532 Nota
3379 4478 3658 4535 enimvero
3721 4490 3838 4536 est

2198 4568 2448 4623 omnibus
2502 4567 2617 4622 hmo
2663 4567 2876 4632 I'ahnla,
2923 4585 3025 4638 qua
3076 4569 3300 4640 gentiles
3352 4573 3641 4626 commenti
3675 4581 3803 4628 sunt

497 4635 739 4692 habebit:
769 4632 847 4692 ibi
872 4641 1102 4696 ostendit
1136 4643 1334 4697 nullam
1375 4645 1498 4700 inde
1533 4648 1763 4704 ethnicis
1793 4652 1906 4708 dari
1939 4669 2097 4709 occa-
2120 4654 2172 4714 D
2198 4659 2390 4715 Jovem
2411 4702 2428 4727 ,
2461 4660 2514 4715 in
2544 4676 2764 4716 aureum
2798 4660 3023 4716 imbrem
3067 4677 3421 4728 cenversum,
3455 4663 3799 4722 descendisse

495 4728 703 4785 sionem
730 4747 885 4786 sumn
917 4735 1205 4790 excusandi
1228 4735 1438 4801 Jovem,
1470 4739 1557 4809 qui
1589 4728 1768 4810 plures
1790 4745 2093 4803 adulterino

493 4823 780 4878 concubitu
826 4817 1023 4880 liberos
1053 4839 1379 4898 snseeperat.
1403 4831 1532 4887 Nam
1563 4834 1692 4889 illud
1721 4835 1872 4892 Isaia:
1906 4841 2093 4896 vatici-

487 4918 677 4973 nium:
716 4929 944 4988 Σηιῗμσιινει
992 4928 1042 4977 οὗ
1091 4931 1492 4980 sanust-samiae“
1528 4938 1617 4981 τιὶν
1658 4939 1880 5001 παρθένον
1920 4943 2092 4988 συλλι-

487 5016 583 5064 εεῖν
606 5029 618 5044 '
652 5017 691 5066 si
715 5020 802 5084 γὰρ
827 5023 1155 5080 ἱπυνουσιὰσθη
1184 5026 1274 5072 ὑπὸ
1298 5026 1506 5081 ὁτουοῦν.
1542 5027 1619 5076 οὖι
1647 5031 1720 5077 ἔτι
1751 5029 1805 5086 ἧν
1827 5035 2051 5095 περθξνος
2073 5045 2085 5058 ⁸

485 5111 611 5160 ἀλλὰ
665 5110 858 5175 δὼειιμις
925 5118 1046 5167 Θεοῦ
1109 5119 1360 5167 ἐπελθοῦσι
1396 5115 1470 5186 ’τῇ
1521 5124 1770 5184 πκρθξνῳ,
1822 5124 2089 5174 insanias“

485 5205 636 5254 αὐτὴν
661 5241 674 5264 ,
699 5207 701 5210 ⁴
727 5206 806 5256 καὶ
851 5222 1137 5274 κυοφορῆσαι
1185 5215 1407 5277 πιρθὲνον
1448 5207 1588 5262 οὖσαν
1635 5221 1884 5271 πεποίηκε.
1912 5211 2088 5283 Signi-

485 5293 609 5361 ﬁcat
652 5294 891 5365 virginem
947 5298 1132 5368 absque
1173 5302 1537 5356 consuetudine
1597 5320 1806 5360 venerea
1869 5321 2087 5376 concep-

486 5396 657 5438 turam
723 5389 900 5458 fuisse.
933 5390 997 5445 Si
1041 5393 1173 5444 enim
1239 5410 1351 5447 cum
1409 5411 1659 5464 quoquam
1716 5398 2080 5466 consuevisset,

464 5494 587 5547 non
623 5481 734 5550 iam
771 5483 1135 5555 virgofuisset.
1163 5486 1228 5540 At
1250 5489 1381 5541 enim
1421 5490 1577 5544 virtus
1618 5491 1802 5561 virgini
1837 5508 2079 5563 superve-

482 5571 656 5638 niens,
686 5572 766 5628 illi
805 5576 1149 5642 obumbravit,
1183 5590 1231 5634 et
1272 5580 1411 5650 virgo
1451 5598 1566 5635 cum
1607 5593 1764 5649 esset,
1810 5595 1864 5638 ut
1905 5588 2079 5656 fretum

479 5666 695 5736 gravida
721 5666 773 5720 in
820 5678 960 5723 utero
1005 5670 1192 5739 ferret,
1242 5671 1409 5740 eﬂecit
1450 5675 1697 5744 (Justin.
1739 5677 1960 5750 Apolog.
2007 5678 2073 5748 Ι).

555 5759 750 5818 Verum
783 5763 828 5818 si
870 5773 1022 5821 certo
1051 5764 1229 5821 nullus
1259 5769 1610 5836 pronuntiare
1643 5770 1836 5828 audeat
1862 5771 2076 5830 Tertnlo

469 5851 671 5910 [ianum
693 5853 762 5910 ad
789 5854 906 5912 lucc
925 5856 1242 5916 collineasse
1273 5857 1466 5917 Justini
1491 5863 1652 5918 verba
1673 5905 1687 5930 ,
1719 5866 1919 5922 nemini
1947 5881 2074 5937 pro-

589 6008 612 6033 \

2199 4754 2265 4808 ad
2298 4753 2531 4818 Danaen,
2551 4765 2606 4809 et
2633 4754 2701 4808 ab
2727 4770 2786 4808 ea
2814 4755 3067 4810 Perseum
3097 4756 3364 4826 genuisse.
3396 4755 3541 4812 Alias
3576 4768 3798 4826 praster-

2197 4861 2257 4900 ea
2306 4845 2643 4901 ethnicorum
2688 4845 2894 4900 fabulas
2934 4847 3128 4903 ibidem
3177 4858 3393 4904 sanctus
3433 4857 3642 4922 martyr
3682 4865 3796 4907 me-

2196 4948 2401 5002 morat,
2425 4954 2558 5009 qnas
2590 4938 2703 5001 his,
2735 4956 2854 5010 qua:
2879 4939 2947 4992 de
2973 4938 3194 4994 Christo
3223 4955 3348 4995 vere
3380 4952 3690 5009 narrantur,
3718 4943 3793 4997 si-

2196 5031 2352 5086 miles
2379 5021 2499 5086 esse
2528 5025 2783 5087 Ostendit.
2819 5032 3007 5086 Postea
3061 5048 3190 5087 vero
3232 5032 3322 5088 ille
3370 5033 3555 5102 adjicit
3585 5033 3792 5090 fabulas

2192 5120 2498 5193 huiusmodi
2537 5121 2606 5177 ah
2635 5123 2861 5178 ethnicis
2891 5124 3062 5193 poetis
3081 5165 3097 5192 ,
3129 5124 3380 5180 instinctu
3410 5125 3654 5196 dolisque
3679 5125 3794 5182 dte-

2190 5213 2410 5273 monum
2455 5217 2576 5272 ideo
2607 5217 2947 5284 deeantatas’,
2991 5227 3048 5272 nt
3075 5234 3193 5287 qum
3220 5234 3248 5272 a
3276 5217 3491 5274 Christo
3535 5219 3790 5275 mirabili-

2190 5317 2272 5366 ter
2289 5319 2440 5380 gesta
2466 5318 2619 5375 sunt,
2652 5324 2746 5379 pro
2767 5309 2959 5364 tabulis
2989 5313 3317 5381 poeticisque
3345 5313 3666 5370 commentis
3693 5313 3790 5369 ha-

2186 5400 2461 5459 berentur.

2257 5495 2428 5551 Nemo
2458 5506 2543 5553 est
2567 5505 2742 5552 autem
2764 5540 2778 5564 ,
2807 5497 2928 5569 qui,
2960 5499 3115 5556 nobis
3141 5500 3302 5556 etiam
3331 5501 3648 5572 silentibus,
3674 5518 3781 5562 non

2182 5587 2445 5660 intelligat
2482 5600 2738 5659 quantum
2783 5590 2897 5647 haac
2925 5591 3234 5648 Tertulliani
3261 5585 3418 5650 dictis
3443 5607 3776 5668 congruant,

2182 5691 2342 5754 atque
2368 5683 2495 5739 inde
2518 5682 2930 5740 conﬁrmentur.
2960 5684 3074 5742 Non
3109 5703 3266 5742 ttnam
3298 5688 3441 5743 enim
3476 5700 3680 5746 tantum
3711 5691 3779 5745 de

2181 5774 2329 5832 Jovis
2355 5792 2475 5832 cum
2506 5777 2684 5833 Danae
2703 5777 2911 5836 nefario
2935 5781 3217 5836 concubitu
3246 5779 3501 5846 fabulam,
3528 5782 3623 5838 sed
3645 5783 3776 5839 alias

2179 5869 2338 5925 etiam
2388 5870 2568 5941 plures
2595 5869 2777 5941 paucis
2818 5869 2965 5927 hisce
2996 5872 3173 5927 verbis
3217 5873 3566 5944 perstrinxit:
3605 5873 3775 5930 Filius
