4092 6352
258 348 261 349 7
280 381 385 440 857

1405 370 1867 432 DISSERTATIO
1900 370 1964 430 D.
2005 370 2094 429 LE
2130 369 2436 430 NOURRY.

3462 368 3572 430 858

278 495 377 551 Dei
397 491 796 549 annuntiabatur
815 506 917 547 non
945 489 1146 561 quidem
1172 489 1249 545 ita
1270 489 1469 561 genitus
1491 530 1507 557 ,
1534 498 1587 544 ut
1610 488 1865 544 erubescat
1892 487 1946 549 Α
1970 471 2418 559 quemadmodum
2437 484 2599 543 lsaias
2624 484 2964 556 prccdixerat.
2989 483 3096 543 Sed
3125 485 3352 556 ipsemet
3372 484 3573 543 Auctor

275 587 333 643 in
366 586 492 642 Filii
522 586 746 651 nomine,
789 592 879 639 aut
904 583 968 638 de
1005 581 1184 638 Patris
1212 582 1400 637 semine
1422 598 1441 648 ;
1469 598 1569 637 non
1597 581 1660 635 de
1682 581 1873 636 sororis

276 683 468 737 incesto
486 721 502 748 ,
534 696 636 734 non
658 678 722 733 de
745 687 925 749 stupro
949 676 1103 747 filice,
1127 686 1215 731 aut
1234 677 1469 748 conjugis
1492 676 1676 749 aliena:
1713 673 1874 745 Deum

258 783 474 850 ‘patrent
516 791 695 844 passus
737 782 809 828 est
861 784 1233 847 squantntatunt
1258 815 1274 842 ,
1319 782 1409 827 aut
1438 782 1737 838 cornutum,
1784 780 1874 827 aut

277 871 567 943 plumatum
607 876 922 935 amatorem,
976 869 1030 922 in
1074 885 1202 941 auro
1250 885 1564 923 conversum.
1622 867 1874 923 Danaidis

260 956 419 1038 "lovis
454 962 550 1018 ista
589 971 705 1017 sunt
746 962 953 1016 nomina
994 971 1180 1038 vestra
1204 961 1220 1029 (
1245 959 1549 1016 Tertullian.
1602 960 1869 1030 Apologet.

260 1035 390 1127 cap.
431 1056 522 1119 21,
547 1071 667 1127 pag.
700 1053 849 1125 396).
879 1055 1051 1125 Atque
1081 1056 1151 1108 ita
1176 1035 1298 1109 ha'c
1324 1054 1569 1124 leguntur
1596 1053 1647 1107 in
1676 1054 1874 1108 nostris

275 1148 555 1205 codicibus
602 1146 1014 1218 manuscriptis,
1042 1155 1094 1201 et
1122 1145 1279 1201 editis
1305 1146 1688 1201 vetustioribus
1713 1186 1727 1208 ,
1770 1145 1872 1201 nisi

256 1226 417 1313 quod
461 1241 512 1294 in
542 1239 628 1296 his
658 1248 910 1310 punctum
939 1247 1060 1310 post
1086 1254 1280 1294 nomen
1311 1237 1566 1294 Danaidis
1604 1254 1830 1308 posuere
1854 1280 1869 1306 ,

258 1343 329 1391 'et
357 1350 539 1390 aurum
571 1348 667 1404 pro
689 1350 835 1389 auro.
862 1336 928 1388 At
952 1333 1215 1405 Rigaltius
1243 1333 1370 1388 illud
1398 1331 1647 1388 Danaidis
1677 1350 1871 1390 nomen

256 1414 490 1483 :ahstulit
536 1430 750 1499 propria
778 1468 792 1492 ,
840 1427 915 1481 uti
955 1427 1158 1497 liquet,
1190 1427 1541 1496 auctoritate,
1593 1437 1646 1482 ct
1683 1422 1869 1482 c0nt‘ra

256 1504 513 1599 omnium
542 1519 786 1575 codicum
807 1521 1293 1593 manuscriptorum
1322 1530 1378 1577 et
1398 1521 1662 1599 editorum
1687 1521 1866 1578 tidem.

180 1656 187 1663 .
250 1612 352 1691 .De
380 1613 463 1674 his
494 1627 653 1689 porro
680 1611 829 1668 Jovis
866 1612 933 1668 ad
972 1612 1215 1691 virgines
1253 1623 1307 1689 et
1353 1614 1607 1691 mulieres
1650 1614 1870 1670 constu-

250 1685 506 1785 tprandas
546 1685 987 1760 conversionibus
1024 1721 1055 1760 a
1102 1685 1259 1761 nobis
1295 1686 1494 1761 dictum
1523 1707 1687 1785 estin
1716 1709 1873 1777 supe-

251 1782 504 1873 rioribus
532 1785 730 1853 nostris
754 1840 769 1864 ,
803 1812 867 1853 ac
895 1800 1191 1877 praesertim
1221 1798 1272 1853 in
1301 1797 1524 1855 Arnohii
1561 1782 1729 1855 libros
1752 1798 1866 1856 dis-

267 1882 649 1949 sertationibus
671 1890 977 1965 (Dissertat.
1005 1894 1059 1947 itt
1086 1891 1279 1979 Arnob.
1310 1910 1423 1964 cap.
1459 1893 1514 1975 _9,
1543 1902 1641 1948 art.
1672 1894 1704 1947 4
1723 1894 1764 1965 ).

874 2022 1167 2064 Διιτιουωε
1204 2023 1259 2062 ll.

267 2122 526 2179 Eumdem
550 2122 739 2200 Christi
768 2122 822 2177 in
845 2126 1004 2177 terras
1031 2122 1302 2178 aduentum
1328 2139 1430 2178 non
1462 2139 1608 2200 posse
1631 2123 1808 2196 negari
1834 2139 1867 2177 a

464 2197 663 2275 Judaiis
681 2259 698 2286 ,
728 2218 830 2273 hisi
855 2234 989 2273 cteca
1010 2218 1344 2273 obstinatione
1370 2197 1648 2274 ntulctatis.

288 2354 291 2359 ’
338 2356 623 2429 Postquam
645 2356 1009 2413 Tertullianus
1031 2356 1290 2413 adversus
1316 2357 1561 2428 gentiles,
1584 2372 1680 2426 eo,
1702 2373 1863 2431 quem

250 2434 657 2524 explicuimus,
726 2451 889 2506 modo
931 2450 1256 2519 disputavit,
1312 2459 1422 2505 tum
1469 2450 1724 2506 continuo
1772 2450 1863 2506 illa

264 2560 391 2601 vera
430 2560 553 2601 esse
579 2543 803 2615 probat,
850 2559 969 2614 qua:
994 2543 1287 2599 Christiani
1317 2552 1504 2599 contra
1533 2543 1751 2600 Judaeos
1794 2544 1864 2603 de

254 2620 463 2692 Christi
494 2635 702 2691 Domini
730 2635 972 2692 adventu
998 2634 1286 2691 docebant.
1319 2634 1409 2691 Sic
1433 2628 1633 2706 quippe
1670 2651 1861 2707 prose-

252 2718 478 2799 quitur:
528 2728 767 2784 Sciebant
810 2737 857 2782 et
904 2727 1078 2783 Judaei
1121 2737 1384 2782 uenturum
1428 2745 1535 2783 esse
1569 2727 1858 2797 Christum,

210 2832 217 2839 ‘
259 2822 452 2899 scilicet
480 2822 662 2893 quibus
701 2822 960 2891 propheta:
986 2820 1332 2889 loquebantur.
1367 2820 1503 2875 Nam
1529 2830 1577 2877 et
1604 2838 1737 2876 nunc
1761 2822 1859 2875 atl-

261 2923 465 2969 uentum
506 2914 617 2984 ejus
650 2922 981 2983 exspectant,
1024 2930 1117 2968 nec
1162 2914 1268 2967 alia
1312 2914 1475 2983 magis
1520 2914 1651 2969 inter
1679 2930 1771 2969 nos
1813 2923 1860 2969 et

257 3004 383 3062 illos
401 3007 734 3078 compulsatio
773 3016 842 3063 est
868 3049 882 3073 ,
914 3024 1065 3077 quant
1105 3006 1241 3077 quod
1258 3007 1375 3079 jam
1403 3008 1596 3062 uenisse
1617 3024 1717 3064 non
1743 3024 1858 3064 cre-

259 3092 409 3154 dunt.
439 3097 651 3179 Duobus
679 3100 814 3155 enim
844 3101 953 3168 ejus
975 3099 1271 3155 adventibus
1294 3086 1629 3177 signiﬁcatis,
1656 3084 1854 3173 primo,

257 3193 345 3263 qui
362 3194 475 3261 jam
503 3205 811 3270 expunctus.
843 3196 958 3249 sive
985 3207 1236 3261 emotus,
1270 3205 1319 3249 et
1352 3195 1632 3252 confectus
1656 3237 1672 3264 ,
1702 3206 1774 3251 est
1802 3197 1859 3252 in

1960 591 2160 659 noster
2205 580 2380 637 adhuc
2425 578 2720 659 audiendus
2767 590 2892 636 est:
2945 577 3030 635 Ne
3060 579 3192 634 enim
3234 578 3572 651 intelligerent

1978 675 2249 746 pristinunt
2271 673 2459 729 Christi
2488 674 2776 738 adventum,
2799 674 3071 742 credituri,
3104 674 3147 729 si
3173 674 3598 741 intellexissent,’

1976 776 2021 821 et
2069 767 2389 822 consecuturi
2424 766 2673 833 salutent,
2713 767 2758 821 si
2783 766 3144 831 credidissent,
3191 767 3423 822 meritum
3475 767 3573 837 fuit

1977 857 2212 912 delictum
2243 874 2438 913 eorum.
2466 855 2496 911 1
2503 858 2580 927 psi
2605 859 2774 929 legunt
2802 858 2872 913 ita
2897 860 3140 931 scriptum
3163 874 3182 914 :
3204 858 3473 914 mulctatos
3502 875 3559 915 se

1974 952 2223 1019 sapientia
2252 961 2297 1005 et
2327 951 2657 1024 intelligentia
2681 993 2695 1016 ,
2737 960 2784 1007 et
2826 953 3092 1007 oculorunt
3120 962 3165 1008 et
3194 953 3394 1006 aurium
3421 952 3571 1025 fruge
3636 970 3649 990 ν

1981 1042 2323 1114 (Tertullian.
2369 1046 2634 1114 Apologet.
2668 1061 2781 1126 cap.
2815 1043 2909 1112 21,
2930 1062 3049 1117 pag.
3087 1043 3237 1117 ιαΟΟ).
3270 1044 3570 1117 Cyprianus

1976 1151 2106 1207 vero
2132 1137 2210 1192 sic
2242 1152 2453 1192 rursum
2507 1137 2621 1207 ejus
2670 1138 2861 1207 pressit
2907 1138 3155 1207 vestigia:
3205 1138 3355 1206 Quod
3401 1149 3570 1193 autent

1977 1205 2072 1282 hoc
2096 1227 2400 1284 .Indtzorum
2440 1205 2659 1300 populus
2672 1205 2966 1302 intelligere
2991 1205 3090 1284 non
3128 1231 3323 1301 potuit,
3355 1230 3569 1286 delicto-

1960 1330 2087 1381 ‘rum
2118 1327 2348 1382 meritum
2378 1328 2493 1399 fuit.
2525 1325 2616 1380 Sic
2659 1336 2803 1382 erant
2843 1326 3108 1396 sapientite
3135 1336 3181 1381 et
3229 1320 3573 1397 intelligentia:

1958 1404 2196 1474 ’cazcitate
2214 1419 2476 1484 mulctati;
2507 1430 2560 1473 ut
2591 1419 2681 1491 qui
2728 1419 2829 1473 vita
2856 1418 3055 1489 indigni
3090 1428 3285 1484 essent,
3335 1418 3572 1472 haberent

1953 1504 2127 1592 initam
2154 1524 2272 1569 ante
2294 1496 2485 1582 oculos,
2518 1530 2607 1569 nec
2628 1513 2848 1569 viderent
2878 1514 3145 1587 (Cyprian.
3175 1513 3262 1570 lib.
3287 1514 3351 1570 de
3366 1512 3567 1570 Idolor.

1960 1606 2178 1679 'uanit.).

2048 1700 2219 1757 Ambo
2239 1708 2415 1756 autem
2446 1698 2514 1755 ad
2543 1699 2654 1755 haec
2674 1698 2863 1771 procul
2899 1696 3061 1755 dubio
3086 1697 3446 1754 collineabant
3467 1739 3482 1765 ,
3506 1712 3572 1755 ac

1975 1794 2135 1850 tacito
2184 1794 2436 1858 nomine,
2468 1793 2705 1849 citabant
2756 1792 2905 1849 Isaia:
2950 1791 3145 1847 verba:
3186 1790 3335 1847 Dices
3379 1793 3569 1863 populo

1894 1893 1944 1954 Β
1972 1888 2122 1943 huic:
2167 1887 2357 1963 Audite
2402 1886 2700 1953 audientes,
2755 1894 2801 1941 et
2866 1884 3022 1939 nolite
3064 1885 3362 1956 intelligere,
3403 1894 3450 1940 et
3488 1885 3568 1940 vi-

1971 1982 2083 2037 dete
2151 1982 2430 2048 visionem,
2488 1989 2535 2034 et
2585 1981 2743 2035 nolite
2798 1996 3135 2049 .coguoscere.
3194 1978 3414 2035 Excatca
3467 1997 3558 2035 cor

1952 2065 2147 2148 populi
2158 2075 2355 2169 hujus,
2395 2084 2440 2128 et
2489 2091 2636 2129 aures
2662 2064 3019 2159 ejusaggrava
3043 2114 3060 2139 ,
3095 2082 3141 2128 et
3165 2072 3340 2129 oculos
3367 2074 3568 2142 claude,

1952 2186 2033 2245 ne
2082 2169 2231 2245 forte
2257 2158 2424 2224 uideat
2483 2168 2676 2231 oculis,
2730 2166 2785 2222 et
2817 2166 3027 2221 auribus
3071 2166 3285 2234 audiat,
3329 2177 3377 2223 et
3420 2168 3573 2223 corde

1967 2280 2059 2318 suo
2088 2244 2370 2333 intelligat,
2402 2272 2449 2317 et
2469 2260 2819 2329 convertatur,
2835 2273 2881 2316 et
2901 2262 3073 2316 sonent
3102 2278 3216 2316 eum
3238 2259 3416 2334 (Isai.,
3447 2278 3566 2333 cap.

1969 2358 2043 2426 6,
2089 2374 2137 2431 tt.
2189 2357 2223 2413 9
2264 2367 2310 2413 et
2520 2357 2650 2426 Qua:
2706 2354 2922 2427 quidem
2967 2357 3126 2413 citata
3170 2356 3410 2413 invenies
3460 2371 3568 2412 non

1953 2454 2139 2526 solum
2163 2454 2214 2507 in
2237 2450 2468 2507 bialthtei
2494 2451 2783 2521 Evangelia
2834 2460 2888 2505 ct
2919 2450 3137 2506 Actibus
3163 2448 3565 2520 Apostolorum.

1965 2548 2061 2604 sed
2104 2563 2134 2602 a
2181 2546 2387 2602 Joanne
2432 2546 2593 2603 etiam
2639 2540 2975 2613 Evangelista
3021 2543 3162 2598 hunc
3200 2543 3254 2597 in
3306 2542 3565 2598 modum:

1956 2624 2252 2711 Propterea
2294 2655 2395 2693 non
2454 2646 2689 2707 poterant
2738 2636 2976 2700 credere,
3043 2635 3165 2705 quia
3206 2635 3390 2689 iterum
3435 2634 3567 2690 dixit

1954 2732 2187 2807 ,Isaias‘:
2244 2718 2535 2787 Excwcauit
2586 2731 2759 2785 oculos
2808 2746 3017 2792 eorum,
3076 2737 3121 2782 et
3173 2727 3432 2782 induravit
3477 2744 3566 2782 cor

1965 2820 2138 2882 eorum
2157 2843 2178 2893 ;
2203 2834 2259 2879 ut
2299 2841 2402 2879 non
2430 2824 2632 2878 videant
2671 2823 2831 2877 oculis
2852 2864 2867 2886 ,
2910 2831 2957 2875 et
2995 2820 3280 2892 intelligant
3307 2819 3490 2887 corde,
3518 2829 3567 2875 et

1952 2904 2350 2981 convertantur,
2398 2925 2445 2970 et
2482 2931 2655 2971 sanem
2698 2929 2782 2968 eos
2831 2911 3069 2985 (Matth.
3111 2928 3229 2982 cap.
3271 2911 3324 2973 1.
3370 2928 3417 2966 υ.
3469 2911 3562 2978 M,

1954 2994 2077 3087 gAct.
2108 3026 2224 3095 cap.
2254 3008 2349 3075 i8,
2381 3025 2430 3063 υ.
2478 3006 2570 3063 26.
2601 3005 2832 3060 Johann.
2874 3021 2992 3075 cap.
3027 3003 3116 3068 η,
3161 3020 3210 3059 υ.
3243 3003 3313 3095 ξθ
3339 3013 3386 3059 et
3422 3003 3497 3061 40
3520 3005 3562 3077 ).

1955 3106 2072 3195 {Sed
2101 3090 2169 3161 de
2205 3103 2405 3160 Judaeis
2430 3100 2752 3158 intolerabili
2787 3114 3005 3170 prorsus
3035 3090 3409 3154 obstinationis
3438 3100 3565 3155 vitio

1961 3196 2280 3262 obcaecatis,
2321 3196 2518 3271 quique
2563 3192 2764 3248 ideirco
2805 3191 3029 3247 credere
3057 3190 3288 3261 amplius
3331 3206 3437 3246 non
3469 3206 3565 3261 po.

257 3271 546 3340 humilitate
582 3287 887 3341 conditionis
924 3288 1196 3353 humanm;
1234 3285 1490 3352 secundo,
1530 3289 1619 3359 qui
1645 3284 1854 3344 conclu-
1876 3295 1922 3359 (ζ’,
1957 3294 2123 3346 tuisse
2152 3289 2421 3354 dicuntur,
2469 3287 2520 3341 in
2551 3296 2733 3341 nostra
2763 3284 2830 3339 de
2873 3276 3136 3341 Laetantii
3179 3284 3327 3339 libris
3355 3284 3561 3340 disser-

257 3377 424 3432 dendo
448 3378 633 3433 stecttlo
653 3378 881 3434 imminet
914 3379 968 3433 in
998 3379 1307 3433 sublimitate
1327 3379 1607 3433 divinitatis
1631 3390 1816 3436 exerta:
1836 3423 1852 3448 ,

252 3460 309 3527 id
336 3480 447 3540 est,
491 3472 796 3541 conspicua:
826 3481 882 3528 et
921 3473 1217 3527 manilestm
1237 3514 1250 3535 ,
1280 3472 1503 3542 priutum
1532 3489 1634 3528 non
1661 3474 1855 3528 intelli-

255 3554 454 3638 gendo,
501 3565 777 3621 secundum
821 3583 968 3637 quem
1015 3567 1333 3638 manifestius
1374 3567 1707 3636 praedicatum
1736 3585 1853 3638 spe-

254 3669 388 3725 rant,
411 3675 566 3713 ununt
581 3659 991 3714 existimaverunt
1012 3658 1340 3732 (Tertullian.
1367 3659 1631 3731 Apologet.
1649 3677 1746 3732 cap
1760 3660 1852 3729 2|,

243 3750 377 3823 'png.
403 3749 555 3820 400).
584 3751 658 3806 De
702 3752 803 3806 hoc
830 3761 1010 3805 autem
1039 3740 1353 3807 Tertulliani
1380 3749 1529 3806 fonte
1554 3748 1855 3823 Cyprianus

246 3834 405 3903 more
444 3861 540 3902 suo
580 3847 810 3918 potavit;
847 3855 1010 3917 atque
1036 3861 1162 3902 suos
1190 3847 1266 3902 sic
1295 3846 1565 3902 transtulit
1592 3847 1645 3901 in
1690 3863 1889 3917 usus:.

253 3938 492 3996 Sciebant
535 3950 581 3995 et
614 3938 788 4017 Judaei
831 3938 1085 3996 Christum
1125 3956 1232 3994 esse
1270 3934 1551 3995 uenturum.
1588 3938 1728 3995 Nam
1771 3941 1854 3996 hic

250 4032 357 4088 illis
386 4049 584 4103 semper
609 4033 869 4105 prophetis
896 4033 1282 4089 admonentibus
1303 4034 1718 4089 annuntiabatur.
1745 4034 1853 4089 Sed

249 4128 537 4201 signiﬁcato
565 4128 760 4198 duplici
789 4130 897 4201 ejus
930 4128 1149 4183 adventu
1169 4171 1185 4195 ,
1218 4144 1321 4182 uno
1349 4127 1434 4198 qui
1461 4128 1513 4182 in
1539 4129 1777 4183 exercitio
1802 4114 1851 4184 et

248 4222 481 4290 exemplo
506 4221 725 4276 hominis
754 4218 1068 4293 fungeretur,
1097 4221 1259 4276 altero
1284 4221 1371 4288 qui
1401 4220 1563 4276 Deum
1583 4221 1847 4292 fateretur,

247 4330 351 4368 non
386 4314 716 4385 intelligendo
756 4316 977 4383 primum
1007 4315 1277 4369 aduentum
1297 4355 1313 4381 ,
1344 4314 1430 4385 qui
1454 4316 1689 4383 passione
1718 4331 1851 4386 pra:-

248 4405 395 4459 cessit
433 4405 694 4470 occultus,
726 4423 885 4459 unum
914 4418 1111 4461 tantunt
1139 4408 1351 4462 credunt
1371 4448 1387 4474 ,
1418 4409 1506 4478 qui
1535 4410 1629 4464 erit
1658 4410 1713 4464 in
1755 4427 1850 4480 po-

248 4505 424 4551 testate
451 4496 749 4563 ntanifestus
770 4500 785 4563 (
801 4496 1047 4567 Cyprian.
1080 4498 1142 4551 de
1163 4496 1188 4551 Ι
1198 4502 1364 4553 dolor.
1390 4500 1594 4571 canit).
1825 4509 1829 4515 '

321 4588 556 4659 Uterque
603 4588 996 4667 igitur-fatetur
1033 4605 1216 4644 verum
1269 4590 1431 4645 fuisse
1481 4592 1713 4659 ChriSti,
1755 4608 1846 4647 as-

1963 3386 2163 3440 tatione
2187 3383 2295 3453 jam
2327 3380 2740 3451 disputavimus,
2773 3388 2932 3449 atque
2976 3378 3110 3432 intra
3139 3378 3366 3432 articulo
3398 3377 3561 3434 tertio

1960 3475 2158 3547 aliquid
2207 3473 2384 3529 adhuc
2426 3471 2710 3528 dicendum
2742 3470 2762 3544 (
2788 3469 3060 3526 Dissertat.
3094 3470 3147 3524 in
3173 3464 3411 3525 Lactant.
3438 3486 3556 3542 cap.

1963 3568 2050 3631 16,
2083 3579 2178 3622 art.
2211 3567 2245 3622 2
2269 3569 2309 3637 ).

1945 3654 1957 3659 ”
2031 3661 2213 3732 Neque
2234 3658 2488 3741 hicqstctit
2518 3657 2772 3713 indomita
2799 3667 2851 3712 et
2872 3670 3015 3713 caeca
3044 3654 3352 3712 Judtnorum
3384 3656 3559 3728 perri-

1960 3757 2108 3814 cacia
2134 3774 2148 3810 :
2179 3754 2275 3811 sed
2300 3770 2421 3809 eum
2447 3752 2692 3809 Christus
2720 3750 2970 3806 inauditis
2998 3749 3259 3806 hactenus
3284 3749 3558 3805 miraculis

1959 3867 2025 3909 ex
2055 3850 2243 3906 aeterni
2277 3848 2357 3904 sui
2390 3847 2563 3902 Patris
2588 3848 2707 3900 sinu
2742 3859 2802 3900 se
2828 3844 3038 3899 venisse
3067 3843 3351 3913 unicuique
3380 3841 3556 3896 mani-

1959 3943 2246 4000 festissima
2276 3939 2637 4011 patefaceret,
2683 3938 2795 3993 hanc
2842 3936 2917 3991 illi
2963 3936 3182 4007 magicis
3223 3933 3430 3991 artibus
3458 3934 3558 3990 tri-

1958 4038 2125 4103 bucre
2152 4033 2269 4090 ausi
2288 4043 2437 4093 sunt.
2456 4033 2654 4089 Verum
2709 4030 3013 4095 enimvero,
3041 4045 3189 4098 quem
3213 4027 3553 4090 solummodo,

1955 4138 2027 4193 ita
2086 4136 2257 4206 pergit
2308 4131 2700 4194 Tcrtullianus,
2734 4118 2985 4183 hominem
3018 4125 3450 4197 prtcsuntpserant
3492 4122 3558 4179 de

1956 4210 2240 4284 humilitate
2260 4218 2279 4289 ,
2297 4208 2612 4296 sequebatur
2638 4223 2711 4275 uti
2750 4236 2956 4290 tnagttnt
2996 4219 3305 4273 testimarent
3356 4216 3421 4271 de
3461 4234 3553 4288 pa-

1946 4318 2148 4388 testate,
2180 4304 2293 4375 cum
2321 4319 2409 4374 ille
2436 4317 2582 4371 verbo
2607 4314 2859 4370 daemonia
2884 4312 2948 4365 de
2966 4311 3253 4366 hominibus
3276 4318 3551 4376 excuteret,

1953 4434 2111 4472 caecos
2141 4400 2486 4479 reluminaret,
2520 4412 2838 4481 leprosos....
2870 4404 3135 4460 ostendens
3160 4419 3268 4458 sese
3282 4406 3409 4475 λῦνον
3439 4400 3551 4469 Dei,

1951 4511 2006 4564 id
2033 4520 2141 4572 est,
2184 4507 2384 4561 verbum
2423 4502 2553 4558 illud
2584 4498 2945 4571 primordiale,
2993 4496 3418 4567 primogenitum,
3451 4495 3553 4548 uir-

1946 4600 2057 4658 tute
2084 4614 2128 4658 et
2154 4602 2350 4656 ratione
2391 4599 2575 4669 fultum
2606 4594 2949 4667 (Tertullian.
2983 4591 3248 4663 Apoluget.
3291 4606 3409 4659 Cap.
3450 4588 3544 4646 2|.

246 4693 459 4754 sumpta
501 4676 731 4736 hominis
762 4697 921 4737 carne
941 4724 953 4743 .
1004 4683 1312 4740 adventum.
1344 4682 1552 4738 Etenim
1583 4684 1653 4739 ab
1694 4695 1846 4741 vcte-
1873 4692 1924 4751 D
1953 4716 2002 4768 ρ,
2054 4695 2200 4765 400).
2232 4692 2307 4748 ita
2339 4693 2390 4746 in
2414 4689 2625 4760 Rigaltii
2655 4687 2907 4742 editione.
2939 4685 2993 4740 In
3025 4685 3224 4738 nosu'is
3246 4690 3423 4765 autem
3451 4696 3547 4736 co-
3572 4722 3599 4741 ,,

245 4774 395 4834 ribus
433 4777 709 4847 sacrisque
736 4772 1027 4846 prophetis
1070 4785 1174 4830 tam
1221 4785 1440 4846 aperte,
1491 4778 1647 4834 sicuti
1694 4781 1849 4849 paulo

244 4879 372 4926 ante
413 4869 754 4937 monuimus,
811 4870 1199 4940 pramumialus
1239 4880 1354 4935 est,
1386 4882 1441 4926 ιιι
1480 4871 1650 4927 Judtei
1703 4874 1846 4928 illum

244 4962 493 5033 ignorare
533 4980 640 5019 non
684 4964 970 5035 potuerint.
1007 4963 1202 5021 Verum
1231 4966 1353 5036 quia
1383 4965 1626 5022 Christus
1656 4969 1707 5022 in
1743 4968 1847 5023 hu-

248 5068 419 5109 mante
457 5050 778 5112 cenditionis
824 5056 1121 5113 humilitate
1175 5058 1454 5114 nua-talem
1496 5061 1656 5115 vitam
1699 5061 1843 5132 egit,

246 5144 395 5201 hunc
431 5145 601 5203 Judaei
648 5145 833 5227 verum
878 5149 1126 5206 Messium
1155 5166 1277 5212 esse
1307 5150 1586 5230 prtel'racte
1613 5152 1844 5226 negave-

245 5249 403 5307 runt,
445 5255 509 5296 ac
549 5239 792 5313 superbia
824 5230 988 5300 inﬂati
1018 5240 1333 5316 exspectant
1379 5246 1604 5303 altermn
1625 5289 1638 5314 ,
1669 5247 1761 5318 qui
1790 5248 1842 5304 ia

244 5331 353 5389 ﬁne
376 5333 555 5388 mundi
581 5336 699 5389 cum
723 5335 829 5391 tota
857 5320 1050 5393 divina:
1071 5340 1367 5408 tnajcstatis
1393 5340 1559 5410 gloria
1587 5350 1843 5397 venturus

239 5437 344 5485 est.
389 5427 493 5485 Sed
543 5414 679 5484 alibi
714 5414 1450 5501 ostendimus,voluntarium
1496 5416 1658 5490 fuisse
1702 5434 1843 5493 hunc

240 5520 548 5577 Judteorum
591 5518 828 5579 errorem
851 5564 867 5589 ,
896 5509 1007 5594 qui
1055 5540 1161 5579 non
1190 5510 1381 5581 solum
1429 5520 1479 5580 a'
1509 5508 1841 5585 Tel-tulliano

243 5625 461 5683 nostro,
490 5603 871 5689 et‘Cypriano,
901 5620 1085 5671 verum
1107 5617 1267 5672 etiam
1296 5634 1325 5672 a
1358 5617 1637 5675 Lactantio
1665 5621 1840 5679 fundi-

239 5717 325 5765 tus
352 5706 935 5781 evertiturwissertat.
966 5696 1021 5762 in
1048 5705 1295 5774 Lactant,
1344 5726 1460 5779 cap.
1493 5712 1584 5778 17,
1624 5722 1723 5769 art.
1754 5712 1835 5788 5).

309 5800 465 5857 Tanti
493 5810 672 5857 autem
703 5800 1010 5857 Juda‘orum
1037 5803 1267 5875 erroris,
1294 5812 1558 5874 laniatque
1585 5810 1840 5866 caecitatis

235 5913 435 5969 causa,
484 5898 654 5970 inquit
700 5885 1101 5969 Tertulliauus,
1156 5914 1343 5958 eorum
1387 5900 1488 5959 luit
1535 5902 1792 5964 delictum
1818 5946 1834 5973 ,

1946 4787 2191 4853 ilicibus,
2231 4796 2285 4841 et
2303 4794 2459 4839 antea
2487 4782 2678 4841 editis;
2714 4779 2997 4835 Ostendeus
3020 4793 3074 4833 se
3100 4792 3208 4831 esse
3228 4817 3241 4838 ,
3274 4775 3388 4831 sive
3443 4790 3551 4831 sese

1948 4867 2181 4935 'Verbuut
2220 4877 2346 4944 Dei,
2395 4876 2450 4930 id
2499 4862 2606 4940 est,
2640 4877 2785 4945 λόγον,
2840 4870 3010 4935 illud;
3060 4883 3124 4924 ac
3170 4876 3287 4937 post
3327 4864 3549 4922 verbum

1953 4977 2136 5049 fultum
2157 5015 2172 5041 ,
2204 4973 2255 5049 in
2285 4973 2364 5049 eis
2389 4969 2629 5024 additum
2658 4978 2738 5023 est
2760 5009 2775 5033 ,
2806 4964 3039 5020 eumdem
3075 4964 3161 5033 qui
3197 4961 3342 5016 verbo
3378 4963 3551 5017 omnia

1951 5042 1996 5141 et
2021 5042 2516 5143 faceret'et'recisset.
2559 5061 2664 5119 Sed
2701 5060 2951 5132 quoniam
3000 5059 3174 5128 priora
3209 5054 3367 5111 verba
3391 5070 3422 5111 a
3448 5055 3548 5111 Ri-

1950 5162 2113 5233 galtio‘
2141 5158 2464 5229 tranSposila
2494 5156 2706 5210 fuerunt
2732 5196 2747 5221 ,
2784 5152 3019 5222 aliquam
3082 5150 3269 5205 saltent
3314 5165 3410 5204 cur
3449 5164 3548 5220 po-

1948 5255 2175 5310 steriora
2202 5236 2791 5329 ‘Vdeleverit,rationem
2828 5242 3053 5299 reddere
3091 5241 3343 5298 debebat.
3382 5239 3549 5297 Num.

1938 5348 2074 5421 quid
2114 5356 2292 5402 autem
2333 5360 2395 5399 ea
2425 5343 2645 5409 reiecit,
2676 5338 2757 5395 vel
2789 5336 2911 5408 quia
2952 5335 3021 5391 ibi
3059 5342 3142 5390 est
3167 5334 3544 5399 Soloecismus,
3620 5407 3624 5411 Α

1944 5436 2039 5498 Δνει
2088 5440 2207 5511 quia
2254 5437 2454 5493 inutilia
2502 5432 2629 5490 esse
2666 5431 2955 5488 arbitratus
2986 5427 3115 5484 est?
3160 5426 3299 5495 Quid
3330 5441 3458 5482 vero
3499 5426 3546 5481 si

1946 5514 2243 5605 proaomen
2300 5527 2531 5586 eumdem
2583 5525 2651 5582 ad
2705 5528 2833 5597 λόγον
2887 5522 3188 5580 referatur?
3240 5520 3429 5578 Nonne
3490 5519 3541 5575 in

1941 5624 2163 5682 Joannis
2196 5620 2482 5693 Erangelio
2507 5617 2762 5691 legimus,
2799 5615 3120 5685 Principium
3145 5613 3236 5685 qui
3280 5622 3327 5667 et
3365 5612 3544 5680 loquor

1943 5722 2078 5778 vobis
2109 5717 2342 5792 (Joann.
2375 5730 2492 5787 cap.
2520 5712 2555 5770 8
2578 5754 2595 5779 ,
2621 5728 2673 5768 υ.
2713 5710 2809 5781 25)
2828 5710 2854 5765 ἲ
2874 5701 3142 5777 Numquid
3171 5707 3223 5763 in
3256 5705 3342 5761 bis
3365 5704 3542 5760 minor

1941 5825 2056 5880 εει,
2088 5826 2247 5884 quam
2272 5811 2325 5866 in
2355 5806 2671 5870 Tertulliani
2693 5805 2871 5863 verbis
2896 5799 3271 5890 solacismus’
3298 5798 3540 5887 Denique

1939 5907 2128 5963 ultima
2152 5906 2335 5972 verba,
2363 5917 2487 5976 quas
2510 5903 2566 5959 in
2594 5899 2841 5959 omnibus
2868 5895 3068 5957 nostris
3106 5892 3382 5953 codicibus
3409 5891 3539 5964 legi-
