4092 6352
526 319 650 386 859

1606 314 1678 377 ιΝ
1708 313 2174 383 τεῆτυιωΝι
2206 312 2735 378 Διδοωεετισωι

3732 316 3849 381 860

538 455 659 498 mus
682 482 699 508 ,
732 452 832 497 nec
866 436 1135 511 superﬂua
1159 435 1566 520 videntur,.nec
1599 452 1788 513 parum
1828 436 1894 494 ad
1921 432 2137 495 Tertul-
2163 438 2218 502 Α
2246 437 2447 492 accensi
2471 437 2571 521 ira,
2602 446 2650 492 et
2677 435 3031 515 indignatione
3057 437 3343 509 provocati,
3376 442 3627 508 postremo
3660 436 3843 497 deten-

538 534 666 595 liani
688 532 1367 608 conducuntpropositum.

518 616 521 619 “
610 624 779 694 Major
814 623 993 693 itaque
1036 622 1138 678 fuit
1165 621 1378 694 Rigaltii
1413 620 1718 695 diligentia,
1769 636 1894 679 cum
1939 620 2139 677 ibidem

538 714 776 773 monitos
813 715 1041 771 lectores
1069 729 1191 771 esse
1219 714 1421 781 voluit,
1450 714 1503 770 in
1531 712 1847 786 quibusdam
1891 714 2139 771 Auctoris

539 809 729 875 nostri,
754 817 804 866 et
822 806 1078 883 Cypriani
1100 805 1495 881 exemplaribus
1516 806 1619 879 legi
1637 806 1851 878 quidem
1877 823 2137 879 magnum,

540 902 635 959 sed
684 902 862 972 aptius
901 902 1163 977 scriptunt
1210 900 1379 958 videri
1440 917 1666 974 magum.
1707 900 1854 958 Bene
1900 900 2135 971 quidem.

537 996 900 1052 Tertullianus
942 995 1086 1052 enim
1114 1004 1300 1067 postea
1347 993 1515 1050 dixit:
1560 991 1754 1066 Ecquis
1794 993 1882 1049 ille
1910 993 2141 1051 Christus

537 1106 652 1145 cum
681 1087 857 1163 fabula
885 1105 979 1144 sua
1000 1130 1015 1155 ,
1037 1088 1083 1144 si
1117 1089 1267 1143 homo
1292 1074 1572 1143 communis
1596 1085 1900 1141 conditionis
1916 1128 1931 1155 ,
1960 1087 2003 1142 si
2028 1103 2140 1140 nta-

537 1199 632 1257 gus
661 1180 681 1256 (
710 1180 1014 1237 Tertullian.
1055 1180 1324 1255 Apologet.
1369 1197 1486 1250 cap.
1531 1179 1623 1248 20,
1670 1196 1787 1252 pag.
1830 1178 1900 1235 25
1928 1179 1992 1249 )?
2032 1178 2140 1236 Nos

538 1290 753 1348 quoque
792 1285 1048 1347 praeterea
1079 1272 1479 1331 observavimus
1526 1273 1580 1329 in
1610 1270 1892 1329 Harlteano
1920 1272 2137 1341 codice,

542 1371 632 1429 ubi
663 1369 888 1431 habetur
913 1386 1155 1442 magnum
1174 1410 1188 1437 ,
1220 1370 1461 1442 apposita
1495 1382 1617 1424 esse
1645 1367 1752 1423 duo
1778 1375 1973 1439 puncta
2002 1365 2141 1423 infra

540 1466 775 1521 litteram
802 1482 855 1531 n,
888 1464 1081 1535 quibus
1101 1461 1364 1533 superﬂua
1391 1459 1724 1533 delendaque
1752 1468 1987 1515 notatur.
2012 1459 2144 1515 Ter-

544 1558 749 1613 tulliani
791 1572 915 1612 vero
960 1556 1110 1612 locus
1152 1571 1182 1610 a
1225 1554 1490 1627 Cypriane
1521 1537 1989 1625 sic'transcriptus
2020 1561 2139 1610 est:

542 1649 672 1707 Cttnt
707 1648 937 1705 Christus
978 1648 1130 1705 Jesus
1172 1648 1454 1703 secundant
1482 1664 1515 1702 a
1559 1647 1819 1720 praphetis
1857 1655 1975 1701 ante
2004 1660 2139 1718 pra:-

541 1743 698 1811 dicta,
726 1743 871 1799 uerbo
897 1751 942 1800 et
970 1743 1104 1798 uocis
1124 1743 1338 1815 imperio
1363 1742 1615 1798 diemonia
1640 1740 1703 1796 de
1740 1740 2024 1796 hominibus
2049 1756 2141 1795 ea:-

2243 541 2352 588 tum
2384 531 2568 587 Pontio
2611 530 2800 597 Pilato,
2834 533 2923 605 qui
2948 543 3069 587 tunc
3101 549 3165 589 ex
3191 544 3336 601 parte
3363 534 3597 590 Romana
3628 532 3845 607 Syriam

2243 626 2912 697 procurabat,tradiderunt,
2927 642 3129 681 crucem
3145 627 3276 699 ejus,
3293 636 3341 681 et
3357 636 3564 681 mortem
3577 625 3845 699 suffragiis

2242 719 2475 775 uiolentis
2500 731 2565 773 ac
2578 720 2920 790 pertinacibus
2945 720 3236 792 ﬂagitantes
3270 719 3535 793 (Cyprian.
3560 719 3623 776 de
3647 719 3839 776 idolor.

2242 812 2398 867 canit.
2432 812 2474 883 ).
2529 811 2681 881 Quod
2730 820 2909 867 autem
2965 821 3189 883 uterque
3236 825 3299 866 ac
3348 821 3532 883 postea
3609 810 3842 869 Lactan-

2244 906 2487 962 tiusdam
2508 904 2709 962 diserte
2754 907 3028 978 appellant
3067 906 3294 962 Pilatum
3324 905 3491 978 Syrias
3521 916 3840 978 procurato-

2243 1016 2387 1065 rem,
2415 999 2516 1055 hoc
2542 1014 2646 1055 non
2677 1008 2824 1056 caret
2848 997 3162 1055 difﬁcultate
3209 1019 3223 1055 :
3256 998 3351 1055 sed
3378 1014 3499 1054 eam
3548 999 3601 1054 in
3653 1010 3841 1058 nostra

2242 1093 2309 1148 ad
2339 1093 2501 1164 hujus
2552 1092 2717 1149 libros
2767 1091 3145 1149 dissertatione
3199 1092 3435 1148 enodare
3493 1094 3841 1150 tentavimus.

2244 1186 2524 1242 Rationem
2572 1201 2784 1259 quoque
2833 1184 3168 1242 reddidimus
3217 1202 3312 1242 cur
3364 1186 3536 1243 Judsei
3591 1187 3845 1244 dicantur

2243 1278 2485 1335 doctrina
2516 1277 2715 1334 Christi
2747 1279 3057 1349 exasperati,
3084 1278 3186 1335 hoc
3215 1287 3295 1335 est
3315 1321 3332 1348 ,
3362 1280 3667 1351 asperiores
3689 1279 3838 1350 laeti,

2242 1371 2382 1439 sive,
2408 1382 2470 1427 ut
2495 1371 2568 1427 ait
2594 1369 2909 1444 Cyprianus,
2944 1372 3022 1425 ira
3047 1380 3093 1425 et
3117 1370 3421 1443 indignitate
3448 1372 3680 1451 accensi,
3713 1373 3841 1444 quia

2248 1463 2421 1536 legem
2461 1479 2648 1520 eorum
2698 1463 2936 1520 solvebat
2971 1473 3025 1520 et
3052 1463 3365 1536 antiquabat
3411 1465 3432 1536 (
3466 1463 3734 1519 Dissertat.
3788 1466 3844 1519 in

2244 1556 2460 1614 Lactan.
2487 1575 2535 1614 c.
2563 1557 2649 1614 18.
2673 1566 2776 1618 art.
2803 1556 2885 1627 2).

2315 1651 2479 1708 Addit
2503 1661 2683 1708 autem
2718 1650 3124 1709 Tertullianus:
3173 1648 3496 1707 Praedixerat
3539 1659 3587 1705 et
3640 1651 3747 1722 ipse
3774 1651 3849 1705 ita
3898 1638 3915 1655 ⁸

2249 1748 2501 1820 facturos.
2554 1744 2753 1800 Parum
2798 1745 2895 1800 hoc
2926 1744 3025 1818 (in
3074 1744 3455 1816 manuscriptis
3504 1743 3847 1805 desideratur

541 1846 764 1906 cuteret,
797 1837 1104 1910 paralyticos
1142 1838 1497 1915 restringeret,
1528 1836 1752 1910 leprosos
1782 1844 2138 1909 purgaret.....
2170 1846 2219 1907 Β
2246 1856 2538 1914 pronomen
2562 1841 2655 1897 hoc
2674 1842 2715 1911 ),
2755 1841 2799 1895 si
2825 1857 2927 1896 non
2957 1847 3004 1906 et
3047 1839 3309 1915 propheta:
3336 1849 3469 1894 retro
3500 1837 3835 1913 (Tertullian.

534 1910 717 1986 'Juda'i
744 1931 831 2003 qui
857 1929 1007 1986 illum
1036 1910 1355 1986 crediderunt
1385 1929 1637 1986 hominem
1668 1938 1865 1983 tantum
1886 1926 1949 1982 de
1977 1927 2145 1984 humi-

542 2026 684 2080 litate
710 2026 880 2079 carnis
919 2034 968 2085 et
1020 2024 1286 2097 corporis,
1336 2022 1688 2079 existimabant
1727 2037 1933 2093 magum
1971 2020 2034 2075 de
2082 2021 2145 2074 li-

541 2117 705 2171 rentia
745 2117 1037 2185 potestatis,
1088 2125 1142 2171 et
1177 2115 1320 2186 apud
1363 2114 1751 2170 Tertullianum
1800 2121 2043 2169 nostrum
2082 2111 2146 2168 de

546 2220 783 2282 potestate
824 2209 1107 2287 (Cyprian.
1162 2209 1225 2265 de
1266 2208 1467 2266 ldolor.
1516 2208 1671 2263 vanit.
1698 2205 1741 2280 ).
1814 2206 1872 2263 In
1913 2215 2146 2279 quatuor

544 2318 706 2374 vero,
744 2318 879 2375 quos
917 2304 1059 2358 nacti
1101 2317 1323 2367 sumus.
1376 2300 1767 2377 antiquioribus
1821 2300 1980 2373 huius
2036 2297 2143 2371 Cy-

544 2396 714 2467 priani
760 2396 909 2452 libris
950 2396 1325 2469 manuscriptis
1362 2394 1636 2453 codicibus
1670 2395 1860 2468 legitur
1880 2410 2142 2466 magnum,

544 2487 597 2544 in
633 2488 754 2544 aliis
795 2496 972 2545 autem
1018 2505 1243 2562 magum.
1294 2487 1674 2544 Verumtamen
1720 2487 1986 2558 posterior
2030 2485 2147 2543 hate

545 2579 703 2636 lectio
728 2579 881 2636 alteri
912 2579 1270 2651 prteponenda
1295 2579 1539 2651 videtur;
1565 2580 1687 2652 quia
1720 2588 1943 2653 uterque
1973 2578 2145 2635 disse-

546 2674 616 2729 rit
644 2672 712 2729 de
750 2672 929 2729 divina
958 2672 1157 2730 Christi
1185 2682 1486 2745 potestate,
1527 2688 1631 2744 qua
1668 2671 1922 2729 miracula
1959 2686 2149 2745 prope-

546 2765 763 2821 modum
800 2765 1005 2825 intinita
1034 2809 1049 2834 ,
1080 2776 1134 2822 et
1162 2765 1266 2822 huc
1296 2782 1462 2838 usque
1495 2764 1732 2820 inaudita
1764 2764 1986 2831 edebat,
2027 2779 2146 2836 quin

548 2858 996 2930 impudentissimi
1046 2860 1459 2917 calumniatores
1506 2858 1678 2915 Judaei
1731 2857 1954 2930 magicis
2003 2857 2146 2914 illius

546 2951 757 3008 artibus.
776 2952 1082 3009 adscribere
1105 2951 1221 3008 ausi
1257 2951 1483 3008 fuerant.
1514 2950 1592 3008 De
1621 2950 1707 3006 his
1730 2958 1909 3006 autem
1948 2947 2147 3005 Christi

548 3046 840 3113 miraculis,
876 3046 1072 3120 quibus
1100 3046 1503 3103 evidentissime
1540 3044 1909 3121 comprobavit
1939 3059 1999 3100 se
2024 3058 2147 3100 esse

550 3139 645 3195 Dei
700 3139 892 3195 Filium
922 3182 938 3209 ,
995 3149 1050 3197 et
1095 3150 1375 3214 assumpto
1416 3155 1643 3212 corpore
1691 3139 1950 3208 humano,
1983 3139 2146 3194 vitam

2248 1934 2512 2006 Apologet.
2552 1949 2668 2004 cap.
2698 1932 2788 1987 21.
2819 1948 2940 2002 pag.
2966 1931 3066 1987 401
3097 1932 3136 2003 ).
3165 1929 3270 1987 Sed
3316 1930 3430 1985 lnec
3462 1930 3621 2002 paulo
3670 1930 3842 1986 fusius

2248 2027 2590 2098 apertiusque
2640 2042 2670 2080 ει
2718 2025 2988 2097 Cypriane
3016 2023 3102 2079 liis
3149 2023 3327 2080 verbis
3375 2023 3638 2095 explicata
3682 2033 3848 2079 sunt:

2252 2115 2366 2173 Hoc
2385 2134 2469 2177 eos
2495 2122 2721 2192 facturos
2748 2128 2795 2173 et
2840 2118 2954 2190 ipse
2991 2115 3331 2187 prtedisterat,
3383 2124 3433 2169 et
3484 2115 3853 2186 prophetarum

2249 2211 2478 2265 omnium
2529 2210 2873 2265 testiinonium
2923 2208 2998 2263 sic
3044 2217 3163 2262 ante
3207 2216 3552 2278 processura,
3616 2216 3854 2277 oportere

2247 2303 2395 2358 illum
2416 2304 2522 2375 pati
2546 2344 2563 2371 ,
2595 2311 2647 2359 ut
2674 2319 2776 2357 non
2799 2290 3004 2357 sentiret
3035 2309 3234 2355 tantunt
3263 2310 3475 2355 mortem
3499 2341 3515 2366 ,
3543 2299 3632 2355 sed
3653 2309 3706 2353 ut
3731 2300 3853 2365 uin-

2249 2409 2380 2455 ceret
2408 2398 2679 2473 (Cyprian.
2721 2399 2784 2454 de
2824 2397 3004 2453 Idolor
3038 2397 3242 2467 vanit.).
3297 2394 3415 2463 Quo
3458 2404 3636 2449 autem
3684 2394 3852 2459 modo

2248 2490 2493 2549 Christus
2538 2488 2874 2547 inferendam
2923 2489 3027 2546 sibi
3054 2505 3086 2545 a
3137 2486 3337 2545 ιυίιωίε
3363 2502 3548 2544 necem
3579 2486 3850 2569 praedixe-

2248 2586 2339 2657 rit,
2364 2600 2468 2649 non
2490 2598 2630 2641 unus
2661 2592 2886 2653 tantum,
2909 2581 3004 2639 sed
3021 2596 3212 2639 omnes
3232 2580 3589 2653 Evangelista:
3612 2581 3851 2637 maximo

2250 2678 2408 2749 plane
2434 2691 2697 2732 consensu
2742 2673 3013 2731 testiﬁcati
3053 2682 3197 2731 sunt.
3241 2666 3323 2735 Ab
3350 2671 3480 2747 ipsis
3509 2687 3724 2744 quoque
3752 2687 3853 2728 γε·-

2252 2774 2379 2837 teris
2403 2772 2730 2830 TeSIamenti
2778 2770 3051 2844 prophetis
3101 2770 3473 2829 annuntiatam
3520 2769 3689 2827 fuisse
3719 2769 3852 2827 alibi

2250 2864 2603 2922 ostendimus.

2322 2957 2457 3011 Tum
2475 2954 2672 3012 deinde
2700 2959 2900 3012 Auctor
2927 2964 3109 3012 noster
3141 2973 3155 3012 :
3193 2954 3256 3011 Et
3286 2965 3453 3012 tamen
3475 2956 3687 3029 sumens
3710 2958 3853 3013 cruci

2249 3049 2485 3121 spiritum
2526 3065 2640 3103 cum
2666 3048 2810 3104 verbo
2841 3049 3067 3118 dimisit,
3096 3060 3348 3121 prtevento
3372 3042 3628 3119 carniﬁcis
3684 3050 3851 3122 oﬂicio

2255 3139 2493 3213 (Matth.,
2524 3156 2572 3195 c.
2598 3139 2689 3206 20,
2729 3141 2763 3213 Ῡ
2792 3140 2913 3209 .18,
2944 3139 3036 3208 19;
3065 3139 3258 3210 Marc.,
3285 3140 3372 3196 10.
3406 3138 3511 3209 55;
3543 3141 3669 3195 Luc.
3694 3181 3713 3213 ,
3757 3141 3845 3218 10,

550 3232 723 3305 egisse
749 3231 1054 3300 mortalem,
1088 3236 1139 3288 in
1173 3233 1435 3304 superiori
1471 3223 1700 3304 aliisque
1750 3229 2147 3288 dissertationi-
2174 3255 2221 3321 ρ
2252 3234 2325 3291 55
2373 3242 2418 3287 et
2462 3231 2551 3303 l8,
2602 3234 2714 3301 3t;
2762 3232 3016 3305 Johann.,
3063 3235 3117 3303 5,
3167 3235 3203 3290 4
3243 3244 3291 3289 et
3329 3233 3405 3302 8;
3448 3233 3564 3290 Act.
3612 3233 3698 3303 12,
3744 3235 3849 3304 32;

551 3328 652 3384 bus
674 3328 872 3383 nostris
901 3327 1291 3400 disputaVimus
1316 3325 1553 3400 (Dissert.
1580 3325 1635 3381 in
1654 3322 1915 3394 Lactant.,
1943 3341 2059 3397 cap.
2089 3324 2142 3394 9,

552 3428 652 3477 art.
678 3418 715 3475 2
742 3430 789 3475 et
814 3437 975 3495 seqq,
1009 3437 1127 3492 cap.
1163 3421 1250 3476 l8.
1274 3430 1372 3475 art.
1393 3422 1471 3494 5).

1150 3532 1441 3573 Αιιτιουιυε
1471 3531 1548 3573 ιιι.

555 3608 814 3666 Christum
836 3610 1067 3666 violentis
1097 3608 1401 3667 Iudaeorum
1431 3609 1720 3685 suffragiis,
1751 3612 1878 3668 sicut
1892 3612 2002 3684 ipse
2024 3628 2156 3687 prae-

628 3703 863 3773 dixerat,
920 3704 975 3759 in
1015 3720 1220 3761 crucem
1281 3723 1315 3760 a
1376 3703 1558 3762 Pilato
1608 3706 1779 3780 Syria:
1828 3718 2156 3778 procuratore

628 3808 833 3871 actum,
880 3809 1061 3870 sponte
1087 3808 1132 3855 et
1161 3817 1283 3856 cum
1308 3801 1456 3858 uerbo
1496 3802 1732 3874 spiritum
1773 3802 2063 3869 dimisisse;
2094 3803 2158 3859 de

629 3894 754 3951 solis
791 3904 898 3949 tum
937 3894 1162 3969 deliquio
1184 3937 1199 3966 ,
1239 3897 1294 3951 in
1320 3912 1515 3953 arcana
1538 3897 1701 3965 relato
1724 3938 1739 3964 ,
1790 3912 1851 3952 ac
1882 3897 1945 3953 de
1964 3895 2157 3954 Christi

627 3987 911 4060 sepultura.

631 4082 945 4167 Quanquam
977 4092 1056 4143 tot
1109 4094 1325 4158 tamque
1354 4084 1617 4158 stupenda
1663 4082 1862 4142 Christi
1898 4084 2159 4141 miracula

560 4175 909 4235 invictissime
935 4177 1199 4235 adversus
1238 4178 1454 4236 Judteos
1477 4221 1494 4248 ,
1537 4194 1601 4234 ac
1623 4191 1993 4255 quoscumque
2023 4176 2159 4237 alios

564 4267 714 4322 illum
758 4282 887 4327 vere
912 4270 1081 4325 Deum
1108 4279 1162 4327 et
1184 4270 1462 4331 hominem
1489 4270 1657 4330 fuisse
1676 4313 1692 4339 ,
1742 4287 1806 4328 ac
1834 4287 1956 4330 cum
1979 4273 2159 4330 homi-

562 4362 720 4419 nibus
747 4362 941 4421 vixisse
970 4362 1378 4431 demonstrent;
1426 4364 1529 4422 hoc
1568 4375 1745 4422 tamen
1800 4365 2161 4425 Tertullianus

562 4460 694 4516 satis
720 4457 821 4516 sibi
856 4476 959 4516 non
1005 4476 1126 4521 esse
1169 4462 1457 4525 arbitratus
1477 4472 1577 4519 est.
1612 4464 1791 4537 Pergit
1816 4464 1959 4520 enim
1983 4505 2000 4532 ,
2061 4479 2163 4522 nec

565 4552 1066 4611 tninusluculenter
1089 4554 1424 4613 demonstrat
1452 4555 1504 4613 id
1552 4556 1730 4613 adhuc
1771 4557 1998 4614 stabiliri
2029 4573 2160 4616 con-

2255 3326 2524 3383 Dissertat.
2558 3329 2612 3383 in
2635 3327 2872 3383 Lactant.
2904 3345 3021 3400 cap.
3046 3329 3101 3384 8.
3131 3338 3231 3383 art.
3259 3328 3328 3396 2;
3358 3327 3669 3387 Tertullian.
3695 3330 3848 3402 Apol.

2257 3439 2375 3494 cap.
2401 3422 2493 3477 21.
2517 3440 2574 3494 p.
2604 3422 2759 3494 401).
2793 3422 2868 3478 ita
2917 3421 3134 3494 quidem
3188 3422 3468 3494 Rigaltius.
3520 3421 3629 3479 Sed
3659 3425 3852 3481 miram

2256 3516 2414 3589 plane
2436 3518 2655 3575 adverte
2684 3518 2757 3572 ibi
2784 3558 2799 3585 ,
2840 3516 2980 3577 sicut
3004 3516 3128 3571 alibi
3159 3557 3174 3585 ,
3202 3516 3319 3588 ejus
3348 3516 3698 3588 diligentiam.
3727 3515 3849 3574 Non

2256 3609 2413 3664 aliam
2441 3610 2637 3683 quippe
2677 3610 2881 3667 notavit
2906 3603 3174 3665 diversam
3225 3608 3550 3679 lectionem,
3608 3609 3759 3678 nisi,
3804 3616 3855 3665 et

2258 3704 2461 3760 tandem
2491 3745 2506 3771 ,
2562 3720 2662 3776 pro
2687 3747 2701 3772 ,
2761 3714 2808 3760 et
2831 3714 3021 3766 tamen.
3050 3704 3120 3760 At
3147 3704 3202 3760 in
3228 3703 3482 3761 omnibus
3517 3706 3717 3761 nostris
3742 3719 3857 3763 ma-

2259 3797 2547 3869 nuscriptis
2575 3797 2970 3869 exemplaribus
2998 3840 3013 3863 ,
3059 3797 3196 3853 sicut
3239 3806 3293 3852 et
3316 3808 3472 3852 antea
3502 3795 3691 3867 editis,
3741 3796 3855 3856 btcc

2260 3891 2525 3948 habentur
2548 3908 2566 3946 :
2611 3890 2679 3945 Et
2705 3900 2871 3949 tamen
2899 3890 3107 3963 summus
3127 3931 3143 3958 ,
3175 3890 3337 3947 multa
3359 3892 3535 3951 mortis
3561 3890 3703 3947 illius
3730 3908 3853 3963 pro-

2261 3986 2390 4057 pria.
2430 3985 2649 4041 ostendit
2721 3985 2957 4058 insignia.
3026 3985 3165 4041 Nam
3222 3985 3460 4057 spiritum
3531 4000 3646 4038 cum
3710 3984 3855 4043 verba

2259 4087 2438 4152 sponte
2466 4078 2691 4150 dimisit,
2717 4087 2968 4151 prwvettto
2990 4078 3247 4147 carniﬁcis
3268 4078 3450 4148 o/ﬁcio.
3479 4076 3535 4134 Si
3562 4079 3744 4143 omnia
3764 4093 3857 4137 alt-

2263 4186 2373 4235 tem
2403 4172 2519 4231 base
2568 4173 2731 4236 verba
2762 4172 2992 4244 Rigaltio
3040 4187 3148 4227 non
3178 4171 3486 4232 arridebant
3508 4217 3522 4243 ,
3575 4189 3681 4233 cur
3714 4174 3855 4249 nulla

2263 4280 2384 4337 data
2407 4277 2616 4350 ratione
2639 4317 2655 4342 ,
2704 4285 2760 4330 et
2782 4272 2870 4328 illa
2898 4270 3150 4338 abstulit,
3175 4281 3230 4327 et
3250 4272 3467 4327 verbum
3489 4282 3688 4343 sponte,
3714 4274 3856 4345 quod

2262 4370 2404 4442 apud
2432 4369 2760 4445 Cyprianum
2788 4408 2804 4435 ,
2849 4366 3167 4423 Tertulliani
3198 4376 3551 4438 sequestrem,
3584 4366 3856 4439 ﬁdumque

2264 4466 2613 4536 interpretem
2644 4463 2724 4519 sic
2749 4462 2976 4536 legitur:
3003 4460 3310 4530 Cruciﬁxus,
3333 4470 3585 4532 praevento
3606 4463 3855 4533 carniﬁcis

2265 4557 2456 4629 oﬁicio,
2496 4556 2732 4627 spiritum
2778 4563 2956 4627 sponte
2984 4553 3175 4609 dimisit
3228 4554 3498 4625 (Cyprian.
3552 4554 3616 4608 de
3657 4554 3852 4619 ldolor.

565 4644 874 4719 tirmarique
921 4660 1081 4716 posse
1128 4646 1252 4703 aliis
1296 4647 1558 4707 similibus
1589 4649 1863 4707 miraculis
1894 4691 1909 4716 ,
1942 4664 2062 4724 quae
2089 4651 2237 4725 abl)
2265 4648 2421 4704 vanit.
2449 4647 2492 4721 ).
2561 4646 2749 4704 Nonne
2808 4646 3069 4718 Rigaltius
3115 4645 3415 4717 intelligere
3490 4645 3618 4702 hinc
3688 4646 3857 4718 potuit

567 4740 660 4797 illo
689 4750 812 4797 ante
840 4750 895 4797 et
920 4751 1041 4812 post
1061 4750 1288 4799 mortem
1312 4742 1456 4799 edita
1476 4753 1620 4802 sunt.
1644 4745 1781 4805 Eum
1809 4760 1938 4817 ergo
1966 4760 2161 4819 sequa-

566 4848 719 4899 ntur,
743 4842 796 4890 et
825 4831 894 4888 de
918 4832 1008 4888 illa
1034 4833 1231 4889 Christi
1255 4843 1431 4891 morte
1456 4834 1813 4894 disserentem
1832 4836 2116 4894 audiamus
2143 4856 2158 4893 :

526 4916 531 4925 ’
568 4925 650 4980 Ad
677 4925 982 4995 doctrinam,
1010 4926 1203 4999 inquit,
1233 4928 1343 4999 ejus
1367 4927 1487 5000 quia
1518 4927 1892 5001 (manuscripti
1921 4929 2161 4999 codices,

568 5021 690 5090 qua)
717 5020 1127 5086 revincebantur,
1176 5022 1441 5093 magistri,
1492 5025 1836 5096 primoresque
1858 5024 2166 5087 Judteorum

570 5112 643 5167 ita
672 5114 1102 5183 exasperabuntur
1126 5156 1142 5183 ,
1171 5115 1393 5170 maxime
1418 5114 1554 5186 quod
1581 5117 1650 5170 ad
1684 5133 1798 5172 eunt
1822 5116 2001 5195 ingens
2029 5118 2165 5174 mul-

571 5208 731 5267 titudo
758 5209 1074 5279 deﬂecteret,
1107 5218 1162 5264 ut
1186 5218 1438 5281 postremo
1467 5209 1692 5270 oblatum
1714 5210 1904 5267 Pontio
1951 5210 2128 5273 Pilato
2146 5255 2164 5283 ,

572 5302 782 5376 Syriam
808 5313 926 5359 tunc
944 5320 1007 5359 ex
1032 5313 1176 5375 parte
1198 5302 1431 5359 Romana
1455 5308 1773 5376 procuranti,
1798 5307 2039 5363 violentia
2056 5312 2166 5382 suf-

571 5398 854 5471 fragiorum
882 5397 935 5453 in
961 5413 1106 5453 cruce
1132 5398 1151 5470 (
1175 5386 1524 5470 manuscripti
1548 5398 1783 5466 codices,
1812 5400 2012 5473 Jesum)
2044 5403 2163 5459 dedi

571 5490 668 5545 sibi
695 5490 995 5546 extorserint
1022 5488 1355 5563 (Tertullian-
1382 5492 1650 5565 Apologet.
1682 5510 1797 5565 cap.
1826 5493 1915 5551 21.
1937 5512 1987 5564 p.
2010 5493 2159 5569 400).

571 5584 870 5660 Cyprianus
891 5600 1022 5642 vero
1052 5586 1168 5643 ltazc
1192 5586 1262 5643 ab
1287 5588 1521 5644 Auctore
1557 5597 1741 5645 nostra
1775 5588 1854 5645 sic
1895 5597 2167 5658 mutuatus
2193 5636 2196 5640 .

573 5686 676 5746 est,
707 5686 763 5735 ut
791 5678 1038 5750 quaedam
1063 5678 1223 5735 etiam
1250 5677 1581 5749 decerpserit
1603 5680 1747 5739 illius
1766 5681 1959 5738 verba:
1985 5679 2160 5754 Hunc,

574 5772 785 5844 inquit,
816 5772 1044 5845 magistri
1071 5786 1248 5837 eorum
1273 5813 1289 5839 ,
1315 5771 1623 5829 Judteorum
1643 5814 1660 5841 ,
1691 5784 1841 5845 atque
1884 5778 2165 5846 primores,

574 5866 672 5924 hoc
696 5874 801 5939 est,
828 5883 953 5941 quos
988 5876 1038 5925 et
1070 5866 1306 5929 doctrina
1334 5865 1422 5923 ille
1473 5876 1520 5927 et
1551 5868 1804 5943 sapientia
1824 5868 2127 5939 ireuincebat
2150 5911 2167 5945 ,

2264 4742 2453 4800 eadem
2484 4756 2609 4799 esse
2637 4737 2962 4797 Tertulliani
2995 4738 3176 4805 verba,
3209 4753 3330 4808 qua:
3350 4737 3652 4809 Cyprianus
3679 4739 3733 4793 in
3754 4737 3853 4793 hu-

2261 4836 2350 4908 jus
2381 4835 2709 4912 Apologetiei
2740 4833 2926 4889 codice
2955 4832 3098 4888 haud
3127 4831 3286 4887 dubie
3319 4822 3561 4905 legerat?
3592 4830 3858 4904 Numquid

2268 4929 2428 4984 etiam
2459 4926 2657 4983 oblitus
2707 4925 2915 4992 fuerat,
2947 4935 3039 4980 aut
3078 4924 3420 4980 dissimulare
3456 4925 3630 4996 potuit
3663 4924 3801 4996 quod
3824 4939 3858 4982 a

2270 5020 2550 5078 Laetantio
2589 5020 2837 5077 similiter
2864 5020 3120 5091 scriptum
3151 5019 3554 5076 observavimus
3582 5033 3601 5072 :
3631 5018 3858 5090 suspen-

2269 5134 2355 5174 sus
2381 5128 2531 5187 atque
2551 5116 2749 5188 aﬂ‘txus,
2774 5115 3075 5173 exclamavit
3106 5114 3174 5168 ad
3198 5112 3475 5168 Dominum
3505 5129 3623 5168 voce
3655 5127 3857 5184 magna,

2268 5222 2315 5265 et
2342 5210 2476 5266 ultro
2503 5210 2740 5283 spiritum
2773 5209 2941 5281 posuit
2971 5206 3266 5281 (Dissertat.
3298 5206 3353 5260 in
3382 5205 3597 5261 Lactan.
3624 5222 3739 5281 cap.
3770 5206 3857 5263 18.

2267 5317 2369 5362 art.
2399 5305 2477 5379 ὃ).
2510 5305 2697 5362 Obiter
2719 5315 2898 5361 autem
2925 5304 3145 5362 adverte
3178 5304 3263 5362 his
3282 5303 3484 5373 verbis,
3513 5319 3632 5359 race
3656 5321 3859 5376 magna,

2270 5400 2411 5458 idem
2440 5398 2729 5471 signiﬁcari
2775 5408 2935 5471 atque
2986 5397 3073 5456 his
3120 5396 3434 5461 Tertulliani
3484 5398 3703 5463 nostri;
3751 5413 3867 5455 cunt

2272 5493 2419 5551 verba
2439 5493 2653 5551 dimisit.
2709 5491 2779 5551 Ut
2828 5492 2956 5566 quid
2998 5493 3213 5550 tandem
3241 5493 3508 5565 Rigaltius
3536 5493 3638 5548 alia
3662 5490 3869 5551 abrasit

2272 5586 2515 5660 ejusdem
2541 5586 2854 5644 Tertulliani
2896 5588 3058 5646 verba
3076 5630 3093 5656 ,
3124 5588 3318 5659 quibus
3338 5586 3595 5647 adversos
3622 5586 3865 5656 Judteos.

2274 5682 2515 5753 aliosque
2540 5680 2770 5752 probare
2815 5681 2982 5739 voluit
3008 5678 3481 5747 CltristumDeum
3507 5689 3563 5737 et
3594 5680 3873 5745 hominem

2273 5785 2467 5849 sponte
2499 5791 2595 5832 sua
2619 5792 2739 5834 esse
2764 5786 3054 5844 mortuum,
3074 5774 3533 5847 quemadmodum
3562 5773 3702 5841 facta
3729 5783 3865 5837 tunc

2276 5870 2344 5935 ab
2360 5885 2425 5929 eo
2450 5870 2703 5939 miracula
2739 5869 3227 5931 demonstrabant?
