4092 6352
281 323 389 388 861

1412 274 1866 380 ωεεειξτλτὶο
1902 318 1967 387 D.
2004 317 2097 383 LE
2132 317 2437 383 NOURRY.

3470 315 3581 378 863

353 439 507 511 Quod
542 453 671 497 vero
699 438 788 497 ille
811 480 826 511 ,
857 450 921 494 ac
945 443 1128 511 postea
1159 434 1457 510 Cyprianus
1482 434 1707 502 dicunt,
1741 449 1876 508 pra'o
1902 433 1951 503 Α
1982 431 2136 488 Hunc
2161 432 2336 493 λιιάωὶ
2359 435 2643 499 detractum
2669 432 2732 489 de
2760 448 2931 501 cruce,
2956 442 3006 489 et
3031 431 3266 504 sepulcro
3294 433 3579 502 conditum,

281 543 427 592 vento
453 533 715 607 carniﬁcis
754 532 927 607 ofﬁcio
946 574 960 599 ,
986 530 1128 607 illud
1157 530 1371 602 planius
1397 538 1452 586 et
1483 529 1764 587 enodatius
1792 528 1877 584 his

279 627 541 686 Lactantii
587 606 767 683 Verbis
801 606 1134 695 explicatur:
1164 622 1328 678 Fixus
1369 640 1484 679 cum
1513 621 1748 694 spiritum
1788 620 1879 676 de-

280 722 547 798 posuisset,
587 719 928 777 necessarium
956 718 1225 794 carni/ires
1273 732 1376 771 non
1421 724 1723 787 putaverunt
1762 730 1877 768 ossa

284 819 396 891 ejus
421 814 746 887 suﬂ'riugere,
776 813 904 869 sicut
931 829 1039 869 mos
1068 828 1244 867 eorum
1273 810 1464 881 ferebat
1498 809 1756 882 (Lactant.
1786 808 1873 863 lib.

277 911 333 978 4,
358 909 516 964 divin.
540 906 713 963 Instit.
740 923 856 979 cap.
897 904 1109 978 ‘26).De
1150 905 1252 961 hoc
1268 913 1444 960 autem
1486 918 1637 959 more
1666 901 1878 973 Lipsius

277 1002 545 1075 diSputat,
575 1015 733 1073 quem
759 998 815 1057 si.
834 998 980 1056 lubet
1005 1008 1059 1054 et
1088 1007 1259 1065 vacat,
1289 996 1436 1053 adire
1457 997 1654 1068 poteris
1703 994 1873 1071 (Lips.

280 1097 367 1154 lib.
409 1096 466 1164 2,
512 1095 576 1151 de
616 1111 780 1161 cruce,
825 1110 942 1166 cap.
993 1094 1078 1161 14,
1122 1111 1245 1166 pag.
1274 1092 1420 1159 ‘665,
1450 1102 1573 1147 tam.
1605 1090 1687 1165 5).

277 1201 284 1241 ί
352 1188 1000 1262 Prosequamurinterim.
1026 1197 1100 1253 et,
1132 1186 1257 1259 quid
1280 1186 1348 1241 de
1373 1183 1588 1241 Christo
1615 1184 1879 1242 moriente

279 1282 442 1340 addat
478 1283 874 1349 Tertullianus,
922 1279 1242 1337 videamus:
1278 1278 1489 1347 Eodem,
1530 1278 1721 1351 inquit,
1769 1295 1879 1334 nio-

194 1432 206 1445 ,
280 1386 468 1445 mento,
494 1391 599 1447 quo
624 1375 858 1433 animam
885 1372 1097 1445 agebat,
1124 1372 1252 1441 dies,
1280 1370 1450 1427 orbem
1489 1371 1722 1443 signante
1748 1371 1878 1441 sole,

279 1470 523 1531 subducta
553 1478 646 1523 est.
676 1465 970 1538 Deliquium
1001 1465 1174 1546 utique
1200 1473 1528 1537 putaverunt,
1554 1464 1642 1534 qui
1664 1462 1719 1517 id
1747 1479 1879 1539 quo-

279 1579 376 1635 que
403 1578 551 1633 super
580 1558 783 1620 Christo
810 1558 1144 1630 prwdicatum
1170 1574 1271 1614 non
1300 1559 1521 1631 scierunt
1550 1554 1880 1629 (Tertullian.

280 1654 687 1730 Apologet.cap.
732 1652 824 1720 2i,
872 1649 1174 1725 pttg.40l).
1224 1650 1293 1705 Et
1341 1646 1461 1707 haec
1505 1650 1883 1729 quident,‘nec

280 1745 433 1818 plura
487 1745 735 1818 leguntur
791 1745 842 1799 in
897 1743 1147 1799 omnibus
1194 1742 1505 1815 codicibus,
1553 1754 1674 1807 cum
1725 1742 1883 1811 editis

282 1837 706 1909 antiquioribus,
739 1846 848 1892 tum
897 1854 1056 1893 manu
1104 1834 1342 1907 qualibet
1384 1835 1640 1895 exaratis.
1673 1833 1780 1901 Sed
1825 1835 1880 1899 in
1910 1838 1959 1913 Β

242 1966 245 1969 ι
281 1930 516 1987 editione
553 1944 648 1984 sua
694 1928 811 1984 haec
858 1927 1054 1999 adjecit
1092 1926 1358 2000 Rigaltius
1391 1946 1403 1982 :
1437 1930 1633 1983 ratione
1658 1944 1760 1983 non
1791 1927 1883 1989 de—

282 2023 553 2097 prehensa,
582 2033 906 2094 negaverunt.
948 2023 1119 2094 Atque
1147 2022 1217 2077 ita
1261 2021 1349 2076 ille
1377 2022 1540 2078 textui
1569 2021 1885 2083 Tertulliani

282 2116 401 2172 haec
425 2113 667 2182 addidit,
697 2114 853 2169 sicuti
883 2128 989 2169 non
1032 2130 1201 2195 pauca
1233 2114 1474 2186 pluribus
1503 2114 1624 2171 aliis
1654 2115 1707 2171 in
1752 2115 1884 2173 locis

285 2225 352 2266 ex
381 2223 447 2269 eo
476 2206 792 2263 abstulerat.
819 2205 975 2273 Unde
1013 2217 1191 2262 autem
1229 2206 1317 2261 illa
1345 2205 1704 2278 desumpserit
1733 2208 1887 2267 nobis

286 2316 387 2357 nec
413 2300 501 2356 ille
531 2298 750 2367 indicat,
781 2314 884 2354 nec
908 2298 1151 2354 divinare
1182 2299 1363 2371 utique
1402 2314 1703 2370 possumus.
1741 2301 1885 2357 Duo-

286 2392 386 2448 bus
413 2402 592 2448 autem
616 2406 746 2448 usus
767 2400 847 2447 est
874 2391 1251 2463 manuscriptis
1271 2390 1429 2461 hujus
1446 2391 1568 2447 libri
1590 2392 1883 2465 codicibus,

285 2480 526 2544 Puteano
551 2497 605 2542 et
631 2487 933 2551 Pithteano,
961 2503 1023 2543 ac
1054 2488 1215 2543 variis
1239 2486 1521 2544 Fuldensis
1546 2488 1885 2549 lectionibus.

286 2580 582 2636 Puteanum
633 2592 812 2636 autem
863 2580 1180 2653 antiquitate
1223 2596 1319 2636 sua
1368 2581 1735 2643 venerandum
1769 2623 1785 2653 ,
1833 2591 1889 2641 et

287 2672 625 2737 Pithmanum
656 2688 764 2743 pra:
796 2660 1038 2729 inanibus
1078 2672 1359 2738 habemus,
1394 2674 1445 2728 iu
1473 2674 1664 2744 quibus
1692 2689 1886 2748 super-

286 2766 467 2829 addita
514 2765 601 2820 illa
634 2766 793 2821 verba
824 2781 927 2821 non
960 2776 1266 2822 occurrunt.
1306 2766 1505 2824 Notare
1528 2767 1688 2841 igitur
1711 2769 1887 2841 Rigal-

288 2861 393 2913 tins
420 2857 648 2919 debebat
687 2868 862 2915 utrum
905 2858 1044 2914 inter
1080 2859 1352 2927 variantes
1384 2858 1667 2917 Fuldensis
1705 2876 1890 2921 exem-

286 2951 453 3023 plaris
506 2952 762 3009 lectiones
813 2951 1181 3025 reperiantur,
1239 2960 1293 3007 et
1348 2967 1448 3007 cur
1497 2951 1658 3025 hujus
1716 2953 1887 3010 solius

286 3046 658 3105 auctoritatem
687 3045 899 3105 czeteris
925 3045 1179 3100 omnibus
1208 3045 1522 3117 praetulerit.

359 3137 434 3197 De
475 3149 769 3193 memorata
808 3137 1063 3208 deinceps
1107 3152 1136 3191 a
1180 3136 1513 3191 Tertulliano
1568 3137 1698 3193 solis
1738 3137 1886 3195 dele-

1982 544 2167 601 tuagna
2198 528 2350 583 etiam
2390 526 2626 581 ntilitaris
2652 526 2893 582 custodiae
2935 525 3197 600 diligentia
3238 525 3579 582 circumsede-

1980 632 2099 676 runt
2122 619 2172 694 (1
2180 622 2330 693 bid).
2360 621 2417 676 lu
2445 623 2645 678 nostris
2668 620 2930 693 siquidem
2953 621 3330 695 manuscriptis
3348 632 3402 678 et
3422 631 3580 679 antea

1981 714 2139 773 editis
2182 715 2581 786 exctnplarihus
2622 715 2814 786 legitur
2844 734 2857 770 :
2887 714 3034 771 Tunc
3073 713 3361 772 Judaei“...
3393 731 3582 787 magna

1980 808 2131 862 etiam
2148 806 2357 861 militari
2377 824 2551 875 manu,
2574 807 2818 862 custodia:
2850 806 3113 878 diligentia
3132 806 3580 863 circumsederunt.

1981 900 2120 972 Quid
2150 910 2328 956 autem
2358 901 2427 955 ibi
2471 884 2736 956 nocebant
2768 900 2882 955 lucc
2907 899 3100 967 verba,
3139 917 3325 973 magna
3370 899 3582 955 militari

1980 1010 2137 1048 manu
2159 993 2185 1047 .9
2205 993 2394 1050 Nonne
2422 993 2504 1049 his
2517 996 2718 1049 Auctor
2746 982 2930 1048 noster
2959 991 3345 1065 signiﬁcantius
3369 1008 3584 1065 expres-

1982 1086 2049 1143 sit
2087 1102 2195 1142 nou
2227 1101 2449 1157 parvum
2482 1084 2648 1141 luisse
2675 1085 2903 1140 militum
2929 1100 3212 1140 numerum
3234 1126 3247 1151 ,
3281 1085 3372 1155 qui
3398 1086 3581 1156 sepul-

1982 1193 2135 1233 crum
2154 1177 2352 1233 Christi
2379 1176 2790 1250 diligentissime
2812 1177 3226 1234 custodiebant?
3246 1176 3352 1262 ξω
3385 1188 3580 1233 cratera

1982 1286 2395 1347 prosequamur.

2583 1399 2875 1442 ARTICULUS
2910 1400 2965 1443 ιν
2976 1423 2987 1439 .

1985 1521 2064 1577 De
2093 1520 2281 1577 Christi
2323 1537 2356 1575 a
2395 1528 2554 1575 morte
2581 1520 2649 1574 ad
2677 1521 2833 1575 vitam
2874 1537 3106 1592 regressu
3125 1562 3141 1588 ,
3172 1520 3582 1592 apparitionibus

2056 1617 2110 1672 in
2140 1614 2380 1680 Galilara,
2410 1615 2658 1669 ordinatis
2688 1615 2756 1669 ad
2781 1615 3214 1670 disseminandum
3246 1614 3586 1687 Evangeliunt

2059 1709 2327 1779 discipulis
2350 1750 2364 1775 ,
2410 1707 2553 1763 illius
2580 1709 2632 1761 in
2667 1708 2821 1762 caelos
2864 1723 3077 1762 ascensu
3101 1751 3114 1776 ,
3148 1716 3194 1762 et
3235 1708 3299 1764 iis
3354 1708 3585 1763 omnibus

2058 1819 2091 1856 a
2140 1799 2313 1855 Pilato
2361 1799 2430 1854 ad
2481 1796 2739 1854 Tiberium
2788 1799 3144 1870 imperatorem
3209 1799 3382 1855 relatis
3435 1816 3453 1855 :
3494 1817 3587 1855 cur

2061 1892 2285 1948 Caesares
2310 1891 2508 1947 Christo
2535 1892 2882 1957 credidissent,
2907 1891 2952 1944 si
2978 1907 3077 1946 non
3103 1900 3264 1947 essent
3286 1891 3472 1947 steculo
3493 1908 3584 1947 ne-

2059 1988 2282 2044 cessarii.

2060 2099 2640 2173 PergitTertullianus,
2666 2100 3031 2172 certioresque
3051 2114 3149 2156 nos
3171 2099 3295 2156 lacit
3314 2096 3585 2157 Christum

1989 2192 2302 2269 praedixisse
2343 2191 2459 2249 fore
2501 2202 2559 2247 ut
2588 2192 2742 2247 tertia
2772 2194 2894 2264 post
2933 2203 3162 2248 mortem
3205 2207 3355 2248 suam
3389 2192 3478 2249 die
3516 2191 3585 2251 ad

1990 2285 2150 2341 vitam
2174 2292 2519 2341 revocaretur
2546 2282 2871 2357 (Tertullian.
2901 2283 3167 2357 Apologet.
3203 2300 3317 2356 cap.
3346 2282 3436 2350 ﬁt,
3462 2301 3585 2357 pag.

1986 2380 2138 2453 401).
2159 2380 2325 2443 Recte
2348 2380 2582 2453 quidem,
2612 2379 3062 2459 quemadmodum
3091 2395 3121 2434 a
3146 2380 3300 2435 nobis
3337 2379 3464 2434 alibi
3490 2395 3588 2435 ex-

1990 2476 2242 2561 plicatum
2271 2485 2352 2530 est
2382 2472 2624 2548 (Dissert.
2651 2474 2704 2527 in
2732 2472 2970 2529 Lactant.
3001 2490 3117 2546 cap.
3147 2472 3203 2540 8,
3232 2483 3328 2529 art.
3357 2471 3435 2545 2).
3464 2472 3589 2529 Suis

1989 2560 2167 2627 autem
2194 2570 2439 2627 Christus
2458 2570 2606 2631 stetit
2636 2567 2936 2639 promissis,
2961 2577 3014 2623 et
3035 2566 3194 2623 rediit
3217 2565 3283 2621 ad
3310 2566 3493 2622 vitam.
3518 2566 3588 2625 At

1989 2679 2257 2741 postquam
2294 2666 2366 2718 ita
2416 2664 2803 2730 resurrexisset,
2836 2659 3077 2732 ejusdem
3128 2660 3362 2719 auctoris
3419 2658 3588 2715 nostri

1989 2760 2152 2817 verba
2179 2766 2304 2813 sunt
2332 2776 2346 2813 :
2382 2756 2514 2811 nihil
2540 2757 2590 2810 in
2618 2754 2851 2827 sepulcro
2876 2765 3130 2825 repertum
3153 2762 3224 2809 est
3249 2762 3587 2826 prceterquam

1988 2853 2183 2911 exuviae
2208 2849 2429 2924 sepulcri
2459 2847 2673 2921 (Ibid).
2720 2846 2778 2903 ln
2820 2847 3095 2904 codicibus
3138 2848 3338 2902 nostris
3377 2855 3431 2902 et
3469 2845 3590 2901 aliis

1989 2943 2338 3011 editionibus,
2364 2942 2591 3014 sepulti;
2630 2951 2686 2997 et
2721 2940 2914 3019 melius
2943 2939 3182 3013 quidem.
3210 2939 3341 2996 Nam
3381 2939 3588 2994 exuvias

1988 3035 2515 3106 dicunturimprimis
2542 3034 2842 3100 hominum,
2878 3041 2933 3089 et
2957 3032 3244 3103 aliquando
3268 3031 3584 3088 bestiarum.

1989 3130 2351 3209 Quamobrem
2401 3129 2709 3186 Lactantius
2742 3146 2755 3181 :
2786 3126 2857 3184 lu
2907 3125 3161 3198 sepulcro,
3216 3126 3405 3199 inquit,
3459 3124 3590 3181 nihil

286 3235 484 3300 ctione,
503 3234 726 3308 ejusque
747 3232 1096 3309 praedictione
1118 3232 1242 3296 alibi
1270 3231 1619 3303 disseruimus
1643 3230 1882 3304 (οἱεδενι,
1911 3237 1959 3303 ε
1992 3234 2244 3297 repertum
2271 3232 2362 3292 est,
2393 3222 2491 3276 nisi
2514 3223 2729 3287 exuviae,
2754 3218 2934 3291 quibus
2954 3218 3275 3274 convolutum
3298 3234 3482 3289 corpus
3507 3218 3589 3275 iu-

287 3326 340 3380 iu
364 3324 599 3387 Lactant.
629 3342 742 3398 cap.
771 3325 825 3394 8,
859 3334 961 3378 art.
999 3323 1079 3396 2).
1111 3322 1380 3393 Quantum
1410 3339 1536 3378 vero
1562 3340 1624 3378 ea
1655 3324 1886 3394 perculsi

286 3417 484 3475 fuerint
522 3432 628 3473 non
671 3400 846 3474 solum
888 3415 1093 3489 Judmi,
1123 3414 1218 3471 sed
1239 3414 1398 3472 etiam
1425 3415 1676 3488 gentiles,
1702 3410 1772 3471 ex
1801 3414 1886 3472 his

285 3511 494 3583 conjice
540 3510 989 3581 subsequentibus
1020 3509 1272 3565 Auctoris
1324 3509 1493 3565 nostri
1539 3508 1718 3565 verbis
1761 3526 1774 3562 :
1817 3506 1886 3564 Et

287 3615 455 3660 tamen
504 3622 616 3661 eunt
666 3604 842 3659 mundi
888 3620 1063 3665 casum
1110 3603 1331 3659 relatum
1367 3602 1422 3656 in
1463 3602 1665 3665 arcanis
1711 3602 1886 3661 vestris

287 3702 478 3757 habetis
527 3698 855 3773 (Tertullian.
902 3694 1051 3770 ibid).
1078 3696 1208 3765 Quae
1249 3695 1463 3767 quidem
1506 3696 1573 3750 ita
1604 3696 1655 3750 in
1688 3696 1886 3753 nostris

285 3792 584 3858 cndicibus,
619 3793 757 3846 sicut
798 3791 849 3845 in
890 3788 1103 3863 Rigaltii
1132 3788 1371 3843 editione
1402 3782 1614 3859 scripta
1638 3798 1781 3843 sunt.
1816 3788 1886 3842 At

285 3885 404 3957 quis
431 3901 537 3940 non
566 3883 805 3940 laudabit
835 3882 1162 3955 singularem
1191 3880 1391 3938 eruditi
1424 3879 1567 3936 illius
1589 3880 1688 3935 viri
1720 3880 1883 3937 sedu-

286 3980 512 4047 litatem,
544 3980 633 4052 qui
666 3994 762 4035 nos
791 3978 862 4033 ibi
893 3977 1169 4033 admonuit
1194 3976 1249 4032 in
1269 3977 1390 4031 aliis
1414 3975 1758 4045 editiouibus,
1785 3991 1884 4049 pro

285 4074 506 4140 arcanis,
542 4073 772 4144 positum
797 4071 1015 4127 arehiris
1037 4071 1061 4125 ?
1086 4068 1272 4143 Majori
1302 4079 1478 4125 tamen
1508 4070 1664 4126 laude
1690 4070 1884 4141 dignus

283 4169 471 4245 procul
497 4168 660 4235 dubio
688 4170 847 4237 l'oret,
872 4169 915 4225 si
949 4169 1051 4224 hac
1076 4170 1300 4241 aliisque
1325 4170 1595 4229 nonnullis
1620 4171 1883 4227 similibus

283 4272 431 4319 certe
456 4262 743 4319 levissimis
767 4262 1087 4320 lectionibus
1116 4262 1330 4328 notatis,
1361 4260 1493 4327 alias
1520 4263 1677 4334 longe
1704 4263 1884 4334 plures

283 4364 340 4409 et
381 4353 639 4426 gravioris
690 4351 930 4424 profecto
981 4355 1241 4410 momenti
1280 4369 1384 4409 non
1428 4355 1879 4426 prietermisisset.

283 4445 417 4503 Nam
464 4445 672 4500 archiva
717 4444 857 4513 idem
905 4447 1062 4517 plane
1105 4430 1618 4521 signilicant‘atque
1666 4464 1878 4515 arcana,

285 4554 426 4610 qua),
456 4538 619 4594 Festo
661 4549 714 4593 et
759 4537 948 4593 Servio
1000 4539 1246 4603 testibus,
1298 4539 1553 4594 dicuntur
1593 4551 1797 4609 secreta
1828 4551 1883 4598 et

1990 3315 2663 3389 cluserant(Lactant.,lib.
2719 3316 2755 3370 4
2803 3313 2962 3369 divin.
3015 3311 3272 3381 Institut.,
3326 3328 3442 3384 cap.
3480 3310 3585 3381 29;

1988 3407 2204 3465 Dissert.
2238 3411 2292 3464 in
2316 3407 2551 3463 Lactant.
2578 3424 2693 3480 cap.
2725 3406 2815 3474 i9,
2839 3416 2938 3463 art.
2968 3404 3047 3476 2).
3222 3474 3229 3483 _

2061 3502 2117 3557 lu
2150 3501 2337 3557 eadem
2384 3515 2599 3573 quoque
2648 3509 2829 3555 nostra
2858 3498 2925 3555 de
2955 3498 3115 3569 hujus
3144 3498 3296 3554 libris
3331 3497 3588 3555 dissertao

1989 3597 2135 3649 tione
2178 3593 2511 3650 ostendimus
2553 3591 2823 3665 quomodo
2863 3608 2925 3647 ea
2967 3592 3367 3664 explanaverit,
3394 3608 3511 3663 qua:
3555 3608 3587 3648 τι

1989 3688 2320 3745 Tertulliano
2361 3688 2428 3744 de
2455 3685 2650 3742 Christi
2681 3695 2855 3741 morte
2876 3728 2891 3756 ,
2921 3685 3192 3758 sepultura
3211 3728 3227 3755 ,
3261 3696 3315 3743 et
3346 3701 3588 3744 resurre-

1988 3786 2165 3837 ctione
2187 3780 2351 3847 dicta,
2380 3789 2541 3851 atque
2572 3770 2713 3833 hunc
2744 3779 2795 3832 in
2825 3775 3042 3832 modum
3075 3776 3274 3833 ibidem
3304 3776 3586 3847 subjuucta

1987 3881 2147 3931 sunt:
2179 3871 2290 3928 Nec
2313 3871 2400 3927 ille
2427 3870 2675 3929 Christus
2721 3870 2969 3925 redivivus
2998 3886 3050 3924 se
3089 3870 3143 3933 in
3170 3869 3347 3940 vulgus
3389 3868 3585 3938 eduxit,

1988 3984 2050 4022 ne
2075 3956 2219 4038 impii
2256 3982 2428 4022 errore
2448 3965 2783 4019 liberarentur
2810 3961 3138 4037 (Tertullian.
3172 3961 3584 4035 Apologet._cap.

1986 4060 2077 4127 21,
2124 4076 2243 4132 pag.
2268 4057 2422 4127 40-2).
2458 4056 2533 4113 lbi
2572 4065 2750 4112 autem
2789 4054 3276 4111 demonstravimus
3325 4053 3470 4110 hunc
3508 4053 3588 4110 lo-

1987 4154 2183 4231 quendi
2224 4153 2468 4226 modum,
2496 4153 2586 4224 qui
2623 4166 2729 4208 non
2770 4150 2941 4205 solum
2971 4165 3001 4203 a
3041 4147 3372 4207 Tertulliano
3406 4156 3460 4204 et
3483 4148 3588 4207 La-

1986 4236 2188 4314 ctantio
2214 4299 2229 4325 ,
2257 4257 2350 4315 sed
2381 4256 2650 4330 Cypriane
2680 4254 2838 4310 etiam
2861 4296 2874 4320 ,
2898 4268 2962 4309 ac
2987 4251 3155 4309 sacris
3184 4252 3386 4309 nostris
3410 4251 3589 4327 Scrip-

1989 4351 2194 4406 toribus
2246 4350 2552 4417 adhibetur,
2602 4350 2757 4425 plane
2802 4348 3072 4405 immerito
3123 4348 3193 4405 ab
3241 4346 3587 4413 heterodoxis

1986 4444 2304 4516 quibusdam
2332 4445 2523 4503 vexari
2549 4441 2790 4517 (Dissert.
2829 4442 2883 4497 in
2917 4440 3154 4498 Lactant.
3197 4443 3296 4515 loc.
3323 4457 3467 4517 supr.
3494 4438 3584 4497 cit.

1986 4549 2031 4594 et
2056 4556 2172 4611 cap.
2204 4538 2293 4605 l7,
2321 4547 2419 4591 art.
2450 4539 2529 4608 5).

284 4632 462 4686 clausa
490 4670 506 4693 ,
539 4639 592 4684 et
633 4644 663 4683 a
710 4628 903 4700 quibus
933 4644 1119 4685 onmes
1149 4641 1400 4685 arcentur
1420 4631 1644 4703 (Festus,
1669 4634 1759 4689 lib.
1791 4633 1880 4700 220,
1907 4636 1962 4698 D
2061 4631 2307 4686 Posthac
2352 4646 2480 4691 vero
2518 4630 2886 4693 Tertulliauus
2930 4630 2997 4685 de
3029 4629 3267 4697 Christo,
3311 4628 3377 4693 ad
3418 4628 3583 4685 vitam

285 4726 350 4780 de
382 4723 591 4780 Verbor.
620 4724 923 4796 signiﬁcat;
946 4723 1154 4780 Servius
1180 4728 1233 4780 in
1263 4723 1442 4797 Virgil.
1469 4726 1557 4781 lib.
1582 4727 1634 4781 l.
1663 4725 1882 4783 .Eneid.

276 4838 331 4899 ⁸υ.
362 4818 515 4892 seu).

356 4913 525 4970 Porro
564 4920 745 4969 autem
771 4896 899 4967 illud
936 4909 1068 4967 solis
1109 4910 1386 4982 deliquium
1422 4911 1476 4966 in
1514 4926 1712 4967 arcana
1748 4927 1883 4984 gen-

285 5004 458 5061 tilium
500 5006 725 5062 relatum
776 5019 898 5061 esse
939 5005 1145 5060 Auctor
1184 5013 1370 5059 noster
1410 5013 1719 5072 asseverat;
1761 5005 1886 5075 quia

288 5099 420 5155 illud
444 5109 498 5156 et
529 5099 653 5164 alia,
681 5113 802 5170 qua
828 5107 956 5153 ante
978 5107 1034 5153 et
1063 5106 1183 5168 post
1207 5095 1411 5152 Christi
1439 5108 1666 5153 mortem
1688 5112 1883 5154 evene-

285 5200 430 5257 rant,
457 5206 487 5245 a
514 5192 733 5247 notariis
762 5190 1007 5262 publicis,
1036 5201 1129 5245 aut
1158 5190 1277 5245 aliis
1305 5190 1574 5261 descripta
1599 5191 1654 5246 in
1675 5208 1885 5248 eorum-

283 5284 408 5342 dem
430 5284 709 5357 gentilium
743 5284 976 5342 archivis
996 5286 1370 5343 servabantur.
1397 5284 1528 5354 Quin
1557 5296 1735 5341 autem
1766 5288 1881 5342 hinc

282 5382 392 5438 sint
420 5379 635 5437 archiva
663 5380 778 5455 sive
801 5395 1016 5448 arcana,
1048 5396 1114 5435 an
1147 5380 1621 5436 Romanorum‘vcl
1651 5378 1879 5436 aliorum

283 5475 581 5548 gentilium,
613 5491 681 5531 ex
709 5475 793 5530 his
828 5473 1049 5529 forsitan
1090 5473 1264 5545 colligi
1308 5474 1527 5544 poterit,
1557 5488 1676 5543 quin
1720 5475 1880 5545 paulo

281 5578 405 5641 post
440 5567 682 5624 dicemus
705 5567 773 5624 de
811 5566 967 5635 Pilati
993 5565 1061 5621 ad
1089 5565 1365 5629 Tiberium
1393 5567 1777 5639 imperatorem
1804 5568 1874 5624 de

279 5661 499 5719 Christo
535 5661 751 5719 litteris.
786 5720 790 5724 .

258 5826 263 5829 ν
351 5752 558 5809 Interea
594 5768 722 5809 vero
763 5748 1250 5820 animadvertemus
1292 5767 1483 5811 manus
1524 5750 1697 5817 adhuc
1727 5768 1756 5809 a
1786 5753 1880 5810 Ri—

275 5848 440 5925 galtio
473 5846 646 5905 illatas
689 5846 770 5905 his
797 5845 1244 5917 subsequentibus
1284 5844 1596 5903 Tertulliani
1654 5846 1870 5904 verbis:

1988 4737 2281 4794 revocato,
2320 4727 2434 4783 huic
2480 4727 2695 4789 tradidit
2738 4726 2912 4783 :Cum
2964 4725 3229 4795 discipulis
3281 4721 3584 4795 quibusdam

1989 4820 2130 4891 apud
2159 4818 2427 4883 Galilazam
2463 4817 2664 4877 Iudam:
2694 4816 2951 4893 regionem
2993 4817 3061 4871 ad
3101 4814 3444 4889 quadraginta
3476 4814 3584 4869 dies

1990 4914 2117 4986 egit,
2151 4912 2337 4971 docens
2362 4930 2447 4970 eos
2473 4928 2586 4986 quae
2622 4913 2861 4970 docerent
2888 4912 3218 4987 (Tertullian.
3246 4911 3351 4967 ibid
3377 4909 3417 4984 ).
3443 4909 3584 4980 Quid

1989 5006 2160 5085 ergo?
2185 5005 2451 5078 Numquid
2487 5006 2733 5062 Christus
2762 5021 2860 5078 per
2900 5014 3073 5061 totum
3114 5002 3244 5059 illud
3274 5012 3485 5077 tempus
3524 5003 3582 5059 in

1985 5100 2101 5161 sola
2145 5099 2366 5165 Galilaza
2392 5142 2408 5168 ,
2436 5114 2500 5156 ac
2523 5115 2649 5157 cum
2693 5097 3012 5172 quibusdam
3058 5105 3268 5152 tantum
3304 5096 3584 5169 discipulis

1984 5194 2097 5250 suis
2128 5204 2367 5255 versatus
2396 5203 2478 5251 est
2496 5194 2520 5247 ?
2540 5193 2727 5249 Nonne
2746 5200 2800 5249 et
2826 5190 2977 5260 alibi,
3001 5200 3054 5251 et
3081 5191 3328 5249 omnibus
3356 5190 3586 5260 discipu-

1985 5287 2051 5344 lis
2075 5287 2364 5363 apparuit?
2385 5285 2490 5347 Sed
2521 5285 2904 5353 Tertullianus,
2930 5283 3055 5355 quia
3081 5284 3133 5339 in
3162 5281 3267 5345 hoc
3292 5282 3432 5339 libro
3454 5283 3581 5340 bre-

1984 5379 2134 5437 vitati
2163 5378 2433 5449 studebat,
2463 5394 2570 5434 non
2596 5378 2650 5434 id
2675 5376 2888 5460 quidem
2914 5385 3093 5449 negat,
3115 5389 3180 5431 ac
3202 5390 3320 5448 qua:
3346 5375 3399 5430 in
3427 5373 3581 5432 Gali-

1986 5473 2086 5531 laea
2130 5483 2258 5533 sunt
2300 5484 2440 5540 acta,
2487 5486 2740 5537 narrasse
2778 5470 2880 5529 sibi
2909 5471 3041 5527 satis
3086 5483 3205 5531 esse
3246 5470 3475 5527 censuit.
3512 5469 3583 5527 At

1983 5566 2305 5640 Cyprianus,
2334 5563 2577 5636 quamvis
2603 5563 2749 5621 illum
2779 5574 3054 5637 sequatur,
3092 5576 3199 5618 non
3228 5570 3334 5618 tam
3363 5561 3576 5632 stricte,

1982 5659 2079 5716 sed
2138 5656 2462 5731 generaliter
2514 5657 2729 5730 scripsit
2771 5675 2784 5713 :
2834 5656 3087 5731 Apparuit
3146 5656 3414 5728 discipulis
3469 5655 3577 5711 suis

1983 5751 2218 5811 talis.....
2249 5751 2532 5820 fuerat.....
2559 5751 2628 5806 ad
2655 5750 2761 5807 dies
2783 5749 3129 5825 quadraginta
3154 5758 3431 5815 remoratus
3473 5755 3546 5803 est
3557 5761 3581 5815 ,°

1981 5853 2035 5901 ut
2064 5843 2126 5903 de
2149 5859 2204 5899 eo
2230 5842 2297 5899 ad
2324 5852 2580 5917 prwcepta
2602 5842 2775 5901 vitalia
2800 5843 2983 5901 instrui
3005 5852 3226 5917 possent,
3251 5850 3297 5900 et
3322 5841 3574 5899 discerent
