4092 6352
508 333 620 397 865

1610 329 1686 420 in
1732 296 2195 419 sesamum
2231 325 2760 389 APOLOGETICUM

3699 331 3819 392 θαι

511 442 625 528 qua:
643 422 874 511 docerent
896 451 1130 527 (Cypria.
1160 450 1435 513 deidolor.
1468 418 1780 529 vanil.).VDe
1818 452 2104 529 hisautem
2132 453 2185 513 Α
2209 440 2346 524 quod
2385 436 2625 508 salutaris
2667 452 2852 508 divina:
2887 451 3135 510 doctrina:
3171 452 3469 525 praedicatio
3508 428 3825 508 auctoritate

511 549 708 606 Christi
763 546 1221 618 apparitionibus,
1273 555 1327 601 ct
1369 546 1611 611 doctrina
1657 562 1760 619 qua
1814 544 2108 625 discipulos

502 636 639 697 suos
676 640 889 707 imbuit,
939 638 993 694 in
1041 637 1691 706 aliis,dissertationibus
1720 638 2109 709 disputavimus

498 720 805 805 .(Dissertat.
853 731 907 785 in
948 729 1182 786 Lactant.
1216 747 1332 803 cap.
1364 732 1452 799 i9,
1498 740 1596 786 art.
1644 733 1717 796 ὃς
1749 742 1796 785 et
1840 729 2106 785 Dissertat.

502 827 562 881 "in
589 825 765 882 Ctecil.
792 825 856 880 de
883 836 1033 879 mort.
1064 835 1314 895 persecat.
1347 842 1463 895 cap.
1494 825 1546 888 4,
1588 834 1688 878 art.
1716 823 1797 893 Ξ).
2084 886 2085 891 η

502 926 508 931 ’
582 920 639 977 In
671 919 863 976 iisdem
893 920 1054 975 etiam
1081 919 1483 974 enucleavimus
1512 918 1636 988 quid
1665 911 1967 988 significent
1995 916 2113 997 haec

495 1008 887 1086 subsequentia
915 1013 1242 1091 Tertulliani~
1284 1014 1443 1069 verba
1477 1012 1717 1068 :Dehinc
1756 1013 2003 1067 ordinatis
2042 1013 2113 1089 eis

500 1099 579 1162 bad
606 1108 835 1177 ofﬁciunt
861 1106 1180 1178 prardicandi
1207 1124 1296 1177 per
1327 1107 1495 1161 orbem
1520 1148 1533 1171 ,
1563 1107 1877 1178 circumfusa
1904 1106 2033 1159 nube
2060 1105 2113 1159 in

509 1199 690 1255 caelum
716 1210 787 1255 est
808 1209 1009 1272 ereptus
1032 1197 1360 1270 (Tertullian.
1391 1198 1491 1254 loc.
1515 1196 1649 1271 cit.).
1682 1199 1735 1254 In
1760 1200 1959 1253 nostris
1985 1179 2115 1271 vero

512 1292 927 1363 exemplaribus,
957 1301 1011 1347 et
1053 1292 1171 1347 aliis
1198 1304 1319 1347 ante
1345 1291 1632 1363 Rigaltium
1663 1292 1822 1347 editis
1850 1291 2112 1363 legimus:

512 1383 583 1440 In
642 1386 823 1440 caelum
881 1394 953 1439 est
1013 1382 1256 1455 receptus.
1318 1384 1585 1456 Numquid
1635 1385 1899 1456 Rigaltitts
1963 1384 2113 1441 illum

506 1476 767 1553 loquendi
815 1477 1032 1554 modum
1082 1478 1222 1534 ferre
1274 1493 1380 1532 non
1438 1479 1650 1550 potuit?
1697 1479 1807 1533 Cur
1850 1494 1977 1548 ergo
2034 1478 2117 1545 his

504 1573 699 1649 jpolius
741 1589 846 1627 non
880 1587 1008 1626 usus
1045 1571 1123 1627 est
1157 1570 1406 1645 Cypriani
1456 1572 1633 1628 verbis
1662 1590 1675 1626 :
1710 1571 1775 1626 In
1804 1572 1985 1626 caelum
2016 1572 2121 1641 cir-

516 1671 752 1738 cumfusJ
778 1665 905 1721 nube
933 1665 1161 1721 sublatus
1190 1677 1259 1721 est
1279 1665 1462 1739 (Cgpr.
1487 1667 1575 1721 lib.
1599 1668 1662 1722 de
1690 1667 1877 1722 idolor.
1908 1667 2121 1738 vanit.)?

518 1757 708 1815 Nonne
751 1758 939 1814 melius
969 1775 1034 1813 ex
1062 1757 1326 1827 discipulo
1350 1801 1362 1823 ,
1398 1759 1440 1813 si
1489 1757 1539 1813 id
1573 1759 1778 1823 liceret,
1805 1760 2120 1829 magistrum

2213 557 2261 602 et
2291 547 2485 602 auxilio
2514 548 2776 602 hominum
2809 564 2912 602 non
2939 545 3371 625 indigeretsCum
3413 546 3572 619 igitur
3608 554 3823 601 senatus

2204 626 2506 694 [relationem
2536 639 2599 694 de
2628 639 2899 695 Servatore
2924 641 3261 713 repudiasset,
3293 638 3523 694 Tiberius
3564 648 3733 693 tamen
3765 638 3823 694 in

2214 733 2428 809 pristina
2449 733 2697 787 sententia
2724 750 3069 804 perseverans,
3101 734 3233 788 nihil
3258 719 3501 789 adversus
3528 732 3823 787 doctrinam

2214 825 2402 880 Christi
2426 825 2605 879 durius
2635 827 2841 882 molitus
2862 828 3178 899 essedicitur
3198 826 3411 899 (Euseb.
3435 827 3526 883 lib.
3547 826 3604 890 2,
3628 828 3821 883 histor.

2216 915 2413 973 Eceles.
2440 936 2555 988 cap.
2586 919 2639 985 2,
2672 938 2792 991 pag.
2820 920 2933 993 40).
2961 920 3036 975 Ita
3058 920 3306 977 Valesius
3328 921 3709 989 interpretatus
3734 928 3827 976 est

2215 1011 2377 1064 verba
2408 1010 2625 1066 Eusebii
2654 1028 2848 1081 grarca,
2884 1028 3026 1085 qtae,
3056 1013 3179 1085 quia
3214 998 3370 1083 paulo
3397 1012 3635 1084 longiora
3668 1020 3823 1080 sunt,

2219 1101 2306 1158 hic
2335 1119 2441 1157 non
2472 1104 2904 1160 transcrihimus.
2936 1102 3137 1160 Deinde
3167 1121 3295 1161 vero
3325 1105 3585 1161 Eusebius
3610 1104 3832 1161 Tertul-

2218 1195 2343 1250 liani
2372 1196 2533 1249 verba
2557 1212 2783 1265 gra‘cam
2815 1199 2866 1251 in
2895 1184 3126 1268 linguam
3155 1199 3233 1253 sic
3261 1198 3532 1253 transtulit
3564 1216 3577 1252 :
3601 1205 3829 1271 Τιϐέριος

2221 1286 2296 1342 οὖν
2329 1292 2627 1359 ἀγγελθέντος
2653 1295 2781 1360 αὐτῷ
2812 1298 2859 1346 is
2882 1299 3202 1353 Παλαιστίνης
3239 1299 3326 1348 τσῦ
3357 1296 3587 1364 δεργμτος
3611 1297 3790 1348 τοὺτου
3810 1334 3829 1358 ,

2204 1385 2326 1434 ’ἔνθα
2352 1397 2535 1455 πρῶτον
2561 1391 2757 1452 ἤρξατο,
2785 1397 2847 1452 τῇ
2897 1386 3136 1455 cupitline:
3172 1382 3529 1439 ἀνεκοινώσατο.
3560 1394 3709 1446 Δῆλος
3751 1392 3818 1439 ὧν

2222 1470 2407 1555 iniuste
2437 1483 2495 1536 ὡς
2519 1489 2588 1547 τῷ
2634 1481 2835 1548 abnuat
2863 1483 3113 1549 ἀρέσκεται
3138 1497 3150 1510 ⁹
3180 1488 3210 1539 ἡ
3243 1482 3291 1532 δὲ
3311 1484 3442 1550 siqu)
3456 1503 3583 1540 ητος,
3608 1482 3712 1533 επεὶ
3744 1485 3831 1535 οὗι

2223 1573 2349 1623 absit
2397 1572 2742 1638 ἓδιδοκιμᾶκιι,
2766 1574 3011 1626 ἀπώσαντο.
3051 1561 3091 1625 ὁ
3121 1575 3168 1625 δὲ
3205 1578 3250 1627 ἓν
3288 1586 3350 1641 τῇ
3391 1575 3540 1627 αὺτοῦ
3582 1577 3827 1642 ἐσοφίσω

2224 1666 2418 1727 εμιινιν,
2453 1665 2714 1722 simu-aa;
2739 1670 2939 1717 θᾶνσντον
2959 1666 3062 1723 τοῖς
3100 1680 3188 1719 τῶν
3214 1673 3497 1735 χρίστιινῶν
3523 1666 3829 1735 ιιτιηόρθις.

2227 1750 2472 1809 Valesius
2502 1768 2633 1809 vero
2656 1753 2771 1809 hate
2799 1754 2986 1811 iisdem
3017 1757 3195 1811 latinis
3223 1756 3401 1811 verbis
3429 1755 3681 1819 reddidit,
3706 1772 3832 1828 qua:

512 1852 882 1907 correxisset?
926 1849 1035 1905 Sed
1089 1850 1399 1905 auCtoribus
1430 1865 1525 1905 sua
1567 1850 1730 1905 verba
1759 1850 2110 1920 relinquenda
2138 1856 2187 1917 B
2218 1852 2269 1907 in
2296 1845 2571 1901 codicibus
2588 1847 2788 1902 nostris
2809 1856 2862 1902 et
2880 1847 3203 1903 editionibus
3222 1856 3349 1903 ante
3371 1847 3658 1920 Rigallium
3675 1848 3831 1903 exhi-

518 1955 661 2001 sunt.
694 1946 840 2002 Alias
870 1945 1015 2000 enim
1054 1953 1403 1999 actum~esset
1459 1943 1527 2000 de
1580 1944 1826 2015 genuinis
1869 1953 2113 2000 veterum

526 2039 747 2109 scripto:
762 2054 851 2094 uzn
879 2036 1153 2107 operibus.
1652 2080 1655 2085 .
1710 2090 1714 2092 γ
2013 2084 2017 2089 ,

590 2133 751 2189 Addit
772 2130 1133 2188 Tertullianus
1150 2129 1418 2185 Christum
1442 2128 1506 2184 ad
1528 2128 1697 2185 caelos
1715 2127 2119 2185 conscendisse:

520 2225 688 2280 Multo
714 2223 913 2297 melius,
944 2239 1096 2294 quam
1123 2222 1265 2292 apud
1296 2238 1382 2276 vos
1402 2264 1414 2286 ,
1442 2222 1668 2291 gentiles
1686 2263 1699 2285 ,
1728 2237 2014 2276 asseverare
2058 2220 2123 2276 de

520 2318 756 2390 Romulis
783 2315 997 2389 Proculi
1036 2315 1199 2371 solent
1228 2312 1562 2385 (Tertullian.
1605 2314 1706 2369 loc.
1752 2302 2123 2386 cit.).'Rursus

503 2398 649 2467 vero
695 2410 746 2465 in
795 2408 985 2465 iisdem
1022 2409 1221 2483 nostris
1258 2417 1313 2463 et
1351 2407 1510 2462 editis
1564 2407 1857 2473 codicibus,
1892 2406 2124 2478 Bigaltio

520 2503 914 2574 antiquioribus
948 2519 960 2554 :
1001 2499 1165 2555 Multo
1194 2501 1429 2555 verius...
1464 2499 1526 2554 de
1552 2498 1773 2555 Romulo
1803 2499 2017 2554 Proculi
2041 2516 2125 2555 so-
2209 2509 2213 2513 ”

522 2598 645 2652 lent.
664 2596 795 2669 Quis
826 2606 1002 2650 autem
1033 2609 1137 2649 non
1161 2593 1339 2648 videat
1364 2592 1500 2649 banc
1531 2594 1789 2665 potiorem
1815 2592 2128 2663 genuinam-

506 2684 628 2760 ‘que
658 2703 778 2744 esse
806 2686 1119 2763 Tertulliani
1148 2686 1471 2742 lectionem?
1495 2686 1625 2741 Nam
1654 2685 1723 2741 ibi
1747 2687 1940 2740 asserit
1958 2684 2128 2763 multo

527 2781 710 2836 verius
761 2794 887 2857 esse
931 2779 1201 2853 Christum
1249 2780 1300 2833 in
1357 2779 1527 2834 coelos
1582 2779 1925 2857 ascendisse,
1966 2793 2129 2848 quam

526 2864 837 2935 Romulum,
884 2866 1127 2942 quamvis
1172 2872 1405 2937 Proculi,
1456 2872 1506 2926 id
1534 2881 1636 2936 est,
1694 2872 1727 2926 ii
1780 2873 1871 2943 qui
1920 2872 2130 2928 Proculi

508 2952 764 3040 iperjurio
791 2954 1101 3037 abutuntur,
1125 2967 1401 3023 affirmare
1430 2968 1637 3022 soleant
1677 2967 1846 3023 visum
1874 2982 1904 3022 a
1935 2983 1993 3023 se
2018 2967 2131 3024 Ro-

528 3062 728 3115 nmlum
761 3060 812 3115 in
840 3062 1006 3116 eteius
1036 3059 1435 3116 ascendentem.
1744 3060 1757 3067 “

513 3151 518 3157 ’
599 3154 840 3226 Denique
904 3154 1324 3233 Auctor‘noster
1373 3153 1570 3224 adjecit
1600 3174 1612 3207 :
1640 3152 1721 3207 Ea
1762 3155 1934 3209 omnia
1981 3172 2136 3227 super

2220 1936 2327 1992 bita
2345 1937 2814 1995 vidimus.Verum
2847 1942 2899 1996 in
2928 1941 3039 1997 suis
3061 1941 3227 2010 uotis,
3268 1941 3561 2012 approbata
3585 1940 3827 2013 ejusdem

2219 2030 2433 2103 Rigaltii
2457 2035 2853 2107 emendatione,
2888 2036 3047 2092 verba
3077 2053 3250 2109 graeca
3281 2037 3536 2106 Eusebii,
3576 2048 3670 2093 aut
3694 2039 3831 2096 alte-

2222 2126 2355 2195 rius,
2377 2138 2431 2182 ut
2460 2129 2574 2199 ipse
2608 2139 2775 2199 putat,
2798 2130 3105 2202 interpretis
3131 2143 3383 2202 corrupta
3409 2146 3531 2189 esse
3557 2132 3828 2202 Opinatur.

2222 2218 2327 2275 Sed
2352 2220 2396 2275 si
2426 2221 2523 2291 ipsi
2565 2221 2929 2278 suboluissent
2954 2239 3073 2294 tntae
3100 2239 3132 2278 a
3157 2222 3391 2296 Rigaltio
3426 2225 3479 2278 in
3520 2233 3669 2280 textu
3692 2222 3834 2281 Ter-

2207 2308 2432 2366 tulliani
2461 2313 2737 2369 immutata
2760 2312 2905 2385 sunt,
2925 2316 3103 2387 potius
3130 2308 3307 2388 graaco
3322 2316 3574 2390 scriptori
3600 2316 3835 2374 fortasse

2224 2403 2677 2477 subscripsissets

2297 2497 2562 2569 Quidquid
2593 2515 2753 2571 porro
2787 2501 2875 2568 sit,
2907 2517 2974 2557 ex
3001 2511 3223 2574 utraque
3263 2502 3495 2560 lectione
3535 2504 3667 2560 satis
3692 2520 3829 2575 per-

2229 2591 2452 2662 spicitur
2480 2591 2794 2649 Tertulliani
2835 2610 3045 2655 sensus.
3091 2611 3190 2651 nec
3232 2594 3302 2653 de
3341 2596 3434 2651 illa
3482 2612 3606 2653 esse
3650 2605 3840 2669 putest

2231 2683 2335 2737 ulla
2366 2681 2675 2749 difficultas,
2709 2685 2808 2739 uisi
2836 2685 2887 2740 in
2913 2685 2996 2741 his
3017 2687 3223 2752 verbis,
3251 2688 3447 2757 quibus
3470 2687 3719 2744 Tiberius
3744 2688 3836 2744 di-

2232 2775 2373 2830 citur
2393 2790 2490 2847 pro
2521 2790 2617 2832 sua
2644 2778 2970 2833 conscientia
2991 2778 3100 2848 jam
3128 2778 3295 2836 fuisse
3323 2780 3668 2836 christianus.
3694 2779 3838 2836 Nam

2234 2869 2429 2926 ibidem
2461 2868 2877 2937 dixit,C:esares
2915 2884 3023 2927 non
3063 2872 3388 2941 credidisse,
3426 2874 3549 2945 quia
3588 2871 3836 2929 Caesares

2235 2974 2411 3022 erant.
2437 2965 2543 3022 Sed
2574 2965 2644 3020 ibi
2670 2966 2835 3022 verbo
2869 2967 3075 3022 credere
3103 2968 3234 3023 nihil
3264 2969 3475 3026 videtur
3494 2968 3639 3025 aliud
3670 2969 3840 3040 signi-

2237 3057 2448 3123 licasse,
2483 3057 2583 3113 nisi
2613 3058 2879 3133 publicam
2903 3058 3218 3116 Christiana'
3241 3062 3514 3133 religionis
3540 3061 3838 3134 professio-

2237 3165 2381 3204 nem.
2422 3149 2525 3206 Pro
2566 3165 2662 3205 sua
2695 3151 2852 3221 igitur
2895 3153 3224 3208 conscientia
3251 3152 3503 3210 Tiberius
3531 3162 3647 3210 erat
3685 3152 3834 3210 chri-

529 3248 731 3305 Christo
773 3236 1015 3314 Pilatus,
1039 3258 1086 3302 et
1115 3248 1225 3319 ipse
1260 3248 1369 3316 iam
1396 3263 1490 3325 pro
1529 3263 1623 3301 sua
1649 3248 1956 3302 conscientia
1998 3250 2137 3303 chri-
2160 3258 2206 3321 ρ
2239 3244 2467 3313 stianus,
2494 3244 2587 3299 sed
2611 3260 2775 3300 ausus
2806 3262 2912 3301 non
2936 3256 3018 3302 est
3046 3246 3096 3302 id
3128 3247 3301 3318 palam
3334 3247 3599 3319 proﬁteri.

512 3334 972 3405 'stianus,'Caasari
1002 3352 1123 3407 tunc
1148 3338 1351 3394 Tiberio
1391 3340 1658 3394 nuntiavit.
1700 3338 1813 3419 .Sed
1836 3350 1881 3395 et
1911 3341 2135 3396 Ca’sares

530 3434 861 3489 credidissent
884 3448 1038 3506 super
1063 3433 1264 3509 Christo
1282 3474 1296 3496 ,
1322 3433 1367 3487 si
1391 3442 1438 3487 et
1465 3431 1686 3488 Caesares
1714 3448 1816 3487 non
1845 3442 2008 3488 essent
2033 3449 2134 3489 ste-

531 3528 649 3583 culo
676 3528 962 3594 necessarii,
987 3536 1076 3581 aut
1099 3526 1143 3581 si
1170 3512 1434 3581 christiani
1462 3527 1738 3597 potuissent
1767 3545 1875 3583 esse
1910 3544 2136 3603 ‘cazsares

532 3618 744 3691 (Ibid.).
777 3618 1012 3674 Mutuam
1044 3629 1220 3673 autem
1254 3619 1337 3673 his
1357 3602 1687 3691 verbisalia,
1712 3622 1865 3676 abeo
1890 3622 2139 3691 superius

532 3712 762 3783 scripta,
794 3711 924 3767 dant
969 3711 1152 3782 utique
1188 3711 1383 3767 lucem.
1420 3712 1544 3768 llaec
1585 3722 1761 3768 autem
1808 3698 2140 3785 totidemque

534 3816 660 3862 sunt
692 3824 705 3860 :
741 3805 968 3861 Tiberius
999 3806 1303 3861 annuntiuta
1329 3804 1702 3877 (manuscripti
1735 3808 1928 3871 nostri,
1956 3816 2009 3860 ct
2038 3822 2137 3861 au-

534 3901 698 3969 tiqute
725 3898 1011 3977 editiones,
1035 3899 1418 3972 annuntiatum)
1442 3898 1535 3954 sibi
1556 3916 1619 3954 ea:
1640 3900 1811 3971 Syria:
1835 3898 2139 3969 Palaestina,

538 4008 654 4062 qua:
679 3991 972 4062 (Pa_melius
995 4034 1011 4058 ,
1042 3993 1202 4061 quod)
1238 3992 1345 4047 illic
1380 3996 1634 4047 veritatem
1678 3994 1822 4048 istius
1859 3994 2143 4050 divinitatis

541 4082 885 4138 revelaverant
917 4084 1122 4160 (iidem.
1153 4085 1523 4165 manuscripti,
1554 4095 1608 4139 et
1654 4085 1774 4139 alia:
1812 4086 2144 4157 antiquiores

515 4167 807 4230 editiones
833 4217 848 4240 ,
876 4175 1205 4248 rerelavcrat)
1242 4176 1421 4229 detulit
1448 4176 1517 4229 ad
1540 4186 1770 4231 senatum
1797 4193 1910 4230 cum
1947 4193 2143 4249 prteru-

538 4266 709 4337 gativa
733 4264 969 4339 suﬂ'ragii
996 4268 1095 4322 sui.
1130 4256 1351 4322 Senatus
1372 4309 1386 4332 ,
1416 4268 1538 4339 quia
1563 4285 1663 4323 non
1691 4259 2142 4339 ipse'probuverat,

539 4358 751 4428 respuit.
784 4355 957 4414 Ctvsar
984 4360 1035 4414 in
1062 4362 1312 4415 sententia
1339 4361 1546 4428 mansit,
1575 4345 1912 4416 comminatus
1940 4342 2148 4431 pericu-

542 4451 649 4506 lum
682 4452 1060 4534 accusatoribus
1087 4451 1490 4508 Christianorum
1520 4452 1847 4524 (Tertullian.
1878 4454 2001 4510 ibid.
2027 4464 2145 4527 cap.

542 4546 598 4615 5,
624 4544 910 4618 pag.29l).
936 4547 1196 4603 Eusebius
1228 4563 1353 4603 vero
1386 4556 1552 4602 totmn
1598 4548 1742 4605 hunc
1786 4549 2143 4619 Tertulliani,

545 4639 784 4695 indicato
824 4640 943 4711 ejus
973 4641 1189 4695 nomine
1211 4681 1227 4707 ,
1260 4640 1434 4695 locum
1467 4643 1823 4713 transcripsit.
1857 4643 2012 4699 Prius
2048 4659 2147 4700 au-
2173 4658 2227 4718 D

546 4741 651 4788 tem
681 4742 863 4789 narrat
890 4749 1094 4788 morem
1127 4724 1442 4800 invaluisse,
1473 4742 1530 4788 ut
1555 4736 1948 4804 provinciarum
1972 4747 2149 4793 recto-

546 4843 655 4895 res,
687 4828 942 4900 quidquid
975 4828 1095 4881 novi
1124 4827 1261 4897 apud
1289 4826 1438 4896 ipsos
1463 4829 1797 4899 contigisset,
1831 4830 2146 4901 imperatori

547 4921 876 4975 nuntiarent.
910 4919 1272 4989 Quamobrem
1304 4914 1525 4982 Pilatus,
1548 4919 1612 4975 de
1641 4912 2032 4987 resurrectione,
2062 4924 2116 4977 in
2136 4954 2148 4965 -

548 5014 684 5082 quit,
710 5011 996 5068 Scrvatoris
1023 5013 1186 5067 nostri
1203 5010 1238 5065 J
1243 5029 1331 5066 esu
1351 5004 1559 5075 Christi,
1590 5013 1736 5083 cujus
1759 5030 1848 5091 per
1863 5015 2148 5070 universam

550 5106 889 5163 Palaestinam
914 5094 1124 5162 celebris
1160 5094 1300 5177 fama
1324 5117 1452 5172 erat,
1479 5108 1548 5162 ad
1576 5106 1835 5162 Tiberium
1866 5111 2151 5180 principem

550 5201 742 5265 retulit,
762 5201 921 5255 multa
944 5212 1144 5271 quoque
1162 5201 1267 5254 alia
1291 5200 1516 5270 ejusdem
1536 5200 1782 5254 miracula
1802 5217 1855 5256 se
1873 5202 2050 5255 auditu
2068 5219 2156 5257 ac-

550 5295 740 5363 cepisse
754 5293 1071 5364 signiﬁcans,
1095 5301 1142 5347 et
1155 5285 1374 5364 qualiter
1387 5293 1552 5349 denuo
1568 5294 1634 5348 ad
1663 5294 1815 5348 vitam
1833 5306 2154 5359 revocatus,a

554 5386 805 5457 plerisque
819 5388 934 5459 jam
956 5384 1094 5441 Deus
1111 5387 1398 5442 haberetur.
1418 5387 1482 5441 At
1500 5386 1758 5441 Tiberium
1775 5388 1976 5458 quidem
1992 5389 2061 5442 ad
2075 5406 2155 5443 se-

536 5488 731 5534 ‘natutn
756 5478 988 5533 retulisse
1013 5480 1294 5550 perhibent,
1323 5479 1413 5536 sed
1437 5489 1667 5536 senatum
1696 5471 1991 5552 hujusntodi
2017 5481 2153 5535 rela-

551 5573 737 5626 tionem
786 5581 1117 5639 aspernatum
1188 5573 1387 5643 fuisse;
1427 5574 1592 5644 specie
1634 5574 1858 5643 quidem,
1909 5589 1969 5628 eo
2015 5574 2152 5641 quod

552 5675 758 5719 senatus
786 5666 1066 5721 auctoritas
1092 5668 1160 5719 ad
1185 5667 1240 5720 id
1269 5683 1370 5721 non
1399 5675 1685 5736 exspectata
1718 5666 2002 5731 videbatur,
2034 5683 2153 5720 cum

553 5768 721 5813 tamen
767 5758 851 5813 lea:
877 5769 1019 5813 vetus
1057 5759 1197 5820 apud
1222 5760 1496 5815 llomanos
1526 5770 1652 5815 esset
1679 5803 1693 5827 ,
1727 5777 1790 5814 ne
1826 5762 1940 5831 quis
1969 5760 2155 5832 absque

554 5852 753 5907 decreto
800 5862 1003 5907 senatus
1047 5869 1142 5925 pro
1178 5850 1280 5909 Deo
1312 5852 1610 5918 haberetur;
1638 5871 1691 5909 re
1717 5863 1886 5909 tndem
1930 5854 2045 5923 ipsa
2092 5871 2150 5910 eo

2308 3341 2515 3405 Atcur,‘
2536 3339 2763 3409 inquies,
2786 3339 2979 3410 adjecit
3006 3341 3205 3397 Auctor
3226 3350 3447 3397 noster:
3476 3340 3704 3398 Ctesares
3728 3358 3835 3398 cre-

2239 3431 2506 3498 didissent,
2538 3430 2581 3485 si
2611 3449 2711 3486 non
2748 3442 2915 3486 essent
2953 3433 3144 3489 steculo
3187 3435 3498 3489 necessarii?
3527 3434 3839 3515 Respondet

2237 3518 2641 3595 Rigaltiusillud
2676 3524 2795 3601 ideo
2820 3525 3017 3580 dictum
3047 3514 3393 3597 fuisse,quia,
3423 3527 3497 3582 uti
3525 3514 3665 3584 infra
3691 3528 3839 3586 vide-

2242 3618 2449 3697 bimus,
2486 3634 2802 3690 persuasum
2840 3620 3109 3675 habebant
3144 3610 3268 3676 fore
3302 3631 3362 3677 ut
3396 3621 3651 3689 mundus,
3680 3637 3835 3694 quem

2244 3712 2499 3767 nolebant
2546 3721 2655 3768 tam
2705 3713 2812 3767 cito
2854 3713 3095 3778 destrui,
3124 3730 3264 3770 tcum
3308 3714 3554 3770 Romano
3612 3713 3838 3785 imperio

2242 3803 2600 3863 everteretur.
2644 3805 2752 3861 Sed
2781 3822 3048 3875 quzrnam,
3080 3806 3306 3863 obsecro
3335 3815 3405 3873 te,
3436 3822 3503 3863 ex
3531 3807 3633 3862 hoc
3656 3820 3838 3864 errore

2244 3897 2422 3952 induci
2452 3908 2627 3968 potest
2657 3899 2780 3954 vitm
2808 3899 2965 3954 unius
2996 3909 3087 3954 aut
3120 3899 3342 3956 alterius
3368 3898 3601 3955 Caesaris
3642 3914 3837 3956 neces-

2244 3990 2413 4045 sitas?
2448 3990 2639 4045 Nouue
2685 3998 2863 4046 autem
2898 3990 3265 4047 Tertullianus
3294 3991 3474 4047 dicere
3513 3991 3687 4062 potuit
3724 3991 3843 4047 Cae-

2246 4099 2396 4139 sares
2421 4085 2620 4139 szeculo
2649 4100 2769 4139 esse
2796 4085 3150 4152 necessarios,
3184 4084 3232 4139 id
3265 4092 3367 4145 est.
3396 4082 3576 4140 surculi
3598 4084 3652 4140 et
3674 4100 3841 4155 popu-

2247 4178 2421 4232 lorum
2452 4176 2787 4242 moribus,ac
2815 4178 3112 4247 praesertim
3146 4164 3378 4248 receptis
3402 4172 3723 4248 religionum
3757 4177 3841 4233 in-

2248 4272 2448 4327 stitutis
2481 4278 2621 4325 tanta
2650 4272 2974 4326 necessitate
2997 4271 3326 4338 obstrictos,
3350 4280 3409 4326 ut
3448 4286 3511 4325 ea
3540 4270 3657 4325 sine
3696 4268 3839 4324 sedi-

2252 4361 2502 4424 tionibus.
2530 4370 2689 4432 atque
2716 4363 3017 4417 imminenti
3057 4364 3217 4417 etiam
3244 4373 3296 4418 et
3318 4362 3511 4433 capitis
3541 4372 3593 4417 et
3626 4361 3842 4434 imperii

2250 4454 2594 4511 subvertendi
2631 4454 2872 4527 periculo
2900 4437 3224 4512 labefactare
3266 4463 3359 4511 aut
3399 4457 3688 4512 immutare
3733 4469 3839 4512 non

2251 4552 2511 4623 possent]!
2794 4537 2799 4541 ’

2848 4681 3143 4723 Αιιτιουωε
3186 4679 3242 4746 v.

2261 4777 2395 4836 Vera
2414 4798 2521 4838 esse
2548 4799 2608 4837 ea
2627 4784 2820 4851 omnia,
2854 4799 2965 4854 qua:
2991 4784 3054 4837 de
3079 4781 3281 4839 Christo
3306 4781 3416 4838 Deo
3442 4789 3489 4837 et
3529 4782 3733 4838 homine
3761 4782 3846 4837 di—

2324 4884 2404 4928 cta
2423 4885 2564 4942 sunt;
2586 4878 2772 4933 nemini
2789 4878 2869 4949 fas
2884 4894 2991 4934 esse
3006 4877 3068 4931 de
3082 4876 3328 4948 religione
3343 4893 3438 4932 sua
3459 4877 3683 4937 mentiri;
3699 4875 3851 4932 Chri-

2327 4968 2520 5023 stianos
2564 4972 2753 5041 absque
2788 4970 2897 5026 ulla
2946 4960 3279 5040 ambiguitate
3314 4979 3402 5023 aut
3445 4969 3852 5025 dissimulatione

2328 5064 2502 5129 palam
2529 5073 2575 5117 et
2600 5063 2652 5116 in
2672 5063 2931 5118 tormentis
2947 5065 3099 5117 etiam
3117 5063 3388 5118 dirissimis
3416 5063 3666 5117 clamasse
3686 5061 3852 5117 Deum

2327 5171 2361 5208 a
2389 5171 2444 5209 sc
2486 5173 2576 5225 per
2602 5155 2859 5210 Christum
2887 5156 3008 5223 coli,
3039 5172 3131 5211 nec
3158 5156 3213 5210 id
3239 5172 3387 5226 posse
3404 5156 3682 5224 improbari
3701 5172 3733 5209 a
3757 5152 3852 5209 Ju-

2329 5247 2476 5309 dazis,
2502 5248 2591 5318 qui
2635 5247 2800 5303 Deum
2827 5265 2917 5319 per
2957 5249 3169 5319 Moysen
3189 5291 3204 5312 ,
3236 5264 3329 5303 nec
3365 5264 3399 5301 a
3446 5247 3739 5318 gentilibus,
3760 5246 3850 5316 qui

2338 5360 2427 5414 per
2445 5342 2726 5414 Orpheum,
2762 5341 3035 5405 Musamm,
3068 5339 3391 5413 Melampum
3414 5349 3460 5395 et
3495 5338 3849 5411 Traphonium

2329 5439 2487 5509 falsos
2507 5435 2627 5489 deos
2651 5434 2816 5489 colere
2832 5418 3137 5489 didicerant.

2330 5574 2461 5643 Qua:
2491 5572 2750 5628 hactenus
2787 5571 2853 5627 de
2893 5571 3127 5639 Christo,
3154 5571 3269 5629 sive
3314 5573 3422 5628 Deo
3462 5572 3663 5644 Deique
3691 5568 3851 5637 Filio,

2258 5668 2373 5723 sive
2404 5681 2532 5721 vero
2554 5664 2792 5729 homine,
2814 5680 2843 5719 a
2864 5663 3194 5720 Tertulliano
3222 5665 3422 5736 scripta
3451 5664 3705 5731 vidimus,
3735 5662 3854 5719 haec

2259 5759 2350 5815 ille
2387 5756 2664 5822 verissima
2704 5771 2826 5813 esse
2872 5765 3015 5811 tanta
3054 5760 3455 5815 asseveratione
3493 5756 3761 5822 affirmat,
3794 5765 3857 5813 ut

2258 5854 2481 5919 nullum,
2510 5866 2579 5907 ue
2608 5851 2885 5909 minimum
2909 5850 3150 5923 quidem,
3184 5851 3450 5924 relinquat
3491 5850 3562 5909 de
3605 5850 3669 5908 iis
3695 5848 3853 5907 dubi-
