4092 6352
268 313 385 376 865

1405 317 1859 378 DlSSERT-ATIO
1899 319 1964 377 D.
2003 320 2092 380 LE
2128 319 2434 383 NOURRY.

3464 326 3576 387 εδδ

266 434 431 492 tandi
465 434 664 490 locum.
691 432 826 490 Nam
849 431 1095 490 ethnicos
1126 433 1271 505 ipsos
1305 434 1383 490 sic
1408 436 1697 507 compellat
1722 455 1734 491 :
1774 435 1874 491 Hic
1902 446 1953 502 Α
2020 504 2021 507 η
2050 438 2269 496 Graecos
2292 457 2426 498 vero
2444 441 2678 513 Orpheus
2710 440 2916 510 Pieria,
2947 443 3119 516 pergil
3140 444 3343 502 Auctor
3370 453 3573 515 noster,

269 538 351 584 est
383 527 509 583 ordo
547 537 732 584 nostra:
756 526 1120 595 institutionis,
1146 527 1282 582 hunc
1304 528 1554 584 edidimus
1580 539 1628 583 et
1654 524 1803 585 sectte
1831 540 1878 586 et
1950 532 1957 535 ⁷

271 621 499 679 nominis
536 636 742 677 censum
763 637 877 675 cum
902 637 993 677 suo
1021 620 1599 694 auctore(Tertullian.,
1630 623 1873 696 Apolog.,

274 733 327 772 c.
346 716 446 783 21,
473 733 528 787 p.
555 713 710 790 405).
733 713 943 771 Census
981 726 1159 772 autem
1187 715 1254 771 ab
1290 731 1357 772 eo
1391 715 1587 771 dicitur
1613 718 1875 784 recensio,

274 810 579 882 recognitio
615 818 671 865 et
705 808 1009 881 explicatio.
1046 808 1103 863 ln
1142 808 1246 866 hoc
1272 818 1451 865 autem
1476 825 1653 886 neruo,
1682 810 1879 883 inquit,

275 903 426 960 aliud
473 917 694 974 prorsus
737 917 860 959 esse
904 903 1199 969 existimet,
1241 903 1385 974 quod
1427 903 1748 959 occultatum
1790 914 1883 960 aut

278 995 678 1053 dissimulatum
715 995 997 1052 voluerim.
1031 994 1173 1051 Nihil
1211 996 1353 1052 enim
1385 995 1488 1062 bis,
1536 1013 1655 1067 qua:
1698 997 1878 1065 retuli,

277 1091 465 1148 verius
502 1105 622 1146 esse
654 1100 862 1169 potest;
908 1090 1032 1162 quia
1061 1105 1154 1145 nec
1180 1093 1262 1162 [as
1292 1099 1363 1146 est
1392 1089 1505 1157 ulli,
1544 1090 1638 1157 ait,
1680 1090 1745 1145 de
1788 1107 1881 1146 sua

277 1185 536 1258 religione
564 1186 787 1257 mentiri.

357 1279 783 1336 Christianorum
824 1291 1003 1336 autem
1043 1280 1350 1352 pectoribus
1389 1290 1498 1336 tam
1525 1280 1632 1338 alte
1663 1281 1879 1338 insitum

280 1382 404 1430 erat
432 1370 562 1427 illud
594 1371 1003 1438 documentum,
1044 1381 1104 1428 ut
1146 1356 1581 1445 exquisitissimis
1620 1357 1884 1447 quibusli-

282 1464 379 1527 bet
406 1466 683 1538 suppliciis
711 1467 945 1537 torqueri
968 1476 1022 1523 et
1052 1469 1230 1523 necari
1254 1467 1496 1535 mallent,
1527 1483 1685 1539 quam
1717 1468 1885 1525 inter-

282 1558 458 1630 rogati
491 1558 558 1614 de
586 1572 679 1613 sua
722 1558 1005 1631 religione,
1031 1558 1253 1630 aliquid,
1279 1559 1388 1615 imo
1426 1576 1580 1616 suum
1621 1560 1887 1618 duntaxat

287 1649 645 1706 christiamnn
705 1664 938 1717 nomen,
989 1659 1082 1705 aut
1134 1665 1333 1722 negare
1377 1661 1470 1707 aut
1523 1638 1880 1708 dissimulare.

282 1744 547 1820 Quocirca
574 1744 813 1800 Justinus
840 1752 1069 1825 martyr,
1092 1752 1151 1799 ut
1181 1744 1309 1799 alibi
1346 1743 1611 1813 diximus,
1634 1744 1887 1801 similiter

1983 522 2476 608 Mu'steus'Athenis,
2512 532 2802 608 Melampus
2830 536 2999 609 Argis,
3020 535 3346 609 Trophonius
3367 536 3581 594 Bazotite

1981 626 2353 683 initiationibus
2395 629 2645 699 falsorum
2678 630 2900 685 deorum
2960 632 3186 687 homines
3231 632 3580 704 obligaverunt

1985 718 2188 793 (ibid),
2207 725 2306 777 hoc
2325 732 2405 779 est
2424 707 2779 794 alligaverunt
2804 735 2858 780 ct
2885 724 3307 781 obstrinxerunt.
3326 725 3435 781 Nos
3454 740 3582 782 vero

1984 813 2115 869 alibi
2158 812 2493 870 ostendimus
2530 814 2598 870 ab
2628 814 2848 886 Orpheo
2886 816 3187 893 introducta
3210 816 3373 874 fuisse
3402 816 3582 873 Liberi

1984 919 2137 961 sacra
2172 916 2227 962 et
2274 905 2433 972 festa,
2481 923 2600 978 qua:
2647 908 2846 965 idcirco
2894 910 3114 980 orphiea
3153 912 3413 982 appellata
3455 918 3585 966 sunt

1985 1000 2283 1072 (Dissertat.
2307 1003 2359 1057 in
2380 1000 2641 1068 Lactant.,
2672 1020 2789 1075 cap.
2821 1003 2913 1071 50,
2945 1014 3046 1059 art.
3074 1006 3150 1075 5).
3176 1006 3296 1060 Alio
3324 1014 3504 1061 autem
3528 1004 3583 1062 in

1986 1094 2108 1151 loco
2148 1096 2434 1152 cilavimus
2472 1097 2688 1153 Diodori
2735 1097 2903 1154 Siculi
2936 1099 3124 1165 verba,
3167 1099 3362 1175 quibus
3403 1106 3585 1155 narrat

1985 1188 2273 1247 Herculem
2292 1190 2507 1247 venisse
2530 1190 2790 1257 Athenas,
2818 1201 2875 1247 ut
2904 1192 3092 1247 matris
3120 1192 3389 1248 Eleusinae
3412 1192 3615 1263 initia-3

1985 1293 2137 1339 retur
2182 1284 2476 1357 mysteriis,
2504 1300 2736 1356 quorum
2785 1284 3013 1340 Musaeus
3056 1284 3258 1356 Orphei
3295 1285 3434 1341 filius
3470 1309 3587 1358 προ·-

1986 1384 2209 1441 ιστηκώς,
2240 1374 2525 1447 praefectus
2544 1384 2681 1445 erat,
2700 1377 2791 1449 qui
2815 1376 3038 1448 proinde
3064 1376 3296 1432 docebat
3317 1376 3586 1449 quomodo

1987 1466 2074 1536 lns
2116 1468 2368 1547 homines
2404 1469 2955 1545 obligarentur(tom.
3005 1470 3027 1526 ι
3068 1470 3346 1544 Apparat.,
3374 1470 3462 1526 lib.
3493 1470 3584 1543 lll,

1988 1554 2190 1641 dissert.
2219 1560 2278 1630 2,
2305 1578 2421 1643 cap.
2450 1561 2543 1629 35,
2567 1581 2620 1633 p.
2654 1562 2838 1633 1280).

2060 1655 2327 1713 Praeterea
2367 1656 2508 1712 idem
2548 1656 2809 1712 Diodorus
2852 1654 3084 1721 Siculus,
3126 1653 3585 1728 quemadmodum

1987 1745 2044 1804 in
2087 1758 2269 1805 nostra
2308 1748 2377 1805 de
2414 1747 2677 1805 Lactantii
2707 1748 2859 1804 libris
2889 1748 3271 1804 dissertatione
3304 1747 3589 1804 annotavi-

281 1836 570 1910 gentilibus
598 1836 807 1893 dicebat
832 1835 1323 1903 :Consider.ite,6n
1343 1844 1392 1893 at
1418 1844 1504 1895 τοῦ
1530 1838 1597 1909 ἐρ’
1624 1842 1737 1907 ἡμῖν
1765 1837 1888 1893 εἶναι
1917 1846 1965 1910 Β
1994 1858 2138 1911 mus,
2184 1843 2381 1899 litteris
2417 1841 2691 1898 mandavit
2730 1840 3119 1911 Melampodem
3148 1858 3216 1896 ex
3257 1840 3493 1913 Egypto
3528 1840 3583 1898 in

283 1936 526 2004 οἱρνιῖσθιι
574 1935 930 2000 ἓξιτιξομξνους
956 1973 972 1998 ,
1000 1935 1051 1986 οὗ
1079 1934 1348 2004 βουλόμεθα
1368 1937 1455 2003 ζῇν
1482 1937 1880 2005 ψευδοληοῦντες,

287 2024 440 2091 Quod
461 2026 514 2080 in
543 2037 716 2081 nostra
742 2034 992 2097 potestate
1010 2034 1103 2090 est,
1137 2036 1191 2079 ut
1231 2043 1344 2081 cum
1383 2027 1709 2097 inquirimur,
1736 2045 1886 2099 nege-

290 2135 404 2175 mus
426 2137 448 2188 ;
474 2118 565 2175 sed
594 2118 834 2174 nolumus
858 2120 1021 2174 vivere
1059 2118 1391 2199 mendaciter,
1418 2118 1468 2202 id
1498 2104 1884 2184 est,inolumus

283 2212 490 2279 vivere,
517 2212 829 2284 religionem
863 2221 1100 2267 nostram
1129 2198 1475 2289 mentientes,
1509 2222 1602 2268 aut
1625 2211 1884 2269 dissimu-

286 2303 460 2363 lantes
486 2303 728 2377 (Justin.,
759 2305 1053 2385 Apol_oget.,
1087 2305 1201 2361 [ad
1238 2306 1510 2383 Antonin.,
1551 2324 1605 2379 p.
1649 2306 1739 2372 57,
1774 2315 1813 2363 t.
1863 2306 1885 2362 l

289 2398 568 2470 Appia-aL,
603 2416 655 2469 p.
684 2397 832 2471 357).
863 2398 1094 2455 Tantum
1134 2407 1312 2454 autem
1342 2400 1609 2470 piaculum
1634 2415 1755 2456 esse
1781 2414 1889 2480 pu-_

287 2493 495 2560 labant,
518 2490 731 2563 quando
752 2492 820 2547 de
857 2493 1116 2562 religione
1154 2508 1249 2547 sua
1278 2491 1769 2562 interrogabantur,
1795 2492 1883 2547 di-

288 2585 391 2640 ctis
414 2583 743 2654 reSpondere
771 2584 1070 2655 ambiguis;
1104 2568 1181 2652 ut,
1212 2585 1337 2663 ipso.
1364 2584 1887 2642 adhueTertulliano

296 2686 458 2739 teste,
490 2676 580 2747 qui
623 2676 936 2749 martyrium
983 2678 1153 2749 magis
1197 2677 1479 2746 timebant,
1526 2678 1581 2733 hi
1626 2678 1729 2749 ipsi
1776 2688 1888 2735 tor-

299 2767 457 2840 queri
502 2768 793 2840 necarique
836 2769 1141 2836 maluerint,
1186 2754 1344 2841 quam
1389 2759 1497 2826 tres
1536 2771 1888 2828 sanctissima:

295 2858 582 2917 Trinitatis
606 2878 862 2930 personas
886 2861 1216 2928 confitendo,
1252 2846 1431 2934 plures
1460 2862 1640 2920 dicere
1661 2863 1813 2922 deos.

364 2955 472 3011 Cur
501 2963 678 3010 autem
704 2954 863 3011 omne
890 2954 957 3011 de
977 2956 1231 3027 religione
1253 2955 1610 3020 mendacium,
1630 2966 1722 3013 aut
1742 2940 1891 3029 quae?

290 3046 422 3104 libet
467 3047 844 3113 dissimulatio,
879 3049 1090 3119 penitus
1120 3048 1425 3112 damnetur,
1456 3048 1501 3103 si
1540 3064 1771 3120 qnzeras,
1802 3065 1890 3106 re-

292 3141 581 3214 Spondebit
611 3141 993 3207 'l‘ertullianus,
1021 3158 1078 3196 eo
1100 3141 1237 3213 quod
1257 3142 1345 3214 qui
1360 3131 1515 3196 aliud
1545 3159 1576 3196 a
1598 3158 1651 3196 se
1676 3142 1774 3197 coli
1802 3142 1886 3195 tli-

1987 1933 2250 1993 Crmciam
2279 1934 2619 1990 transtulisse
2640 1934 2842 1992 sancita
2866 1934 3075 1990 Baccho
3100 1936 3245 2005 orgia
3278 1933 3572 2006 (Dissertat.

1986 2044 2127 2083 mox.
2154 2028 2269 2096 cit.,
2301 2025 2547 2093 Diodor.,
2589 2026 2675 2081 lib.
2708 2025 2748 2091 l,
2771 2026 3029 2091 biblioth.,
3060 2044 3112 2097 ρ.
3146 2025 3258 2097 61).
3288 2026 3575 2097 Subjunxit

1988 2119 2150 2176 etiam
2178 2115 2475 2174 fabulosam
2504 2118 2570 2175 de
2594 2116 2849 2184 Saturno,
2873 2133 2939 2174 ac
2957 2118 3255 2185 Titanibus,
3276 2128 3436 2189 atque
3457 2117 3588 2174 deo-

1987 2224 2106 2267 rum
2133 2208 2507 2266 affectionibus
2537 2194 3065 2282 narrationem,qtne
3097 2210 3307 2266 tametsi
3339 2209 3591 2266 omnibus

1988 2317 2096 2360 non
2125 2301 2402 2373 probetur,
2429 2317 2535 2359 non
2569 2318 2758 2374 parum
2789 2314 2966 2359 tamen
2991 2301 3246 2361 conducit
3271 2303 3337 2359 ad
3371 2303 3588 2360 Tertul-

1988 2372 2313 2451 lianinostri
2342 2372 2698 2466 propositum.
2796 2398 2797 2401 “
2890 2418 2893 2421 λ
3668 2372 3686 2391 ⁸

2003 2508 2007 2514 ~
2061 2485 2404 2558 Trophonius
2435 2504 2598 2561 porro
2620 2486 2936 2559 Ergini,aut
2960 2487 3139 2560 potius
3157 2486 3421 2560 Apollinis
3449 2487 3588 2544 illius
3634 2502 3655 2525 σ

1990 2584 2112 2637 esse
2139 2579 2434 2648 ferebatur,
2455 2581 2613 2651 cujus
2639 2581 2939 2646 oraculum,
2972 2580 3111 2637 sicut
3148 2580 3272 2636 alibi
3296 2580 3588 2636 Tertullia-

1990 2689 2091 2730 nus
2120 2674 2214 2743 ait,
2247 2673 2300 2729 in
2341 2673 2543 2731 Dteotia
2574 2674 2823 2731 exstabat
2867 2672 3234 2747 (,Tertullianq
3280 2674 3381 2729 loc.
3409 2676 3501 2731 cit.
3543 2683 3594 2729 et

1990 2767 2082 2825 lib.
2137 2770 2201 2824 de
2242 2768 2441 2836 Anim,
2473 2786 2518 2824 c.
2552 2768 2696 2841 «16).
2745 2770 2815 2825 At
2863 2768 3015 2839 plura
3070 2768 3139 2824 de
3179 2784 3266 2839 eo,
3319 2779 3372 2825 et
3424 2769 3592 2826 aedili-

1991 2863 2127 2918 catis
2175 2863 2244 2919 ab
2288 2863 2478 2920 eodem
2519 2863 2830 2935 Trophonio
2867 2863 3123 2935 deorum,
3166 2878 3230 2919 ac
3274 2864 3590 2921 nominatim

1991 2957 2259 3029 Apollinis
2317 2958 2583 3029 Delphici,
2637 2958 2851 3029 templis
2916 2959 3194 3014 memoria:
3244 2958 3596 3029 prodiderunt

1993 3050 2309 3119 Pausanias,
2349 3052 2639 3121 Lucianus,
2661 3052 2874 3121 Cicero,
2902 3053 3278 3121 Philostratus,
3306 3053 3588 3123 Erasmus,

1993 3140 2050 3200 et
2083 3145 2173 3200 alii
2203 3161 2231 3199 a
2273 3145 2428 3201 nobis
2466 3145 2520 3201 in
2552 3145 2818 3216 superiori
2850 3144 2917 3200 de
2955 3144 3177 3203 Arnobii
3210 3146 3363 3202 libris
3390 3146 3593 3204 disser-

292 3238 383 3304 cit,
403 3224 553 3308 quam
590 3237 732 3303 colit,
764 3245 912 3309 negat
938 3236 1073 3308 quod
1098 3238 1320 3313 colit,‘et
1347 3236 1600 3291 culturam
1639 3246 1684 3290 et
1722 3236 1886 3292 Itonoa
1916 3247 1962 3311 (ζ
1996 3239 2197 3295 talione
2224 3240 2371 3295 citati
2401 3232 2685 3313 (Pansam,
2724 3238 2814 3293 lib.
2858 3238 2892 3293 9
2918 3224 3003 3293 Vde
3018 3236 3209 3302 Bamb,
3235 3256 3289 3308 ν.
3321 3239 3420 3294 511
3444 3257 3464 3307 ;
3487 3237 3595 3294 Lu-

293 3346 401 3385 rent
426 3330 478 3384 in
500 3330 717 3385 alterum
739 3329 1000 3399 transfert,
1026 3338 1072 3384 et
1094 3316 1445 3400 transferendo
1467 3329 1580 3399 jam
1610 3345 1711 3383 non
1747 3329 1889 3398 colit,

301 3422 437 3494 quod
459 3423 655 3493 negavit
684 3420 1039 3493 (Tertulliun.,
1063 3422 1417 3493 Apologet.,c.
1441 3420 1536 3483 21,
1565 3438 1612 3473 c.
1645 3420 1799 3492 403).
1826 3422 1895 3474 At

301 3512 534 3585 Rigaltio
574 3502 772 3585 placuit
802 3514 917 3569 haec
946 3512 1127 3570 delere
1156 3514 1341 3579 Verba,
1371 3522 1417 3568 et
1448 3513 1714 3567 honorem.
1761 3512 1893 3581 Quis

295 3617 472 3662 autem
495 3624 556 3662 ea
583 3606 655 3662 ibi
682 3622 787 3663 non
818 3606 1025 3662 inutilia
1062 3621 1184 3663 esse
1212 3605 1571 3661 dillitebitur?
1599 3604 1717 3663 Non
1746 3607 1892 3661 enim

296 3700 506 3756 cultura
535 3710 589 3756 et
610 3700 783 3756 honor
804 3700 1027 3756 omnino
1053 3716 1351 3773 synonyma
1380 3710 1539 3763 sunt;
1568 3712 1622 3756 et
1648 3700 1894 3771 quamvis

297 3804 499 3860 essent,
528 3807 688 3847 nemo
720 3804 896 3847 tamen
936 3793 1153 3863 negabit
1179 3780 1566 3847 Tertulliauum
1597 3792 1660 3846 iis
1692 3791 1764 3846 uti
1799 3808 1896 3863 po-

309 3889 496 3947 tuisse.
528 3886 632 3943 Sed
678 3886 796 3943 hare
832 3886 1063 3953 minimi,
1103 3886 1207 3942 nisi
1248 3887 1313 3941 ad
1354 3886 1640 3943 notandam
1683 3885 1895 3958 ltigaltii

298 3980 598 4049 audaciam,
640 3989 767 4035 sunt
810 3980 1093 4035 momenti.
1142 3985 1212 4035 At
1247 3990 1394 4049 certe
1425 3981 1580 4052 longe
1627 3979 1891 4052 gravioris

300 4073 557 4144 ponderis
598 4081 682 4129 est
718 4071 834 4129 haec
864 4073 1112 4127 Auctoris
1138 4072 1311 4128 nostri
1335 4066 1694 4127 'ratiocinatio
1736 4089 1749 4126 :
1805 4070 1896 4143 qui

299 4167 425 4226 dicit
455 4165 641 4222 Jovem
672 4166 817 4221 verbi
845 4165 1014 4237 gratia
1037 4183 1065 4219 a
1098 4180 1158 4221 se
1188 4165 1311 4227 coli,
1343 4175 1398 4220 et
1429 4166 1593 4219 aliutn
1626 4165 1791 4221 Deum
1812 4178 1899 4218 co-

300 4260 383 4327 lit,
421 4261 466 4316 is
493 4258 677 4316 Jovem
705 4258 863 4316 deum
896 4274 1016 4315 esse
1047 4273 1223 4330 negat,
1243 4267 1298 4314 et
1329 4257 1571 4329 ejusdem
1599 4257 1748 4313 lovis
1776 4256 1896 4312 eul-

302 4363 413 4409 tum
446 4361 502 4408 et
546 4352 801 4407 honorem
840 4354 892 4407 in
928 4354 1093 4409 alium
1138 4351 1417 4419 transfert,
1442 4368 1506 4408 ac
1552 4352 1630 4407 sic
1669 4348 1900 4407 transfeo

302 4445 498 4512 reudo,
526 4461 633 4500 non
659 4446 856 4515 ipsum,
883 4447 1041 4501 sicuti
1067 4446 1303 4515 dicebat,
1326 4446 1516 4503 Jovem
1540 4447 1689 4515 colit,
1713 4448 1897 4503 illum-

304 4556 411 4612 que
432 4539 595 4595 deum
624 4553 745 4595 esse
775 4549 953 4609 negat.

1994 3323 2158 3396 ciam,
2182 3318 2335 3386 'Dial.
2363 3329 2586 3402 Menip.,
2610 3341 2732 3391 etc.,
2760 3349 2817 3403 p.
2837 3331 2941 3386 116
2967 3339 3012 3384 et
3038 3347 3142 3400 seq.
3165 3347 3185 3398 ,°
3211 3329 3402 3398 Cicer.,
3425 3332 3515 3387 lib.
3536 3332 3592 3400 1,

1995 3422 2235 3492 Tuscul.,
2266 3441 2319 3494 ρ.
2358 3423 2496 3489 154ς
2534 3421 2807 3482 Philostr.,
2841 3421 2929 3476 lib.
2955 3421 3152 3477 Vlllde
3189 3420 3291 3478 Vit.
3320 3423 3590 3492 Apollon.,

1997 3533 2051 3588 p.
2075 3515 2183 3572 420
2213 3526 2258 3570 et
2285 3532 2371 3586 seq
2412 3532 2431 3581 ;
2463 3513 2696 3583 Erasm.,
2720 3516 2889 3587 Adag.
2922 3515 3046 3571 chil.
3088 3516 3137 3581 1,
3161 3515 3320 3586 adag.
3352 3516 3420 3570 77
3438 3504 3459 3581 ;⁷
3477 3514 3600 3571 Dis-

1994 3618 2171 3664 sertat.
2193 3609 2247 3663 in
2270 3598 2486 3671 Arnob.,
2508 3624 2626 3678 cap.
2656 3606 2751 3675 ‘24,
2770 3619 2869 3662 art.
2889 3606 2947 3695 2;
2973 3606 3240 3677 Dissertat.
3264 3608 3318 3661 in
3335 3606 3595 3676 Lactant.,

1996 3718 2115 3773 cap.
2144 3700 2237 3767 50,
2260 3710 2360 3756 art.
2386 3700 2469 3771 4).
2491 3699 2624 3767 Quis
2653 3710 2831 3756 autem
2862 3717 2965 3755 non
2984 3699 3128 3755 videt
3148 3715 3333 3756 eorum
3359 3701 3598 3757 tesumo-

1997 3795 2089 3871 ru'o
2116 3794 2246 3851 satis
2276 3809 2542 3865 superque
2570 3792 2783 3866 probari
2824 3794 2893 3849 ab
2926 3793 3039 3859 illo,
3068 3803 3123 3849 et
3164 3793 3284 3848 aliis
3313 3808 3343 3848 a
3383 3793 3599 3863 Tertul-

2000 3886 2149 3943 liano
2185 3888 2527 3951 memoratis,
2572 3885 2818 3942 homines
2863 3885 3253 3941 initiationibus
3280 3885 3503 3942 deorum
3531 3886 3600 3943 ab

1999 3982 2120 4038 aliis
2158 3980 2467 4036 hominibus
2503 3979 2669 4036 fuisse
2707 3980 2977 4051 illigatos?
3013 3980 3238 4036 Demum
3272 3980 3367 4036 ille
3405 3979 3602 4051 adjecit

1999 4074 2225 4134 Numam
2260 4075 2581 4147 Pompilium
2611 4076 3008 4146 operosissimis
3039 4074 3313 4132 Romanos
3344 4090 3600 4131 onerasse
3700 4056 3713 4069 ί

2001 4169 2443 4249 institutionibus.
2490 4168 2663 4238 Quam
2710 4177 2889 4224 autem
2936 4166 2989 4223 id
3037 4183 3221 4224 verum
3261 4167 3353 4236 sit,
3385 4183 3415 4223 a
3447 4166 3601 4223 nobis

2001 4263 2431 4321 demonstratum
2462 4271 2567 4317 est.

2012 4424 2017 4431 ‘
2075 4357 2247 4414 Recte
2268 4372 2397 4428 ergo
2426 4373 2491 4411 ex
2525 4355 2606 4409 his
2642 4352 2923 4410 concludit
2948 4342 3311 4410 Tertullianus
3341 4368 3448 4410 non
3493 4353 3599 4409 mi-

2003 4466 2105 4507 nus
2145 4449 2385 4512 Christo,
2416 4446 2628 4503 etiamsi
2670 4446 2834 4503 homo
2862 4456 3068 4501 tantum
3109 4456 3275 4512 esset,
3305 4462 3466 4518 quam
3511 4445 3599 4500 his

2003 4540 2221 4597 licuisse
2248 4540 2479 4611 aliquam
2525 4538 2876 4596 commentari
2923 4539 3258 4602 divinitatem,
3300 4554 3458 4609 quam
3500 4536 3599 4593 ho-

374 4631 713 4703 Quapropter
738 4644 835 4685 nos
857 4630 1172 4693 Christiani,
1197 4630 1371 4703 inquit
1391 4631 1498 4695 ille,
1528 4631 1728 4703 rejecta
1756 4630 1900 4687 omni
1926 4651 1979 4712 ι)
2008 4636 2185 4692 mines
2214 4634 2390 4690 colere
2416 4632 2654 4689 doceret.
2693 4633 2761 4687 At
2785 4631 3034 4688 Christus
3074 4647 3180 4687 non
3218 4631 3391 4687 solum
3430 4629 3592 4684 homo

304 4741 529 4801 prorsus
557 4722 1008 4789 dissimulatione,
1041 4720 1248 4790 fraude,
1297 4726 1363 4779 et‘
1395 4723 1761 4807 ambiguitate,
1803 4740 1901 4794 pa-

308 4820 413 4876 lam
438 4818 676 4881 dicimus,
698 4818 753 4871 ‘et
780 4815 917 4870 vsbis
957 4815 1169 4871 ethnicis
1209 4816 1580 4888 torquentibus,
1618 4817 1827 4871 lacerati
1855 4824 1904 4871 ct

201 4927 208 4934 '
306 4915 501 4970 cruenti
527 4914 867 4983 vociferamur
883 4926 902 4965 :
921 4909 1082 4965 Deum
1099 4911 1312 4966 colimus
1333 4928 1424 4983 per
1440 4911 1695 4966 Christum
1723 4909 1896 4979 \ibid.,

310 5022 361 5063 c.
380 5008 487 5064 405
500 5017 545 5060 et
562 5007 718 5077 seq.),
747 5020 845 5077 per
866 5020 1048 5075 quem,
1072 5019 1165 5061 seu
1192 5022 1301 5077 quo
1326 5005 1577 5072 docente,
1601 5020 1698 5060 nos
1712 5004 1903 5060 didici-

310 5112 430 5153 mus
456 5099 576 5168 quis
606 5097 854 5172 vertissit
884 5097 1044 5164 Deus,
1075 5113 1234 5166 quem
1262 5114 1453 5153 omnes
1478 5098 1658 5154 colere
1678 5097 1899 5155 debent.

311 5192 384 5248 At
415 5192 597 5259 homo,
628 5192 922 5262 arguebant
955 5192 1179 5259 ethnici,
1211 5190 1309 5247 fuit
1335 5192 1605 5248 Christus.
1638 5191 1792 5250 Esto.
1819 5198 1906 5249 re-

313 5282 548 5356 spondet
598 5282 995 5351 Tertullianus;
1026 5300 1134 5341 non
1176 5284 1377 5342 ideirco
1410 5296 1586 5342 tamen
1616 5268 1907 5341 Christiani

313 5393 438 5434 eum
466 5377 706 5433 colentes
736 5379 972 5448 torqueri
1000 5389 1051 5433 et
1071 5378 1242 5433 occidi
1269 5378 1336 5434 ab
1367 5378 1598 5433 etlmieis
1614 5377 1906 5446 debebant,

311 5472 413 5527 nisi
460 5470 512 5526 lii
539 5470 776 5537 Judaeos,
810 5470 1051 5538 Gnaeos,
1094 5486 1159 5527 ac
1198 5472 1471 5528 Romanos
1510 5473 1673 5546 etiam
1713 5472 1908 5529 eodem

311 5565 473 5623 modo
497 5565 941 5621 condemnarent.
983 5564 1116 5620 Nam
1159 5565 1351 5632 Judaei,
1398 5568 1588 5638 inquit,
1628 5566 1786 5622 Deum
1819 5582 1907 5638 per

314 5657 569 5713 hominem
615 5657 833 5730 Moysen
868 5658 1035 5713 colere
1070 5657 1356 5713 didicerunt
1384 5658 1557 5733 (ibid,
1606 5678 1660 5732 p.
1699 5660 1817 5733 25).
1847 5659 1906 5718 lu

309 5751 425 5809 suis
450 5752 647 5823 quippe
672 5750 825 5807 libris
855 5749 1065 5821 Moyses
1092 5749 1399 5823 docuitqua
1428 5753 1658 5824 ratione,
1688 5754 1908 5827 quibus.

308 5860 414 5920 que
442 5845 653 5922 ritibus_
664 5843 805 5905 Deus
829 5844 898 5903 ab
918 5844 1024 5905 illis
1053 5845 1159 5904 coli
1179 5845 1429 5907 debebat.

2006 4728 2125 4801 fuit,
2151 4725 2268 4781 .sed
2314 4740 2491 4780 veram
2523 4739 2644 4781 cum
2676 4739 2774 4779 suo
2816 4714 3020 4780 mterno
3068 4723 3226 4779 Patre
3267 4720 3600 4777 divinitatem

2008 4819 2188 4883 habet,
2237 4835 2364 4882 rem,
2408 4817 2483 4872 uti
2529 4818 2729 4871 Auctor
2770 4826 2953 4872 noster
2992 4817 3086 4880 ait,
3134 4814 3435 4886 propriam;
3477 4813 3604 4883 quia

2006 4912 2132 4984 ipsi,
2157 4910 2293 4967 sicut
2316 4910 2457 4966 Patri
2486 4925 2606 4976 suo,
2629 4907 2845 4980 propria
2861 4916 2945 4963 est
2972 4904 3332 4975 (Tertullian.,
3358 4905 3602 4977 Apolog.,

2005 5022 2056 5061 c.
2083 5003 2176 5069 2|,
2208 5022 2255 5061 c.
2285 5002 2435 5076 404).
2468 5002 2584 5058 Non
2612 5003 2753 5057 enim
2792 5000 2904 5062 ille,
2932 4996 3388 5071 quemadmodum
3433 4997 3606 5054 Numa

2010 5095 2320 5166 Pompilius,
2341 5095 2560 5163 rupices,
2588 5094 2637 5148 id
2668 5105 2773 5161 est,
2796 5091 3103 5164 sylvicolzts,
3134 5090 3296 5155 feros,
3330 5101 3385 5147 et
3416 5084 3607 5146 barba-

2012 5206 2127 5252 ros,
2160 5200 2217 5246 ut
2242 5190 2369 5245 alibi
2400 5188 2512 5260 ipse
2533 5187 2899 5244 Tertullianus
2924 5185 3155 5258 explicat
3187 5183 3387 5259 (idem,
3410 5186 3503 5253 lib,
3540 5185 3607 5241 de

2016 5283 2213 5346 Pallio,
2238 5302 2354 5356 cap.
2387 5284 2440 5350 ι,
2470 5292 2517 5338 et
2543 5282 2607 5337 de
2637 5282 2830 5347 Anim.,
2864 5297 2984 5348 cap.
3006 5274 3101 5352 ⁷6),
3129 5279 3379 5336 homines
3407 5280 3607 5351 injecto

2012 5376 2268 5433 falsorum
2302 5376 2525 5431 deorum
2559 5384 2789 5441 terrore,
2822 5372 2889 5429 ad
2924 5360 3307 5430 humanitatem
3342 5383 3609 5444 tempera-

2012 5474 2111 5538 vit,
2134 5470 2230 5529 sed
2257 5471 2456 5542 politos
2478 5479 2530 5525 et
2549 5468 2783 5524 urbanos
2809 5467 2862 5522 in
2889 5467 3217 5540 agnitionem
3241 5468 3355 5525 veri
3376 5464 3467 5523 Dei
3488 5484 3611 5523 ocu-

2013 5567 2159 5634 lavit,
2188 5565 2292 5621 hoc
2319 5573 2421 5630 est,
2451 5563 2557 5618 illis
2580 5560 2730 5619 dedit
2748 5561 2861 5617 veri
2894 5561 2988 5618 Dei
3020 5561 3254 5625 vivendi.
3282 5578 3378 5618 seu
3405 5577 3609 5635 cogno-

2011 5660 2197 5719 scendi
2230 5658 2558 5716 facultatem.
2590 5655 2797 5713 Eodem
2824 5642 2971 5713 enim
2999 5671 3161 5713 sensu
3178 5656 3303 5713 alibi
3324 5656 3396 5713 de
3423 5655 3608 5713 hirun-

2010 5755 2140 5813 dine
2164 5750 2550 5809 dixitzPullos
2593 5753 2730 5809 novit
2776 5744 2983 5807 oculare
3023 5767 3203 5809 rursus
3249 5751 3315 5808 de
3351 5768 3446 5806 sua
3492 5750 3611 5807 che-

2013 5845 2439 5921 lidonia(idcm,
2486 5846 2575 5923 lib,
2627 5848 2692 5907 de
2736 5845 2949 5919 Posuit,
3002 5845 3216 5922 ο.12>.
3247 5843 3610 5916 Quamobrem
