4092 6352
510 334 620 411 tisi

1592 351 1659 411 ΙΝ
1698 347 2165 414 τεητυιιῐΑΝι
2200 350 2471 415 Αροιοε
2479 348 2734 417 ETICUM

3710 347 3831 418 868

511 469 834 544 Cyprianus.
863 483 985 527 eum
1008 483 1159 526 more
1184 481 1284 524 suo
1307 466 1564 538 Imitatus,
1590 468 1815 539 Christi,
1834 468 2107 540 sleutiile,
2134 470 2187 534 Α
2212 479 2397 538 testes,
2424 473 2564 530 sicut
2597 471 2774 530 adhuc
2799 466 3161 530 Tertullianus
3184 475 3426 547 annotat,
3455 476 3577 532 esse
3628 489 3829 548 magos

511 556 800 635 discipulos
827 560 946 618 ideo
972 572 1068 633 per
1088 561 1273 618 orbem
1295 560 1569 633 dispersos
1586 576 1706 619 esse
1722 563 1901 629 docet,
1932 572 1986 618 ut
2012 577 2114 619 cae-

513 672 598 714 cos
625 666 671 711 et
695 654 900 727 ignaros
926 654 995 709 ad
1021 656 1340 727 agnitionem
1363 657 1585 713 veritatis
1606 658 1874 712 ocularent
1896 658 2111 730 (Cypr.,

516 748 579 803 de
607 747 806 803 Idolor.
834 747 991 802 canit.
1021 748 1063 819 ).
1093 748 1229 816 Quin
1258 748 1420 806 etiam
1466 748 1683 806 Pontius
1722 749 1974 823 Cypriani
2002 748 2118 807 dia-

510 853 678 895 cttnus
718 841 767 894 in
805 838 923 912 ejus
952 841 1081 907 vita,
1114 854 1176 896 ac
1206 840 1275 897 de
1316 833 1407 897 illo
1445 838 1663 914 scripsit
1702 860 1716 899 :
1764 841 2013 899 Nondum
2039 860 2118 899 se-

510 932 679 988 cunda
720 932 959 988 nativitas
1003 946 1189 988 novum
1218 934 1473 990 hominem
1512 933 1782 1005 splendore
1804 926 1906 992 toto
1934 938 2119 992 divinis

510 1024 638 1080 lucis
666 1024 957 1082 oculaverat
977 1024 1220 1100 (Pontius
1239 1028 1289 1082 in
1314 1028 1398 1083 vit.
1430 1028 1704 1099 Cgprian.,
1724 1044 1772 1085 υ.
1791 1030 1954 1101 init.).
1986 1030 2117 1098 Quis

518 1134 680 1191 porro
710 1136 776 1177 ex
804 1119 911 1187 itis,
939 1136 1059 1193 qua:
1087 1120 1345 1178 hactenus
1375 1122 1641 1193 disputata
1670 1132 1814 1187 sunt,
1850 1136 1955 1179 non
1990 1138 2117 1195 pcr-

512 1212 642 1283 cipit
668 1228 827 1285 quam
860 1215 1056 1270 merito
1097 1214 1218 1286 jure
1263 1212 1632 1271 Tertullianus
1676 1215 2114 1287 coniiciatChrio

509 1306 714 1361 stisnos
740 1304 808 1360 ab
840 1304 1087 1363 Ethnicis
1116 1318 1169 1362 et
1189 1305 1390 1364 Jndtris
1413 1304 1748 1379 iniquissime
1786 1308 2035 1374 cruciari,
2062 1317 2116 1366 et

510 1394 762 1462 interﬁci,
791 1397 912 1467 quia
943 1411 1067 1453 cum
1100 1410 1285 1455 verum
1320 1398 1484 1454 Deum
1514 1414 1612 1471 per
1642 1399 1919 1455 Christum
1942 1414 2113 1472 agno-

510 1491 735 1557 vissent,
776 1489 1000 1562 ejusque
1052 1490 1280 1561 professi
1318 1489 1549 1547 fuissent
1589 1491 1926 1563 religionem,
1972 1506 2112 1549 ncu-

513 1591 656 1637 trum
686 1598 902 1655 negare,
932 1583 1040 1640 imo
1065 1601 1131 1641 ne
1151 1584 1496 1642 dissimulare
1521 1584 1732 1657 quidem
1756 1586 2043 1643 volebant?

1132 1720 1363 1777 CAPUT
1403 1721 1472 1778 Χ.
1515 1718 1521 1727 ’

882 1924 889 1929 _
932 1858 1015 1915 De
1028 1859 1235 1932 Angelis
1252 1868 1300 1915 et
1322 1856 1671 1916 Dtemonibus.

1042 1991 1334 2031 ARTiCULUS
1373 1991 1582 2032 PRIMUS.

510 2074 819 2161 Angelor’um
853 2100 899 2145 et
919 2089 1209 2146 dtemonum
1232 2106 1412 2145 nomen
1438 2090 1693 2162 cognitum
1714 2090 1871 2162 fuisse
1893 2088 2104 2161 gentili-

583 2184 674 2239 bus
704 2183 887 2253 poetis,
917 2183 1262 2255 philosophis,
1290 2199 1351 2238 ac
1376 2183 1675 2237 nominatim
1711 2181 1935 2250 Socrati,
1974 2181 2102 2236 Pla-

593 2278 719 2345 toni,
749 2294 837 2332 nec
865 2294 967 2333 non
1006 2278 1167 2350 magis
1196 2288 1245 2332 et
1282 2277 1429 2349 vulgo
1455 2277 1778 2332 indoctorum
1816 2278 2102 2345 hominum,

587 2372 674 2441 qui
702 2387 881 2425 nomen
908 2370 1151 2426 (laritanis
1168 2372 1220 2426 in
1249 2387 1396 2425 usum
1423 2371 1679 2427 maledicti
1697 2372 2104 2443 frequentabant;

578 2480 670 2518 cur
712 2464 843 2519 illud
885 2480 1070 2519 nomen
1111 2464 1240 2519 adeo
1285 2463 1624 2531 detestabile;
1686 2481 1857 2519 omnes
1894 2465 2104 2537 angelos

575 2567 772 2612 creatos
799 2573 907 2612 esse
930 2572 963 2610 a
990 2556 1096 2611 Deo
1127 2557 1392 2628 perfectos,
1409 2574 1598 2629 pravos
1618 2566 1786 2612 autem
1812 2569 1990 2629 sponte
2010 2574 2104 2614 sua

576 2659 874 2719 corruptos;
900 2648 963 2701 de
990 2664 1163 2703 eorum
1188 2665 1302 2703 cum
1327 2647 1438 2703 Deo
1465 2649 1703 2715 divortio,
1734 2666 1795 2703 ac
1837 2651 2102 2705 matrimo-

576 2740 661 2795 nio
691 2757 805 2793 cum
846 2738 1051 2810 ﬁliabus
1094 2739 1377 2809 hominum,
1411 2742 1547 2797 unde
1592 2743 1885 2813 corruptior
1910 2744 2104 2799 datmoo

577 2852 697 2890 num
722 2850 845 2908 gens
874 2844 986 2890 orta
1015 2834 1226 2889 dicitur.

576 2992 793 3049 Transit
814 2991 1171 3049 Tcrtullianus
1197 2993 1263 3050 ad
1285 2994 1431 3051 aliud
1460 2995 1779 3052 Christianae
1809 2995 2102 3068 Religionis

509 3086 574 3142 de
609 3086 825 3157 Angelis
854 3095 907 3142 ct
936 3086 1276 3144 Dteutonibus
1322 3088 1707 3144 docttmcntum
1738 3088 2099 3160 (Tertullian.,

504 3178 801 3251 Apologet.,
832 3196 878 3235 c.
925 3178 1014 3245 22,
1046 3195 1095 3236 c.
1120 3178 1271 3255 40.1).
1304 3180 1383 3236 Eo
1414 3190 1591 3236 autem
1629 3183 1933 3238 accuratius
1966 3182 2100 3237 illud

2219 562 2573 641 (Tertullian.,
2606 567 2902 641 Apologet.,
2930 585 2977 623 c.
3011 564 3105 638 22,
3137 585 3186 623 c.
3219 568 3373 639 ωδ).

2290 658 2461 714 Aliam
2488 669 2747 731 praeterea
2778 659 2868 716 ille
2914 660 3150 733 suggerit
3175 660 3437 718 rationem
3469 678 3566 719 cur
3596 658 3824 719 Daemo-

2221 760 2316 810 hes
2359 770 2463 809 non
2522 753 2695 810 solum
2741 750 2865 821 his,
2911 754 3007 811 sed
3034 753 3365 827 quibuslibet
3392 756 3553 812 etiam
3583 755 3823 815 ethnicis

2221 846 2525 903 hominibus
2556 848 2721 921 agniti
2759 842 2961 904 iuerint
2989 866 3002 902 :
3033 845 3157 904 Jam
3189 846 3374 922 uulgus
3409 850 3673 906 indoctum
3694 893 3708 917 ,
3736 846 3827 905 iri-

2219 939 2368 1011 qttit,
2401 940 2455 994 in
2500 957 2650 995 nsunt
2694 934 2952 996 maledicti
2989 939 3275 1012 frequentat
3303 937 3490 1013 (Ibid).
3532 938 3612 997 lta
3636 941 3825 1014 Rigal-

2228 1032 2369 1097 lius;
2401 1031 2493 1088 sed
2526 1031 2633 1088 duo
2665 1032 2833 1089 nostri
2863 1033 3213 1104 manuscripti
3245 1033 3457 1090 codices
3488 1034 3827 1091 recentiores

2218 1124 2273 1179 in
2299 1140 2420 1192 usu,
2453 1124 2783 1196 antiquiores
2810 1126 2860 1180 in
2887 1142 2984 1180 usu
3010 1122 3294 1181 maledictis
3313 1168 3328 1194 ,
3353 1126 3675 1183 vetustiores
3705 1127 3830 1184 edi-

2221 1216 2395 1272 tiones
2429 1216 2483 1270 in
2513 1233 2661 1271 usum
2690 1218 2994 1272 maledictis.
3027 1216 3233 1274 Sensus
3261 1232 3391 1273 vero
3412 1217 3661 1274 Auctoris
3693 1230 3826 1275 nos-

2221 1307 2285 1362 tri
2312 1316 2394 1363 cst
2424 1324 2447 1362 ε.
2472 1306 2674 1379 Vulgus
2701 1307 3046 1365 ethnicorum
3088 1320 3210 1364 cum
3234 1307 3376 1365 male
3416 1309 3537 1364 aliis
3573 1306 3825 1381 diceret,

2217 1408 2271 1455 et
2289 1398 2695 1473 imprecaretur,
2729 1400 2952 1457 solitum
2980 1399 3147 1457 fuisse
3175 1414 3270 1456 eos
3294 1400 3575 1458 Daemones
3594 1414 3821 1475 vocare,

2218 1500 2308 1548 aut
2335 1506 2535 1550 nomen
2582 1494 2836 1551 invocare
2863 1494 3152 1550 Damonis.
3185 1492 3276 1550 Sic
3318 1494 3461 1550 enim
3494 1494 3582 1550 ille
3625 1508 3825 1566 prosc-

2176 1656 2181 1659 ῆ
2216 1580 2400 1656 quitur
2429 1603 2442 1640 :
2470 1583 2608 1640 Nam
2629 1594 2673 1640 et
2696 1584 2944 1641 Satanam
2964 1585 3244 1657 principem
3267 1584 3419 1657 hujus
3445 1586 3567 1641 mali
3585 1588 3783 1659 generis
3799 1630 3822 1656 ,

2218 1678 2433 1749 proinde
2461 1678 2525 1734 de
2558 1680 2771 1752 prapria
2800 1679 3109 1735 conscientia
3133 1678 3350 1745 animos,
3378 1679 3554 1734 eadem
3581 1694 3822 1735 exsecra-

2216 1770 2374 1824 menti
2418 1785 2535 1826 voce
2579 1772 2899 1843 pronuntiat.
2944 1770 3001 1826 in
3035 1770 3284 1843 antiquis
3332 1772 3716 1844 manuscriptis
3764 1779 3819 1827 et

2139 1868 2188 1936 Β
2220 1864 2384 1921 editis
2410 1865 2687 1922 codicibus
2716 1863 2911 1936 legitur
2937 1878 2999 1921 ea:
3024 1865 3360 1931 sacramenti,
3393 1863 3489 1921 sed
3527 1865 3640 1921 sola
3671 1858 3817 1920 haud

2208 1960 2379 2016 dubie
2421 1959 2762 2015 librariorum
2811 1960 3114 2016 oscitantia.
3147 1956 3507 2015 Tertullianus
3546 1952 3814 2029 siquidem

2208 2053 2313 2108 alio
2353 2053 2405 2107 in
2459 2052 2599 2108 libro
2649 2053 2781 2108 satis
2824 2060 3011 2124 aperte
3061 2059 3297 2107 mentem
3339 2048 3573 2122 explicat
3610 2060 3809 2104 suam:

2210 2144 2335 2200 Cum
2364 2142 2668 2212 Dosntonia,
2720 2146 2920 2218 inquit,
2977 2144 3287 2217 aﬂirmamus
3331 2158 3456 2212 esse,
3497 2156 3621 2199 sane
3667 2140 3815 2214 quasi

2208 2252 2309 2294 non
2338 2246 2384 2294 et
2410 2241 2680 2312 probemus
2700 2282 2715 2308 ,
2766 2239 2854 2310 qui
2894 2252 2955 2293 ea
2994 2238 3091 2294 soli
3118 2238 3183 2294 de
3205 2235 3501 2310 corporibus
3522 2235 3812 2307 exigimus,

2207 2331 2367 2402 aliqui
2394 2330 2671 2404 Chrysippi
2707 2341 2994 2387 assentator
3017 2331 3208 2385 illudit.
3243 2328 3312 2385 Et
3336 2345 3443 2385 esse
3466 2337 3514 2385 et
3547 2327 3817 2383 abomina-

2208 2426 2393 2480 tionem
2421 2427 2668 2480 sustinere
2692 2425 3053 2480 exsecrationis
3105 2433 3204 2479 tute
3245 2424 3573 2496 respondent.
3605 2419 3816 2478 Damo-

2208 2519 2348 2573 nium
2379 2534 2526 2573 vocas
2553 2518 2806 2573 hominem
2836 2527 2923 2572 aut
2951 2517 3296 2585 immunditia,
3328 2526 3417 2571 aut
3446 2512 3643 2571 malitia
3662 2558 3677 2580 ,
3718 2524 3814 2569 aut

2205 2610 2495 2679 insolentia,
2543 2620 2631 2665 aut
2659 2626 2976 2683 quacumque
3008 2608 3246 2676 macula,
3277 2622 3433 2682 quam
3477 2624 3570 2664 nos
3614 2609 3814 2664 daemo-

2207 2704 2305 2759 niis
2334 2707 2666 2777 deputamus,
2692 2710 2779 2760 aut
2806 2705 2874 2759 ad
2900 2705 3248 2760 necessitatem
3292 2703 3400 2757 odii
3428 2705 3807 2776 importunum.

2208 2796 2458 2854 Satanam
2486 2796 2699 2869 denique
2734 2797 2787 2851 in
2813 2798 2950 2851 omni
2970 2868 2977 2875 _
2994 2796 3329 2863 aversatione,
3352 2804 3400 2850 et
3426 2794 3807 2867 aspernatione,

2206 2903 2252 2948 et
2294 2893 2626 2947 detestatione
2656 2893 2994 2963 pronuntias,
3029 2906 3174 2963 quem
3204 2905 3296 2944 nos
3335 2888 3553 2943 dicimus
3592 2886 3809 2942 malitia

2206 2987 2473 3059 Angelum,
2506 2988 2660 3041 totius
2684 2984 3164 3054 erroris’artiﬁcem,
3196 2982 3348 3039 totius
3371 2981 3548 3038 siccati
3576 2982 3809 3054 interpo-

2205 3080 2414 3136 latorem
2443 3080 2461 3152 (
2467 3079 2629 3146 Idem,
2656 3078 2743 3134 lib.
2775 3080 2838 3133 de
2861 3077 3070 3134 Testim.
3101 3079 3283 3142 anim.,
3312 3095 3431 3149 cap.
3461 3074 3546 3148 '5.)

2278 3173 2391 3230 Mos
2420 3175 2579 3246 igitur
2607 3172 2950 3228 ethnicorum
2980 3181 3126 3238 erat,
3157 3179 3215 3227 ut
3244 3170 3364 3225 aliis
3392 3167 3796 3235 maledicendo,

502 3273 771 3345 explicare
800 3271 1094 3339 contendit,
1111 3280 1217 3344 quo
1242 3288 1553 3345 persuasum
1580 3276 1751 3353 magis
1776 3274 1979 3330 ethnici
2014 3276 2101 3331 ha-
2126 3276 2171 3341 C
2205 3279 2361 3341 atque
2378 3267 2743 3340 imprecattdo,
2763 3283 2857 3323 eos
2880 3276 3133 3322 vocarent
3156 3265 3458 3343 Daemones,
3481 3275 3572 3320 aut
3593 3264 3801 3321 Daemo-

502 3365 699 3421 bcbant
723 3365 996 3423 dicmoues
1027 3365 1125 3421 sub
1156 3366 1476 3435 imaginibus
1502 3374 1555 3423 et
1602 3368 1910 3424 nominibus
1956 3384 2097 3423 mor-

503 3468 704 3515 tuorum
720 3459 893 3533 (ibid,
913 3477 958 3514 c.
986 3456 1078 3527 25,
1108 3476 1153 3513 (τ.
1179 3459 1329 3531 404),
1364 3460 1415 3514 id
1441 3470 1543 3528 est,
1563 3459 1821 3519 falsorum
1849 3461 2098 3531 deorum,

501 3555 901 3622 delitescentes,
932 3555 1094 3611 edere
1132 3556 1303 3627 signa,
1334 3556 1589 3612 miracula
1617 3567 1674 3613 ct
1710 3556 1945 3624 oracula,
1975 3557 2096 3629 qui-

500 3648 602 3704 bus
630 3649 784 3718 [idem
808 3648 1084 3703 divinitatis
1110 3651 1450 3720 operabantur
1482 3649 1678 3723 (ibid.),
1716 3648 1817 3707 hoc
1846 3660 1949 3717 est,
1976 3650 2099 3720 qui-

502 3743 602 3799 bus
629 3744 904 3799 daemones
948 3741 1177 3798 suadere
1214 3744 1548 3799 conabantur
1584 3758 1743 3800 veros
1782 3759 1924 3810 esse,
1956 3758 2097 3815 quos

499 3836 749 3892 colebant
771 3833 992 3903 etlmici,
1024 3834 1179 3900 deos,
1209 3851 1271 3892 ac
1299 3835 1525 3907 proinde
1551 3852 1735 3891 veram
1767 3851 1889 3892 esse
1909 3836 2097 3894 eorum

500 3929 838 3999 religionem.
866 3926 985 3984 Jam
1017 3916 1147 3984 rcro
1173 3929 1401 3986 vidimus
1437 3929 1466 3984 a
1500 3927 1721 3985 Minntio
1758 3924 1971 3998 Felice,
1998 3926 2101 3985 La-

502 4021 719 4087 etautio,
748 4031 800 4075 et
827 4021 946 4075 aliis
978 4020 1231 4077 radicitus
1258 4022 1499 4092 evulsum
1537 4021 1700 4078 fuisse
1746 4020 1889 4077 hunc
1928 4020 2096 4078 ethni-

501 4125 685 4166 corum
717 4126 980 4177 crrorem,
1013 4128 1118 4183 quo
1150 4112 1203 4167 in
1234 4112 1417 4180 primis
1446 4113 1717 4169 nitebatur
1745 4122 1856 4169 tota
1880 4113 2097 4169 illorum

501 4203 690 4274 religio
720 4201 1011 4275 (Dissertat.
1036 4205 1089 4258 in
1121 4203 1343 4273 Minuta,
1373 4223 1489 4278 cap.
1520 4207 1609 4271 l8,
1638 4214 1737 4260 art.
1757 4207 1809 4269 1,
1841 4207 1959 4261 etin
1991 4205 2097 4261 La-

500 4304 687 4363 ctant.,
712 4312 826 4365 cap.
850 4294 940 4361 20,
980 4306 1081 4352 art.
1106 4296 1186 4369 4).
1228 4296 1333 4353 Sed
1375 4298 1496 4369 quia
1538 4296 1592 4352 lti
1626 4298 1916 4370 scriptores
1948 4298 2097 4369 plura

501 4404 565 4443 cx
594 4386 695 4443 hoc
722 4388 970 4444 Auctoris
994 4391 1159 4445 nostri
1188 4390 1324 4446 libro
1353 4390 1747 4459 delibavermtt,
1782 4399 1943 4465 atque
1969 4392 2096 4450 inde

502 4488 751 4552 tauquam
780 4495 845 4536 ex
868 4494 1002 4551 puro
1025 4479 1171 4538 fonte
1195 4474 1694 4555 suos/irrigaveruut
1716 4483 1982 4551 hortulos,
2017 4483 2097 4541 id-

498 4576 643 4632 circo
676 4575 789 4647 ejus
814 4575 997 4648 opinio
1023 4574 1328 4647 diligentius
1360 4594 1391 4634 a
1423 4578 1576 4634 nobis
1604 4578 1960 4635 examinanda
1987 4584 2091 4638 est.

2206 3367 2287 3419 nis
2319 3362 2600 3420 ctSatanae
2630 3362 2851 3418 nomine
2878 3361 3009 3417 diris
3040 3359 3161 3416 illos
3186 3359 3534 3426 devoverent,
3567 3368 3621 3416 et
3649 3366 3795 3416 exse-

2204 3466 2506 3513 crarentur.
2537 3456 2592 3511 Si
2631 3471 2763 3511 vero
2790 3455 2953 3511 alium
2988 3453 3146 3524 hujus
3174 3454 3337 3509 moris
3366 3461 3557 3510 testem
3590 3451 3799 3508 deside-

2204 3565 2324 3616 res,
2362 3548 2717 3621 Augustinum
2747 3548 2970 3605 ltabebis
2993 3590 3007 3615 ,
3037 3548 3131 3619 qui
3171 3563 3268 3603 nos
3297 3547 3519 3619 insuper
3549 3545 3800 3602 admonet

2204 3643 2526 3713 ubicumque
2557 3643 2609 3697 in
2640 3642 2807 3697 sacris
2835 3640 3130 3710 Scripturis
3151 3655 3346 3696 nomen
3376 3638 3675 3704 Dtemonis,
3699 3647 3793 3695 aut

2210 3730 2613 3790 chrnoniorum
2662 3734 2931 3801 occurrit,
2962 3749 3029 3790 eo
3055 3734 3316 3805 malignos
3345 3733 3568 3805 spiritus
3594 3732 3801 3804 signiﬁ-

2201 3829 2335 3884 cari.
2386 3826 2526 3883 Ecce
2576 3826 2805 3898 ipsamet
2844 3826 2961 3897 ejus
3003 3825 3203 3882 verba:
3265 3822 3376 3880 Nos
3421 3833 3629 3891 autem,
3669 3824 3799 3880 sicut

2204 3920 2475 3993 Scriptura
2502 3906 2750 3993 loquitur,
2776 3920 3053 3975 secundum
3099 3932 3252 3987 quam
3295 3918 3563 3974 christiani
3590 3935 3797 3987 sumus,

2203 4014 2423 4085 Angelos
2444 4014 2633 4085 partint
2655 4012 2861 4084 quidem
2892 4012 3068 4080 bonos,
3096 4012 3279 4084 partim
3322 4011 3505 4079 malos,
3537 4026 3799 4084 nunquam

2202 4124 2318 4162 vero
2339 4111 2496 4162 bonos
2531 4105 2799 4163 Dtemones
2836 4107 3068 4178 legimus.
3103 4104 3212 4161 Sed
3248 4105 3547 4170 ubicumque
3587 4104 3800 4159 illarum

2202 4194 2514 4257 Litterarum
2540 4202 2635 4257 hoc
2657 4217 2836 4256 nomen
2860 4202 3080 4273 positum
3104 4200 3374 4272 reperitur,
3399 4201 3501 4255 sive
3528 4197 3798 4254 Dwmones

2203 4297 2307 4351 sive
2348 4292 2613 4351 Da'monia
2640 4296 2894 4363 dicantur,
2918 4311 3019 4350 non
3046 4295 3144 4350 nisi
3185 4295 3399 4366 maligni
3442 4294 3798 4366 significantur

2200 4388 2430 4461 spiritus.
2466 4386 2533 4442 Et
2583 4388 2716 4443 hanc
2765 4387 3005 4461 loquendi
3057 4386 3473 4442 consuetudinem
3515 4386 3568 4440 in
3601 4394 3797 4440 tantum

2202 4481 2381 4553 populi
2407 4492 2764 4553 usquequaque
2814 4481 2975 4535 secuti
3020 4489 3157 4545 sunt,
3209 4489 3265 4534 ut
3294 4494 3469 4535 eorum
3511 4477 3679 4544 etiam,
3708 4474 3800 4549 qui

2201 4574 2393 4646 pagani
2410 4573 2760 4645 appellantur,
2784 4581 2830 4627 et
2869 4572 2990 4628 deos
3022 4572 3228 4638 multos,
3261 4586 3321 4626 ac
3348 4570 3604 4627 dtemones
3627 4569 3799 4626 colen-

574 4666 815 4724 Primum
863 4668 1043 4741 itaque
1082 4668 1241 4727 docet
1277 4670 1510 4742 Angelos
1553 4679 1608 4727 et
1650 4670 1934 4727 Da-mones
1976 4686 2097 4728 esse
2120 4682 2174 4744 D
2204 4667 2297 4723 dos
2338 4685 2444 4723 esse
2485 4668 2833 4736 contendunt,
2860 4668 3035 4722 nullus
3063 4666 3171 4738 fere
3197 4666 3263 4722 sit
3299 4676 3404 4722 tam
3433 4666 3717 4735 litteratus,
3748 4674 3799 4721 et

498 4762 829 4816 substantias
856 4762 1114 4833 quasdam
1145 4762 1415 4834 spiritales
1434 4807 1448 4831 ,
1477 4779 1701 4836 quarum
1736 4779 1929 4820 nomen
1959 4778 2092 4836 gen-

498 4853 678 4908 tilibus
706 4862 811 4908 tam
842 4854 1035 4924 poetis,
1058 4869 1222 4927 .quam
1248 4853 1583 4926 pltilOSOpltis
1605 4856 1725 4927 (loc.
1753 4854 1888 4928 cit.),
1907 4871 2097 4927 quem-

497 4944 786 5000 admodum
820 4944 951 5002 aiibi
988 4946 1166 5003 adhuc
1191 4946 1547 5013 ostendimus,
1582 4963 1687 5003 non
1722 4947 1817 5004 fuit
1850 4948 2095 5021 incogni-

499 5046 628 5092 tum.
660 5037 740 5093 Ex
766 5038 1099 5110 philosophis
1130 5049 1309 5097 autem
1343 5041 1660 5098 nominatim
1697 5041 1934 5114 appellat
1966 5040 2094 5097 1⁷1³-

499 5138 676 5185 tonem
705 5137 759 5186 et
792 5130 1089 5200 Socratem,
1131 5134 1223 5205 qui
1260 5132 1564 5191 daemonem
1599 5134 1942 5191 assistcntem
1988 5135 2092 5191 ita-

500 5223 681 5289 itebat,
705 5224 1123 5309 dehortatorium,
1149 5228 1339 5299 inquit,
1361 5227 1559 5299 planen
1583 5228 1710 5284 bono
1733 5226 2089 5299 (Tertullian.,

494 5314 786 5388 Apologet.,
810 5333 857 5372 c.
880 5316 1003 5379 22.c
1032 5358 1045 5373 .
1070 5318 1225 5389 406).
1254 5320 1471 5377 Dixerat
1499 5330 1681 5377 autem
1712 5322 1816 5376 alio
1840 5322 1890 5377 in
1916 5322 2086 5380 libro:

499 5407 768 5463 Socratem
816 5426 1026 5481 puerum
1070 5411 1240 5466 adhuc
1287 5413 1501 5484 spiritus
1549 5414 1857 5469 dwmonicus
1894 5415 2090 5469 invenit

493 5499 688 5573 (Idem,
718 5503 805 5558 lib.
836 5504 900 5559 de
929 5504 1124 5576 Anim.,
1164 5523 1210 5561 c.
1240 5504 1329 5573 39,
1362 5526 1416 5577 p.
1445 5505 1591 5581 ΞΗ).
1624 5509 1692 5563 At
1721 5507 1789 5565 de
1834 5508 1935 5565 ltoc
1980 5510 2082 5565 So-

494 5596 655 5650 cratis
683 5595 928 5653 dzemone
956 5597 1008 5653 in
1034 5598 1193 5654 citata
1229 5598 1296 5656 de
1325 5598 1548 5656 Minutio
1573 5598 1792 5658 Octavio
1821 5600 2083 5657 disserta-

492 5687 656 5755 tione,
680 5698 734 5745 ct
758 5691 810 5745 in
837 5690 956 5746 aliis
981 5690 1050 5746 ibi
1080 5691 1303 5749 iaudatls
1329 5694 1536 5765 egimus
1563 5691 1858 5765 (Dissertat.
1886 5695 1940 5749 in
1967 5693 2043 5749 Mi
2063 5724 2083 5737 -

492 5797 608 5837 nnc.
645 5780 843 5850 Oetam,
883 5798 929 5839 c.
960 5782 1049 5853 i8,
1081 5793 1178 5839 art.
1220 5782 1293 5856 t).
1320 5784 1585 5843 Praeterea
1632 5784 1826 5843 ibidem
1866 5784 2071 5858 patefe-

494 5874 663 5933 cimus
706 5878 967 5948 utrtusque
1002 5877 1240 5948 nominis,
1265 5875 1316 5935 id
1344 5889 1447 5950 est,
1480 5880 1668 5952 Angcli
1716 5888 1773 5938 et
1802 5878 2085 5940 Daemonls

2204 4759 2403 4827 doctus,
2434 4760 2520 4832 qui
2541 4759 2730 4814 audeat
2754 4759 2808 4815 in
2830 4759 2988 4815 laude
3008 4760 3087 4814 vel
3104 4775 3246 4815 servo
3275 4775 3368 4815 suo
3394 4758 3561 4815 dicere
3602 4775 3622 4815 :
3668 4754 3797 4815 Dte-

2198 4872 2396 4911 monem
2421 4855 2606 4921 habes;
2642 4855 2734 4911 sed
2760 4854 2964 4910 cuilibet
2993 4854 3088 4909 hoc
3134 4854 3302 4909 dicere
3337 4853 3573 4921 voluerit,
3621 4869 3720 4908 non
3740 4866 3798 4908 se

2200 4950 2348 5005 aliter
2376 4950 2573 5021 accipi,
2605 4966 2758 5019 quam
2798 4949 3100 5005 maledicere
3145 4948 3381 5015 voluisse,
3421 4946 3652 5003 dubitare
3691 4962 3795 5002 non

2201 5045 2362 5115 possit
2413 5042 2656 5114 (August.
2714 5042 2803 5097 lib.
2848 5041 2901 5122 9.
2934 5041 2997 5097 de
3020 5042 3155 5097 civit.
3199 5057 3316 5115 cap.
3347 5040 3433 5098 19.
3470 5057 3588 5113 pag.
3637 5038 3790 5111 253).

2201 5136 2548 5193 Postea‘vero
2576 5137 2777 5193 addidit
2807 5156 2821 5195 :
2849 5136 2935 5192 Ita
2956 5137 3248 5193 detestabile
3274 5153 3455 5192 nomen
3484 5145 3558 5191 est
3601 5135 3792 5190 daemoo

2201 5246 2345 5294 num,
2375 5238 2429 5283 ut
2455 5230 2549 5283 hoc
2574 5229 2738 5285 modis
2788 5230 3021 5285 omnibus
3050 5248 3081 5285 a
3126 5231 3317 5286 sanctis
3346 5230 3552 5301 Angelis
3592 5244 3682 5284 nos
3708 5241 3791 5281 rc-

2202 5338 2398 5377 movere
2423 5322 2693 5399 debeamus
2723 5321 2915 5395 (Ibid.,
2948 5340 3064 5395 cap.
3096 5318 3189 5395 23,
3234 5341 3355 5396 pag.
3391 5321 3547 5395 236).
3583 5318 3792 5392 Duplex

2199 5418 2380 5488 itaque
2409 5415 2739 5488 Augustinus
2760 5459 2773 5483 ,
2802 5415 3256 5488 quemadmodum
3278 5414 3643 5472 Tertullianus
3673 5426 3794 5469 nos-

2200 5514 2302 5576 ter,
2364 5506 2644 5580 distinguit
2695 5509 3007 5581 angelorum
3047 5525 3246 5581 gcnus,
3298 5516 3352 5565 et
3381 5524 3544 5565 unum
3575 5505 3793 5580 quidem

2195 5602 2418 5669 bonum,
2445 5603 2534 5673 qui
2562 5601 2751 5674 Angeli
2790 5603 3105 5675 simpliciter
3133 5611 3390 5661 vocantur
3417 5621 3431 5670 ;
3482 5603 3625 5659 aliud
3652 5614 3783 5657 vero

2195 5695 2521 5765 daemonum,
2545 5713 2772 5769 quorum
2796 5715 2990 5755 nomen
3016 5698 3354 5765 detestabile,
3385 5697 3647 5772 malignos
3667 5696 3779 5769 spi-

2192 5790 2329 5847 ritus
2352 5806 2566 5863 semper
2585 5790 2868 5864 signiﬁcat.

2266 5882 2375 5941 Cur
2393 5897 2542 5957 ergo,
2573 5882 3009 5958 inquiet‘aiiquis,
3032 5882 3169 5944 adeo
3197 5883 3518 5944 detestabile
3541 5890 3660 5943 erat
3698 5882 3785 5941 il-
