4092 6352
237 316 348 381 869

1372 313 1818 381 DlSSERTATIO
1854 314 1919 380 Ι).
1958 315 2048 379 LE
2083 316 2389 382 NOURRY.

3433 320 3543 382 870

238 437 331 496 lud
364 450 582 504 nomen,
608 443 767 508 atque
797 450 902 492 non
924 432 1099 493 solum
1131 448 1161 491 a
1183 432 1527 502 Christianis,
1551 436 1646 493 sed
1674 437 1836 492 etiam
1858 433 1919 504 Α
1943 437 2238 507 perniciem
2265 452 2416 494 suam
2445 434 2629 505 traxit,
2657 448 2946 509 pravorum
2986 432 3298 509 angelorum
3341 438 3539 508 placea-

239 547 281 607 a.
300 531 593 604 gentilibus
624 531 675 587 in
718 531 909 587 malam
941 540 1151 603 partem
1181 546 1399 604 semper
1426 532 1836 605 accipiebatur?

237 624 429 681 Nonne
480 626 591 695 ipse
644 626 973 696 Augustinus
1024 635 1076 680 et
1116 625 1205 680 alii
1231 627 1524 698 scriptores
1553 626 1725 694 latini,
1775 636 1836 685 ut

238 717 364 773 alibi
387 717 792 773 observavimus
812 714 1051 790 (Dissert.
1066 720 1119 774 in
1138 718 1368 773 Lactant.
1388 735 1504 791 cap.
1525 717 1618 775 20.
1634 727 1737 774 art.
1755 718 1833 790 4),

238 824 437 865 nomen
493 825 727 880 graecum
769 813 1020 880 δαίμονες,
1077 808 1218 867 idem
1287 809 1590 883 signiﬁcare
1642 812 1836 868 testiﬁ-

236 912 448 967 cantur,
482 910 642 973 atQue
668 918 848 959 rerum
873 903 1038 971 scios,
1067 913 1119 959 et
1147 903 1385 974 peritos?
1415 903 1682 961 Praeterea
1704 905 1837 960 Ter-

239 991 494 1049 tullianus
521 992 687 1050 hocce
710 994 762 1050 in
793 993 1145 1066 Apologetico
1176 995 1315 1054 libro
1340 1012 1438 1052 nos
1466 1004 1652 1053 menet
1694 997 1836 1052 idem

239 1100 362 1141 esse
400 1083 703 1142 daemonum
725 1128 741 1155 ,
789 1098 951 1158 atque
980 1089 1262 1160 geniorum
1300 1104 1495 1144 nomen
1528 1106 1542 1143 :
1577 1085 1835 1155 Nescitis,

238 1178 431 1249 inquit,
481 1179 655 1251 genios
684 1179 944 1235 daemonas
975 1181 1098 1248 dici,
1139 1191 1189 1236 et
1228 1181 1348 1236 inde
1377 1181 1676 1237 diminutiva
1721 1198 1841 1238 voce

239 1273 543 1327 daemonia?
583 1273 650 1329 Et
692 1274 851 1344 paulo
888 1282 1036 1345 post,
1077 1275 1334 1329 dwnwnes
1366 1292 1379 1329 :
1414 1274 1469 1328 id
1510 1284 1580 1329 est
1604 1317 1616 1339 ,
1666 1274 1839 1346 genios

244 1363 575 1436 (Tertullian.
612 1364 882 1438 Apologet.
914 1380 1030 1438 cap.
1063 1364 1151 1421 32.
1179 1358 1281 1421 col.
1311 1362 1464 1439 447).
1496 1365 1637 1421 Alibi
1670 1376 1836 1422 vero:

243 1456 490 1514 Omnibus
523 1458 657 1531 genii
682 1456 1013 1529 deputantur,
1045 1459 1184 1529 quod
1209 1458 1500 1513 danronum
1542 1460 1615 1513 est
1655 1474 1840 1513 nomen

240 1550 413 1622 (Idem
433 1593 446 1616 ,
471 1550 558 1606 lib.
590 1550 654 1606 de
675 1551 833 1606 anim.
860 1567 978 1619 cap.
1003 1546 1092 1610 39.
1125 1549 1228 1607 col.
1262 1548 1414 1623 54!).
1437 1546 1575 1620 Quid
1604 1549 1765 1623 igitur
1787 1551 1839 1607 in

239 1658 306 1700 co
350 1644 567 1699 nomine
602 1645 722 1714 {tam
770 1642 1003 1710 malum,
1054 1650 1272 1716 tamque
1315 1643 1540 1715 singulis
1590 1644 1842 1701 omnibus

239 1735 592 1792 detestabile?
637 1736 783 1792 Bene
826 1734 1066 1808 quidem,
1106 1737 1151 1792 si
1190 1750 1285 1793 sua
1328 1737 1576 1802 scientia,
1626 1736 1838 1809 peritia,

1940 538 2076 597 tum,
2117 546 2218 586 nec
2260 529 2353 597 ibi,
2399 543 2500 585 nec
2543 528 2594 585 in
2640 528 2987 600 Apologetioo
3014 529 3297 600 perspicue
3319 529 3541 586 omnino

1939 621 2262 693 explanavit.
2297 620 2494 677 Verum
2537 621 2644 676 alio
2691 620 2745 676 in
2778 620 2915 677 libro
2945 620 3051 677 duo
3093 636 3280 677 eorum
3321 629 3542 693 peccata

1940 713 2028 771 his
2052 714 2265 771 videtur
2288 714 2546 771 denotare
2570 714 2750 770 verbis
2780 732 2794 769 :
2826 713 2977 769 Nihil
3009 715 3203 787 angelis
3226 714 3333 771 illis
3365 716 3540 786 impu-

1941 818 2073 863 tetur
2100 818 2311 880 prapter
2339 807 2450 879 (alii
2476 807 2683 879 praeter)
2715 806 2983 879 repudium
3026 808 3158 875 caeli,
3192 816 3240 863 et
3274 809 3542 863 matrimo-

1941 904 2082 958 nium
2133 902 2304 958 carnis
2353 900 2594 975 (Tertull.
2644 902 2734 957 lib.
2784 902 2849 957 de
2875 900 3010 961 Cult.
3056 902 3250 980 frendit.
3301 918 3418 975 cap.
3448 902 3538 975 Δ).

1941 996 2202 1063 Quocirca
2244 996 2364 1054 illos
2404 996 2530 1052 alibi
2578 996 2812 1068 appellat
2841 996 3063 1068 Angelos
3088 997 3368 1053 desertores
3418 996 3540 1064 Dei,

1943 1074 2197 1143 curatores
2241 1088 2584 1157 feminarum,
2626 1103 2686 1143 ac
2732 1097 3001 1158 propterea
3044 1087 3311 1143 damnatos
3353 1104 3385 1141 a
3432 1085 3543 1142 Deo

1942 1180 2138 1252 (Idem,
2171 1181 2260 1236 lib.
2285 1180 2348 1235 de
2382 1179 2630 1236 Idololat.
2660 1197 2775 1247 cap.
2806 1178 2888 1254 9).
2917 1179 3109 1237 Nonne
3137 1190 3315 1237 autem
3343 1178 3544 1250 duplex

1943 1273 2013 1328 ibi
2040 1272 2319 1344 distinguit
2349 1271 2658 1345 angelorum
2690 1282 2970 1344 peccatum
2996 1290 3011 1338 ;
3042 1275 3271 1344 primum
3299 1273 3540 1343 quidem,

1943 1381 2049 1436 quo
2070 1365 2487 1437 repudiaverunt
2512 1366 2732 1432 caelum,
2760 1376 2815 1423 et
2846 1368 3011 1424 Deum
3037 1367 3426 1435 deseruerunt;
3457 1384 3543 1425 se-

1942 1459 2178 1531 cimdum
2210 1473 2358 1525 vero,
2378 1474 2687 1537 perversum
2714 1460 3052 1517 foemiuarum
3077 1475 3314 1517 amorem
3347 1468 3401 1517 et
3428 1475 3547 1517 car-

1943 1553 2026 1607 nis
2056 1553 2499 1610 matrimonium?

2017 1644 2095 1701 De
2130 1644 2233 1701 hoc
2266 1661 2428 1717 porro
2458 1645 2697 1704 secundo
2723 1662 2911 1703 eorum
2939 1646 3163 1704 crimine
3204 1647 3277 1704 ita
3323 1647 3545 1720 quidem

1946 1739 2037 1796 ille
2059 1762 2072 1798 :
2098 1739 2362 1808 Damnati,
2386 1741 2578 1812 inquit,
2598 1741 2652 1796 in
2679 1757 2882 1812 poenam
2918 1742 3094 1796 mortis
3129 1741 3439 1811 deputantur
3465 1740 3548 1797 illi

241 1830 547 1901 ingeniique
572 1831 773 1888 viribus
799 1847 904 1887 non
926 1833 1066 1889 male
1092 1836 1387 1888 uterentur.
1408 1832 1512 1889 Sed
1532 1835 1653 1904 quia
1682 1834 1747 1891 iis
1772 1831 1839 1891 ad
1868 1835 1918 1898 B
1945 1831 2135 1886 scilicet
2162 1832 2372 1904 angeli,
2399 1833 2486 1903 qui
2508 1832 2577 1887 ad
2602 1833 2739 1903 ﬁlias
2768 1833 3027 1888 hominum
3058 1828 3121 1888 de
3160 1833 3285 1889 caelo
3311 1844 3544 1903 ruerunt,

239 1924 514 1980 vexandos
539 1923 905 1995 fallendosque
929 1924 1196 1992 homines,
1226 1933 1284 1980 ut
1311 1934 1496 1996 postea
1519 1924 1840 1996 videbimus,

241 2016 399 2088 plane
443 2017 757 2081 abutuntur,
791 2033 897 2071 non
944 2018 1138 2072 mirum
1180 2014 1421 2088 profecto
1461 2019 1503 2072 si
1537 2020 1714 2074 Cuncti
1742 2019 1845 2076 hoc

244 2111 640 2167 detestarentur
677 2125 896 2181 nomen,
937 2110 1172 2185 illudque
1215 2111 1326 2168 suis
1366 2111 1502 2169 alios
1545 2111 1844 2170 maledictis

242 2205 577 2262 adhiberent.

315 2299 570 2366 Quamvis
619 2306 799 2354 autem
852 2300 1056 2355 Auctor
1107 2308 1295 2357 noster
1349 2314 1519 2373 pauca
1572 2301 1640 2359 de
1691 2301 1845 2359 bonis

246 2391 462 2462 Angelis
504 2393 556 2447 in
590 2392 939 2464 Apologetieo
982 2392 1282 2463 tradiderit,
1329 2394 1448 2450 illos
1497 2397 1844 2455 nihilominus

246 2500 273 2539 a
304 2483 480 2554 malis,
509 2485 687 2540 ethos
707 2501 737 2540 a
767 2484 1104 2542 daemonibus
1124 2484 1266 2542 haud
1294 2488 1522 2545 obscure
1548 2490 1842 2562 distinguit.

248 2578 328 2634 De
355 2577 457 2633 illis
487 2577 763 2634 enimvero
793 2577 896 2635 hoc
921 2577 1157 2650 quidem,
1193 2579 1293 2635 sed
1319 2580 1635 2639 brevissime
1662 2601 1676 2637 :
1704 2582 1848 2650 Quo-

247 2670 420 2739 modo,
454 2670 645 2741 inquit,
671 2674 734 2725 de
761 2671 955 2742 angelis
972 2672 1293 2743 quibusdam,
1322 2686 1417 2729 sua
1437 2685 1615 2746 sponte
1633 2692 1847 2748 corrup-

249 2767 332 2828 tis,
359 2765 649 2834 corruptior
674 2781 799 2835 gens
826 2766 1116 2820 dtemonurn
1144 2766 1379 2836 evaserit,
1400 2768 1652 2825 damnata
1678 2785 1710 2823 a
1736 2768 1846 2826 Deo

247 2873 362 2913 cum
388 2860 587 2930 generis
611 2859 918 2926 auctoribus,
946 2868 994 2914 et
1019 2875 1134 2914 cum
1159 2876 1240 2927 eo,
1268 2876 1416 2933 quem
1443 2861 1678 2931 dicimus,
1703 2864 1848 2934 prin-

249 2953 378 3022 cipe,
421 2951 561 3023 αρυά
585 2950 803 3007 Litteras
836 2961 1040 3007 sanctas
1079 2953 1260 3008 ordine
1305 2955 1626 3027 cognoscitur
1672 2952 1848 3027 (Idem

249 3041 514 3115 Apologet.
536 3058 651 3115 cap.
683 3042 778 3099 22.
806 3060 852 3100 c.
890 3043 1047 3115 405).
1072 3045 1141 3099 At
1168 3045 1318 3116 plura
1354 3047 1446 3101 ille
1469 3048 1652 3117 paucis
1672 3048 1849 3105 verbis

250 3138 640 3208 complectitur,
673 3153 793 3209 quae
822 3153 929 3193 non
964 3139 1035 3194 ita
1065 3138 1319 3207 breviter,
1350 3154 1452 3195 nec
1478 3140 1596 3197 sine
1622 3140 1846 3213 quibus-

251 3228 372 3284 dam
401 3228 865 3287 observationibus
894 3229 1298 3302 perstringenda
1328 3242 1473 3287 sunt.

320 3321 504 3378 Primo
550 3334 732 3378 autem
784 3322 1023 3379 declarat
1078 3323 1337 3393 quosdam
1390 3323 1625 3394 Angelos
1682 3323 1849 3380 fuisse

249 3424 555 3487 corruptos.
599 3415 788 3472 Plures
841 3431 969 3487 ergo
1020 3415 1155 3471 alios
1207 3414 1372 3471 fuisse
1418 3414 1703 3487 significat,
1753 3417 1847 3487 qui

247 3513 484 3582 corrupti
532 3526 639 3567 non
681 3511 915 3577 luerunt,
959 3524 1198 3581 quosque
1248 3508 1448 3565 idcirco
1504 3510 1848 3566 nominamus

250 3604 441 3670 bonos,
470 3611 630 3675 atque
652 3603 725 3659 ob
743 3617 895 3658 suam
926 3602 979 3657 in
1012 3601 1153 3657 bono
1179 3602 1634 3672 perseverantiam
1660 3601 1848 3658 beatos

248 3709 371 3754 esse
393 3698 514 3768 jure
536 3698 728 3753 merito
754 3694 1045 3752 credimus.
1067 3694 1339 3760 Secundo,
1363 3694 1583 3750 eosdem
1612 3680 1847 3765 Angelos

166 3806 173 3811 ’
248 3788 477 3846 donatos
502 3788 666 3846 fuisse
687 3789 857 3846 libero
881 3788 1170 3843 voluntatis
1193 3786 1440 3853 arbitrio,
1467 3802 1574 3858 quo
1598 3786 1735 3843 bene
1755 3796 1848 3843 aut

249 3884 388 3941 male
416 3884 645 3957 agendo,
677 3883 959 3955 praemium
994 3882 1077 3938 vel
1105 3896 1318 3953 poenam
1348 3881 1540 3938 mereri
1575 3889 1841 3952 poterant.

250 3976 453 4044 Tertio,
486 3977 746 4050 quosdam
777 3992 846 4032 ex
880 3976 986 4033 illis
1014 3982 1299 4047 corruptos
1329 3987 1394 4031 ac
1435 3974 1618 4031 liberte
1658 3984 1844 4046 potes-

249 4070 375 4125 tatis
408 4084 519 4126 sute
563 4070 755 4137 abusu,
788 4073 841 4124 in
866 4068 1042 4140 aliqua
1072 4067 1352 4139 prolapsos
1396 4065 1564 4122 fuisse
1604 4075 1840 4137 peccata,

248 4162 319 4219 ob
360 4176 479 4234 quae
522 4178 553 4218 a
585 4163 696 4218 Deo
739 4160 977 4217 damnati
1011 4170 1154 4217 sunt.
1201 4157 1407 4228 Quarto
1445 4174 1635 4216 eorum
1680 4158 1846 4215 fuisse

246 4257 568 4328 principem,
596 4256 666 4312 de
708 4272 814 4326 quo
842 4255 930 4312 ille
962 4255 1121 4326 paulo
1147 4265 1273 4310 ante
1311 4253 1524 4311 dixerat
1551 4272 1564 4309 :
1592 4252 1847 4309 Satanam

248 4349 532 4420 principem
553 4348 705 4418 hujus
735 4347 858 4402 ntali
888 4348 1083 4418 generis
1112 4346 1329 4421 (Ibid)
1361 4346 1505 4403 Alibi
1535 4362 1666 4402 vero
1693 4346 1845 4402 illum

248 4450 406 4497 vocat
431 4439 712 4510 Angelum,
741 4455 898 4510 quem
919 4440 1083 4506 Deus,
1104 4457 1166 4494 ex
1184 4440 1351 4509 {arma
1375 4456 1586 4510 cperam
1600 4440 1846 4496 bonorum

244 4533 465 4589 instituit
490 4531 697 4593 bonum,
728 4541 781 4586 et
810 4531 1047 4585 omnium
1075 4530 1528 4601 sapientissimum
1553 4547 1569 4597 ;
1602 4542 1705 4586 tarn
1733 4534 1843 4587 ins-

1947 1932 2004 1977 ut
2059 1924 2167 1979 haec
2212 1941 2407 1995 quoque
2464 1925 2757 2001 ignominia
2809 1928 3028 1999 fiumina:
3076 1928 3304 1982 accedat.
3350 1925 3546 2001 (Idem

1948 2014 2036 2068 lib.
2081 2014 2147 2069 de
2192 2015 2315 2070 cult.
2365 2016 2559 2086 (tumin.
2605 2033 2720 2088 cap.
2772 2015 2860 2086 2).
2894 2018 2963 2073 At
3008 2018 3053 2073 si
3090 2034 3156 2074 ex
3211 2017 3315 2073 hoc
3363 2021 3545 2091 Ange-

1950 2106 2127 2163 lorum
2173 2108 2379 2163 scelere
2412 2107 2644 2164 fmminis
2686 2109 2975 2182 ignominia
3009 2114 3255 2180 accessit,
3301 2112 3347 2168 si
3381 2127 3548 2185 prop-

1951 2211 2117 2267 terea,
2150 2201 2226 2256 uti
2253 2201 2453 2257 dictum
2481 2203 2549 2259 ab
2575 2203 2765 2259 eodem
2787 2204 3020 2262 Auctore
3048 2219 3233 2261 nostro
3256 2221 3378 2263 mox
3405 2207 3546 2263 vidi-

1949 2308 2091 2357 mus,
2125 2294 2313 2365 Angeli
2343 2294 2581 2350 damnati
2609 2288 2752 2362 sunt,
2786 2311 2881 2352 cur
2916 2313 3067 2369 ergo,
3101 2299 3304 2370 inquiet
3329 2300 3543 2372 aliquis,

1949 2385 2079 2440 illud
2103 2385 2419 2455 simpliciter
2465 2389 2847 2443 matrimonium
2872 2391 3045 2445 carnis
3066 2430 3082 2456 ,
3113 2407 3218 2445 non
3243 2400 3422 2447 autem
3453 2408 3550 2450 ne-

1949 2477 2140 2534 farium
2167 2489 2408 2549 stuprum
2440 2481 2507 2537 ab
2539 2480 2629 2537 illo
2668 2482 2935 2537 vocatur?
2969 2482 3150 2539 Cuivis
3190 2485 3402 2555 itaque,
3434 2485 3485 2541 id
3516 2502 3548 2543 τι

1949 2572 2106 2627 nobis
2136 2573 2466 2643 postulanti,
2492 2573 2573 2628 bis
2620 2573 3065 2647 respondebimus
3111 2577 3438 2651 totidemque
3468 2580 3551 2650 ip-

1949 2663 2179 2718 siusmct
2223 2663 2541 2719 Tertulliani
2570 2664 2783 2721 verbis:
2831 2662 3120 2738 Conspicati
3151 2667 3246 2738 ﬁlii
3273 2666 3372 2724 Dei
3411 2670 3549 2736 ﬁlias

1951 2756 2215 2810 hominum
2246 2758 2384 2829 quod
2410 2759 2637 2829 pulchra:
2675 2752 2857 2826 essent,
2886 2771 3189 2833 acceperunt
3232 2762 3329 2818 sibi
3367 2744 3550 2820 uxores

1949 2865 2012 2903 ea:
2040 2849 2269 2906 omnibus
2305 2867 2432 2922 quas
2467 2851 2716 2925 legerunt.
2764 2850 2865 2907 Hic
2891 2854 3023 2908 enim
3053 2871 3235 2912 nomen
3280 2858 3551 2915 mulierum

1949 2957 2173 3012 graecum
2198 2959 2382 3000 uxores
2406 2946 2541 3016 sapit
2566 2961 2579 3008 ;
2610 2945 2732 3017 quia
2767 2946 2831 3001 de
2871 2947 3061 3019 nuptiis
3088 2951 3274 3005 mentio
3297 2962 3390 3006 est.
3422 2951 3550 3012 Cum

1950 3048 2068 3104 ergo
2094 3034 2231 3103 ﬁlias
2262 3036 2526 3090 hominum
2555 3035 2696 3100 dicit,
2731 3039 2999 3111 manifeste
3023 3041 3243 3112 uirgines
3268 3047 3546 3115 portendit,

1950 3138 2064 3193 qua:
2101 3124 2271 3179 adhuc
2316 3126 2455 3198 apud
2511 3138 2743 3200 parentes
2781 3130 3328 3205 deputarentur(nam
3376 3148 3550 3209 nupta:

1872 3225 1921 3299 (ᾗ,
1953 3222 2248 3275 maritorum
2290 3224 2691 3296 nuncupantur)
2736 3241 2853 3280 cum
2889 3228 3104 3297 potuerit
3142 3229 3331 3285 dixisse
3366 3247 3552 3289 uxores

1954 3312 2216 3367 hominum
2236 3331 2255 3368 :
2284 3304 2432 3384 ωηιιέ
2452 3331 2556 3372 non
2598 3317 2860 3372 adulteros
2901 3319 3170 3377 nominans
3209 3323 3438 3395 angelos,
3461 3325 3551 3380 sed

1950 3404 2162 3458 maritos
2187 3446 2203 3473 ,
2234 3405 2357 3460 dum
2382 3406 2627 3479 innuptas
2665 3419 2870 3465 sumunt
2901 3410 3040 3482 filias
3091 3413 3353 3470 hominum
3374 3458 3392 3484 ,
3417 3434 3552 3488 quas

1950 3505 2097 3552 natas
2124 3514 2282 3568 supra
2309 3500 2462 3566 dixit,
2485 3503 2558 3556 sic
2578 3518 2775 3575 quoque
2795 3505 3013 3576 virgines
3038 3507 3361 3580 signiﬁcans,
3388 3527 3548 3583 supra

1949 3601 2117 3657 natas,
2150 3602 2202 3647 at
2226 3594 2306 3648 hic
2330 3595 2527 3667 angelis
2555 3608 2742 3669 nuptas
2795 3600 2816 3672 (
2844 3598 3009 3670 Idem,
3034 3603 3123 3659 lib.
3153 3604 3217 3660 de
3247 3604 3446 3678 Virgin.
3471 3624 3554 3662 ve-

1951 3684 2092 3740 land.
2117 3702 2232 3757 cap.
2261 3687 2337 3759 7).
2376 3687 2500 3745 Ideo
2525 3690 2682 3760 igitur
2708 3693 3031 3763 Angelorum
3077 3700 3550 3768 praevaricatorum

1950 3779 2349 3837 matrimonium
2388 3782 2653 3854 appellat;
2679 3787 2800 3856 quia
2837 3786 2911 3843 illi
2959 3787 3095 3845 tilias
3126 3790 3400 3848 hominum
3443 3810 3550 3850 non

1949 3882 2144 3942 nuptas
2167 3914 2184 3939 ,
2214 3873 2306 3929 sed
2335 3875 2568 3945 virgines
2596 3889 2976 3949 sumpserunt,
3006 3891 3062 3938 et
3094 3881 3294 3942 idcirco
3319 3900 3421 3943 nec
3446 3886 3551 3959 ipsi

1949 3962 2176 4019 adulteri
2202 3974 2479 4022 vocantur.

2020 4056 2204 4129 Neque
2242 4067 2421 4117 tamen
2467 4060 2568 4117 hoc
2613 4063 3016 4122 matrimonium
3064 4067 3272 4125 licitum
3304 4072 3548 4142 putavit,

1950 4151 2044 4208 sed
2072 4151 2314 4208 illicitum
2345 4154 2500 4225 plane
2524 4170 2589 4211 ac
2616 4158 2929 4226 scelestum,
2960 4171 3178 4233 propter
3200 4165 3343 4233 quod
3378 4164 3552 4220 immi-

1948 4244 2033 4301 nis
2060 4245 2347 4317 ignominia
2384 4251 2643 4319 accessit,
2676 4260 2731 4307 et
2770 4252 2974 4324 angelis
3014 4253 3311 4313 damnatio.
3344 4257 3548 4325 Quam-

1949 4338 2134 4395 obrem
2162 4340 2269 4396 alio
2313 4340 2401 4396 ille
2428 4341 2479 4398 in
2509 4342 2645 4399 libro
2679 4362 2691 4399 :
2725 4343 2954 4413 Sciebat,
2984 4346 3173 4419 inquit,
3205 4359 3249 4405 et
3274 4350 3550 4418 Apostolus

1948 4435 2002 4488 in
2031 4433 2168 4489 caelis
2188 4446 2394 4504 aperata
2410 4452 2517 4491 esse
2542 4437 2798 4504 spiritalia
2813 4440 3050 4511 nequitia:
3064 4441 3377 4513 Angelorum
3401 4459 3551 4498 scan-

1950 4527 2290 4582 dalizatorum
2330 4529 2383 4584 in
2429 4529 2567 4600 ﬁlias
2612 4529 3091 4606 hominum(ldem
3118 4537 3207 4593 lib.
3237 4537 3299 4594 V.
3345 4538 3543 4593 advers.

246 4626 506 4692 titutione,
531 4624 678 4696 juxta
706 4622 1044 4695 prophetiam
1082 4614 1401 4691 Ezechielis,
1434 4624 1623 4679 bonum
1670 4625 1845 4697 Ange-
1869 4632 1924 4696 D
1951 4621 2205 4677 Marcion.
2232 4638 2348 4693 cap.
2384 4623 2448 4679 18
2479 4623 2520 4694 ).
2559 4625 2629 4680 At
2671 4625 2739 4682 de
2781 4626 2884 4682 hoc
2928 4627 3230 4685 lacinoroso
3259 4644 3547 4700 pravorum

249 4720 383 4785 lum,
423 4735 577 4790 quam
601 4727 781 4789 sponte
807 4725 1104 4789 corruptum
1143 4715 1383 4790 (Tertull.
1427 4718 1515 4773 lib.
1562 4719 1616 4773 2.
1646 4720 1846 4776 advers.

251 4812 511 4869 Marcion.
545 4806 986 4884 eap.10).'l‘um
1032 4808 1252 4877 deinde,
1296 4810 1703 4881 inuituperabilis
1754 4814 1853 4883 fuit

249 4921 287 4959 α
334 4907 417 4960 die
463 4905 768 4962 conditionis
817 4918 956 4967 suae,
1001 4919 1034 4956 a
1084 4901 1193 4958 Deo
1243 4903 1299 4957 in
1352 4902 1538 4958 bonum
1575 4903 1850 4972 conditus,

250 5009 309 5054 ut
345 5016 379 5053 a
430 5000 557 5056 bono
593 4999 855 5055 conditore
903 4982 1368 5067 inuituperabilium
1410 4996 1779 5065 conditionum,
1802 5006 1851 5054 et

249 5093 484 5149 excultus
534 5094 670 5148 omni
714 5092 878 5164 gloria
906 5088 1172 5164 Angelica,
1204 5098 1250 5146 et
1279 5089 1419 5163 apud
1457 5088 1623 5145 Deum
1662 5093 1853 5148 consti-

247 5196 411 5254 tutus,
458 5204 558 5259 qua
583 5188 741 5243 bonus
767 5188 906 5259 apud
930 5178 973 5240 b-
997 5204 1140 5253 num,
1184 5196 1361 5258 postea
1387 5203 1502 5242 vero
1526 5204 1558 5243 α
1581 5188 1849 5260 semetipso

248 5282 530 5338 translatus
551 5282 602 5337 in
631 5281 963 5336 malum......
998 5299 1101 5336 non
1127 5281 1315 5349 minus,
1346 5281 1454 5353 ipse
1479 5281 1623 5336 liberi
1650 5280 1850 5336 arbitrii

244 5370 547 5443 institutus,
576 5384 632 5430 ut
656 5374 865 5445 spiritus
905 5372 1069 5445 (Ibid.
1098 5372 1197 5427 col.
1232 5372 1380 5445 462).
1415 5372 1579 5429 Addit
1615 5372 1850 5445 denique

248 5468 392 5524 hunc
428 5477 664 5525 satoriam
698 5467 766 5524 de
803 5464 1138 5546 sublimitate
1177 5464 1443 5525 decidisse
1484 5466 1683 5524 delicto
1723 5481 1844 5533 suo,

242 5561 400 5632 cujus
442 5574 631 5619 auctor
674 5562 789 5634 ipse
820 5560 938 5619 fuit.
988 5558 1065 5613 De
1108 5559 1200 5613 illo
1227 5570 1408 5616 autem
1455 5561 1509 5616 in
1552 5569 1734 5617 nostra
1778 5560 1848 5617 de

244 5652 504 5710 Lactantii
554 5654 706 5713 libris
755 5654 1138 5712 dissertatione
1181 5653 1388 5726 egimus
1431 5651 1746 5725 (Dissertat.
1792 5654 1848 5708 in
1883 5654 1887 5662 '

244 5745 483 5804 Lactant.
511 5766 627 5821 cap.
652 5748 747 5807 20.
775 5759 877 5805 art.
911 5750 993 5821 5).

316 5842 599 5911 Quodnam
622 5850 797 5901 autem
827 5839 988 5902 fuerit
1024 5838 1185 5915 hujus
1215 5839 1578 5914 aliorumque,
1610 5853 1744 5913 quos
1792 5838 1846 5897 in

1953 4715 2267 4787 angelorum
2304 4730 2428 4773 eum
2476 4715 2687 4775 ﬁliabus
2717 4719 2992 4776 hominum
3041 4722 3422 4789 matrimonio,
3451 4738 3548 4780 seu

1955 4811 2131 4881 potius
2158 4825 2287 4867 vero
2312 4820 2523 4884 stupro,
2550 4811 2692 4869 haud
2726 4814 2894 4870 semel
2925 4814 3319 4885 disputavimus
3344 4830 3465 4872 cum
3492 4817 3548 4873 in

1955 4914 2135 4959 nostra
2170 4903 2238 4961 de
2262 4904 2524 4962 Lactantii
2552 4905 2816 4979 Operibus
2843 4906 3242 4976 dissertatione,
3273 4917 3383 4963 tum
3427 4909 3547 4966 aliis

1955 5000 2008 5055 in
2037 5000 2167 5056 locis
2201 5001 2271 5055 ibi
2310 5001 2576 5059 adnotatis
2605 5000 2627 5075 (
2655 5000 2926 5058 Dissertat.
2956 5001 3012 5057 in
3039 5000 3277 5058 Lactant.
3303 5017 3419 5075 cap.
3453 5003 3547 5074 20,

1955 5102 2053 5147 art.
2089 5094 2123 5148 5
2152 5102 2199 5148 et
2224 5095 2258 5148 Δ

2023 5186 2220 5254 Quinto
2248 5186 2459 5244 tandem
2481 5203 2545 5244 ac
2572 5197 2847 5259 postremo
2885 5187 3004 5245 loco
3024 5188 3425 5249 observandum
3452 5206 3547 5246 su-

1951 5287 2152 5351 perem,
2177 5276 2563 5336 Tertullianutu
2587 5280 2640 5335 in
2673 5280 3013 5353 Apologetico
3041 5282 3143 5337 ulla
3166 5283 3367 5356 absque
3388 5282 3549 5339 haesi-

1950 5376 2150 5432 tatione
2190 5390 2531 5432 asseverasse
2569 5390 2636 5439 ex
2664 5375 2879 5431 illorum
2910 5386 3282 5447 corruptorum
3313 5377 3550 5450 Angelo-

1949 5484 2067 5524 rum
2113 5483 2236 5525 cum
2270 5467 2486 5524 ﬁliabus
2526 5466 2804 5525 hominum
2842 5470 3135 5528 concubitu
3173 5481 3343 5526 ortam
3376 5469 3541 5526 fuisse

1951 5560 2337 5633 corruptiorem
2380 5567 2606 5631 gentem
2657 5559 2981 5618 dannonutn.
3033 5564 3103 5619 At
3148 5576 3254 5619 non
3309 5563 3546 5619 minores

1950 5655 2166 5729 quidem
2197 5654 2389 5722 iubae,
2414 5668 2575 5725 quam
2592 5653 2693 5711 alia
2721 5654 2789 5711 de
2812 5656 3135 5728 Angeiorum
3159 5672 3282 5713 cum
3308 5656 3546 5714 fmminis

1952 5747 2297 5804 matrimonio
2320 5744 2574 5815 opinione
2601 5744 2944 5804 difﬁcultates
2972 5757 3280 5807 occurrunt.
3312 5747 3419 5807 Eas
3448 5764 3542 5805 au-

1953 5846 2059 5897 tem
2089 5847 2304 5912 augent,
2326 5852 2446 5911 qme
2476 5835 2566 5894 ille
2602 5834 2669 5896 de
2692 5838 3003 5899 earumdem
3028 5839 3355 5911 daemonum,
3382 5850 3545 5914 atque
3584 5870 3587 5873 -
