4092 6352
267 269 374 328 875

1385 271 1840 332 DISSERTATIO
1878 210 2075 333 nte
2103 230 2428 335 nouanv.‘

3459 276 3568 340 επ

266 383 658 458 dispositiones.
671 391 727 442 et
756 384 1062 458 qualitates.
1089 383 1196 443 Sed
1227 383 1294 443 de
1322 383 1425 443 hoc
1451 387 1666 444 nomine
1688 386 1863 445 adhuc
1887 395 1944 455 Α
1967 390 2220 460 angelica:
2255 405 2355 446 nec
2393 389 2642 446 humanae
2679 403 2801 448 esse
2832 403 3040 463 parem,
3067 391 3160 450 sed
3195 394 3396 467 aliquid
3424 396 3570 454 inter

269 477 408 536 infra
445 479 674 537 articulo
697 481 964 550 sequenti.

341 570 479 641 Quid
509 587 660 640 vero,
689 571 834 644 quod
859 587 1021 644 supra
1047 570 1278 628 vidimus
1305 571 1442 645 (Art.
1459 573 1660 646 super.)
1688 572 1755 628 ab
1775 587 1868 629 eo-

269 663 393 722 dem
423 666 542 736 ipso
569 664 903 722 Tertulliauo
930 665 1134 722 diserte
1165 665 1493 738 pronuntiari
1523 675 1576 722 et
1599 664 1742 722 hunc
1764 665 1864 721 Sa-

270 766 487 826 tanam,
533 767 589 814 et
655 767 883 814 caeteros
930 760 1122 815 omnes
1169 759 1391 830 angelos
1430 774 1625 831 pravos
1674 759 1867 816 eodem

278 851 462 918 modo,
491 866 599 924 quo
646 861 701 909 et
729 852 901 910 bonos
936 863 1148 910 creatos
1187 851 1373 910 fuisse.
1402 853 1542 923 Quin
1568 854 1728 909 etiam
1759 857 1866 908 da:-

277 961 470 1013 mones,
502 945 674 1018 inquit
703 947 814 1013 ille,
848 960 1045 1018 negare
1089 961 1196 1002 non
1240 955 1464 1018 possunt
1501 963 1555 1002 se
1577 946 1867 1002 immundos

270 1039 485 1111 spiritus
529 1055 635 1095 esse
669 1037 1012 1111 (Tertullian.
1054 1038 1180 1094 ibid.
1207 1054 1322 1107 cap.
1349 1038 1447 1105 9.3,
1483 1055 1529 1093 c.
1563 1037 1719 1109 410).
1770 1037 1867 1094 De-

271 1131 434 1202 nique
473 1131 762 1186 maximam
796 1130 927 1186 dicit
970 1145 1092 1186 esse
1125 1130 1344 1187 illorum
1380 1129 1731 1186 subtilitatem
1753 1172 1769 1194 ,
1804 1144 1867 1186 ac

271 1222 608 1289 tenuitatem,
653 1222 745 1294 qui
797 1236 893 1278 sua
947 1221 1225 1279 alacritate
1278 1231 1559 1294 utramque
1610 1221 1868 1278 invadunt

272 1315 507 1372 hominis
534 1317 886 1372 substantiam
909 1357 924 1383 ,
952 1330 1060 1373 uno
1089 1328 1360 1373 momento
1390 1316 1588 1388 ubique
1633 1325 1778 1383 sunt,
1812 1325 1870 1373 et

272 1416 414 1464 totus
443 1417 706 1465 terrarum
757 1409 904 1464 orbis
955 1424 1093 1464 unus
1121 1409 1199 1464 eis
1244 1417 1329 1464 est
1381 1407 1550 1464 locus.
1603 1407 1869 1464 Praeterea

269 1499 576 1568 invisibiles,
625 1501 831 1572 inquit,
871 1510 920 1556 et
970 1500 1280 1556 insensibiles
1332 1499 1388 1554 in
1434 1501 1622 1573 effectu
1667 1500 1868 1570 potius,

269 1609 422 1665 quam
462 1594 517 1648 in
559 1604 678 1648 actu
737 1609 829 1648 suo
875 1601 1124 1664 apparent
1172 1590 1333 1664 (Ibid.
1361 1607 1478 1664 cap.
1523 1590 1867 1662 22.41.406).

269 1684 458 1742 Nonne
482 1694 660 1741 autem
685 1684 802 1741 haec
826 1685 1005 1740 omnia
1033 1684 1164 1740 satis
1187 1682 1472 1740 manifeste
1499 1683 1872 1740 demonstrant

1970 484 2265 553 utramqne'
2280 482 2546 550 medium;
2579 498 2683 538 non
2711 483 2834 540 inde
2871 494 3047 541 tamen
3087 488 3341 542 continuo
3379 487 3568 545 inferri

1970 574 2130 630 debet
2158 574 2309 630 illum
2356 589 2580 647 negasse
2624 576 2858 647 Angelos
2907 591 3029 634 esse
3075 577 3313 650 spiritus.
3337 578 3391 635 Si
3422 580 3568 651 quod

1969 665 2244 722 enimvero
2285 664 2622 722 daemonibus
2651 682 2847 738 corpus
2885 669 3154 736 attribuit,
3201 669 3329 726 illud
3379 681 3565 738 tantm,

1968 759 2110 816 sicut
2140 759 2391 827 vidimus,
2419 760 2688 815 tenuitatis
2716 769 2770 816 et
2802 761 3110 817 subtilitatis
3149 777 3270 818 esse
3308 763 3566 834 opinaba-

1971 860 2055 907 tur
2083 868 2183 924 qua
2227 852 2399 922 major
2442 852 2585 908 nulla
2627 868 2747 908 esse
2797 863 2992 924 potest.
3023 855 3340 912 Persuasum
3381 867 3563 914 autem

1970 941 2220 999 habuisse
2248 943 2458 999 videtur
2491 945 2914 1015 praestantiorem
2938 962 3058 1003 esse
3084 947 3345 1004 bonorum
3383 950 3568 1022 Ange-

1971 1036 2168 1106 lorum,
2211 1051 2369 1109 quam
2412 1037 2718 1094 d:emonum
2749 1041 3116 1106 naturam.~At
3159 1055 3287 1113 quo,
3338 1042 3566 1100 obsecro

1970 1139 2044 1196 te,
2071 1129 2229 1185 modo
2255 1131 2592 1201 przestantior
2623 1146 2746 1188 esse
2787 1142 2980 1202 potest,
3021 1132 3119 1188 nisi
3157 1133 3274 1190 haec
3301 1133 3370 1190 sit
3414 1151 3566 1192 mere

1969 1223 2246 1293 spiritalis,
2278 1223 2520 1294 nihilque
2560 1238 2778 1294 prorsus
2810 1224 3055 1295 corporei
3091 1224 3324 1280 habeat?
3365 1225 3565 1292 Quanti

1971 1329 2098 1371 vero
2118 1313 2181 1368 ad
2211 1312 2278 1368 'id
2315 1314 2644 1385 probandum
2690 1314 2938 1385 ponderis
2967 1317 3074 1370 sint
3100 1330 3183 1384 ea,
3215 1333 3335 1388 quae
3378 1316 3565 1375 hacte-

1971 1420 2072 1460 nus
2102 1404 2404 1472 retulimus,
2431 1416 2766 1477 argumenta,
2793 1408 2909 1462 aliis
2929 1406 3275 1476 judicandum
3305 1409 3566 1479 relinqui-

1973 1512 2113 1552 mus.
2134 1496 2305 1553 Nemo
2341 1506 2554 1564 autem,
2593 1498 2695 1554 nisi
2738 1497 2894 1568 plane
2933 1497 3188 1567 fallimur,
3219 1499 3426 1557 inficias
3471 1502 3570 1557 ibit

1973 1592 2020 1649 si
2045 1594 2164 1665 quis
2205 1594 2255 1648 in
2293 1593 2376 1650 his
2411 1595 2661 1651 omnibtts
2690 1602 2841 1650 crror
2879 1595 2950 1651 sit
2972 1594 3328 1662 ‘Tertulliani,
3360 1596 3569 1653 nullum

1973 1701 2040 1743 eo
2069 1703 2186 1744 esse
2214 1687 2470 1760 pejorem,
2503 1704 2608 1759 quo
2633 1702 2916 1759 pravorum
2947 1688 3256 1760 angelorum
3283 1704 3403 1745 cum
3430 1689 3569 1747 lilia-

270 1776 600 1834 Tertulliano
645 1790 960 1850 persuasum
1006 1776 1172 1833 fuisse
1209 1775 1428 1848 angelos
1477 1774 1649 1830 malos
1675 1786 1728 1832 et
1756 1775 1866 1830 εἰςε-
1897 1791 1946 1853 Β
1976 1777 2073 1834 bus
2119 1780 2393 1835 hominum
2423 1781 2762 1836 concubitum
2785 1823 2799 1848 ,
2831 1789 2992 1852 atque
3027 1795 3093 1837 ex
3118 1781 3210 1837 illo
3237 1783 3569 1852 procreatio-

272 1886 458 1928 mones
507 1886 615 1928 non
654 1868 831 1927 minus
867 1884 1029 1941 quam
1070 1868 1241 1925 bonos
1280 1866 1519 1940 angelos,
1549 1865 1716 1924 fuisse
1759 1867 1867 1938 spi-

270 1962 444 2021 ritus?
621 2017 634 2024 ,

343 2053 543 2113 Verum
598 2054 723 2113 huic
764 2055 1045 2112 sententia:
1090 2052 1222 2111 illud
1278 2067 1580 2126 repugnare
1624 2051 1867 2119 videtur,

271 2150 416 2223 quod
436 2163 595 2222 supra
621 2149 691 2205 ab
717 2150 833 2221 ipso
860 2148 1111 2204 traditum
1151 2147 1648 2215 animadvertimus,
1678 2161 1872 2219 pravos

273 2243 493 2316 angelos
519 2257 640 2301 sese
666 2241 874 2299 nefario
902 2242 1156 2314 polluisse
1194 2239 1534 2298 heminarum
1560 2238 1870 2308 concubitu,

274 2354 381 2411 quo
407 2337 683 2394 daemones
705 2347 1027 2409 genuerunt.
1058 2334 1168 2392 Sed
1195 2333 1520 2407 respondere
1548 2335 1667 2406 quis
1695 2342 1876 2405 posset

275 2425 479 2490 abillis
504 2433 704 2504 pravis,
729 2429 1179 2503 quemadmodum
1223 2446 1255 2486 a
1293 2429 1448 2485 bonis
1492 2428 1732 2500 Angelis,
1784 2441 1874 2482 as-

275 2533 567 2595 sumptam,
591 2525 732 2579 sicut
757 2507 918 2594 paulo
944 2531 1067 2577 ante
1090 2520 1420 2587 dicebamus,
1452 2519 1726 2574 hominum
1754 2533 1876 2574 car-

280 2632 427 2684 nem,
457 2633 558 2687 qua
590 2625 876 2686 potuerunt
901 2630 1022 2684 cum
1055 2613 1364 2670 mulieribus
1390 2610 1749 2669 commisceri.
1771 2609 1878 2668 Ve-

281 2723 402 2766 rum
427 2718 614 2765 eontra
641 2707 778 2763 alius
812 2710 991 2763 statim
1020 2715 1209 2778 arguet
1234 2706 1565 2778 probandum
1593 2719 1712 2761 esse
1737 2703 1880 2760 unde

281 2804 432 2875 pravi
480 2803 670 2875 Angeli
715 2802 1004 2858 humanam
1057 2816 1272 2857 carnem
1301 2800 1366 2856 ad
1413 2808 1624 2870 tempus
1665 2797 1880 2870 aliquod

283 2879 927 2966 smnpserinthnamvis
976 2892 1120 2948 enim
1160 2889 1522 2973 Tertulliauus
1566 2905 1684 2947 eam
1724 2888 1884 2946 bonis

282 2987 501 3060 Angelis
544 3003 574 3042 a
621 2987 732 3044 Deo
782 2987 962 3042 datam
1008 3000 1114 3040 non
1163 2983 1355 3052 semel,
1403 2993 1462 3039 ut
1487 2983 1880 3060 annotavimus,

285 3089 471 3152 aperte
501 3079 843 3151 pronuntiet;
871 3093 1028 3134 nemo
1073 3087 1250 3133 tamen
1283 3077 1510 3148 probare
1540 3084 1716 3146 potest
1740 3075 1883 3130 illam

1976 1885 2100 1927 nem
2129 1871 2432 1927 daemonum
2469 1871 2738 1942 explicare
2785 1871 2992 1927 nititur.
3037 1872 3141 1928 Sed
3169 1872 3319 1939 vide,
3353 1888 3570 1945 quaeso,

1975 1977 2097 2033 qua!
2126 1961 2192 2016 de
2224 1961 2307 2017 his
2339 1962 2391 2018 in
2429 1964 2706 2033 superiore
2730 1962 3106 2018 dissertatione
3138 1962 3406 2034 disputata
3449 1974 3576 2019 sunt

1951 2052 2280 2122 (Dissertat.
2328 2055 2381 2109 in
2428 2051 2666 2112 Lactant.
2708 2071 2826 2125 cap.
2866 2053 2958 2120 20,
3000 2063 3102 2112 art.
3145 2055 3241 2127 5),
3289 2065 3347 2112 et
3391 2064 3574 2113 utrum

1976 2145 2102 2202 inde
2127 2147 2244 2218 ejus
2270 2147 2450 2219 opinio
2479 2147 2546 2203 ad
2579 2149 2814 2210 veritatis
2850 2148 3062 2220 regulas
3103 2149 3271 2222 possit
3290 2149 3496 2206 reduci.

2046 2237 2216 2294 Nemo
2245 2249 2422 2296 autem
2453 2238 2715 2295 dubitabit
2754 2239 2855 2296 hoc
2881 2255 3064 2296 verum
3090 2256 3230 2308 esse,
3248 2242 3391 2313 quod
3419 2251 3572 2312 post-

1977 2345 2040 2386 ea
2066 2331 2135 2388 de
2161 2331 2357 2388 Satana
2386 2340 2440 2388 et
2464 2332 2798 2402 dcemonibus
2845 2342 3082 2390 enarrat.
3111 2333 3338 2389 Satanas
3380 2344 3570 2404 noster,

1979 2422 2182 2494 inquit,
2208 2427 2269 2480 ob
2294 2425 2583 2491 divortium,
2613 2440 2643 2479 a
2668 2425 2776 2479 Deo
2802 2424 3067 2491 videlicet,
3101 2434 3156 2482 et
3174 2441 3328 2481 suum
3350 2426 3421 2482 ob
3446 2442 3577 2496 pec-

1979 2529 2158 2574 catum
2187 2517 2420 2580 wnmlus,
2454 2518 2567 2573 sive
2592 2517 2760 2572 hostis
2784 2527 2841 2573 et
2879 2517 3145 2585 inimicus,
3176 2525 3222 2572 et
3242 2519 3304 2572 ob
3333 2517 3429 2572 Dei
3443 2535 3575 2590 egra-

1980 2614 2106 2668 tiam
2135 2611 2450 2668 Christianis
2487 2625 2800 2668 concessam
2832 2611 3064 2679 invidus,
3103 2625 3317 2681 semper
3353 2620 3578 2668 conatus

1981 2719 2066 2768 est
2089 2709 2287 2765 occulta
2316 2710 2648 2783 inspiratione
2691 2709 2977 2781 gentilibus
3009 2709 3315 2766 subornatis
3339 2726 3578 2782 «persua-

1983 2804 2133 2874 dere,
2165 2813 2220 2859 ut
2241 2803 2362 2858 illos
2389 2805 2536 2859 omni
2560 2804 2891 2859 eruciatuum
2921 2817 3120 2872 genere
3141 2813 3385 2858 avertant
3411 2819 3442 2859 a
3465 2805 3580 2859 veri

1984 2894 2079 2952 Dei
2105 2895 2272 2963 cultu,
2304 2903 2359 2950 et
2379 2893 2448 2950 ad
2470 2893 2634 2950 falsos
2659 2894 2791 2950 deos
2817 2893 3072 2949 colendos
3091 2895 3415 2966 compellant
3436 2893 3582 2963 (Ter-

1987 2988 2191 3043 tullian.
2253 2987 2380 3042 ibid.
2422 3003 2540 3058 cap.
2580 2984 2674 3052 27,
2701 3003 2758 3057 p.
2811 2985 2964 3058 452).
3015 2985 3149 3040 Nam
3189 2987 3314 3042 licet
3354 2987 3581 3058 subjecta

1985 3080 2051 3136 sit
2073 3080 2215 3135 nobis
2241 3089 2346 3134 tota
2369 3078 2442 3134 vis
2469 3078 2778 3144 dwmonum,
2808 3087 2859 3134 et
2887 3078 3137 3150 ejusmodi
3177 3080 3383 3151 spiritus
3411 3078 3576 3150 (Ibid.

284 3173 530 3230 similiter
569 3173 638 3230 ab
681 3172 774 3230 illo
803 3171 963 3229 tribui
1013 3171 1191 3243 pravis
1243 3168 1480 3242 Angelis,
1530 3179 1592 3224 ut
1629 3167 1884 3225 mulieres
1910 3185 1955 3250 ρ
1988 3191 2036 3229 c.
2062 3174 2228 3244 455),
2259 3172 2309 3228 id
2331 3180 2436 3240 est,
2461 3172 2766 3229 Satanan...
2793 3170 3173 3228 Verumtamen
3204 3173 3309 3227 vice
3335 3171 3585 3228 rebellan-

284 3273 712 3337 constuprarent.

359 3359 466 3416 Fac
507 3370 683 3415 tamen
721 3357 841 3414 illos
883 3371 1098 3429 quoquo
1142 3354 1357 3412 tandem
1406 3353 1569 3411 modo
1612 3353 1724 3409 sive
1771 3352 1884 3409 suis

287 3453 592 3527 prmstigiis,
621 3453 734 3509 sive
769 3451 889 3508 aliis
929 3449 1174 3507 nefandis
1226 3448 1430 3506 artibus
1462 3462 1580 3504 eam
1625 3445 1882 3515 induisse,

291 3546 466 3618 major
487 3560 616 3602 sane
636 3551 883 3616 superest
909 3543 978 3600 de
1015 3542 1349 3599 dzemonibus
1375 3540 1684 3596 difﬁcultas.
1721 3539 1885 3609 Cujus

290 3641 433 3696 enim
460 3639 672 3711 generis
699 3637 921 3710 spiritus
948 3636 1003 3693 hi
1026 3636 1300 3693 daemones
1329 3649 1448 3691 esse
1475 3642 1718 3706 possunt,
1749 3647 1888 3704 quos

291 3729 652 3787 Tertullianus
694 3728 903 3786 nefasto
941 3729 1282 3799 innuptarum
1327 3726 1593 3798 virginum
1639 3725 1888 3795 conjugio

292 3835 440 3880 Ortos
468 3824 794 3880 arbitratur?
820 3821 1100 3890 Quomodo
1126 3821 1279 3878 exiis
1304 3820 1572 3892 procreari
1603 3827 1890 3890 potuerunt

292 3917 604 3973 substantia:
647 3917 1000 3984 tenuissimae,
1028 3915 1412 3979 subtilissima},
1445 3913 1762 3980 invisibiles,
1791 3931 1888 3971 vo-

292 4007 499 4064 lucrum
562 4018 878 4080 superantes
943 4008 1350 4079 pernicitatem,
1405 4012 1526 4079 quae
1595 4007 1893 4076 pervadunt

293 4117 489 4175 corpus
530 4111 584 4159 et
627 4103 858 4158 animam
903 4102 1200 4170 hominum,
1230 4116 1442 4172 unoque
1481 4110 1756 4156 momento
1781 4100 1894 4156 ubi-

293 4209 401 4264 que
434 4192 595 4250 sunt?
624 4191 818 4264 Negari
858 4203 1005 4250 certe
1029 4208 1135 4249 non
1179 4203 1352 4264 pote5t
1386 4192 1500 4248 hinc
1531 4192 1761 4248 maxima
1791 4191 1892 4248 ob-

296 4286 552 4342 scuritate
591 4287 810 4342 involvi.
840 4286 896 4342 Si
943 4286 1068 4356 quid
1113 4286 1257 4342 enim
1300 4284 1661 4341 Tertullianus
1688 4283 1892 4340 daemo-

298 4395 426 4434 num
457 4393 652 4451 corpus
688 4393 810 4436 esse
837 4379 1180 4446 existimavit,
1209 4378 1339 4433 illud
1381 4378 1567 4448 procul
1604 4375 1768 4433 dubio
1796 4393 1897 4433 nec

299 4473 615 4539 humanum,
642 4487 740 4528 nec
764 4471 995 4526 humana
1024 4473 1186 4541 figura
1229 4470 1468 4527 effictum
1503 4486 1625 4528 esse
1665 4472 1894 4528 censuit.

1986 3268 2111 3323 tium
2137 3265 2503 3339 ergastulorum
2521 3307 2538 3333 ,
2561 3267 2638 3321 uel
2667 3265 3023 3333 metallorum,
3051 3265 3128 3321 vel
3157 3266 3251 3320 hoc
3279 3283 3435 3338 genus
3466 3283 3579 3338 pa:-

1987 3360 2120 3415 nalis
2168 3358 2419 3414 servitutis
2463 3366 2735 3430 erumpunt
2782 3360 3051 3412 adversum
3099 3373 3189 3412 nos
3225 3357 3581 3426 Christianos,

1987 3453 2091 3508 hoc
2113 3461 2212 3517 cst,
2246 3461 2532 3520 erumpunt
2558 3451 2609 3505 in
2635 3464 2825 3509 eorum
2849 3448 3270 3516 similitudinem,
3313 3449 3403 3521 qui
3433 3465 3586 3523 erga-

1987 3545 2142 3602 stulis
2170 3560 2234 3600 ac
2259 3543 2566 3600 carceribus
2609 3541 2817 3607 inclusi,
2853 3549 2944 3596 aut
2968 3538 3285 3597 ellodiendis
3311 3542 3542 3598 metallis
3562 3583 3580 3609 ,

1988 3648 2080 3694 aut
2107 3637 2214 3693 alio
2234 3637 2414 3708 aliquo
2446 3633 2674 3708 ptenalis
2696 3634 2973 3690 servitutis
2998 3648 3196 3706 genere
3217 3633 3475 3698 damnati,
3499 3635 3588 3691 do-

1990 3733 2149 3789 minis
2191 3731 2460 3787 ohsistunt
2501 3743 2565 3785 ac
2599 3737 2919 3800 repugnant.
2951 3725 3098 3796 Quos
3119 3736 3296 3783 autem
3333 3727 3481 3798 pravi
3510 3728 3590 3782 illi

1990 3830 2264 3888 daemones
2296 3831 2365 3887 ad
2401 3845 2555 3888 suum
2592 3827 2956 3899 falsorumque
2992 3826 3214 3882 deorum
3243 3825 3445 3880 cultum
3472 3825 3591 3880 vio-

1992 3922 2151 3978 lentia
2178 3932 2233 3979 et
2270 3932 2473 3978 armata
2503 3936 2663 3978 manu
2688 3919 2959 3974 adducere
2986 3917 3299 3988 nequibant,
3325 3917 3446 3972 illos
3473 3917 3590 3986 qui-

1993 4013 2222 4073 buslihet
2246 4016 2364 4072 aliis
2389 4015 2668 4082 machinis,
2701 4012 2943 4074 fallaciis.
2975 4012 3144 4078 dolis,
3173 4011 3433 4082 malisque
3455 4011 3592 4065 arti-

1995 4108 2094 4166 bus
2131 4109 2427 4166 subornare
2454 4107 2830 4165 moliebantur.
2862 4105 2970 4162 Sed
3012 4120 3132 4176 qua:
3163 4104 3229 4160 de
3259 4104 3363 4160 illis
3394 4104 3595 4160 Auctor

1996 4209 2181 4258 noster
2209 4200 2443 4267 tradidit,
2472 4199 2632 4272 paulo
2657 4197 2824 4255 fusius
2849 4195 3178 4254 enucleanda
3201 4203 3344 4251 sunt.

2598 4372 2787 4415 ARTICU
2799 4371 2897 4415 LUS
2926 4372 3000 4413 111.

2005 4496 2268 4566 Quomodo
2301 4494 2655 4552 Tertullianus
2697 4494 2928 4551 ostendat
2958 4494 3227 4561 nonnulla,
3268 4509 3383 4565 qua:
3407 4491 3598 4548 ethnici

301 4564 436 4630 Quid
462 4562 624 4634 ergo?
652 4561 917 4658 Numquid
963 4563 1178 4658 putabat
1206 4562 1448 4658 quatdam
1478 4577 1599 4619 esse
1633 4573 1893 4658 monstra.
1921 4587 1977 4648 D
2010 4561 2045 4566 ﬁ
2072 4588 2170 4642 diis
2193 4587 2300 4642 suis
2334 4597 2573 4658 tanquam
2602 4601 2720 4640 vera
2757 4586 3006 4641 miracula
3045 4561 3415 4651 adscribebant,
3457 4584 3597 4655 facta

299 4671 420 4728 quae
449 4671 548 4711 nec
576 4654 749 4726 angeli
779 4664 903 4709 sunt
942 4668 1041 4710 nec
1077 4653 1358 4710 homines?
1385 4657 1453 4710 At
1479 4668 1657 4710 nonne
1695 4653 1798 4709 hoc
1821 4654 1900 4725 ip-

300 4765 422 4806 sum
450 4747 697 4803 absurda:
723 4746 992 4817 opinionis
1032 4757 1327 4802 monstrum
1369 4746 1490 4832 est!
1515 4745 1898 4802 Verumtamen

302 4843 429 4900 inde
459 4841 790 4908 Lactantius,
815 4850 871 4896 ut
896 4856 993 4896 suo
1022 4842 1140 4897 loco
1161 4840 1634 4898 animadvertimus
1660 4841 1897 4913 (Dissert.

302 4936 356 4990 in
385 4935 622 4991 Lactant.
667 4951 784 5006 cap.
820 4935 924 4999 20,
954 4944 1055 4990 art.
1081 4934 1162 5007 4),
1195 4933 1404 4990 videtur
1443 4950 1593 4991 suam
1636 4935 1900 4992 delibasse

305 5029 637 5099 Opinionem,
667 5045 770 5100 qua
800 5029 958 5085 docet
983 5027 1212 5084 mediam
1247 5027 1530 5099 quamdam
1558 5042 1678 5084 esse
1696 5027 1904 5084 daemo-

307 5135 436 5176 num
459 5120 598 5176 inter
621 5121 837 5191 angelos
862 5130 918 5176 et
947 5120 1194 5175 homines
1233 5130 1500 5176 naturam.
1531 5119 1728 5176 Verum
1771 5119 1905 5176 Ter-

311 5213 562 5268 tulliauus
591 5213 642 5267 in
669 5227 770 5268 suo
809 5213 1000 5270 saltem
1043 5213 1391 5283 Apologetico
1417 5212 1546 5267 illud
1582 5228 1682 5268 nec
1722 5222 1910 5282 aperte

309 5307 552 5374 omnino,
609 5321 709 5361 nec
750 5306 994 5363 absolute
1035 5305 1299 5370 definivit,
1335 5306 1431 5362 sed
1471 5321 1589 5362 eam
1638 5321 1758 5362 esse
1797 5321 1913 5378 qua:

311 5398 453 5472 apud
479 5408 680 5454 sanctas
709 5400 902 5456 litteras
939 5400 1117 5455 ordine
1143 5399 1468 5472 cognoscitur
1493 5397 1738 5472 (Tertull.
1772 5400 1911 5471 Apo-

312 5495 490 5568 loget.,
517 5512 634 5566 cap.
659 5493 766 5561 22,
799 5511 846 5549 c.
879 5493 1038 5565 405).
1069 5492 1281 5563 Optime
1323 5493 1562 5564 quidem,
1599 5493 1645 5549 si
1704 5495 1755 5548 in
1796 5492 1916 5548 aliis

313 5586 465 5642 libris
501 5586 637 5642 intra
665 5585 828 5642 hosce
873 5601 1014 5642 vera:
1052 5584 1314 5642 doctrinas
1350 5584 1547 5642 limites
1592 5599 1712 5643 sese
1747 5583 1917 5641 conti-

316 5685 542 5741 nuisset.

386 5777 676 5843 Cteterum,
701 5776 804 5834 etsi
833 5775 1080 5848 opinatus
1103 5775 1172 5832 sit
1215 5782 1457 5833 naturam
1485 5773 1790 5833 dmmonum
1818 5786 1918 5829 nec

597 5865 1035 5930 Taurorum!
1099 5866 1152 5929 ῐ.

2076 4679 2232 4752 fuisse
2259 4680 2548 4734 dtemonum
2573 4679 2766 4734 artibus
2789 4695 2852 4733 ac
2881 4677 3169 4749 prtestigiis.

2074 4839 2292 4896 Multam
2321 4851 2474 4907 sane,
2502 4853 2602 4895 nec
2625 4837 2895 4894 immerito
2927 4834 3141 4908 quidem
3169 4833 3290 4906 jure
3316 4832 3602 4889 Tertullia-

2006 4950 2107 4992 nus
2132 4947 2350 5006 operam
2371 4933 2638 4988 consumit
2675 4933 2728 4987 in
2775 4928 3090 5000 explicanda
3134 4943 3199 4984 ac
3237 4925 3603 4999 patefacienda

2008 5029 2334 5094 daemonum,
2373 5037 2432 5082 ut
2468 5027 2581 5099 ipse
2605 5025 2698 5092 ait,
2726 5024 3018 5097 operatione
3052 5021 3378 5096 (Tertullian.
3414 5022 3604 5093 Apolo-

2011 5132 2111 5195 get.
2149 5137 2266 5191 cap.
2293 5118 2387 5187 ΞΩ,
2420 5135 2467 5174 c.
2499 5118 2652 5191 405),
2679 5117 2794 5173 sive
2819 5115 3116 5180 machinis,
3157 5114 3474 5184 praestigiis,
3506 5113 3606 5170 do-

2013 5205 2098 5279 lis,
2129 5211 2376 5276 fallaciis,
2405 5218 2459 5265 et
2473 5210 2591 5266 aliis
2621 5208 2776 5265 malis
2799 5207 3025 5273 artibus,
3055 5207 3249 5278 quibus
3281 5205 3411 5262 falsa
3447 5205 3610 5261 mira-

2014 5308 2154 5375 cnla,
2178 5303 2417 5374 oracula,
2439 5303 2647 5373 aliaque
2670 5302 2821 5375 plura
2849 5309 3000 5358 extra
3033 5302 3248 5357 solitum
3289 5310 3494 5357 natura:
3518 5315 3611 5356 or-

2015 5399 2196 5458 dinem
2221 5398 2382 5454 edere
2415 5395 2750 5453 videbantur.
2780 5393 2990 5449 Ethnici
3022 5392 3284 5464 siquidem
3318 5408 3380 5448 ea
3410 5391 3613 5458 omnia,

2019 5507 2138 5564 qua:
2160 5507 2284 5548 vera
2311 5504 2431 5545 esse
2454 5488 2826 5560 opinabantur,
2850 5484 3074 5543 deorum
3097 5501 3317 5541 suorum
3347 5485 3623 5542 adscribe-

2020 5586 2149 5643 bant
2191 5582 2467 5655 potentim,
2495 5590 2653 5651 atque
2697 5578 2822 5633 inde
2867 5577 3257 5634 concludebant
3295 5592 3452 5632 veros
3501 5591 3624 5633 esse

2021 5675 2154 5732 deos
2201 5689 2348 5735 suos.
2380 5686 2668 5744 veramque
2704 5684 2856 5726 suam
2894 5670 3229 5739 religionem.
3263 5667 3626 5724 Tertullianus

2022 5769 2200 5840 itaque
2223 5765 2323 5822 hoc
2351 5764 2597 5821 ultimum
2621 5777 2806 5820 eorum
2833 5761 3287 5830 propugnaculum
3316 5760 3512 5832 duplici
3542 5776 3632 5817 ar.

2644 5851 3098 5936 (Vingt-huit.)
