4082 6356
515 280 623 339 875

1582 277 1653 335 lN
1690 273 2155 337 mammam
2189 262 2723 337 Apowcs'rtcuu

3700 279 3796 339 εις
3848 248 3855 254 ’

515 406 770 470 gumento
803 404 1056 468 tanquam
1081 393 1281 466 duplici
1311 393 1478 449 ariete
1505 393 1742 449 concutit
1772 392 2116 463 funditusque
2143 393 2193 454 Α
2223 396 2542 465 permulsisse
2566 395 2760 461 malas;
2790 403 2844 450 ut
2881 411 2909 450 e
2943 393 3089 467 nigro
3111 393 3323 450 rutilum
3366 393 3559 467 wrique
3604 398 3793 453 assimi-

517 493 727 549 evertit.
751 491 985 547 Primum
1006 490 1148 544 enim
1170 488 1403 554 ostendit
1426 478 1847 545 extraordinaria
1870 489 1957 542 illa
1978 486 2114 543 facta

525 602 633 643 non
659 585 728 640 ab
758 585 965 641 illorum
986 584 1108 649 diis,
1147 584 1220 638 uti
1253 583 1539 653 putabant,
1564 580 1660 638 sed
1705 582 1978 652 perversis
2007 581 2116 636 dm-

516 698 736 738 monum
764 681 967 737 artibus
996 679 1138 736 edita
1164 678 1348 735 fuisse.
1374 674 1579 734 Deinde
1610 692 1734 732 vero
1760 676 1976 732 eosdem
2007 674 2113 731 dae—

511 788 702 830 mones
737 786 770 828 a
804 771 1123 827 Christianis
1167 770 1468 843 adjuratos,
1504 770 1677 840 palam
1717 767 1959 825 confiteri
2002 767 2115 823 lucc

510 880 632 921 non
655 864 723 920 ab
748 863 868 919 aliis
888 874 1004 918 aeta
1036 877 1180 930 esse,
1207 878 1368 933 quam
1402 861 1724 932 semetipsis,
1757 860 1847 931 qui
1886 874 1989 915 non
2016 859 2111 926 dii,

517 956 613 1027 sed
641 956 917 1013 daemones
947 966 1149 1012 tantum
1176 963 1349 1012 erant.

584 1048 667 1106 Ad
692 1049 915 1121 primam
939 1065 1075 1109 vero~
1094 1047 1512 1121 propositionem
1532 1045 1732 1102 clarius
1747 1044 2115 1102 demonstran-

516 1144 641 1200 dam
684 1120 774 1200 ille
814 1158 911 1214 pro
940 1153 1088 1200 certo
1117 1120 1296 1214 posuit
1326 1140 1513 1214 (Ibid)
1537 1140 1679 1212 quod
1720 1155 1915 1211 negare
1954 1155 2114 1198 nemo

510 1241 710 1307 potest,
763 1234 1066 1290 daemonum
1116 1232 1493 1297 substantiam,
1546 1232 1685 1286 sicut
1740 1232 1792 1287 in
1846 1229 2113 1301 superiori

512 1328 737 1383 articulo
787 1325 1048 1389 vidimus,
1082 1339 1187 1379 non
1227 1323 1402 1379 solum
1452 1336 1573 1378 esse
1617 1321 2020 1377 subtilissitnam
2052 1334 2115 1376 ac

508 1422 899 1485 tenuissimam,
927 1417 1020 1474 sed
1058 1418 1200 1474 vires
1224 1417 1385 1473 etiam
1426 1430 1613 1473 eorum
1652 1414 1941 1485 spiritales,
1965 1429 2115 1469 sunt-

510 1528 763 1584 mamque
787 1512 1134 1575 alacritatem,
1163 1525 1265 1581 qua
1296 1524 1407 1565 uno
1432 1517 1707 1565 momento
1737 1507 1933 1578 ubique
1966 1520 2109 1574 esse,

510 1620 575 1661 ac
605 1604 812 1675 singula
859 1617 1117 1673 quaeque,
1159 1610 1213 1656 et
1250 1600 1422 1672 ipsam
1472 1599 1707 1656 hominis
1756 1598 2112 1654 substantiam

512 1696 809 1768 pervadere
851 1702 1092 1766 possunt.
1131 1693 1312 1765 itaque
1354 1708 1475 1748 cum
1508 1693 1579 1747 ita
1612 1691 1826 1747 formati
1853 1691 1994 1756 sint,
2021 1705 2112 1745 eo-

2220 488 2317 541 lem
2343 488 2587 557 capillum
2615 489 2899 543 redderent.
2929 489 3080 558 Quod
3103 489 3301 560 insigne
3326 491 3531 554 mansit,
3563 500 3609 545 et
3634 491 3684 545 in
3711 509 3794 562 po-

2218 583 2363 637 steris
2391 582 2522 650 ejus,
2550 597 2610 636 ac
2658 599 2844 651 magna
2885 598 3007 652 pars
3033 582 3193 637 rutila
3234 582 3390 637 barba
3431 582 3796 656 fuerunt(Sue-

2217 684 2323 730 ton.
2356 675 2409 728 in
2453 676 2539 730 vit.
2589 673 2783 730 Neron.
2813 673 2840 748 ᾗ
2876 676 2953 747 1).
2988 676 3052 731 Et
3100 674 3153 730 id
3202 676 3417 746 quidem
3461 693 3490 732 a
3528 676 3797 737 Plutarcho

2216 766 2564 822 conﬁrmatur
2619 765 2913 838 (Plutarch.
2961 769 3013 822 in
3064 768 3155 822 ait.
3204 766 3361 822 Pauli
3391 765 3576 822 rEmil.
3621 778 3736 822 tom.
3757 768 3797 835 l,

2215 876 2270 930 ρ.
2300 859 2454 932 268).
2486 858 2780 931 lnrufatam
2806 862 2966 931 igitur
3005 861 3223 917 barbam
3268 860 3405 917 dixit
3430 860 3803 928 Tertullianus,

2146 986 2167 995 ρ
2217 954 2338 1023 quia
2370 968 2435 1009 ex
2473 954 2627 1023 nigro
2673 953 2855 1009 colore
2894 954 2945 1008 iu
3001 953 3221 1009 rubrum
3265 969 3523 1010 conversa
3574 952 3687 1008 fuit.
3736 954 3807 1010 At

2216 1045 2494 1115 brevitatis
2536 1060 2698 1101 causa
2739 1046 2874 1102 hanc
2901 1047 2989 1101 ille
3039 1047 3410 1102 tantummodo
3456 1047 3685 1103 subitam
3710 1048 3817 1104 mir

2217 1154 2441 1210 rantque
2478 1138 2658 1195 barbae
2695 1133 3104 1196 conversibnem
3147 1133 3573 1212 memoratfqua
3599 1140 3798 1212 quidem

2224 1232 2328 1288 alia
2353 1247 2590 1303 quoque,
2619 1248 2739 1304 qua:
2774 1232 2973 1290 ethnici
3002 1232 3367 1313 venditabant,
3399 1234 3656 1289 miracula
3684 1235 3799 1297 satis

2216 1336 2403 1398 aperte
2423 1326 2857 1398 designabantur.
3786 1320 3789 1321 7

2287 1420 2662 1492 Spiritualibus
2691 1431 2871 1478 autem
2900 1421 3203 1478 daemonum
3233 1422 3483 1494 ingeniis,
3510 1422 3726 1488 viribus,
3750 1430 3802 1479 et

2217 1514 2441 1571 fallaciis
2496 1512 2611 1570 haec
2659 1514 2795 1570 facta
2845 1531 2967 1572 esse
3006 1516 3289 1572 adseverat
3338 1515 3668 1592 (Tertullian.
3705 1501 3797 1592 loc.
3858 1570 3861 1573 .

2215 1605 2352 1679 cit),
2380 1606 2832 1678 quemadmodum
2871 1618 2924 1663 et
2967 1625 3175 1670 navem,
3219 1609 3294 1663 uti
3349 1609 3525 1664 adhuc
3564 1589 3636 1663 ait
3660 1651 3677 1676 ,
3703 1589 3801 1663 cin-

2215 1700 2335 1769 gulo
2378 1706 2683 1769 promotam,
2720 1716 2750 1753 a
2796 1697 3015 1756 Claudia
3060 1700 3312 1755 nimirum
3336 1698 3538 1757 Vestali
3588 1701 3798 1772 virgine,

512 1803 654 1856 rum,
695 1789 771 1843 ait
807 1786 1167 1843 Tertullianus
1187 1827 1202 1852 ,
1235 1786 1431 1840 malitia
1469 1784 1716 1855 spiritalis
1764 1799 1797 1837 a
1830 1782 2109 1854 primordio
2136 1788 2186 1850 B
2214 1794 2272 1844 ut
2296 1789 2422 1845 alibi
2443 1789 2555 1860 jam
2594 1790 3074 1847 animadvertimus
3096 1790 3341 1861 (Dissert.
3376 1791 3430 1845 in
3473 1789 3664 1846 Minut.
3692 1807 3799 1863 cap.

509 1882 691 1937 mundi
717 1880 982 1947 austricata
1023 1891 1095 1934 est
1119 1882 1174 1934 in
1203 1876 1422 1935 hominis
1450 1879 1661 1940 exitium
1694 1878 1912 1951 (Ibid);
1940 1892 2109 1947 quau-

508 1975 578 2029 tlo
601 1974 809 2029 scilicet
838 1972 1004 2027 Evam
1029 1981 1084 2027 et
1113 1971 1401 2038 Adamum,
1427 1970 1631 2026 felicem
1659 1970 1715 2026 in
1741 1970 1977 2026 terrestri
2012 1968 2111 2025 Pa-

504 2068 685 2126 radiso
725 2071 885 2125 vitam
917 2076 1135 2140 agentes
1163 2068 1394 2136 decepit.
1427 2066 1624 2121 Eadem
1657 2080 1869 2136 quoque
1895 2064 2109 2137 itnalitia

503 2173 730 2233 caeteros
758 2161 1002 2217 homines
1031 2163 1081 2216 in
1133 2159 1395 2225 errorem,
1425 2167 1481 2215 et
1508 2158 1761 2230 quislibet
1787 2158 2014 2223 scelera,
2045 2170 2110 2211 ac

505 2256 843 2328 potissimum
876 2256 926 2308 in
955 2252 1336 2317 idololatriam,
1364 2252 1727 2322 falsorumque
1753 2250 1976 2307 deorum
2021 2264 2113 2305 no-

505 2349 671 2415 mine,
706 2349 759 2403 in
788 2348 871 2404 sui
903 2347 1102 2403 cultum
1133 2344 1390 2401 inducere
1416 2344 1783 2399 eonnituntur.

579 2442 660 2497 Ab
682 2442 746 2496 iis
768 2449 944 2495 autem
966 2482 981 2504 ,
1011 2453 1129 2510 quae
1159 2437 1264 2493 diis
1290 2437 1401 2491 suis
1431 2435 1628 2491 ethnici
1660 2434 1967 2490 tribuebant
2009 2435 2109 2488 mi-

504 2533 711 2600 racula,
756 2544 815 2588 ut
864 2531 1157 2598 ordiamur,
1192 2531 1307 2585 haec
1341 2545 1370 2584 a
1401 2528 1735 2585 daemonibus
1776 2528 1913 2583 facta
1944 2527 2109 2584 fuisse

504 2636 690 2683 auctor
721 2635 907 2682 noster
934 2628 1013 2680 sic
1042 2623 1396 2680 demonstrat.
1428 2619 1639 2687 Tantis,
1670 2622 1874 2692 inquit,
1906 2621 2108 2675 viribus

509 2728 566 2774 et
586 2718 952 2789 spiritualibus
979 2724 1033 2770 et
1064 2715 1422 2770 invisibilibus
1448 2712 1714 2779 instructi,
1739 2713 1980 2767 incautos
2011 2711 2107 2765 lto.

503 2810 679 2864 mines
734 2805 1049 2879 quibusdam
1112 2814 1365 2877 premunt
1431 2803 1856 2874 a‘griludinibus,
1903 2817 2103 2873 easque

507 2898 782 2972 depellunt
825 2897 1097 2966 remediis,
1152 2897 1239 2953 vel
1289 2896 1355 2952 ad
1405 2896 1726 2952 miraculum
1779 2896 1969 2961 novis,
2022 2894 2106 2950 vel

507 2994 668 3050 etiam
698 2991 1010 3054 contrariis;
1040 2999 1097 3045 ut
1124 2989 1243 3044 illos
1272 3002 1496 3044 sanasse
1528 2988 1832 3052 credantur,
1865 3000 1999 3059 quos
2025 3001 2107 3044 rc-

507 3087 671 3143 mmis
715 3094 918 3141 tantum
970 3082 1271 3146 maleficiis,
1320 3080 1519 3137 laedere
1582 3064 1854 3137 desinunt.
1902 3079 2105 3149 Quam-

2214 1882 2315 1948 17,
2349 1891 2448 1938 art.
2497 1882 2577 1954 l).
2622 1881 2983 1940 Venditabant
3039 1888 3257 1956 insitper
3320 1884 3552 1951 ethnici,
3602 1902 3793 1956 aquam,

2214 1976 2289 2031 uti
2322 1977 2494 2047 pergit
2514 1976 2604 2043 ille
2637 1975 2846 2047 (Ibid).
2865 1977 3032 2033 cribro
3062 1989 3331 2049 gestatam.
3361 1993 3392 2033 a
3423 1977 3614 2035 Tuscia
3650 1979 3817 2034 nitni-'

2214 2084 2334 2123 rum
2380 2069 2483 2123 alia
2517 2068 2702 2124 vestali
2745 2070 2928 2126 itidem
2977 2071 3357 2142 virginezquo
3400 2071 3639 2141 quidem,
3676 2073 3802 2128 sicut

2214 2157 2286 2215 illi
2313 2158 2679 2224 autumabant,
2724 2163 2980 2218 miraculo
3008 2164 3211 2219 illatum
3255 2164 3360 2221 sibi
3408 2166 3617 2224 violata
3646 2166 3799 2222 casti-

2216 2254 2360 2319 tatis,
2390 2262 2483 2309 aut
2506 2254 3054 2329 sicutait-Dionysius
3095 2257 3535 2315 Halicarnasseus
3567 2258 3798 2333 (Dionys.
3855 2244 3858 2247 ’

2216 2344 2391 2405 Halic.
2416 2349 2504 2404 lib.
2556 2348 2621 2416 ll,
2650 2351 2886 2421 antiquit.
2921 2352 3137 2407 Roman.
3184 2370 3240 2422 p.
3267 2354 3408 2420 1‘28,
3435 2362 3482 2408 et
3510 2356 3697 2426 seqq.),
3725 2372 3803 2412 ex-

2212 2438 2389 2493 SIincti
2420 2440 2558 2494 sacri
2579 2440 2734 2511 ,iguis
2762 2443 2966 2498 crimen
3000 2446 3214 2515 penitus
3250 2445 3423 2501 diluit.
3451 2447 3559 2504 Sed
3594 2448 3661 2506 de
3689 2448 3815 2514 hac,
3850 2504 3855 2509 .

2212 2549 2564 2606 quaecumque
2617 2537 2706 2605 sit,
2738 2536 2956 2593 ltiStoria
3011 2539 3161 2609 plura
3209 2524 3485 2597 Valerius}
3517 2542 3790 2608 Maximus,

2212 2643 2370 2697 quem
2400 2627 2682 2684 consulere
2705 2631 2926 2700 poteris,
2956 2630 3111 2686 sicuti
3140 2630 3395 2698 Plinium,
3430 2634 3798 2707 Augustinum,

2212 2727 2266 2774 et
2292 2720 2426 2775 alios
2454 2719 2604 2790 (Val.
2636 2720 2781 2778 Max.
2805 2722 2897 2778 lib.
2926 2721 3059 2790 VIII,
3082 2740 3127 2777 c.
3166 2724 3209 2780 Ι.
3240 2722 3383 2780 Plin.
3427 2726 3518 2783 lib.
3568 2724 3797 2794 XXVIII,

2212 2822 2383 2865 natur.
2413 2814 2530 2868 ln'st.
2572 2830 2689 2883 cap.
2711 2815 2764 2882 2,
2803 2833 2860 2887 p.
2904 2815 3030 2872 157.
3059 2816 3271 2888 August.
3307 2816 3395 2872 lib.
3428 2817 3510 2887 Χ,
3540 2819 3605 2875 de
3657 2819 3797 2875 Civil.
3851 2888 3854 2892 Α

2212 2919 2330 2976 cap.
2361 2905 2449 2974 16,
2473 2923 2531 2973 ρ.
2560 2907 2714 2974 252).
3636 2960 3645 2967 ,

2281 2998 2640 3055 Tertullianus
2666 3001 2846 3070 itaque
2874 3000 2990 3058 haec
3012 3008 3066 3058 et
3095 3003 3198 3057 alia
3231 3001 3541 3072 hujusmodi
3559 3014 3797 3060 extraor-

2208 3090 2413 3148 dinaria
2437 3091 2596 3159 facta,
2618 3108 2737 3164 quac
2757 3092 2956 3149 ethnici
2988 3093 3338 3160 mirabantur,
3365 3095 3484 3152 ideo
3501 3096 3798 3153 dmmonum

507 3178 692 3233 obrem
720 3176 859 3243 illos,
893 3183 946 3231 et
976 3174 1098 3230 ﬁcta
1129 3186 1316 3229 eorum
1346 3173 1601 3228 miracula
1631 3173 1710 3229 sic
1739 3171 1927 3227 irridet
1961 3189 1973 3225 :
2003 3170 2100 3226 Be-

2209 3195 2324 3239 arte
2344 3194 2399 3240 et
2421 3185 2700 3256 praestigiis
2729 3186 2871 3240 edita
2893 3202 3014 3242 esse
3046 3191 3338 3255 asserit,.ut
3361 3189 3570 3264 numina
3587 3189 3796 3260 lapides,

508 3269 659 3339 rit-fici
695 3269 848 3339 plane
874 3274 922 3323 et
961 3267 1097 3322 circa
1146 3282 1295 3321 curas
1330 3266 1677 3321 valetudinum
1703 3283 1722 3333 ;
1750 3266 1943 3321 laedunt
1975 3267 2108 3321 enim

508 3362 694 3431 primo,
722 3360 905 3414 deliine
927 3358 1151 3413 remedia
1182 3359 1502 3430 praecipiunt,
1531 3359 1600 3412 ad
1626 3360 1929 3413 miraculum
1956 3375 2105 3427 nova,

508 3453 612 3506 sive
636 3451 914 3516 contraria,
957 3459 1072 3521 post
1116 3464 1232 3519 qua:
1283 3449 1519 3505 desinunt
1565 3450 1769 3520 laedere,
1811 3462 1858 3505 et
1902 3468 2110 3508 curasse

505 3544 779 3599 creduntur
796 3541 846 3616 (l
855 3542 957 3596 bid.
978 3558 1028 3597 c.
1053 3540 1207 3611 409).
1230 3542 1411 3613 Neque
1432 3541 1517 3597 his
1543 3550 1753 3597 tantum
1781 3544 1969 3615 plagis,
1990 3560 2110 3600 eor-

507 3637 628 3708 pori
674 3636 910 3692 humano
945 3635 1192 3700 inflictis,
1218 3643 1272 3691 et
1306 3636 1529 3702 sanatis,
1578 3635 1630 3690 in
1676 3636 1950 3691 hominum
1980 3652 2108 3692 eon-

505 3731 711 3802 spirant
760 3730 1073 3800 perniciem,
1116 3729 1213 3785 sed
1252 3742 1347 3784 sua
1401 3729 1563 3784 etiam
1610 3728 1906 3785 subtilitate
1938 3731 2106 3800 ipsam

506 3821 807 3892 pervadunt
838 3821 1052 3876 lllorum
1092 3821 1348 3888 animam,
1380 3829 1541 3891 atque
1569 3826 1728 3875 smvis
1772 3820 2103 3889 libidinibus,

507 3913 778 3978 amentiis,
817 3926 880 3967 ac
919 3910 1188 3966 furoribus
1223 3911 1489 3977 excitatis,
1530 3911 1586 3965 in
1615 3910 1889 3981 quodlibet
1933 3911 2107 3967 scelus

510 4006 631 4061 illos
651 4004 907 4061 inducunt
928 4003 1142 4075 (Ibid).
1175 4003 1284 4060 Nos
1310 4011 1487 4059 autem
1512 4004 1582 4061 de
1612 4003 1695 4060 his
1734 4003 1976 4061 nefandis
1996 4005 2106 4060 dce-

508 4114 731 4154 menum
763 4097 968 4153 artibus
1003 4097 1129 4153 alibi
1174 4096 1528 4153 disseruimus
1554 4095 1805 4167 (Dissert.
1830 4098 1885 4153 in
1913 4098 2101 4155 Minut.

511 4206 628 4261 cap.
653 4187 841 4255 XVIII,
870 4196 968 4242 art.
999 4187 1078 4255 2).
1428 4256 1437 4263 ν

584 4279 785 4335 Eadem
807 4279 1095 4335 subtilitate
1115 4277 1389 4333 daamoncs
1414 4278 1706 4339 induebant
1727 4280 2103 4350 phantasmata,

511 4372 625 4426 sive
652 4369 880 4440 effigiem
908 4367 1175 4425 Castorum
1206 4365 1553 4440 (Tertullian.
1582 4367 1756 4444 ibid:)
1786 4370 1836 4426 id
1866 4382 1970 4439 est,
1998 4370 2103 4428 Ca-

512 4464 674 4522 storis
701 4472 753 4520 et
783 4463 1018 4519 Pollucis
1036 4505 1052 4530 ,
1081 4476 1145 4527 ac
1172 4477 1268 4517 sua
1299 4462 1478 4518 innata
1505 4463 1788 4520 velocitate
1832 4466 2105 4523 celebrem

512 4557 873 4612 Romanorum
901 4554 970 4610 de
1010 4554 1173 4610 Perse
1216 4553 1359 4625 Rege
1390 4556 1665 4611 victoriam
1701 4557 1888 4613 Itonia:
1913 4558 2102 4615 eodem
2129 4576 2183 4638 ι)

509 4649 597 4705 die
623 4648 1073 4704 annuntiaveruut
1092 4688 1107 4714 ,
1136 4662 1244 4718 quo
1279 4656 1547 4718 reportata
1575 4648 1771 4707 fuerat.
1802 4649 1955 4720 Quod
1982 4652 2102 4723 qui-

510 4744 633 4798 dem
662 4742 791 4798 alibi
829 4759 860 4798 a
898 4741 1052 4798 nobis
1076 4750 1382 4797 enarratum
1420 4751 1502 4799 est
1531 4742 1548 4813 (
1580 4740 1797 4800 Dissert.
1829 4746 1882 4800 in
1913 4743 2099 4803 Minut.

508 4852 624 4906 cap.
645 4835 735 4902 l8,
763 4844 861 4890 art.
887 4834 971 4908 2).

579 4927 693 4983 lluc
715 4942 927 4998 quoque
964 4935 1207 4997 spectant
1237 4941 1399 4997 pauca
1425 4925 1672 4997 quidem,
1706 4926 1799 4982 sed
1838 4943 1956 4998 qua:
1985 4927 2038 5003 pl
2066 4916 2107 4985 ιι·

505 5020 908 5075 ribus-obscura
935 5018 1261 5074 videbuntur
1284 5016 1402 5073 haec
1431 5018 1677 5075 Auctoris
1712 5021 1877 5075 nostri
1907 5023 2100 5076 verba:

510 5109 579 5165 Et
607 5110 812 5166 barbam
851 5118 988 5166 tactu
1024 5111 1302 5184 inrufatam
1350 5099 1574 5183 (Tertul.
1617 5111 1792 5184 ibid).
1820 5115 1888 5167 At
1914 5128 1977 5167 ea
2001 5113 2105 5169 cla-

504 5205 619 5260 rius
649 5204 882 5275 explicat
907 5204 1217 5270 Suetonius,
1248 5203 1337 5260 ubi
1380 5201 1449 5260 de
1478 5204 1685 5275 origine
1719 5203 1893 5276 gentis
1919 5204 2103 5262 (Eno-

504 5296 794 5353 barborum
837 5295 1055 5375 disserit
1086 5294 1447 5364 :(Enobarbi,
1475 5297 1666 5369 inquit,
1694 5307 1950 5354 auctorem
1998 5301 2103 5355 ori-

504 5390 639 5461 ginis
663 5390 879 5461 itemque
897 5376 1211 5462 cognominis
1235 5391 1419 5447 habent
1444 5389 1658 5447 Lucium
1684 5389 1986 5462 Domitium,
2015 5397 2099 5452 cui

499 5501 621 5539 rure
644 5485 909 5540 revertenti
936 5486 1139 5553 iuuenes
1178 5486 1363 5558 gemini
1392 5484 1575 5542 Castor
1612 5496 1662 5543 et
1707 5486 1897 5544 Pollux
1935 5506 2097 5563 augu-

504 5578 656 5635 stiore
681 5585 848 5651 forma
892 5595 957 5636 ea:
979 5594 1192 5635 occursu
1224 5580 1498 5650 imperasse
1530 5581 1803 5640 traduntur
1841 5585 2097 5641 nuntiaret

505 5674 700 5728 senatui
745 5689 805 5728 ac
853 5670 1042 5745 populo
1082 5674 1366 5744 uictoriam,
1399 5674 1464 5730 de
1508 5692 1610 5747 qua
1656 5677 1898 5735 incertum
1926 5680 2094 5736 adhuc

2213 3274 2266 3331 id
2304 3285 2406 3341 est,
2441 3276 2664 3333 deorum
2695 3278 2982 3333 simulacra
3013 3278 3278 3349 lapidibus
3306 3278 3504 3347 eflicta,
3540 3298 3645 3337 non
3685 3279 3809 3336 falsi

2210 3368 2284 3424 dii
2323 3369 2666 3437 crederentur,
2694 3380 2742 3424 et
2765 3388 2909 3426 verus
2936 3369 3075 3427 Deus
3100 3389 3199 3427 non
3224 3382 3536 3443 quan-eretur
3565 3373 3794 3445 (Tertull.
3844 3422 3845 3425 η

2210 3463 2387 3534 ibid).
2419 3460 2476 3517 In
2505 3464 2872 3535 superioribus
2901 3475 3080 3520 autem
3111 3467 3309 3522 nostris
3330 3467 3793 3526 dissertationibus

2211 3553 2281 3610 de
2322 3555 2404 3609 his
2437 3554 2650 3611 abunde
2677 3555 3049 3621 disseruimus,
3082 3558 3534 3629 manifestumque
3564 3559 3638 3614 ibi
3670 3558 3792 3614 feei-

2210 3662 2330 3703 mus
2359 3663 2460 3718 qna
2504 3650 2712 3704 ratione
2737 3649 3004 3704 Arnobius
3029 3666 3216 3705 eorum
3261 3650 3548 3707 falsitatem
3584 3653 3796 3708 demou-

2210 3750 2384 3797 strare
2431 3751 2656 3797 conetur
2683 3739 2978 3815 (Dissertat.
3011 3742 3065 3797 in
3095 3742 3309 3807 Arnob.,
3342 3759 3384 3796 c.
3422 3730 3512 3809 18,
3555 3754 3653 3797 art.
3690 3743 3714 3798 1
3750 3748 3793 3797 et

2208 3830 2286 3903 2).
2343 3833 2411 3889 At
2462 3834 2713 3898 Minatius
2756 3830 2905 3890 Felix
2956 3845 3117 3906 atque
3157 3835 3486 3903 Lactantius,
3521 3834 3825 3895 Tertullian

2211 3939 2335 3979 num
2387 3926 2576 3991 secuti,
2625 3924 2740 3981 haec
2777 3926 3105 3994 daemonum,
3153 3927 3229 3982 uti
3271 3927 3527 3994 diximus,
3573 3927 3706 3984 dolis
3733 3939 3791 3982 ac

2208 4014 2483 4071 fraudibus
2512 4015 2651 4072 facta
2681 4032 2803 4073 esse
2851 4017 3141 4074 ostendunt
3175 4016 3469 4090 (Dissertat.
3498 4019 3555 4073 in
3588 4018 3788 4082 Minut,

2209 4122 2258 4162 c.
2283 4107 2373 4174 20,
2403 4124 2455 4163 a.
2480 4109 2551 4170 2;
2582 4108 2851 4164 Dissertat.
2890 4111 2943 4165 in
2982 4109 3247 4177 Lactant.,
3279 4126 3393 4181 cap.
3437 4109 3534 4177 20,
3567 4120 3663 4166 art.
3692 4108 3722 4164 'l
3747 4116 3804 4161 et

2209 4214 2323 4272 cap.
2355 4200 2444 4268 32,
2473 4200 2667 4271 ιιι-ιι).
2687 4200 2817 4269 ch
2846 4216 2977 4258 vero
3006 4202 3120 4273 ipse
3164 4201 3663 4259 Tertullianussibi
3706 4214 3790 4273 pe—

2208 4292 2427 4349 culiaria
2459 4292 2639 4360 habet,
2670 4302 2727 4349 et
2768 4294 3046 4365 speciatim
3096 4295 3319 4362 retulit,
3363 4295 3417 4351 in
3448 4292 3789 4367 sequentibus

2208 4388 2447 4444 articulis
2465 4390 2805 4459 complanare
2833 4389 3175 4447 tentabimus.
3478 4446 3479 4451 η
3794 4386 3799 4389 ’

2796 4521 3090 4563 Αιιτιουιυε
3126 4522 3203 4562 ιν.

2210 4612 2478 4681 Quomodo
2515 4617 2771 4673 daemones
2792 4622 3086 4691 futurarum
3104 4632 3273 4674 rerum
3314 4619 3578 4675 scientiam
3621 4617 3783 4676 subri-

2272 4723 2394 4778 pere
2414 4709 2728 4775 tentaverint,
2752 4725 2815 4763 ac
2836 4712 3083 4782 falsorum
3103 4711 3313 4766 deorum
3332 4711 3536 4767 nomine
3553 4710 3783 4782 antbigua

2274 4800 2598 4872 quibusdam,
2628 4808 2696 4856 ’σε
2722 4806 3002 4872 praesertim
3030 4800 3236 4875 Pyrrho
3264 4811 3313 4860 et
3350 4802 3520 4860 Croeso
3539 4843 3554 4872 ,
3584 4799 3786 4859 oraculo

2274 4894 2526 4950 dederint.

2280 5029 2576 5084 Prtescnsio
2605 5037 2659 5084 et
2683 5029 2905 5086 scientia
2936 5045 3114 5086 rerum
3156 5029 3454 5087 futurarum
3487 5027 3781 5103 magniﬁca,

2174 5125 2179 5130 ’
2204 5119 2278 5175 ait
2305 5120 2515 5186 Cicero,
2546 5121 2780 5191 quaedam
2808 5138 2887 5177 res
2926 5131 2974 5175 et
2995 5124 3258 5187 salutaris,
3281 5124 3327 5178 si
3355 5123 3504 5179 modo
3540 5133 3613 5178 est
3650 5120 3775 5185 ulla,

2202 5229 2413 5287 qumque
2446 5216 2680 5297 proxima
2705 5216 2772 5269 ad
2799 5217 3008 5271 deorum
3038 5218 3138 5273 vim
3166 5228 3360 5273 natum
3393 5218 3601 5273 mortali
3627 5215 3783 5287 possit

2202 5309 2431 5365 accidere
2458 5310 2477 5381 (
2501 5309 2690 5374 Cicer.,
2714 5310 2803 5366 lib.
2834 5310 2855 5367 ι
2880 5311 2947 5365 de
2979 5310 3230 5379 Divinat.,
3259 5312 3492 5387 p.254).
3520 5313 3705 5386 Neque
3729 5309 3779 5366 id

2199 5401 2533 5458 daemonibus
2547 5410 2668 5459 erat
2694 5404 3043 5475 incognitum.
3062 5404 3421 5473 Quamobrem
3447 5407 3589 5462 hanc
3612 5406 3779 5462 scien-

2199 5495 2326 5551 tiam
2357 5496 2459 5552 sibi
2486 5511 2702 5568 quoquo
2731 5500 2946 5555 tandem
2983 5498 3145 5556 modo
3170 5501 3444 5558 vindicare
3469 5501 3770 5557 voluerunt.

2197 5585 2332 5644 Nam
2362 5597 2418 5642 ut
2442 5589 2687 5658 apposite
2710 5593 2932 5646 omnino
2961 5589 3320 5651 Tertullianus
3344 5601 3547 5659 noster,
3582 5590 3783 5679 ﬂmu:

2196 5680 2386 5746 lantur,
2420 5680 2610 5752 inquit,
2643 5683 2977 5750 divinitatem,
3011 5684 3132 5740 dum
3153 5687 3397 5757 [urantur
3417 5685 3773 5741 diuinationem

501 5779 641 5832 erat,
675 5774 824 5836 atque
854 5765 907 5820 in
937 5765 1089 5855 ﬁdem
1116 5758 1414 5847 majestatis,
1441 5765 1637 5825 divinat
1667 5768 1934 5840 videlicet,
1962 5771 2092 5829 adeo
2193 5771 2547 5846 (Tertullian.,
2586 5773 2872 5846 Apologet.,
2913 5770 2959 5831 cl
3000 5775 3105 5845 23,
3137 5790 3186 5831 ε.
3219 5776 3371 5850 408).
3399 5777 3539 5846 Quin
3582 5776 3697 5833 imo
3738 5772 3781 5827 sl
