4092 6352
314 330 423 391 877

1448 328 1904 390 DISSER'I'ATIO
1939 327 2005 388 Ι).
2049 329 2141 388 LE
2177 330 2486 392 NOURRY.

3509 335 3617 395 878

315 451 481 507 ﬁdem
514 452 562 506 ei
606 451 826 519 habeas,
860 400 992 507 nihil
1033 449 1137 507 illis
1182 449 1282 507 hac
1318 450 1659 507 temptatione
1694 450 1909 506 charius
1934 447 1989 510 Α
2015 447 2173 504 fuerit
2202 448 2287 506 his
2309 450 2637 522 Augustinus
2669 450 2919 524 patefecit
2935 450 3117 510 verbis
3140 467 3153 507 :
3176 450 3414 509 Aitenim
3432 451 3611 509 fatidi-

319 544 701 615 antiquinsque
728 544 821 599 fuit
853 562 867 597 :
903 543 1101 614 thute
1124 542 1245 608 illis,
1281 543 1372 609 ait,
1406 543 1696 597 accuratior
1716 557 1911 613 pascua

317 646 413 703 est,
437 654 588 708 quam
609 647 666 692 ut
689 638 941 693 hominem
960 654 992 691 a
1012 637 1291 709 recogitata
1312 652 1442 692 certe
1464 637 1745 692 diuinitatis
1767 646 1911 691 auer-

316 739 427 784 tant
458 731 731 802 prtestigiis
756 730 905 803 falsi?
932 731 1259 785 divinationis
1286 728 1450 802 (Ibid.
1486 748 1539 801 p.
1560 728 1708 803 407).
1735 731 1915 800 Atque

313 823 386 877 ita
417 822 634 893 quidem
665 823 717 877 in
755 822 989 878 editione
1019 822 1257 895 Rigaltii,
1298 822 1386 893 qui
1426 822 1541 879 huic
1590 822 1773 891 verba,
1806 822 1910 877 illis

313 925 366 971 et
403 927 652 983 avertant,
683 915 748 971 ad
776 915 1050 973 daemones
1086 916 1369 973 referenda
1401 933 1522 975 esse
1552 918 1800 989 opinatus
1826 927 1909 973 est

312 1010 383 1064 At
412 1010 464 1064 in
509 1010 711 1066 nostris
742 1011 1122 1081 n‘ianuscriptis
1155 1010 1451 1079 codicibus,
1481 1026 1544 1067 ac
1572 1012 1762 1083 priscis
1787 1012 1905 1067 edi-

311 1101 548 1157 tionibus
575 1102 798 1171 legimus
817 1103 898 1158 illi
917 1113 972 1159 et
990 1111 1219 1169 avertat;
1239 1120 1358 1174 qua:
1376 1114 1686 1159 annotatam
1708 1102 1905 1167 ibidem

313 1207 345 1247 a
370 1192 705 1248 Tcrtnllisno
745 1195 1111 1266 aspirationem
1161 1195 1469 1252 daemonum
1510 1197 1694 1252 referri
1724 1184 1929 1266 utique‘

312 1294 558 1355 possunt.
602 1284 811 1341 Nomen
851 1301 980 1342 vero
1024 1302 1217 1357 pascua
1268 1287 1337 1343 ab
1363 1302 1449 1354 eo,
1481 1288 1638 1344 sicuti
1676 1302 1705 1342 a
1739 1288 1906 1343 sacris

311 1374 676 1445 Scriptoribus
721 1378 921 1454 nostris
967 1380 1229 1448 accipitur
1271 1393 1370 1449 pro
1415 1380 1665 1449 pastione
1708 1388 1762 1434 et
1803 1379 1903 1433 ali-

320 1475 524 1524 mento.
553 1467 685 1523 Nam
713 1478 769 1523 ut
790 1469 941 1540 plura
971 1485 1157 1525 eorum
1190 1472 1304 1527 loca
1333 1472 1663 1533 omittamus,
1685 1476 1738 1526 in
1769 1471 1910 1541 peul-

309 1576 403 1616 mo
431 1561 690 1632 vigesimo
720 1562 958 1617 secundo
984 1564 1241 1632 scriptum
1273 1573 1394 1620 est:
1444 1563 1506 1618 ln
1548 1565 1659 1619 loco
1700 1580 1907 1634 pascuae

309 1653 381 1708 ibi
400 1670 487 1707 tuo
511 1653 776 1707 collocavit
804 1653 920 1724 (Ps.
956 1652 1115 1721 XXII,
1163 1655 1199 1724 Ῡ
1224 1672 1237 1708 ;
1267 1654 1383 1724 90).

380 1745 664 1815 Quomodo
689 1755 868 1802 autem
899 1746 1173 1803 daemones
1195 1747 1363 1802 moliti
1386 1748 1493 1802 sint
1518 1748 1901 1803 divinationem

2015 557 2133 607 cus,
2170 544 2297 600 Dico
2312 555 2377 607 te,
2406 544 2625 616 Pyrrhe,
2656 544 3017 617 sincerepas‘ss
3044 545 3307 601 Romanos
3328 561 3348 600 :
3365 546 3608 615 atqusita

2011 634 2116 688 sive
2144 632 2377 707 Pyrrhus
2392 653 2422 690 a
2440 634 2706 702 Romanis,
2725 638 2828 692 sive
2845 635 3067 695 Romani
3086 654 3117 691 α
3134 634 3341 709 Pyrrho
3350 638 3601 692 vinceren-

2011 734 2113 792 tur,
2161 743 2369 782 securus
2411 729 2653 799 fatidicus
2691 729 2983 787 utrumlibet
3009 738 3320 802 exspectaret
3372 740 3599 787 attention

2012 819 2281 901 (august,
2310 819 2399 875 lib.
2439 819 2527 887 lll,
2561 821 2624 876 de
2647 820 2823 887 Civil.,
2854 838 2901 877 ε.
2934 823 3020 887 l7,
3056 839 3108 893 ρ.
3147 821 3260 892 75).
3305 823 3377 877 At
3408 822 3598 891 hujus-

2011 912 2154 966 tuodi
2199 912 2423 969 fallacia:
2466 914 2920 986 fraudulentmqne
2955 918 3231 987 captiones
3260 931 3287 969 a
3326 932 3455 973 vero
3487 916 3600 971 Deo

2011 1005 2280 1075 prolieisi'i
2324 1022 2429 1061 non
2468 1017 2711 1079 possunt,
2745 1009 2841 1063 sed
2879 1024 2911 1063 a
2952 1008 3201 1080 malignis
3239 1008 3602 1075 damonibus,

2008 1096 2099 1166 qui
2130 1107 2335 1152 natura
2352 1111 2463 1152 sum
2491 1097 2785 1155 subtilitate
2809 1100 2913 1155 sub
2939 1099 3194 1154 falsorum
3214 1100 3441 1157 deorum
3468 1086 3571 1155 ima
3588 1134 3604 1145 ο

2008 1190 2223 1260 ginibus
2263 1190 2514 1257 latentes,
2547 1192 2628 1247 his
2656 1192 2933 1261 responsis
2959 1191 3205 1247 homines
3234 1192 3595 1262 decipiebant.

2008 1280 2089 1335 De
2119 1286 2217 1335 hac
2233 1288 2415 1336 autem
2441 1282 2612 1337 fallaci
2634 1282 2900 1351 Apollinis
2926 1282 3102 1355 Pythii
3124 1283 3197 1337 ad
3216 1282 3481 1353 Pyrrhum
3515 1299 3602 1339 re-

2007 1388 2127 1443 gem
2183 1390 2443 1444 coeperiso
2489 1377 2883 1446 disputavimus
2924 1377 2977 1431 in
3030 1386 3215 1432 nostra
3263 1378 3334 1433 de
3384 1377 3600 1432 Minucii

2007 1466 2228 1521 Octavio
2269 1466 2647 1523 dissertatione
2695 1466 2986 1538 (Dissertet.
3030 1471 3086 1523 in
3116 1468 3329 1535 linat,
3359 1486 3477 1539 cap.
3510 1471 3605 1530 17.

2006 1572 2105 1614 art.
2163 1562 2241 1632 ὅ).
2297 1561 2549 1630 Ejusdem
2597 1565 2832 1633 profecto
2862 1579 2965 1632 gen
2999 1567 3076 1618 ris
3113 1573 3195 1619 est
3243 1564 3386 1619 aliud
3414 1554 3637 1621 Crmso'

2006 1656 2293 1710 redditum.
2323 1655 2367 1710 Ν
2388 1667 2516 1711 irrat
2541 1657 2684 1712 enim
2716 1658 2976 1713 Eusebius
3000 1657 3240 1727 (Euseb,
3268 1658 3359 1712 lib.
3380 1658 3443 1723 V,
3471 1674 3600 1728 prce-

2008 1765 2122 1816 par.
2148 1745 2417 1820 Evangel,
2446 1764 2562 1818 cap.
2593 1749 2657 1803 21
2691 1759 2740 1802 et
2765 1748 2857 1813 22,
2888 1768 2940 1819 p.
2966 1744 3066 1803 2H
3100 1757 3147 1802 et
3173 1749 3302 1820 seq.)
3335 1748 3475 1805 hunc
3502 1749 3605 1820 Ly-

310 1839 590 1909 subripere
610 1881 624 1905 ,
659 1838 800 1894 hunc
830 1841 1031 1903 Auctor
1059 1849 1244 1896 nos-ter
1275 1842 1520 1910 exposuit
1556 1841 1606 1895 in
1647 1841 1864 1895 modum
1889 1860 1902 1897 :
1934 1840 1983 1901 Β
2010 1837 2110 1891 dia:
2140 1852 2316 1910 regem
2343 1853 2465 1892 cum
2496 1839 2691 1894 bellum
2717 1838 3115 1895 Persisinferrc
3130 1840 3411 1910 cogitaret,
3441 1842 3605 1910 Apol-

313 1931 516 2003 lngcnii
558 1934 638 1987 sui
665 1932 956 1988 subtilitate
980 1932 1337 2003 dispositiones
1363 1934 1516 1988 etiam
1555 1931 1674 2000 Dei,
1709 1943 1755 1986 et
1782 1944 1901 1988 tuitc

309 2025 571 2097 prophetis
599 2024 1018 2081 concionantibus
1060 2035 1383 2095 exceperunt,
1422 2035 1629 2080 cluntre
1668 2028 1901 2083 lectioni-

310 2116 405 2172 bus
432 2132 599 2174 saeue
614 2118 903 2187 Scriptum
931 2117 1286 2173 resonantibus
1312 2130 1528 2189 carpunt
1547 2118 1853 2189 (Tertullian
1886 2164 1900 2186 ,

308 2211 460 2276 ibid.,
507 2228 561 2282 p.
592 2210 745 2283 408).
790 2210 1056 2267 Praeterea
1099 2221 1325 2276 sumunt,
1357 2211 1408 2266 id
1451 2220 1532 2267 est
1558 2254 1571 2278 ,
1609 2208 1905 2282 agnoscunt

308 2303 556 2374 quasdam
585 2313 869 2373 temporum
890 2313 1072 2368 sortes,
1098 2305 1214 2359 sive
1241 2303 1449 2358 futuros
1471 2313 1770 2376 temporum
1797 2315 1906 2360 sta-

311 2402 397 2449 tus
428 2403 485 2451 et
520 2405 767 2450 eventus.
808 2392 867 2449 ln
914 2404 1097 2449 nostra
1137 2403 1318 2450 autem
1349 2394 1418 2451 de
1462 2395 1720 2451 Lactantii
1753 2396 1903 2451 libris

310 2484 691 2543 dissertatione
719 2486 833 2544 hsce
860 2486 1261 2544 enucleavimus
1282 2485 1525 2559 (Dissert.
1557 2492 1609 2543 in
1634 2487 1897 2554 Lactanl.,

316 2595 436 2651 cap.
462 2579 555 2645 20,
584 2590 685 2635 art.
718 2580 799 2650 Ἰ).
1248 2596 1257 2601 λ
1866 2606 1869 2607 ν

385 2671 508 2729 ΛΙἰο
536 2671 712 2728 adhuc
741 2672 901 2743 modo
926 2672 1138 2745 pluvias
1161 2673 1319 2730 facile
1344 2674 1659 2746 praedicunt.
1688 2675 1902 2731 Etenim

315 2763 519 2829 habent,
550 2764 623 2818 ait
645 2763 820 2820 adhuc
847 2764 1214 2821 Tertullianus
1238 2765 1451 2839 (Ibid),
1483 2768 1548 2822 de
1570 2769 1796 2826 incolatu
1822 2786 1906 2823 ae-

312 2856 404 2921 ris,
429 2866 476 2912 et
503 2858 568 2912 de
595 2859 780 2914 vicinia
799 2860 1042 2928 siderum,
1068 2871 1117 2916 et
1140 2861 1203 2915 de
1222 2863 1531 2918 commercio
1560 2864 1771 2918 nubium
1808 2879 1907 2919 ct:—

315 2950 460 3006 lestes
485 2966 683 3021 sapere,
713 2951 815 3007 hoc
834 2962 941 3021 est,
977 2968 1272 3025 agnoscere
1300 2966 1597 3026 paraturas,
1631 2965 1685 3010 ut
1713 2963 1760 3010 et
1788 2957 1907 3027 plu-

312 3044 441 3111 vias,
482 3048 627 3115 quas
639 3047 755 3117 jam
779 3049 1017 3113 sentiunt,
1061 3049 1442 3119 repromittant.
1477 3050 1744 3107 Pamelius
1778 3066 1908 3107 vero

314 3149 416 3191 nos
440 3122 528 3190 hic
552 3134 784 3193 monitus
806 3152 927 3195 esse
958 3138 1123 3194 voluit
1150 3155 1209 3195 se
1239 3156 1342 3196 non
1379 3142 1696 3198 meminisse
1726 3152 1907 3200 utrum

2009 1930 2173 1986 linem
2220 1930 2555 2002 Delphicum,
2586 1931 2740 2002 cuius
2780 1932 3035 2003 templum
3078 1922 3298 1986 inﬁnitis
3325 1933 3518 2002 opibus
3549 1941 3602 1988 et

2006 2023 2244 2078 donariis
2289 2033 2665 2089 exornaverat,
2717 2024 2783 2080 de
2823 2024 3004 2081 futuro
3054 2025 3212 2096 hujus
3243 2026 3364 2081 belli
3402 2038 3597 2081 eventu

2005 2117 2366 2186 consuluiSse,
2394 2127 2449 2173 et
2493 2118 2595 2201 hoc
2641 2117 2800 2188 plane
2836 2119 3141 2190 ambiguum
3178 2119 3451 2191 accepisse
3484 2135 3603 2174 res-

2007 2228 2237 2284 ponsum
2274 2231 2286 2267 :

2256 2323 2415 2371 Χροῑσος
2440 2310 2525 2359 Kl“
2544 2314 2680 2366 διαϐὰς
2695 2348 2705 2365 ,
2728 2318 2884 2369 μεγάλην
2904 2319 3015 2371 ἀρχὴν
3037 2319 3252 2359 natalium.

2133 2388 2329 2441 Crmsus
2349 2389 2503 2454 Halyn
2542 2402 2782 2453 superans
2804 2401 3031 2453 utsgnam
3051 2394 3306 2452 pervertet
3326 2401 3471 2452 opum
3489 2391 3602 2440 vim.

2424 2472 2728 2539 (Herodot.,
2747 2473 2837 2527 lib.
2869 2472 2908 2538 Ι,
2937 2489 3055 2544 cap.
3079 2472 3190 2544 65).

2008 2589 2160 2659 Quod
2204 2588 2292 2646 ille
2319 2597 2499 2661 postea
2528 2587 2810 2643 confirmat
2855 2586 3121 2645 (Enomai
3168 2586 3495 2643 testimonio.
3535 2588 3603 2641 At

2011 2681 2061 2736 id
2095 2684 2184 2736 tibi
2218 2682 2262 2736 si
2295 2698 2401 2737 non
2436 2680 2687 2747 sufficiat,
2712 2680 2861 2736 adire
2905 2682 3106 2752 poteris
3149 2679 3503 2745 Herodotum,
3540 2690 3595 2735 et

2010 2777 2097 2846 qni
2145 2777 2213 2831 de
2244 2784 2470 2845 utroque
2503 2774 2709 2847 Pyrrho
2736 2788 2788 2829 et
2809 2775 3001 2830 Crtesu
3028 2782 3224 2845 agunt,
3252 2758 3593 2837 Ciceronem,

2010 2868 2364 2939 Bnleugerum
2393 2877 2444 2922 et
2470 2867 2603 2922 alios
2624 2866 2839 2942 (Cicer.,
2870 2865 2958 2921 lib.
2984 2863 3052 2932 ll,
3075 2865 3137 2919 de
3161 2863 3359 2934 Divin,
3382 2883 3434 2935 p.
3461 2863 3592 2929 296;

2009 2960 2308 3033 Bulcngcr.,
2333 2960 2418 3016 lib.
2450 2961 2513 3014 tle
2539 2977 2676 3014 orae.
2706 2969 2752 3013 et
2779 2970 2906 3020 ναι..
2939 2976 3057 3029 cap.
3091 2944 3174 3029 6).

2084 3054 2161 3109 Ad
2205 3054 2451 3109 eumdem
2493 3070 2653 3123 porro
2705 3051 2949 3110 Crmsum
2988 3053 3216 3109 attinent
3262 3052 3377 3107 huic
3411 3051 3600 3111 subse-

2011 3148 2227 3218 quentia
2260 3145 2573 3201 Tertulliani
2618 3140 2775 3202 verba
2804 3162 2817 3201 :
2850 3146 3096 3201 Craterum
3139 3146 3437 3200 testudinem
3472 3162 3597 3199 con-

314 3241 509 3283 nomen
537 3237 783 3298 paratum
819 3229 959 3300 apud
989 3232 1124 3288 alios
1153 3243 1400 3289 auctores
1427 3235 1651 3307 legatur.
1676 3236 1781 3292 Sed
1814 3246 1904 3291 aut
1933 3232 1978 3297 C
2012 3243 2158 3313 coqui
2178 3258 2292 3295 cum
2320 3240 2557 3294 carnibus
2584 3239 2787 3312 pecudis
2815 3238 3036 3311 Pythius
3057 3255 3113 3294 eo
3144 3239 3296 3293 modo
3323 3240 3596 3302 nmitiavit,

315 3318 431 3390 ipse
468 3335 575 3375 non
616 3320 838 3392 legerat,
869 3333 958 3378 aut
981 3339 1086 3379 non
1110 3326 1494 3381 recordabatur
1531 3344 1591 3385 se
1633 3329 1827 3399 legisse
1856 3330 1906 3384 in

316 3411 422 3466 vita
451 3414 617 3468 sancti
643 3413 896 3486 Cypriani
933 3417 1047 3472 hare
1082 3417 1257 3472 Potitii
1299 3419 1503 3474 verba:
1539 3418 1786 3476 Nondum
1829 3437 1907 3476 se-

314 3496 483 3561 cunda
509 3509 752 3564 natioitas
789 3527 971 3565 novum
1000 3511 1255 3567 hominem
1280 3514 1553 3584 splendore
1580 3523 1685 3569 toto
1722 3515 1908 3570 divina:

220 3681 227 3685 ι
312 3588 444 3658 lucis
456 3604 829 3671 oculaverat,et
836 3608 949 3679 jam
967 3618 1153 3663 veteres
1181 3624 1243 3662 ac
1270 3608 1512 3680 pristinas
1538 3611 1767 3664 tenebras
1795 3609 1906 3665 sola

317 3695 444 3752 lucis
471 3710 718 3769 paratum
747 3701 975 3755 uincebat
1006 3701 1191 3771 (Pent.
1220 3703 1274 3757 in
1309 3704 1417 3758 rita
1453 3703 1515 3759 S.
1548 3704 1796 3776 Cypr.,c.
1821 3705 1903 3775 2).

313 3786 586 3845 Paratnrae
611 3800 790 3846 autem
820 3808 1016 3849 nomen
1042 3794 1110 3849 ibi
1145 3794 1262 3865 ipso
1282 3795 1595 3852 Tertulliani
1619 3812 1779 3852 sensu
1807 3797 1904 3852 ad-

315 3879 529 3938 hibetur
558 3901 655 3956 pro
683 3884 1058 3956 dispositione,
1092 3897 1372 3959 apparatu,
1405 3897 1459 3945 et
1490 3890 1900 3962 praeparatione,

315 3975 389 4030 uti
426 3976 534 4044 jam
564 3979 911 4034 observatum
953 3991 1035 4037 est
1066 3981 1203 4052 (art.
1229 3980 1426 4054 super.)

385 4070 523 4126 Dicit
554 4072 733 4144 itaque
764 4084 951 4129 auctor
987 4084 1172 4131 noster
1197 4090 1286 4141 ca,
1315 4091 1436 4147 quae
1481 4076 1533 4131 in
1574 4075 1747 4133 altiori
1779 4076 1901 4133 coeli

312 4162 534 4233 regione
562 4160 1016 4236 praeparabantur,
1044 4168 1262 4222 nubium
1298 4170 1625 4223 commercio
1651 4168 1904 4242 cognes‘ci

313 4268 341 4307 a
369 4254 704 4313 (immunibus
724 4258 788 4313 de
808 4260 1039 4315 incolatu
1070 4261 1221 4317 aeris.
1254 4260 1485 4316 Noverat
1514 4261 1776 4333 siquidem
1804 4261 1903 4319 Sa-

311 4353 490 4401 tanam
519 4348 588 4411 ab
628 4351 875 4421 apostolo
900 4354 1103 4419 vocari,
1144 4353 1433 4427 Principem
1474 4357 1737 4424 potestatis
1773 4357 1917 4411 aeris'

313 4437 508 4509 hujus;
533 4439 804 4498 dzemones
825 4460 971 4512 vero,
1000 4448 1289 4516 spiritantia
1320 4449 1559 4517 nequitia:
1598 4453 1649 4502 in
1688 4450 1904 4505 τωίέδιὶ·

312 4531 404 4586 bus
426 4532 617 4605 (Epist.
648 4536 716 4589 ad
744 4536 961 4607 Ephem,
984 4555 1098 4609 cap.
1127 4540 1183 4602 2,
1209 4539 1267 4607 2,
1299 4550 1345 4594 et
1370 4558 1485 4611 cap.
1520 4542 1574 4604 6,
1606 4541 1713 4613 l2).
1743 4542 1904 4597 Deni-

2009 3351 2108 3403 que
2152 3351 2308 3404 supra
2348 3334 2576 3388 diximus
2616 3348 2636 3389 :
2677 3343 2925 3388 momento
2971 3331 3115 3403 apud
3160 3329 3378 3403 Lydiam
3433 3334 3601 3403 fuerat

2011 3427 2366 3501 (Tertullian.,
2389 3428 2679 3502 Apologet.,
2701 3446 2745 3483 c.
2767 3428 2858 3495 2‘2,
2888 3446 2939 3498 p.
2966 3428 3116 3500 609).
3138 3427 3411 3483 Memoriae
3437 3429 3604 3500 siqui-

2010 3520 2257 3592 demjam
2280 3522 2474 3577 citatus
2504 3538 2530 3575 a
2563 3520 2716 3577 nobis
2759 3519 3060 3576 llerodutus
3086 3520 3319 3592 prodidit
3348 3524 3540 3578 missos
3565 3538 3595 3577 a

2007 3598 2195 3670 Crasso
2227 3615 2472 3678 nuntios,
2505 3614 2596 3687 qui
2642 3614 2784 3667 varia
2828 3613 3052 3669 deorum
3089 3614 3302 3668 oracula
3345 3615 3595 3670 eunsule-

2009 3719 2150 3776 rent,
2170 3719 2223 3763 ct
2241 3706 2367 3783 quid
2398 3708 2509 3778 ipse
2533 3707 2582 3761 in
2611 3705 2776 3779 Lydia
2806 3715 3006 3776 ageret,
3032 3706 3452 3762 sciscitarentur.
3476 3708 3600 3765 Sin-

2008 3799 2252 3868 gulorum
2282 3808 2458 3852 autem
2489 3813 2740 3868 responsa
2759 3814 2880 3852 cum
2905 3797 3219 3868 accepisset,
3245 3798 3447 3852 nullum
3479 3816 3601 3869 pro-

2007 3889 2173 3954 bavit,
2203 3888 2304 3944 nisi
2336 3887 2573 3956 Delphici
2604 3888 2885 3958 Apollinis,
2920 3890 3007 3959 qui
3035 3904 3118 3956 ea,
3144 3905 3262 3959 qua:
3290 3888 3358 3944 ah
3386 3890 3477 3945 illo
3512 3906 3597 3945 te-

2009 3997 2133 4037 vera
2164 3981 2473 4051 agebantur,
2494 3976 2593 4036 line
2624 3995 2883 4049 reSpnnso
2903 3981 3067 4035 edixit
3091 3989 3343 4043 εΧι>.ώνην
3370 3986 3449 4037 καὶ
3479 3988 3599 4053 ἄρνε

2007 4076 2278 4140 κατακόψεις
2298 4078 2414 4141 ὁμοῦ
2432 4079 2529 4141 ἕψει
2551 4077 2688 4132 αὐτὸς
2711 4078 2755 4126 εν
2779 4079 2938 4132 ὶξϐητι
2960 4081 3159 4142 lacinias,
3181 4078 3375 4141 χάλκεον
3394 4079 3601 4144 ἐπίθημα

2008 4162 2533 4226 ἰπιθε‹’ς.Τίιειια1ὶηρηι
2555 4165 2744 4233 pariter
2755 4175 2799 4219 et
2812 4182 2997 4235 agnum
3015 4166 3240 4218 concisos
3254 4165 3304 4218 in
3323 4166 3475 4219 lcbete
3488 4169 3606 4222 alte-

2008 4277 2102 4315 neo
2123 4261 2255 4316 coxit
2281 4260 2517 4330 operculo
2532 4259 2721 4312 ahcneo
2741 4260 2806 4311 im
2813 4259 2976 4326 posito
2996 4258 3013 4327 (
3024 4256 3219 4312 Ilerod.
3232 4301 3246 4322 ,
3266 4259 3352 4312 lib.
3369 4256 3410 4321 Ι,
3430 4257 3458 4332 §
3477 4258 3572 4330 48)
3589 4299 3601 4311 .

2009 4353 2079 4407 At
2107 4368 2215 4408 non
2245 4351 2425 4406 divmo
2442 4351 2656 4423 quidem
2680 4351 2857 4404 alllatn
2877 4351 3086 4406 dmmon
3106 4351 3192 4406 ille
3208 4354 3456 4421 cognovit
3473 4353 3597 4424 quid

2007 4442 2227 4500 Crmsus
2250 4453 2453 4521 ageret,
2477 4444 2569 4499 sed
2601 4446 2775 4515 innata
2803 4444 2926 4509 sibi,
2958 4443 3031 4498 ait
3055 4443 3451 4510 Tertullianns,
3483 4446 3599 4515 agi-

2010 4536 2157 4593 litate
2179 4537 2231 4592 in
2270 4536 2491 4609 Lydiam
2525 4551 2633 4591 uno
2673 4545 2946 4591 momento
2982 4538 3303 4600 convolavit,
3329 4534 3596 4591 eteadem

314 4624 496 4696 quede
510 4626 685 4697 pluvia
708 4628 854 4684 abiis
868 4631 1219 4700 pricnuntiata
1236 4632 1579 4702 aliquidinfra
1595 4634 1903 4691 dicendum.
1932 4624 1988 4687 D
2013 4630 2285 4685 celeritate
2317 4643 2582 4693 reversus,
2612 4628 2781 4683 Croesi
2813 4628 3013 4682 nuntiis
3053 4637 3405 4681 inemoratum
3436 4623 3600 4694 Apol-

388 4719 592 4776 Eodem
614 4736 827 4794 quoque
853 4724 1014 4779 modo
1036 4725 1125 4779 ille
1151 4724 1327 4780 adhuc
1358 4727 1596 4782 ostendit
1617 4727 1685 4782 ab
1714 4727 1902 4784 iisdem

312 4814 646 4871 daemonibus
672 4818 908 4886 profecta
936 4830 1077 4880 esse,
1097 4831 1215 4889 qua:
1235 4816 1434 4873 ethnici
1461 4826 1748 4890 tantopere
1777 4836 1906 4875 ven-

312 4905 574 4975 ditabant,
608 4906 830 4964 deorum
869 4924 1090 4966 suorum
1117 4911 1355 4966 oracula.
1388 4909 1521 4978 Quis
1550 4920 1730 4977 autem
1769 4912 1905 4969 adeo

313 5014 493 5055 cmens
522 5009 625 5067 est,
659 5010 716 5055 ut
744 5001 796 5056 in
830 5002 911 5058 eis
938 5001 1126 5057 solitas
1161 5001 1465 5057 daemonum
1514 5000 1747 5069 fraudes,
1791 5020 1903 5060 ma-

315 5090 617 5163 lignumque
643 5092 992 5150 subtilitatem
1020 5111 1085 5151 eo
1112 5095 1323 5151 facilius
1366 5111 1470 5151 non
1515 5096 1902 5169 deprehendat,

314 5199 421 5255 quo
446 5188 613 5256 magis
636 5189 876 5261 ambigua
906 5190 1140 5246 fuerunt.
1172 5191 1226 5247 Si
1254 5192 1375 5264 quis
1416 5201 1592 5248 tamen
1621 5192 1907 5250 Tertullia-

317 5292 388 5333 no
418 5279 637 5335 credere
670 5283 821 5348 nolit,
855 5283 900 5338 is
926 5296 1073 5340 certe
1106 5285 1306 5353 audiat,
1341 5285 1719 5356 expendatque
1744 5301 1903 5357 quam

315 5370 597 5428 manifeste
641 5374 767 5430 illud
808 5375 877 5431 ab
916 5393 981 5433 eo
1005 5377 1305 5449 probetur:
1338 5376 1405 5433 In
1432 5378 1675 5444 oraculis,
1712 5378 1904 5452 inquit,

312 5481 412 5537 quo
450 5467 651 5541 ingenio
688 5469 1041 5542 ambiguitates
1077 5487 1198 5525 suas
1241 5479 1521 5543 temperent
1582 5471 1637 5527 in
1678 5481 1907 5539 eventus,

313 5560 478 5616 sciunt
507 5561 684 5631 Croesi,
712 5564 876 5619 sciunt
908 5561 1100 5635 Pyrrhi
1125 5561 1493 5633 (Tertullian.,
1536 5563 1829 5639 Apologet.,
1859 5580 1906 5625 c.

312 5650 404 5719 22,
430 5670 482 5723 p.
511 5652 664 5722 408).
695 5654 808 5711 Duo
836 5654 1012 5727 itaque
1045 5654 1245 5726 profert
1275 5652 1631 5713 celeberrima
1661 5657 1911 5713 oraculo-

314 5758 431 5799 rum
453 5745 718 5817 exempla,
747 5761 974 5819 quorum
1006 5762 1167 5801 unum
1205 5746 1434 5819 Pyrrho,
1463 5747 1692 5803 alterum
1726 5747 1914 5803 Crasso

313 5832 497 5893 datum
518 5848 619 5895 est.
652 5838 831 5907 Quam
867 5837 1174 5911 ambiguum
1205 5844 1388 5895 autem
1414 5845 1469 5896 ct
1502 5837 1659 5896 fallax
1683 5838 1912 5911 primum

2013 4721 2137 4778 linis
2164 4721 2379 4777 nomine
2408 4736 2724 4793 responsum
2755 4719 3005 4775 reddidit.

2081 4814 2155 4870 De
2178 4813 2259 4870 his
2282 4828 2442 4884 porro
2465 4828 2527 4868 ac
2552 4812 2819 4869 similibus
2846 4808 3099 4875 oraculis,
3133 4808 3502 4881 ambiguisque
3530 4822 3596 4863 ac

2006 4906 2286 4963 fallacibus
2312 4905 2615 4961 daemonum
2657 4903 2953 4974 responsis,
2992 4912 3047 4957 et
3094 4901 3309 4979 illorum
3350 4899 3587 4967 defectu,

2008 5014 2114 5054 non
2137 4997 2310 5054 solmn
2338 4996 2390 5052 in
2419 4997 2579 5052 citata
2604 4995 2671 5050 de
2698 4993 2911 5050 Minucii
2931 4992 3178 5056 Octavio,
3207 4990 3300 5045 sed
3327 4990 3446 5046 aliis
3471 5006 3606 5062 quo-

1970 5148 1975 5152 .
2007 5108 2111 5167 que
2139 5090 2335 5146 nostris
2361 5087 2827 5145 dissertationibus
2856 5095 3030 5140 actum
3072 5100 3100 5138 a
3143 5084 3299 5139 nobis
3326 5084 3419 5137 fuit
3448 5082 3596 5157 (Dis-

2007 5194 2180 5240 certat.
2212 5183 2266 5237 in
2300 5182 2510 5245 Minut.,
2540 5198 2656 5251 cap.
2683 5180 2771 5240 50.
2799 5188 2901 5231 art.
2934 5176 2988 5243 5,
3018 5187 3064 5230 et
3091 5177 3141 5229 in
3172 5174 3432 5240 Lactant.,
3480 5191 3603 5244 cap.

2006 5279 2099 5344 20,
2128 5286 2226 5332 art.
2262 5277 2292 5330 7
2314 5286 2357 5331 et
2379 5278 2433 5341 8,
2463 5286 2508 5329 ct
2535 5291 2649 5343 cup.
2693 5273 2784 5338 52,
2810 5281 2907 5324 art.
2939 5270 3015 5342 l).
3051 5272 3118 5325 At
3164 5268 3434 5327 neminem
3480 5284 3603 5324 esse

2009 5382 2281 5445 putamus,
2307 5371 2395 5440 qui
2424 5385 2488 5424 ex
2516 5368 2673 5422 dictis
2698 5383 2801 5420 non
2833 5365 3091 5435 intelligat
3122 5374 3381 5435 qgantum
3412 5380 3439 5415 a
3464 5360 3602 5417 Ter-

2013 5464 2217 5519 tulliani
2258 5463 2591 5527 aliorumque
2648 5458 3143 5530 antiquissitnm'nm
3198 5455 3453 5511 Ecclesia:
3505 5453 3603 5507 Pa-

2016 5570 2154 5614 trum
2180 5554 2443 5611 sententia
2478 5552 2746 5607 rccentior
2774 5550 3026 5621 quidem,
3060 5562 3117 5604 ut
3164 5549 3290 5603 alibi
3324 5545 3607 5602 annotavi-

2019 5642 2157 5718 nius,
2189 5646 2465 5709 dissideat,
2490 5645 2582 5717 qui
2624 5653 2802 5699 vetera
2845 5641 3121 5714 gentilium
3149 5639 3362 5695 oractila
3397 5654 3501 5693 non
3529 5637 3612 5692 his

2020 5743 2324 5799 dmmonum
2346 5737 2482 5794 dolis
2504 5736 2855 5809 pessimisque
2880 5735 3102 5800 artibus,
3132 5734 3225 5790 sed
3248 5731 3609 5798 sacerdotum,

2020 5834 2176 5895 idolis
2202 5832 2573 5899 servientium,
2605 5828 2831 5887 fallaciis
2850 5844 2911 5885 ac
2933 5825 3435 5901 pra-stigiisrcddita
3456 5825 3620 5881 fuisse
