4092 6352
527 322 596 382 '79
1575 318 1639 374 ΙΝ
1679 313 2142 376 TERTULLIANI
2180 312 2712 373 APOLOGETICUM

3680 308 3794 368 880

483 453 771 514 perperam
803 436 1061 496 venditat.
1092 434 1350 505 Quamvis
1393 433 1536 491 enim
1583 433 1843 490 nonnulla
1884 431 1956 488 ab
1996 430 2085 487 his
2109 434 2165 496 Α
2261 429 2532 487 Ρινωιθιοθει
2583 426 2917 486 detestandis
2961 425 3070 484 illis
3109 427 3316 484 artibus
3342 468 3360 497 ,
3406 425 3785 482 Phantdsmata

481 533 851 590 sacerdotibus
879 529 1125 604 profecta
1154 527 1327 585 fuisse
1367 535 1664 594 constaret,
1693 525 1951 598 pleraque
1999 533 2090 580 ta-

485 641 611 682 nten
652 626 830 682 omnia
871 623 1036 680 edere
1101 636 1210 678 non
1255 628 1568 693 potuerunt,
1618 618 1776 676 sicuti
1819 631 1918 674 nec
1958 629 2088 672 vera

496 717 779 787 miracula,
809 715 878 774 de
901 715 1096 789 quibus
1124 729 1269 771 nunc
1294 713 1560 786 agendum
1589 720 1691 769 est.

1102 866 1390 908 ARTICULUS
1427 866 1478 905 ν.

493 988 762 1060 Quomodo
783 988 1132 1045 Tertullianus
1153 987 1388 1044 ostendat
1422 987 1717 1042 dtemonum
1750 991 2000 1056 potestate
2027 996 2088 1036 ac

565 1085 836 1156 fraudibus
856 1100 916 1138 ea
931 1099 1039 1138 esse
1059 1086 1212 1154 facta,
1232 1097 1351 1150 qua:
1370 1082 1505 1152 magi
1532 1078 1872 1135 circulatoriis
1896 1075 2090 1149 prtlei-

563 1179 659 1248 giis
693 1178 900 1244 ludunt,
928 1175 1107 1246 quibus
1134 1175 1459 1246 infamantur
1492 1173 1854 1244 defunctorum
1879 1169 2085 1232 aninuv,

561 1269 709 1340 pueri
763 1269 819 1323 in
875 1268 1129 1339 eloquium
1179 1267 1376 1320 oraculi
1415 1265 1697 1328 eliduntur,
1745 1263 2088 1316 immittuntur

489 1342 505 1362 ’
565 1344 786 1429 somnia,
814 1377 984 1433 capra:
1015 1372 1058 1416 et
1080 1376 1268 1415 mensa:
1301 1360 1562 1420 divinant;
1603 1373 1694 1411 nec
1734 1353 2032 1425 responderi
2054 1369 2087 1406 a

487 1438 499 1459 ’
563 1447 817 1528 quoquam
847 1471 993 1527 posse
1033 1469 1093 1507 ea
1125 1454 1304 1507 saltem
1345 1452 1444 1506 diis
1471 1448 1762 1516 tribuenda,
1801 1462 1913 1516 qua:
1952 1446 2088 1499 intra

486 1598 493 1615 ,
562 1550 770 1606 illorum
791 1547 982 1619 templa
994 1545 1293 1619 agebantur.

567 1707 827 1764 Ethnicos
855 1704 1030 1761 acrius
1061 1703 1235 1759 adhuc
1263 1710 1414 1774 urget
1439 1698 1825 1760 Tertullianus.
1844 1696 2088 1768 planum-

492 1814 596 1871 que
617 1798 744 1855 facit
768 1813 852 1863 ea,
875 1812 994 1870 quin
1025 1811 1055 1850 a
1089 1794 1449 1851 circulatoriis
1480 1792 1648 1862 magis
1689 1803 1850 1859 supra
1882 1797 2086 1842 natura:

490 1893 734 1949 ordinem
768 1891 910 1947 edita
947 1889 1327 1962 epinabantur,
1363 1887 1478 1942 haec
1513 1885 1648 1940 facta
1686 1883 1850 1938 fuisse
1879 1881 2084 1936 daemo-

489 1999 620 2041 num
643 1982 918 2038 fraudibus
943 1997 1006 2052 ac
1035 1979 1342 2051 prmstigiis.
1376 1979 1438 2033 Et
1473 1984 1622 2032 certe
1647 1973 1917 2046 quomodo
1946 1969 2087 2042 magi

489 2077 568 2134 illi
597 2075 939 2133 exsecrandis
985 2073 1099 2129 suis
1139 2073 1342 2127 artibus
1373 2071 1549 2126 facere
1594 2065 1796 2139 aliquid
1842 2072 2102 2136 possent,

487 2171 592 2226 nisi
624 2170 902 2235 haberent,
932 2168 1088 2222 semel
1108 2167 1455 2228 invitatorum,
1479 2164 1554 2219 ait
1575 2161 1962 2226 Tertullianus,
1990 2175 2089 2213 an-

493 2263 746 2334 gelorum,
782 2261 1034 2317 videlicet
1062 2259 1348 2321 malorum,
1379 2267 1424 2312 et
1442 2257 1730 2311 dientonum
1758 2254 2088 2308 adsistentem

489 2364 790 2427 potestatem
825 2353 1180 2426 (Tertullian.,
1199 2351 1493 2423 Apologet.,
1518 2368 1567 2406 c.
1588 2349 1680 2416 23,
1708 2367 1765 2420 p.
1792 2347 1942 2418 MO).
1972 2345 2087 2401 Non

490 2449 636 2504 enim
658 2463 776 2504 eam
804 2448 1125 2518 potentiam,
1153 2461 1274 2516 qua:
1315 2445 1501 2499 solitas
1544 2442 1776 2498 hominis
1808 2441 1949 2496 vires
1995 2455 2088 2494 su-

490 2551 667 2613 perat,
691 2556 720 2595 a
746 2556 804 2596 se
833 2540 966 2611 ipsis
991 2538 1210 2603 habent,
1239 2551 1413 2608 neque
1449 2535 1610 2590 etiam
1652 2550 1683 2588 a
1724 2534 1833 2589 Deo
1860 2532 2086 2604 optimo,

493 2632 585 2704 qui
616 2631 1004 2688 maleﬁciorum
1037 2640 1223 2685 auctor
1244 2643 1364 2684 esse
1393 2643 1497 2682 non
1541 2633 1734 2696 potest.
1766 2624 1906 2695 Ergo
1946 2623 2089 2678 illam

492 2733 870 2796 acceperunta
899 2723 1262 2787 daemonibus,
1297 2724 1388 2792 qui
1417 2735 1534 2787 sua,
1567 2720 1640 2774 uti
1683 2718 1940 2782 diximus,
1977 2732 2092 2771 ma-

493 2817 736 2888 lignitate
775 2817 1024 2872 homines
1061 2816 1114 2870 in
1147 2814 1401 2887 qumlibet
1441 2813 1646 2869 scelera
1695 2810 1948 2866 inducere
1976 2823 2092 2863 mo-

493 2909 718 2964 liuntur.
752 2907 859 2965 Sed
891 2908 1006 2964 hate
1036 2907 1127 2963 ille
1153 2907 1258 2962 alio
1281 2906 1332 2960 in
1365 2905 1506 2960 libro
1528 2904 1727 2960 clarius
1766 2901 2093 2972 uberiusque

493 3000 832 3056 demonstrat
873 2998 1046 3070 (Idem
1069 3041 1083 3066 ,
1111 2999 1200 3054 lib.
1230 2999 1292 3053 de
1321 2998 1518 3065 Anim.,
1545 3012 1662 3067 cap.
1690 2995 1804 3068 57).

567 3091 706 3162 Magi
733 3093 912 3163 itaque
949 3100 1169 3162 accepta
1202 3091 1404 3146 abillis
1439 3087 1778 3144 diemonibus
1821 3101 1910 3142 res
1931 3100 2092 3156 quas-

494 3183 622 3240 dam
665 3193 816 3240 extra
858 3193 1174 3240 consuetum
1221 3192 1425 3238 natura:
1474 3181 1718 3236 ordinem
1757 3179 1950 3235 edendi
2000 3194 2094 3248 po-

492 3287 708 3344 testate,
751 3277 1115 3344 circulatoriis,
1156 3278 1232 3330 ait
1270 3274 1652 3340 Tertullianus,
1693 3271 1967 3343 priestigiis
2007 3270 2091 3324 lu-
2119 3240 2163 3304 (δ

495 3371 623 3424 dunt
647 3369 846 3442 (Idem,
868 3367 1158 3441 Apologet.,
1186 3385 1232 3422 c.
1255 3368 1347 3432 ‘25,
1380 3385 1436 3438 p.
1479 3366 1629 3436 Mi).
1659 3362 1765 3421 Sed
1796 3379 1916 3435 qua:
1942 3371 2090 3428 sunt,

497 3461 709 3533 rogabit
733 3462 947 3534 aliquis,
972 3460 1056 3516 ita:
1098 3460 1456 3516 circulatorice
1487 3457 1809 3530 praestigiae?
1838 3455 2057 3528 ReSpon
2077 3484 2091 3496 -

496 3552 630 3608 dent
653 3551 819 3624 aliqui
846 3552 966 3607 illas
997 3551 1077 3608 sic
1099 3553 1300 3615 vocari,
1333 3551 1454 3621 quia
1484 3550 1622 3620 magi
1655 3548 2090 3616 eireumforanei,

497 3646 857 3716 spectantium
884 3655 1025 3702 cmtu
1048 3645 1160 3700 sive
1187 3644 1393 3699 circulo
1414 3642 1755 3706 circumdati,
1789 3641 1979 3696 fabulis
2004 3650 2095 3694 aut

500 3740 784 3811 praestigiis
829 3738 1039 3794 ludunt.
1073 3737 1268 3794 Verum
1302 3737 1457 3791 nobis
1498 3736 1706 3790 facilius
1741 3732 2091 3804 persuadebi-

496 3845 587 3889 tur
624 3832 709 3887 Itis
749 3831 929 3887 verbis
973 3831 1104 3886 nihil
1148 3845 1176 3883 a
1218 3829 1547 3884 Tertulliano
1595 3827 1738 3883 aliud
1778 3824 2089 3897 signiﬁcari.

496 3941 658 3997 quam
708 3926 941 3997 magicas
988 3923 1304 3995 praestigias.
1354 3922 1451 3979 Ubi
1501 3922 1644 3977 enim
1690 3919 1978 3975 Marcionis
2025 3917 2094 3972 de

497 4017 832 4088 phantastica
856 4016 1054 4071 Christi
1085 4029 1247 4071 carne
1277 4028 1515 4084 errorem
1543 4010 1736 4067 refellit
1761 4027 1776 4065 2
1816 4009 1957 4081 Ergo
1979 4010 2092 4081 jam

497 4107 778 4174 Christum,
808 4110 998 4180 inquit.
1029 4125 1130 4162 non
1159 4107 1222 4161 de
1245 4107 1371 4160 caelo
1400 4106 1597 4177 deferre
1621 4104 1889 4168 debueras,
1918 4101 2008 4156 sed
2031 4100 2095 4155 de

499 4204 674 4270 aliquo
700 4203 1050 4268 circulatorio,
1081 4201 1129 4255 id
1159 4208 1264 4267 est,
1296 4213 1592 4270 magorum,
1628 4206 1778 4261 coetu,
1809 4191 1900 4250 nec
1929 4194 2092 4248 Deum

499 4303 687 4366 prwter
721 4293 996 4360 hominem,
1040 4293 1128 4346 sed
1168 4308 1371 4363 magum
1398 4290 1654 4344 hominem
1687 4287 1884 4360 (Idem,
1921 4285 2007 4340 lib.
2033 4285 2096 4340 de

498 4385 656 4441 Corn.
685 4384 894 4452 Christi,
925 4402 971 4438 c.
1009 4385 1086 4456 5).
1118 4384 1258 4439 Alibi
1290 4399 1419 4438 vero
1453 4397 1467 4436 :
1498 4383 1616 4437 Alia
1655 4382 1846 4452 species
1890 4381 2092 4453 magica,

499 4493 617 4548 qua:
683 4476 945 4531 miraculis
1000 4484 1383 4546 operatur......
1418 4474 1598 4529 exinde
1647 4484 1692 4528 et
1748 4473 1930 4530 Simon
1980 4489 2094 4528 ma-

498 4584 615 4639 gus,
637 4569 749 4640 jam
779 4567 966 4637 fidelis,
1013 4567 1251 4636 quoniam
1297 4566 1491 4636 aliquid
1535 4565 1701 4619 adhuc
1760 4567 1820 4619 de
1871 4565 2091 4620 circula-

499 4634 652 4716 toriis-
683 4634 818 4714 secta
860 4634 1102 4731 cogitaret
1153 4656 1355 4728 (Idem,
1383 4634 1488 4712 lib.
1527 4660 1588 4712 de
1627 4657 1898 4724 Idololat.,
1933 4677 1978 4713 c.
2012 4658 2088 4729 9).
2119 4634 2172 4695 D

496 4752 636 4822 Quid
662 4763 838 4810 autem
867 4752 937 4809 ibi
965 4753 1301 4809 circulatoria
1331 4761 1498 4817 secta,
1533 4753 1632 4807 nisi
1666 4768 1943 4824 magorum
1975 4767 2092 4808 sec-

498 4857 619 4918 tam‘
670 4846 967 4917 signiﬁcat?
1002 4845 1211 4902 Alicubi
1254 4856 1468 4910 tamen,
1505 4862 1571 4900 ne
1614 4847 1740 4918 quid
1785 4846 2088 4901 dissimule-

498 4951 642 5005 mus,
688 4952 874 5008 magos
910 4952 940 4991 a
977 4935 1332 4993 circulatoriis
1360 4935 1690 5008 distinguere
1720 4936 1948 4999 videtur,
2000 4936 2087 4990 ubi

501 5028 760 5085 adversus
806 5030 1089 5086 hceretieos
1115 5030 1193 5085 sic
1219 5029 1458 5100 diSputat
1490 5047 1501 5082 :
1533 5026 1728 5083 Notata
1770 5039 1886 5084 sunt
1936 5029 2087 5084 etiam

496 5125 796 5178 commercia
822 5123 1172 5177 haereticorum
1208 5139 1325 5177 cum
1352 5123 1514 5193 magis
1538 5122 1939 5192 quampluribus,
1971 5137 2089 5177 cum

497 5215 906 5283 circulator-ibus,
931 5231 1044 5269 cum
1068 5215 1359 5286 astrologis,
1385 5230 1499 5268 cum
1528 5213 1850 5284 philosophis
1871 5214 2086 5268 curiosi-

497 5305 594 5359 tati
640 5305 828 5361 scilicet
875 5306 1059 5361 deditis
1103 5304 1296 5376 (Idem,
1323 5307 1373 5361 in
1418 5307 1512 5376 fin.
1561 5304 1649 5360 lib.
1678 5305 1741 5359 de
1785 5303 2086 5374 Prtescript.

496 5399 697 5463 htcret.,
729 5389 962 5470 c.63)?
992 5397 1100 5455 Sed
1149 5413 1329 5454 nonne
1376 5399 1552 5453 cernis
1610 5397 1679 5452 ibi
1737 5397 1910 5452 varias
1965 5405 2087 5452 tan-

494 5502 607 5546 tum
661 5491 837 5545 notari
890 5489 1189 5558 hominum,
1238 5491 1461 5562 magicis
1508 5491 1715 5547 artibus
1757 5491 2084 5562 deditorum,

491 5583 739 5654 species?
765 5582 957 5640 Nonne
994 5583 1154 5655 igitur
1183 5582 1325 5639 illius
1353 5585 1405 5640 in
1445 5585 1790 5659 Apologetieo
1833 5585 1922 5642 hic
1965 5600 2089 5642 sen-

497 5687 591 5728 sus
620 5682 703 5729 est
745 5691 758 5729 :
803 5675 941 5744 magi
984 5674 1148 5730 multa
1191 5675 1444 5730 miracula
1469 5677 1843 5741 circulatoriis,
1875 5675 1929 5733 id
1974 5687 2080 5745 est,

499 5764 722 5835 magicis
738 5765 944 5820 artibus
975 5765 1186 5832 ludunt,
1217 5764 1316 5821 hoc
1348 5775 1450 5835 est,
1479 5765 1684 5838 ﬁngunt
1724 5779 1778 5825 et
1812 5766 1950 5824 falso
1969 5769 2086 5839 jac.

494 5863 612 5913 tant
642 5871 672 5911 a
694 5870 754 5915 se
789 5855 925 5925 ﬁeri,
949 5858 1131 5931 sicque
1170 5856 1415 5917 ltomines
1444 5859 1652 5932 ludunt,
1679 5875 1741 5918 ac
1765 5860 2082 5936 decipiunt?

2139 528 2154 544 ’
2192 523 2368 589 edunt,
2393 531 2440 578 et
2465 523 2826 596 defunctorum
2855 522 3108 593 infamant
3139 523 3340 577 animas
3370 519 3562 594 (Idem,
3595 519 3786 590 Apolo-

2191 625 2316 688 get.,
2335 633 2380 672 c.
2412 614 2505 682 25,
2529 615 2728 688 p.410)
2746 655 2758 668 .
2787 615 2904 671 Iam
2936 630 3065 671 vero
3090 615 3291 672 dictum
3314 614 3381 670 ab
3407 615 3500 670 illo
3527 614 3785 670 observa—

2191 711 2367 766 vimus
2391 726 2420 766 a
2445 710 2785 767 daemonibus
2821 711 2965 766 edita
2998 711 3162 767 fuisse
3199 710 3572 782 phantasmata
3595 707 3788 763 Casto—

2193 817 2312 858 rum
2341 805 2358 872 (
2384 820 2555 874 supr.,
2599 813 2701 858 art.
2733 801 2808 874 3)
2843 819 2857 856 :
2890 819 3032 858 nunc
3079 819 3208 860 vero
3241 810 3516 858 asseverat
3559 801 3786 856 aliorum

2191 895 2564 951 defunctorum
2597 895 2994 966 phantasmata,
3025 896 3139 952 sive
3171 896 3321 951 ﬁctas
3344 881 3572 964 efﬁgies,
3606 908 3636 948 a
3666 906 3782 946 ma-

2191 989 2272 1057 gis
2308 988 2615 1044 daemonum
2644 988 2872 1044 artiﬁcio
2897 989 3305 1060 reprresentari.
3337 988 3440 1044 Sed
3471 987 3587 1044 haec
3614 987 3702 1042 ille
3728 986 3782 1041 in

2192 1079 2327 1134 libro
2354 1079 2422 1136 de
2443 1081 2634 1135 Anima
2663 1079 2854 1147 fusius,
2879 1079 3071 1152 hisque
3099 1081 3278 1137 verbis
3299 1079 3532 1150 explicat
3556 1097 3570 1134 :
3595 1077 3662 1134 In
3692 1077 3783 1133 illa

2191 1173 2358 1243 specie
2396 1175 2598 1246 magiw,
2626 1190 2741 1244 qua:
2760 1176 2878 1245 jam
2903 1175 3209 1245 quiescentes
3237 1174 3437 1229 animas
3472 1173 3684 1230 evellere
3720 1173 3784 1227 ab

2190 1264 2368 1332 inferis
2397 1267 2642 1334 creditur,
2678 1276 2725 1322 et
2761 1269 3052 1337 conspectui
3077 1268 3325 1335 exhibere,
3355 1284 3456 1322 non
3485 1267 3589 1321 alia
3618 1267 3780 1339 falla-

2191 1357 2284 1410 cia:
2309 1358 2384 1412 vis
2413 1353 2703 1428 Operatior';
2733 1360 2887 1430 plane
2911 1361 3030 1430 quia
3067 1370 3112 1415 et
3148 1362 3456 1432 phantasma
3488 1370 3783 1432 prtestatur,

2190 1450 2312 1519 quia
2351 1459 2397 1503 et
2435 1466 2620 1520 corpus
2658 1451 2936 1524 afﬁngitur,
2965 1469 3055 1508 nec
3107 1469 3349 1525 magnum
3395 1454 3474 1508 illi
3520 1454 3790 1509 exteriores

2190 1542 2364 1596 oculos
2389 1542 2814 1612 circumscribere,
2843 1546 2926 1600 cui
2952 1546 3245 1602 interiorem
3279 1547 3460 1603 mentis
3489 1547 3648 1601 aciem
3688 1561 3784 1601 e1-

2191 1650 2381 1689 cwcare
2406 1637 2649 1707 perfacile
2675 1646 2767 1691 est.
2792 1635 3022 1709 Corpora
3046 1638 3262 1709 denique
3299 1639 3596 1693 videbantur
3628 1637 3784 1692 Pha-

2190 1729 2360 1794 raoni,
2391 1739 2437 1783 et
2464 1728 2731 1801 Egyptiis
2753 1732 3068 1802 magicorum
3093 1733 3352 1803 virgarum
3378 1733 3659 1799 dracones;
3694 1732 3786 1788 sed

2115 1843 2164 1903 Β
2195 1820 2391 1893 Moysis
2430 1824 2614 1877 veritas
2658 1823 2976 1878 mendacium
3018 1825 3274 1879 devoravit
3303 1823 3659 1897 (Tertullian.,
3690 1825 3786 1879 lib.

2193 1913 2256 1967 de
2282 1912 2482 1980 Anim.,
2527 1930 2574 1967 c.
2604 1915 2695 1980 57,
2726 1932 2778 1984 μ.
2810 1915 2963 1984 555).
2992 1914 3049 1969 ln
3078 1915 3162 1970 his
3193 1916 3369 1987 itaque
3408 1915 3626 1987 magicis
3655 1929 3790 1972 evo-

2192 2004 2492 2060 cationibus
2519 2003 2653 2060 nihil
2684 2005 2828 2061 aliud
2869 2020 2990 2061 esse
3011 2006 3312 2074 contendit,
3343 2007 3444 2062 nisi
3483 2006 3792 2062 daemonum

2192 2095 2426 2163 fraudes,
2470 2096 2732 2165 fallacias,
2785 2097 2988 2165 fucum,
3027 2109 3188 2170 atque
3233 2099 3595 2156 mendacium.
3635 2098 3794 2168 Quod

2192 2187 2407 2260 quidem
2438 2189 2528 2244 ille
2561 2190 2757 2245 ibidem
2790 2191 2890 2247 hac
2921 2201 3027 2246 tam
3053 2200 3221 2257 certa,
3247 2209 3408 2264 quam
3436 2193 3674 2249 evidenti
3699 2209 3791 2250 ra-

2195 2282 2340 2338 tione
2371 2284 2720 2353 comprobat:
2747 2284 2892 2340 llanc
2915 2285 3176 2357 fallaciam
3199 2288 3415 2357 spiritus
3441 2305 3678 2360 nequam,
3698 2289 3794 2344 sub

2193 2375 2424 2443 personis
2465 2374 2825 2445 defunctorum
2868 2377 3225 2446 delitescentis,
3263 2379 3364 2433 nisi
3407 2379 3590 2452 fallor,
3632 2382 3791 2435 etiam

2194 2465 2342 2518 rebus
2371 2465 2642 2536 probamus
2663 2483 2779 2521 cum
2805 2469 2856 2523 in
2881 2470 3174 2525 exorcismis
3204 2471 3460 2526 interdum
3481 2474 3703 2544 aliquem
3737 2491 3795 2530 se

2194 2571 2257 2611 ea:
2275 2559 2567 2628 parentibus
2597 2561 2853 2616 hominem
2888 2563 2994 2618 suis
3019 2564 3271 2633 afﬁrmat,
3296 2565 3555 2620 interdum
3591 2566 3798 2638 gladia-

2196 2655 2376 2715 torem,
2420 2650 2496 2704 vel
2527 2651 2840 2718 bestiarium,
2869 2654 2998 2708 sicut
3023 2665 3070 2708 et
3099 2656 3223 2710 alibi
3251 2656 3425 2722 deum,
3458 2658 3589 2712 nihil
3633 2660 3796 2731 magis

2193 2756 2401 2808 curans,
2429 2759 2582 2811 quant
2628 2745 2722 2798 hoc
2749 2744 2917 2816 ipsum
2947 2747 3236 2812 excludere,
3259 2749 3396 2818 quod
3431 2751 3794 2821 pra'dicamus,

2195 2848 2260 2886 ne
2286 2833 2439 2900 facile
2473 2834 2739 2890 credamus
2784 2836 2984 2892 animas
3010 2839 3272 2894 universas
3292 2841 3361 2893 ad
3391 2842 3581 2910 inferos
3608 2843 3791 2914 redigi,

2199 2931 2255 2976 ut
2281 2932 2328 2978 et
2349 2923 2534 2989 iudicii
2564 2935 2608 2979 et
2637 2928 3017 2983 resurrectionis
3048 2929 3202 2998 ﬁdem
3231 2930 3393 2986 turbet
3424 2931 3635 3005 (Ibid).

2268 3019 2338 3073 At
2365 3034 2480 3083 cur,
2507 3019 2736 3091 inquies,
2758 3023 2951 3078 anima:
2972 3023 3345 3081 defunctorum
3374 3026 3442 3081 ab
3462 3041 3528 3082 eo
3559 3037 3687 3083 tunc
3712 3027 3796 3083 di-

2196 3119 2389 3166 cuntur
2427 3111 2706 3168 infamari?
2739 3113 2933 3174 Putant
2964 3117 3206 3172 nonnulli
3252 3117 3384 3172 illud
3412 3118 3535 3174 ideo
3565 3103 3791 3189 dictum,

2196 3202 2317 3272 quia
2361 3202 2575 3258 infamia
2603 3214 2658 3260 et
2686 3207 3012 3262 contumelia
3051 3208 3381 3264 afﬁciuntur.
3405 3209 3515 3266 Sed
3546 3227 3796 3267 veremur

2197 3308 2266 3350 ne
2305 3293 2406 3350 hoc
2438 3295 2656 3351 verbum
2688 3298 2793 3352 alio
2842 3313 3004 3354 sensu
3045 3315 3074 3353 a
3119 3299 3452 3357 Tertulliano
3499 3304 3798 3376 accipiatur

2199 3400 2296 3455 pro
2327 3387 2527 3458 tingere
2556 3389 2822 3455 videlicet,
2854 3406 2918 3445 ac
2949 3391 3083 3447 falso
3123 3392 3400 3450 exhibere.
3437 3394 3575 3452 Nam
3604 3398 3795 3453 eodem

2197 3476 2252 3532 in
2296 3477 2434 3534 libro
2463 3480 2652 3549 probat
2684 3481 2792 3535 falli
2821 3481 3102 3539 hominum
3133 3485 3342 3552 oculos,
3374 3503 3437 3542 ac
3462 3489 3624 3559 objici
3657 3507 3797 3545 men-

2201 3568 2405 3623 dacium
2431 3586 2604 3626 eorum
2645 3572 2793 3638 visui,
2819 3573 2955 3643 quod
2994 3575 3394 3646 a’qualissimam
3425 3581 3678 3649 porticum
3702 3599 3796 3636 an-

2196 3663 2468 3731 gustiorem
2523 3664 2576 3716 in
2632 3664 2811 3718 ultimo
2879 3665 3088 3736 infamet
3151 3667 3351 3750 (Ibid,
3421 3687 3466 3724 c.
3538 3672 3681 3742 17),
3743 3672 3796 3728 id

2200 3761 2301 3815 est,
2335 3751 2471 3808 falso
2497 3753 2770 3822 exhibeat,
2799 3771 2862 3810 ac
2895 3757 3173 3814 mendacio
3201 3771 3570 3832 repraesentet.
3601 3764 3795 3821 Postea

2198 3857 2328 3898 vero
2369 3844 2556 3912 adjicit
2597 3855 2726 3902 tunc
2771 3849 2968 3904 nullam
2996 3865 3119 3908 esse
3167 3853 3448 3910 oculorum
3499 3856 3792 3928 fallaciam,

2197 3934 2510 4005 nullumque
2569 3937 2927 4006 mendacium,
2977 3942 3022 3996 si
3071 3952 3125 3998 et
3183 3943 3312 4014 ipsae
3359 3962 3530 4002 causa:
3582 3949 3792 4019 objecta

2198 4033 2345 4081 recte
2372 4025 2586 4082 videndi
2614 4029 2828 4085 infamia
2848 4031 3160 4090 liberentur.
3193 4035 3364 4092 Nemo
3395 4049 3576 4095 autem
3599 4039 3798 4097 dixerit

2205 4115 2280 4171 ibi
2323 4118 2544 4173 verbum
2589 4121 2846 4192 infamare
2887 4124 2954 4178 ah
2998 4125 3090 4180 illo
3128 4129 3372 4199 usurpari
3416 4147 3513 4199 pro
3556 4133 3791 4199 macula,

2196 4223 2300 4279 qua
2331 4210 2566 4280 porticus
2599 4212 2860 4268 inuratur.
2890 4215 2946 4271 Si
2975 4218 3099 4287 quis
3141 4229 3319 4274 tamen
3352 4223 3665 4290 probaverit
3689 4224 3790 4280 hoc

2199 4301 2437 4357 secundo
2475 4303 2773 4374 signiﬁcatu
2804 4307 2858 4361 in
2891 4309 3258 4381 Apologetieo,
3291 4315 3432 4369 sicut
3463 4299 3520 4370 in
3561 4331 3687 4372 mox
3713 4318 3795 4372 ci-

2198 4394 2321 4448 tatis
2349 4393 2503 4462 locis,
2524 4394 2696 4465 primo
2716 4413 2876 4454 sensu
2899 4401 3089 4472 accipi,
3118 4417 3222 4457 non
3245 4405 3468 4460 omnino
3490 4421 3795 4479 repugnare

2200 4484 2538 4541 audebimus.

2271 4578 2408 4650 Magi
2463 4579 2716 4651 insuper,
2756 4599 2972 4653 pueros,
3025 4587 3234 4658 inquit,
3281 4589 3333 4642 in
3375 4590 3629 4662 eloquium
3669 4609 3792 4648 ora-

2196 4669 2300 4723 culi
2348 4670 2543 4725 elidunt
2575 4670 2765 4744 (Idem,
2788 4677 3055 4748 Apologet.
3090 4695 3205 4749 cap.
3235 4679 3328 4744 25,
3357 4698 3479 4751 pag.
3511 4683 3676 4755 411).
3723 4685 3792 4739 Et

2195 4761 2270 4816 ita
2299 4777 2428 4818 sane
2473 4765 2524 4818 in
2572 4767 2769 4820 nostris
2801 4767 3077 4826 codicibus
3103 4774 3482 4844 manuscriptis
3528 4783 3586 4830 et
3629 4775 3790 4832 editis

2194 4856 2584 4912 recentioribus
2629 4858 2790 4928 apud,
2823 4869 2927 4914 etc.
2982 4861 3154 4918 Minus
3198 4873 3376 4921 autem
3408 4866 3548 4923 bene
3592 4868 3645 4923 in
3681 4870 3793 4938 pri-

2193 4950 2663 5007 miseditionibus
2715 4954 2942 5011 eliciunt.
2977 4957 3242 5027 "Apuleius
3287 4975 3518 5032 namque
3568 4971 3792 5019 testatur

2191 5055 2530 5098 communem
2583 5045 2664 5099 sui
2720 5048 2973 5114 temporis
3043 5063 3246 5105 morem
3295 5065 3558 5124 usumque
3595 5055 3789 5122 fuisse,

2191 5138 2250 5186 ut
2293 5135 2431 5204 magi
2484 5149 2680 5205 pueros
2732 5136 2846 5192 sive
2898 5153 3083 5195 servos
3129 5140 3194 5195 ad
3245 5143 3462 5198 oracula
3519 5143 3792 5201 fundenda

2191 5234 2560 5291 assumerent,
2593 5226 2681 5296 qni
2729 5226 2797 5281 ab
2832 5227 2897 5283 iis
2928 5230 3180 5285 incantati
3218 5233 3582 5302 corruebant,
3633 5246 3794 5308 atque

2191 5311 2392 5368 idcirco
2417 5316 2956 5391 elidebautur(Apul.
3005 5323 3224 5396 Apolog.
3262 5340 3301 5393 t,
3333 5343 3448 5397 pag.
3488 5328 3646 5400 540.)

2264 5405 2464 5462 Eadem
2520 5410 2679 5464 etiam
2727 5410 2914 5468 fraude
2963 5415 3199 5483 somnia,
3258 5418 3330 5472 ait
3377 5416 3788 5491 Tertullianus,

2187 5492 2430 5568 (Tertull.
2459 5497 2584 5552 ibid.
2608 5517 2622 5566 ;
2653 5498 2920 5557 Dissertat.
2944 5505 2997 5558 in
3022 5503 3213 5560 Minut.
3242 5523 3360 5577 cap.
3389 5508 3481 5577 20,
3510 5521 3611 5566 art.
3640 5512 3713 5578 2,
3736 5515 3794 5568 in

2191 5584 2384 5641 Arnob.
2409 5603 2525 5660 cap.
2568 5590 2656 5657 18,
2680 5602 2779 5646 art.
2812 5609 2830 5648 ι
2857 5635 2872 5662 ,
2900 5594 2952 5649 in
2977 5594 3217 5651 Lactant.
3248 5615 3363 5669 cap.
3397 5599 3470 5655 '52
3492 5643 3508 5667 ,
3535 5611 3638 5657 art.
3681 5605 3718 5659 4
3745 5605 3786 5676 ),

2189 5676 2486 5735 futurorum
2509 5681 2649 5738 haud
2672 5684 2832 5741 dubie
2859 5689 3156 5758 praenuntia
3174 5689 3472 5747 immittunt.
3500 5694 3572 5750 At
3600 5693 3669 5750 de
3691 5694 3796 5751 hu-

2184 5771 2420 5842 iusmodi
2444 5779 2666 5835 somniis
2689 5779 2840 5851 plura
2862 5781 2916 5838 in
2938 5782 3306 5856 superioribus
3328 5787 3526 5843 nostris
3569 5787 3782 5846 disser-

2188 5865 2479 5926 tationibus
2498 5869 2751 5928 diximus.
