4092 6352
350 351 450 410 881

1489 346 1932 408 DlSSERTATlO
1968 346 2033 403 D.
2072 346 2161 404 LE
2199 345 2500 406 NOURBY.

3539 345 3646 403 882

423 464 608 540 Neque
635 467 734 525 soli
765 467 1010 524 homines
1042 467 1141 522 hac
1167 474 1284 521 arte
1307 479 1581 537 magorum
1604 465 1718 520 sive
1766 463 1942 533 potius
1968 460 2023 522 Α
2048 461 2242 517 mirum
2271 477 2376 518 non
2429 475 2551 518 esse
2574 503 2588 529 ,
2619 460 2663 516 si
2694 458 3012 516 Tertulliani
3053 467 3292 532 tempore
3344 460 3430 518 vel
3479 468 3640 517 antea

349 561 656 618 dmmonum
682 603 698 630 ,
747 561 837 632 qui
865 561 1056 615 horum
1089 559 1392 614 ministerio
1419 557 1773 614 abutebantur
1799 599 1813 622 ,
1847 554 1942 610 sed

349 656 514 713 etiam
541 670 711 725 capra:
730 695 745 721 ,
776 652 950 724 inquit
971 662 1158 707 auctor
1182 659 1366 706 uoster
1384 692 1398 717 ,
1423 659 1470 706 et
1498 665 1686 704 manete
1715 648 1944 702 divinare

349 757 710 804 consueverunt
734 745 1064 817 (Tertullian.
1089 745 1354 815 Apologet.
1385 761 1501 814 cap.
1523 743 1614 810 ἦ,
1649 759 1767 813 pag.
1791 740 1940 812 404).

347 841 420 897 At
465 855 750 912 quaenam,
793 840 1018 894 obsecro
1070 846 1154 903 te,
1207 847 1364 892 erant
1416 835 1498 890 lue
1543 833 1941 891 meusm?Num

346 935 525 1002 sacri,
571 943 629 988 ut
675 931 1204 1002 cthuicigarriebant
1235 974 1249 997 ,
1309 928 1581 998 tripodes,
1630 944 1695 982 cx
1747 928 1942 998 quibus

349 1029 538 1086 Pithia:
563 1070 576 1094 ,
602 1027 914 1083 sacerdotes
945 1026 1206 1096 Apollinis
1233 1065 1248 1088 ,
1297 1024 1542 1079 sblebant
1586 1022 1800 1077 oracula
1845 1036 1940 1075 sua

349 1120 613 1177 fundere?
641 1120 796 1175 Certe
819 1119 887 1174 de
937 1118 1041 1175 illis
1069 1117 1319 1189 Virgilius
1347 1115 1546 1172 cecinit
1577 1112 1796 1186 (Virgil.
1849 1113 1939 1168 lib.

350 1214 418 1279 ’5,
454 1211 673 1266 Αἰιιείἀ.
707 1227 756 1263 v.
791 1211 917 1281 558)
955 1231 967 1266 :

471 1303 750 1366 Troiugena
777 1305 1027 1366 interpres
1049 1304 1230 1360 divum,
1249 1295 1329 1366 qui
1347 1303 1541 1351 numina
1562 1299 1756 1366 Pbcebi,

472 1365 579 1429 Qui
592 1367 807 1430 tripodas
827 1367 972 1418 Clarii
997 1366 1176 1428 lauros,
1199 1365 1284 1428 qui
1301 1366 1462 1414 sidera
1485 1365 1658 1413 sentis.

348 1471 569 1528 Servius
589 1470 854 1541 siquidem
881 1471 932 1525 in
958 1469 1056 1526 hos
1083 1470 1262 1524 Poetae
1289 1482 1479 1523 versus
1503 1507 1517 1530 ,
1551 1465 1825 1536 Tripodes,
1856 1465 1940 1518 iu-

345 1564 494 1636 quit,
523 1578 708 1617 mensa:
727 1562 930 1632 [uerunt
964 1563 1016 1615 in
1074 1563 1272 1631 templo
1304 1559 1545 1629 Delphici
1593 1558 1896 1630 Appollinis
1925 1599 1939 1622 ,

345 1657 524 1728 quibus
569 1658 904 1727 superposita:
941 1655 1226 1711 Pluebades
1266 1654 1674 1710 vaticinabantur
1730 1651 1936 1725 (Bulen.

347 1753 434 1807 lib.
468 1753 531 1807 de
556 1768 694 1822 orac.
726 1761 772 1806 et
807 1751 1000 1806 vatibus
1048 1767 1163 1820 cap.
1201 1751 1261 1805 l7
1289 1790 1303 1816 ,
1332 1759 1377 1804 et
1407 1751 1562 1820 seq.).'
1589 1746 1711 1803 Noti
1759 1756 1940 1802 autem

2047 555 2320 611 temerarii
2377 553 2794 626 praestigiatores
2859 554 3002 609 hunc
3047 552 3103 609 in
3179 551 3400 610 modum
3453 551 3641 612 volare

2047 648 2388 704 tentaveriut.

2119 741 2285 813 Urget
2311 741 2485 798 adhuc
2515 743 2602 799 ille
2629 757 2812 814 parem
2837 756 2958 798 esse
2986 743 3225 798 furorem
3264 747 3320 796 et
3345 737 3636 796 amentiam

2051 836 2200 892 illius
2221 877 2236 903 ,
2270 837 2356 904 qui
2385 837 2627 908 genitalia
2677 838 2754 890 vel
2781 837 3031 901 lacertos,
3072 843 3232 904 atque
3273 831 3526 897 alterius,
3556 832 3643 903 qui

2046 931 2143 984 sibi
2190 931 2364 1000 gulam
2407 939 2635 1000 prosecat
2685 928 3015 1002 (Tertullian.
3046 928 3312 999 Apologet.
3364 942 3479 998 cap.
3525 925 3598 981 25
3623 965 3638 990 ,

2050 1041 2172 1097 pag.
2213 1025 2368 1094 421).
2403 1025 2554 1080 Prior
2580 1034 2758 1081 autem
2790 1034 2904 1080 erat
2950 1024 3124 1095 gallus
3151 1023 3238 1078 vel
3271 1021 3602 1092 Archigallus
3623 1064 3638 1086 ,

2045 1117 2138 1188 qui
2183 1117 2235 1172 in
2264 1117 2447 1172 Matris
2475 1117 2697 1173 deorum
2719 1161 2732 1182 ,
2763 1119 2846 1174 vel
2892 1117 3144 1184 Bellonae,
3191 1115 3360 1171 sacris
3402 1113 3640 1170 membra

2047 1226 2140 1266 sua
2171 1225 2355 1266 secare
2397 1221 2748 1267 consueverat
2792 1211 3030 1282 (Dissert.
3071 1212 3126 1265 in
3152 1208 3343 1264 Minui.
3387 1224 3507 1277 cap.
3533 1207 3640 1272 20,

2046 1316 2145 1359 art.
2167 1304 2223 1372 2,
2257 1314 2304 1360 et
2325 1303 2541 1360 Dissert.
2565 1307 2618 1359 in
2644 1304 2876 1360 Lactant.
2908 1321 3025 1374 cap.
3059 1304 3129 1359 54
3150 1345 3166 1370 ,
3197 1312 3296 1356 art.
3335 1301 3398 1368 ι).
3429 1302 3504 1357 De
3543 1300 3646 1356 hoc

2047 1406 2224 1453 autem
2251 1395 2552 1466 Arehigallo
2575 1397 2663 1452 ille
2685 1399 2843 1467 paulo
2872 1405 3010 1465 post,
3032 1410 3096 1450 ac
3122 1409 3220 1449 nos
3247 1393 3317 1450 de
3334 1393 3428 1448 illo
3447 1402 3502 1448 et
3519 1391 3642 1446 aliis

2045 1492 2202 1562 gallis
2245 1492 2370 1546 alibi
2413 1491 2777 1546 desseruimus
2809 1507 2821 1543 :
2855 1489 3006 1555 Atqui
3045 1503 3255 1558 compar
3301 1497 3414 1549 est,
3447 1483 3637 1554 inquit,

2046 1586 2210 1640 exitus
2249 1585 2473 1655 furoris,
2505 1593 2548 1638 et
2602 1599 2709 1637 una
2735 1583 2867 1636 ratio
2889 1591 2963 1636 est
3009 1579 3349 1650 instigationis
3399 1579 3451 1632 in
3493 1576 3599 1632 illis
3623 1618 3638 1642 ,

2046 1686 2206 1746 atque
2233 1674 2286 1729 in
2312 1689 2378 1730 eo
2399 1715 2414 1740 ,
2447 1674 2534 1744 qui
2559 1673 2655 1730 sibi
2682 1673 2856 1743 gulam
2877 1680 3106 1744 prosecat
3131 1712 3145 1734 ,
3179 1669 3230 1724 id
3253 1678 3335 1725 est
3359 1709 3372 1730 .
3405 1667 3644 1738 sejugu-

2049 1769 2122 1823 lat
2147 1809 2162 1834 ,
2188 1778 2279 1823 aut
2308 1767 2541 1839 gladium
2571 1781 2727 1821 suum
2756 1764 2990 1820 demittit
3013 1764 3064 1818 in
3095 1763 3272 1834 gulam
3303 1758 3636 1832 (Tertullian.

343 1855 471 1902 ευηι
499 1844 750 1900 omnibus
776 1841 1014 1914 ιτὶμοάέε
1045 1843 1119 1897 iiii
1140 1885 1153 1908 ν
1187 1841 1254 1897 de
1279 1841 1473 1912 ‘liiiiiiis
1499 1840 1546 1894 Si
1593 1839 1746 1910 lii“ra
1801 1839 1941 1894 seire
1969 1853 2018 1914 B
2047 1860 2220 1932 ibid.).
2249 1859 2306 1914 lu
2335 1859 2535 1916 nostris
2584 1867 2761 1913 autem
2809 1856 3085 1912 codicilms
3137 1853 3518 1922 manuscriptis
3545 1868 3642 1922 pro

344 1954 504 1995 areas
527 1978 543 2004 ,
575 1937 724 1994 adire
748 1937 948 2008 poteris
972 1936 1328 2006 Bulengcrum
1351 1942 1406 1988 ct
1425 1933 1585 1988 alios.

417 2031 799 2088 Verumtamen
831 2031 953 2101 quia
994 2028 1357 2084 Tertullianus
1383 2026 1453 2082 de
1506 2026 1590 2082 his
1612 2066 1625 2090 ,
1660 2041 1780 2096 qua:
1835 2039 1941 2079 non

344 2123 684 2180 sacerdotum
706 2122 1068 2188 ethnicorum,
1088 2119 1188 2175 sed
1208 2133 1481 2190 magorum
1510 2132 1672 2188 opera
1696 2115 1940 2172 efficiun-

344 2226 465 2283 tur,
501 2216 573 2270 ibi
622 2229 929 2271 sermonem
972 2213 1186 2267 videtur
1231 2212 1418 2266 fecisse
1443 2253 1458 2277 ,
1494 2210 1538 2264 si
1575 2208 1695 2280 quis
1731 2209 1798 2264 de
1824 2209 1944 2265 aliis

345 2311 546 2367 mensis
574 2326 694 2366 eum
725 2310 867 2380 loqui
911 2307 1212 2378 probaverit
1241 2347 1256 2372 ,
1305 2305 1354 2360 ei
1385 2304 1522 2358 haud
1576 2319 1718 2374 aegre
1759 2317 1944 2358 assen-

347 2405 563 2459 ticmur.
618 2396 1446 2473 Expendatnihilominus-lch
1491 2411 1596 2452 non
1648 2396 1824 2450 minus
1875 2393 1943 2450 ad

344 2497 561 2553 oracula
593 2495 813 2550 deorum
843 2491 1032 2548 referri
1077 2505 1235 2560 posse
1259 2531 1273 2555 ,
1302 2504 1462 2559 quam
1493 2487 1560 2541 ad
1602 2496 1810 2542 notatas
1839 2485 1942 2540 ibi-

345 2589 469 2646 dem
499 2588 567 2643 ab
598 2588 714 2658 ipso
743 2585 917 2640 adhuc
944 2584 1276 2640 'l‘ertulliano
1302 2599 1487 2653 capras
1520 2580 1850 2646 divinantes,
1878 2580 1946 2637 de

347 2681 544 2751 quibus
590 2679 642 2734 in
692 2678 866 2748 primo
896 2680 1195 2746 Apparatus
1243 2675 1412 2729 nostri
1461 2681 1607 2727 tomo
1654 2672 1946 2742 disputavi-

346 2789 468 2830 mus
495 2771 652 2844 (tom.
706 2772 727 2827 l
773 2769 1025 2840 Apparat.
1071 2767 1246 2832 lib.l,
1291 2783 1409 2836 cap.
1447 2767 1546 2833 10,
1579 2782 1699 2838 pag.
1733 2765 1857 2832 77:2,
1899 2774 1947 2819 et

346 2881 464 2935 seqq
473 2909 481 2916 .
491 2864 509 2935 )
521 2905 532 2916 .

423 2957 688 3024 Quoniam
718 2970 849 3010 vero
891 2952 1259 3009 Tertulliauus
1308 2951 1376 3008 de
1410 2951 1508 3019 iis,
1539 2965 1660 3022 qua:
1716 2950 1854 3004 intra
1893 2955 1948 3004 et

350 3060 501 3105 extra
533 3048 754 3104 deorum
787 3045 982 3116 templa
1007 3047 1304 3117 agebantur
1328 3085 1342 3109 ,
1377 3044 1428 3098 in
1460 3047 1560 3098 hoc
1614 3042 1946 3115 ApologetiCi

349 3143 471 3200 loco
516 3142 785 3212 disputat,
835 3155 930 3196 eos
973 3140 1169 3196 refellit
1197 3180 1210 3201 ,
1243 3140 1334 3209 qui
1386 3137 1714 3208 objiciebant
1759 3137 1949 3192 distin-

2045 1969 2254 2025 compar
2291 1993 2307 2017 ,
2359 1951 2584 2007 habetur
2634 1966 2873 2020 compara
2915 1990 2929 2016 ,
2979 1945 3120 2019 quod
3174 1945 3276 2002 etsi
3325 1952 3640 2014 corruptum

2048 2047 2202 2116 plane
2229 2044 2508 2109 videatur;
2537 2059 2634 2098 suo
2664 2051 2846 2096 tamen
2875 2053 3097 2111 prorsus
3142 2054 3250 2093 non
3280 2044 3433 2093 caret
3460 2049 3639 2091 sensu.

2045 2138 2116 2192 At
2140 2135 2400 2192 Minucius
2420 2134 2568 2191 Felix
2596 2175 2610 2200 ,
2639 2131 3089 2205 quemadmodum
3120 2145 3219 2185 suo
3254 2129 3376 2185 loco
3413 2136 3636 2183 annota-

2047 2229 2259 2294 vimus,
2307 2226 2463 2298 paulo
2505 2227 2702 2293 aliter,
2748 2225 2844 2280 sed
2893 2222 3141 2279 eumdem
3195 2221 3248 2276 in
3302 2219 3463 2276 linem
3509 2218 3644 2275 dixit

2048 2317 2348 2390 (Dissertat.
2373 2319 2427 2372 in
2450 2315 2648 2372 Minue.
2677 2333 2794 2386 cap.
2815 2315 2908 2383 20,
2939 2325 3036 2369 art.
3067 2315 3128 2384 5)
3168 2329 3183 2366 :
3216 2311 3324 2367 Par
3351 2313 3405 2366 in
3432 2312 3536 2367 illis
3565 2312 3645 2366 in-

2047 2411 2252 2482 stigatio
2273 2409 2537 2473 dannonis,
2568 2410 2657 2463 sed
2683 2409 2859 2478 dispar
2884 2415 3241 2478 argumentum
3270 2404 3478 2476 furoris.
3509 2401 3642 2458 Nam

2047 2503 2237 2558 eadem
2262 2511 2347 2558 est
2377 2501 2655 2572 utriusque
2703 2501 2755 2554 in
2805 2499 3050 2554 etlmicos
3078 2495 3472 2568 argumentatio
3492 2535 3509 2562 ,
3539 2509 3642 2565 qua

2048 2597 2262 2652 illorqu
2287 2610 2527 2650 errorem
2560 2593 2815 2648 radicitus
2845 2591 3101 2646 cvelluut.
3147 2587 3354 2644 Videtis
3383 2587 3576 2642 citatus
3605 2602 3636 2641 a

2049 2687 2204 2742 nobis
2232 2686 2284 2740 in
2314 2685 2406 2739 illa
2444 2684 2822 2739 dissertatione
2851 2679 3128 2736 Ciceronis
3171 2678 3241 2735 de
3269 2676 3634 2742 divinatione,

1999 2827 2012 2840 ,
2049 2787 2105 2834 et
2131 2776 2412 2848 Augustini
2431 2775 2651 2832 totidem
2679 2773 2747 2829 de
2769 2773 3093 2828 divinatione
3119 2770 3427 2826 daemonum
3453 2769 3641 2824 libros.

2123 2869 2201 2925 Ex
2223 2868 2484 2924 hactenus
2513 2881 2674 2938 porro
2703 2865 2985 2935 distiutatis
3011 2864 3131 2936 quis
3160 2878 3266 2918 non
3296 2863 3476 2927 videt,
3506 2861 3643 2916 hanc

2051 2973 2199 3019 recte
2250 2978 2281 3017 a
2313 2962 2644 3018 Tertulliauo
2694 2959 2812 3015 elici
2851 2957 3290 3014 conclusionem?
3318 2957 3372 3012 Si
3399 2954 3642 3026 malignis

2052 3057 2357 3111 daemonum
2388 3054 2630 3121 artibus,
2665 3052 2919 3118 fallaciis,
2965 3067 3028 3106 ac
3075 3051 3357 3122 praestigiis
3399 3066 3461 3104 ea
3489 3057 3640 3103 extra

2051 3147 2270 3204 Solitum
2294 3157 2502 3201 natura:
2527 3145 2769 3202 ordinem
2795 3142 2930 3200 facta
2960 3153 3106 3207 sunt,
3131 3158 3250 3213 qua:
3279 3141 3505 3212 gentiles
3533 3140 3639 3196 diis

349 3233 614 3306 gueudam
646 3248 766 3288 esse
792 3233 1030 3287 locorum
1059 3231 1419 3288 dill‘ereutiam
1443 3271 1459 3297 ,
1487 3245 1549 3284 ac
1577 3229 1680 3284 diis
1707 3245 1770 3284 ea
1821 3238 1938 3284 tau.

2052 3242 2161 3295 suis
2192 3237 2534 3303 tribuebant,
2566 3251 2694 3307 ergo
2726 3234 2843 3290 falsi
2866 3243 2989 3290 sunt
3015 3235 3069 3289 hi
3101 3248 3290 3288 omnes
3315 3233 3411 3299 dii,
3438 3242 3493 3288 et
3513 3233 3644 3286 l'alsa

351 3336 462 3382 tum
491 3325 842 3382 adscribeuda
864 3367 878 3393 ,
909 3341 1028 3396 qua:
1053 3326 1106 3379 in
1142 3325 1342 3394 templis
1383 3323 1498 3392 ﬁeri
1523 3322 1767 3376 solebant
1791 3319 1944 3391 (Ter—

352 3421 556 3475 tullian.
605 3420 871 3492 Apologet.
903 3437 1018 3490 cap.
1050 3419 1142 3486 22,
1177 3436 1298 3491 pag.
1330 3419 1490 3488 407).
1517 3416 1651 3472 Cum
1679 3418 1820 3472 enim
1851 3431 1947 3471 vos

349 3513 584 3579 ethnici,
611 3513 680 3567 ita
711 3513 829 3568 illos
869 3512 1200 3583 compellat,
1255 3511 1372 3566 huic
1421 3509 1578 3565 nobis
1617 3509 1903 3579 objectatis
1929 3551 1943 3575 ,

351 3606 475 3660 alibi
499 3647 513 3670 ,
546 3605 597 3660 id
623 3613 709 3661 est
738 3644 754 3671 ,
783 3613 930 3658 extra
957 3603 1153 3673 templa
1184 3602 1304 3656 deos
1332 3618 1434 3656 non
1462 3601 1630 3654 dicitis
1659 3599 1870 3671 (Ibid),
1895 3600 1948 3656 id

352 3707 463 3763 est,
505 3713 627 3752 cum
661 3695 899 3751 fatemini
947 3693 1078 3750 deos
1102 3704 1312 3750 vestros
1359 3710 1465 3748 non
1519 3693 1647 3748 alibi
1691 3708 1851 3761 esse,
1894 3702 1950 3748 et

352 3806 513 3863 agere
537 3833 552 3858 ,
584 3805 741 3861 quam
771 3789 823 3842 in
855 3787 1095 3857 templis,
1123 3801 1189 3842 eo
1210 3786 1326 3855 ipso
1347 3785 1524 3842 dicitis
1550 3800 1645 3841 eos
1671 3801 1790 3842 esse
1852 3783 1953 3840 fulo

351 3897 444 3940 sos
468 3883 617 3939 deos.
648 3881 781 3938 Nam
812 3897 972 3937 verus
997 3880 1138 3937 Deus
1161 3881 1358 3952 ubique
1378 3891 1478 3938 est.

427 3977 630 4034 Deinde
657 3991 786 4032 vero
834 3991 936 4029 non
982 3973 1163 4040 aliter,
1223 3975 1425 4046 inquit,
1489 3974 1793 4040 dementire,
1850 3975 1952 4032 hoc

359 4079 442 4125 est
466 4113 481 4136 ,
515 4071 588 4125 uti
616 4071 757 4140 apud
789 4067 1095 4123 Lucretium
1126 4108 1140 4133 ,
1171 4067 1454 4137 Apuleium
1479 4109 1493 4134 ,
1530 4078 1584 4124 et
1613 4067 1950 4123 Lactantium

355 4164 586 4238 (Lucret.
622 4163 713 4219 lib.
742 4162 804 4220 Ill
832 4204 845 4229 ,
879 4178 930 4239 v.
961 4161 1068 4220 596
1091 4203 1105 4225 ,
1143 4164 1345 4234 Apulei.
1380 4165 1532 4235 Apol.
1568 4163 1608 4231 Ι,
1639 4181 1757 4235 pag.
1791 4161 1894 4219 5M
1931 4203 1950 4230 ,

356 4256 591 4312 Lactant.
626 4255 714 4311 lib.
739 4255 804 4311 IV
829 4297 843 4321 ,
882 4256 1039 4310 divin.
1084 4255 1314 4309 lustitut.
1343 4272 1459 4326 cap.
1508 4255 1595 4322 17,
1652 4272 1773 4326 pag.
1800 4253 1901 4309 4M
1932 4295 1948 4321 ,

359 4345 664 4401 Tertullian.
706 4348 973 4418 Apaloget.
1022 4364 1140 4417 cap.
1176 4347 1281 4414 i5,
1319 4363 1438 4417 pag.
1491 4347 1624 4417 545)
1671 4346 1906 4402 insanire
1933 4386 1949 4413 ,

359 4444 622 4507 delirare,
653 4458 747 4496 seu
774 4451 926 4496 extra
972 4450 1209 4497 mentem
1259 4441 1410 4496 exire
1435 4482 1449 4505 ,
1485 4441 1530 4496 is
1573 4441 1773 4495 videtur
1799 4483 1814 4508 ,
1867 4440 1954 4511 qui

359 4555 532 4593 sacras
560 4537 878 4608 templorum
906 4547 1071 4592 turres
1102 4537 1329 4608 pervolat
1356 4577 1372 4604 ,
1397 4553 1562 4608 quam
1587 4539 1672 4607 qui
1703 4545 1832 4590 tecta
1880 4536 1956 4590 vi-

2051 3341 2137 3387 cst
2155 3330 2467 3384 earumdem
2489 3329 2764 3399 gentilium
2791 3367 2808 3395 ,
2837 3342 2900 3381 ac
2929 3342 3052 3382 vera
3082 3325 3498 3380 cbristianoruni
3555 3340 3643 3378 re-

2051 3422 2195 3494 ligio.
2229 3421 2294 3476 lli
2314 3423 2455 3476 cltint
2476 3422 2659 3476 colunt
2679 3420 2895 3476 unicum
2919 3429 2975 3474 et
2998 3417 3419 3487 omnipotentem
3449 3416 3641 3485 Deum,

2050 3515 2203 3586 cujus
2255 3514 2368 3568 sola
2415 3521 2715 3584 potestate,
2770 3511 2983 3566 caeteris
3033 3509 3282 3566 oumibus
3319 3507 3601 3581 superiore
3630 3549 3648 3577 ,

2052 3623 2180 3664 vera
2211 3608 2470 3662 miracula
2503 3605 2615 3662 ﬁeri
2639 3617 2887 3678 possunt.

2623 3741 2918 3782 ARTICULUS
2957 3740 3032 3781 Vl.

2056 3847 2171 3913 Qua
2195 3844 2394 3899 ratione
2433 3840 2784 3898 Tertullianus
2822 3843 3130 3897 demonstret
3167 3857 3287 3906 eos,
3331 3839 3418 3912 qui
3442 3840 3506 3894 de
3558 3839 3652 3894 dea

2126 3940 2235 4012 pati
2258 3937 2610 4003 testiinantstr,
2649 3938 2735 4008 qui
2781 3938 2886 3992 aris
2914 3937 3184 4003 inlialant,
3237 3936 3325 4008 qui
3372 3951 3558 3990 numen
3589 3935 3652 3990 de

2126 4026 2320 4087 nidore
2347 4031 2662 4102 concipiunt,
2693 4029 2940 4085 ructando
2967 4040 3234 4095 conantur,
3259 4031 3532 4100 profantur
3551 4044 3644 4081 an-

2128 4125 2381 4191 helando;
2411 4139 2623 4178 necnon
2648 4125 2892 4194 virginem
2918 4122 3202 4191 leestem,
3221 4122 3511 4194 pluviarum
3538 4109 3624 4192 pol
3637 4150 3657 4165 -

2129 4217 2470 4282 licitatricem,
2501 4227 2548 4270 et
2571 4214 2934 4286 /Esculapium
2965 4217 3072 4270 alia
3110 4216 3192 4270 die
3213 4215 3486 4283 Socordio,
3507 4213 3650 4268 Tlte-

2127 4311 2266 4364 natio
2289 4349 2305 4374 ,
2329 4319 2376 4362 et
2405 4307 2767 4378 Asclepiodoro
2807 4309 2923 4363 vita:
2958 4307 3448 4363 subniinisti'atm'ent
3468 4346 3484 4374 ,
3534 4321 3653 4359 cum

2127 4423 2162 4460 a
2189 4404 2490 4458 Christianis
2518 4403 2892 4474 adjurabantur
2916 4444 2932 4470 ,
2964 4412 3085 4457 tunc
3124 4403 3295 4475 palam
3334 4401 3654 4472 respondisse

2129 4512 2184 4552 se
2209 4513 2310 4551 non
2334 4512 2442 4552 esse
2466 4495 2588 4551 deos
2611 4536 2626 4563 ,
2656 4495 2745 4550 sed
2770 4496 3045 4552 dwmones.

358 4633 509 4687 cinia:
533 4633 790 4698 transilit,
821 4632 934 4688 sive
962 4648 1027 4687 ex
1050 4632 1242 4688 vicinis
1294 4632 1616 4703 templorum
1663 4631 1818 4687 tectis
1863 4638 2034 4699 vo—D
2137 4632 2306 4688 Multo
2343 4647 2474 4688 sane
2526 4632 2737 4704 longius
2785 4631 3124 4704 progreditur
3177 4630 3572 4699 Tertullianus,
3603 4641 3662 4689 et

359 4725 520 4783 lamlo
571 4741 692 4782 sese
724 4726 832 4782 aeri
873 4727 1180 4782 committit.
1205 4725 1397 4781 Parem
1440 4726 1620 4796 itaque
1649 4726 1847 4781 asserit
1870 4727 1958 4782 de-

361 4820 618 4876 mentiam
650 4835 770 4875 esse
801 4819 974 4884 illius,
1010 4820 1098 4890 qui
1127 4835 1195 4875 ex
1232 4818 1595 4889 quibuslibet,
1626 4827 1785 4890 atque
1820 4819 1956 4875 alte-

361 4914 477 4970 rius
504 4955 518 4982 ,
551 4915 639 4984 qui
673 4929 737 4968 ex
771 4913 1128 4983 templorum,
1159 4911 1306 4968 falsis
1357 4910 1456 4968 diis
1484 4911 1779 4967 dicatorum
1802 4954 1816 4979 ,
1849 4921 1959 4968 tur-

363 5006 511 5062 ribus
556 5020 676 5061 sese
712 5003 1096 5076 prtL-cipitaudo
1121 5046 1134 5072 ,
1183 5019 1280 5076 per
1302 5019 1430 5061 aera
1460 5003 1672 5060 volasse
1703 5003 1957 5074 perhibe-

364 5098 542 5156 batur.
585 5099 898 5171 Perpendas
946 5108 1127 5154 autem
1177 5098 1340 5155 velim
1398 5109 1576 5156 utrum
1633 5099 1739 5169 ibi,
1799 5101 1959 5156 tacito

366 5191 602 5258 nomine,
625 5191 1174 5248 notaveritSiinouem
1199 5207 1432 5264 magum,
1454 5193 1605 5263 cujus
1631 5194 1960 5251 mentionem

367 5291 522 5338 antea
553 5281 768 5338 fecerat.
802 5286 869 5339 At
891 5283 1158 5340 Luciauus
1187 5294 1446 5355 praiterea
1471 5285 1762 5341 Philoclem
1790 5286 1962 5342 intro-

366 5375 512 5432 ducit
537 5387 935 5432 asseverantem
969 5393 1029 5436 se
1053 5378 1406 5449 Babylonium
1435 5381 1716 5450 quemdam
1742 5381 1960 5448 vidisse,

367 5470 455 5541 qui
484 5485 579 5540 per
604 5486 730 5526 aera
754 5471 1008 5526 volitabat
1034 5471 1276 5542 (Lucian.
1308 5473 1448 5546 diag.
1475 5472 1652 5530 Philo.
1677 5493 1818 5546 pseu.
1841 5492 1963 5548 pag.

368 5563 543 5635 831,).
570 5563 788 5619 Addunt
815 5565 1058 5620 nonnulli
1085 5566 1392 5637 exemplum
1416 5569 1642 5638 Agareni
1670 5569 1967 5641 cujuspiam

367 5655 774 5728 prchIigiatoris
795 5697 811 5722 ,
861 5657 959 5728 qui
991 5665 1128 5714 teste
1163 5653 1362 5716 'Niceta
1395 5659 1659 5717 Choniate
1681 5703 1698 5732 ,
1727 5677 1850 5717 cum
1901 5677 1969 5720 ex

368 5761 575 5802 summa
602 5747 951 5819 Hippodromi
982 5759 1128 5806 turre
1148 5766 1246 5824 per
1265 5767 1444 5809 aerem
1469 5753 1696 5824 volaret,
1726 5770 1968 5827 princeps

371 5849 518 5896 actus
546 5840 770 5899 interiit.
798 5840 904 5899 Sed
936 5840 1037 5901 hoc
1055 5844 1301 5915 exemplo
1327 5843 1519 5903 conﬁci
1556 5854 1758 5906 tantum
1795 5856 1971 5921 potest

2069 4735 2390 4798 argumento
2429 4726 2582 4797 longe
2614 4725 2897 4782 efticaciori
2922 4767 2938 4791 ,
2966 4740 3029 4782 ac
3051 4733 3236 4781 contra
3263 4723 3407 4796 quod
3433 4741 3500 4781 ne
3538 4742 3661 4782 mu-

2065 4821 2167 4876 tire
2192 4819 2408 4892 quidem
2435 4819 2635 4875 ethnici
2663 4819 2962 4887 audebant,
2988 4819 3389 4875 evidentissima
3409 4819 3664 4874 demons-

2064 4925 2170 4971 trat
2190 4915 2371 4971 omnia
2402 4914 2494 4969 illa
2549 4914 2803 4969 miracula
2830 4954 2844 4980 ,
2895 4912 3144 4980 oracula,
3177 4921 3232 4968 et
3285 4911 3387 4966 alia
3409 4953 3424 4977 ,
3459 4928 3578 4984 qua:
3608 4913 3664 4968 hi

2062 5026 2230 5082 supra
2259 5012 2401 5066 vires
2424 5011 2685 5065 lmmauas
2717 5025 2747 5064 a
2764 5008 2867 5064 diis
2882 5008 2994 5064 suis
3013 5017 3132 5064 acta
3148 5022 3269 5063 esse
3293 5005 3664 5074 venditabant,

2069 5103 2138 5159 ab
2167 5103 2298 5174 ipsis
2317 5101 2656 5158 daemonibus
2681 5115 2802 5157 esse
2831 5098 2993 5166 facta,
3027 5115 3090 5154 ac
3119 5097 3340 5169 proinde
3366 5113 3500 5170 quos
3519 5098 3668 5156 dice-

2065 5193 2194 5250 bant
2214 5193 2345 5249 deos
2367 5235 2384 5261 ,
2407 5209 2528 5249 esse
2550 5206 2735 5248 revera
2763 5189 3056 5247 daemones.
3084 5189 3270 5262 Neque
3291 5191 3433 5247 enim
3460 5193 3667 5264 privata

2066 5286 2304 5344 hominis
2328 5287 2556 5357 alicujus
2585 5287 2933 5355 auctoritate,
2961 5292 3054 5340 aut
3075 5273 3077 5275 ’
3098 5287 3306 5342 ratione
3330 5285 3440 5340 ullo
3472 5284 3665 5341 huma-

2068 5396 2140 5437 no
2170 5381 2387 5453 ingenio
2425 5380 2724 5452 excogitata
2753 5420 2768 5446 ,
2821 5379 2874 5435 id
2931 5379 3163 5450 probat,
3194 5380 3289 5437 sed
3321 5381 3534 5451 publico
3558 5423 3573 5450 ,
3603 5395 3670 5437 ac

2067 5475 2193 5530 dato
2218 5490 2397 5530 coram
2429 5472 2756 5545 quibuslibet
2782 5473 3074 5545 gentilibus
3119 5474 3472 5546 ipsorummet
3512 5474 3669 5532 testi-

2071 5567 2255 5623 utonio
2282 5565 2532 5621 deorum.
3455 5630 3457 5633 ι

2143 5654 2329 5720 τοιίυε
2352 5670 2530 5718 autem
2584 5662 2746 5734 hujus
2771 5661 3247 5736 argumentationis
3291 5677 3502 5720 summa
3545 5663 3663 5721 hau:

2069 5767 2153 5816 est
2183 5755 2513 5830 (Tertullian.
2543 5756 2807 5828 Apologet.
2837 5773 2958 5827 cap.
2999 5755 3090 5824 22,
3123 5773 3247 5829 pag.
3298 5755 3406 5812 405
3427 5758 3445 5827 )
3474 5772 3490 5812 :
3519 5755 3666 5824 Quo-

2071 5863 2303 5923 eumque
2350 5848 2633 5924 damnone,
2662 5859 2754 5910 aut
2794 5848 3069 5922 quibusvis
3120 5847 3458 5912 dtemonibus
3504 5847 3672 5917 homo
