4082 6356
501 325 609 395 835

1570 325 1639 384 tv
1675 280 2141 384 mammam
2174 322 2709 385 APOLOGETICUM

3687 337 3787 398 εει

501 458 722 512 agatur,
764 445 878 499 sive
909 443 1050 499 malo
1097 454 1286 500 eorum
1343 442 1609 515 agitetur,
1652 445 1877 515 spiritu,
1908 443 2091 513 eujus-
2117 443 2174 502 Α
2197 450 2280 496 tur
2303 452 2428 499 autc
2452 444 2791 500 ethnicorum
2818 444 3105 503 tribunalia
3125 487 3140 514 ,
3170 447 3357 519 aliquis
3384 464 3448 504 ea:
3471 451 3534 506 ii.
3557 492 3571 518 ,
3620 455 3705 522 qui
3729 456 3790 512 de

506 539 637 593 libet
686 537 848 593 etiam
918 536 1155 592 hominis
1221 550 1419 607 corpus
1479 536 1549 594 ab
1600 537 1668 593 iis
1744 537 2096 603 obsideatur,

500 631 661 686 iidem
715 630 989 686 dzemones
1038 627 1107 687 ab
1158 631 1262 687 illis
1299 631 1549 687 omnibus
1603 631 1713 688 sola
1761 631 2099 687 Christiano-

501 737 617 778 rum
648 722 985 793 adiuratione
1008 762 1022 784 .
1048 734 1107 778 et
1151 724 1504 792 exemismis,
1552 734 1644 778 aut
1672 723 1793 779 solo
1833 722 2050 779 adtacta
2076 762 2093 789 ,

499 823 591 868 aut
636 812 765 868 ﬂatu
810 811 1103 870 confestim
1154 814 1517 883 expelluntur.
1567 814 1726 884 Atqui
1795 822 1942 875 tunc.
1999 824 2097 868 ta-

500 904 658 960 metsi
708 904 860 961 inviti
889 944 903 968 ,
934 920 1037 962 nec
1086 907 1318 961 maxima
1348 906 1465 961 sine
1501 906 1792 975 ignominia
1835 907 2098 977 cjiceren-

496 1006 584 1053 tur
606 1036 623 1062 ,
651 997 830 1068 palam
861 1012 924 1054 ac
973 1011 1159 1053 coram
1192 998 1444 1054 omnibus
1492 999 1723 1054 ethnicis
1766 999 2094 1070 cogebantur

495 1090 649 1146 lateri
673 1105 733 1146 se
759 1105 864 1146 non
890 1090 1024 1147 deos
1044 1130 1064 1157 ,
1093 1092 1171 1145 uti
1209 1092 1440 1161 gentiles
1463 1089 1777 1146 ell‘utiebant
1800 1133 1815 1157 ,
1844 1089 1940 1146 sed
1975 1105 2089 1145 me-

491 1195 584 1236 ros
609 1195 731 1237 esse
755 1181 1033 1237 dmones
1059 1225 1073 1246 ,
1110 1183 1321 1237 unicum
1345 1197 1473 1237 vero
1502 1198 1624 1238 esse
1672 1182 1838 1237 Deum
1867 1224 1882 1249 ,
1928 1198 2089 1254 quem

490 1270 785 1327 christiana
810 1273 943 1328 ﬁdes
972 1274 1100 1329 colit
1123 1284 1177 1329 et
1203 1274 1410 1329 adorat.
1930 1276 1937 1283 '

548 1365 702 1420 tum
728 1378 817 1421 res
841 1380 974 1436 ergo
991 1367 1059 1420 ita
1084 1366 1176 1430 sit,
1205 1365 1329 1421 inde
1356 1367 1558 1421 Auctor
1580 1373 1765 1424 noster
1792 1375 1938 1425 recte
1962 1382 2092 1423 con-

494 1442 660 1511 cludit
701 1456 865 1525 (Ibid.
894 1459 995 1513 col.
1024 1457 1159 1529 405)
1195 1477 1210 1513 :
1242 1459 1381 1524 Quid
1418 1462 1516 1515 isto
1553 1478 1704 1532 opere
1732 1462 2091 1533 manifestius?

496 1549 633 1615 Quid
657 1551 754 1603 hac
798 1551 1098 1619 probatione
1127 1551 1372 1620 ﬁdelius?
1419 1553 1737 1621 Simplicitas
1784 1556 2006 1609 veritatis
2036 1557 2087 1611 in

466 1634 656 1694 'medio
680 1651 775 1695 est.
800 1644 907 1696 Aut
932 1643 1018 1696 illa
1049 1644 1247 1698 etenim
1274 1643 1484 1713 publica
1530 1646 1834 1701 diDlJiOIIlllll
1876 1648 2090 1703 confes-

489 1733 571 1785 sio
598 1747 721 1787 vera
753 1742 904 1800 erat,
939 1745 1031 1789 aut
1052 1734 1183 1790 falsa
1207 1745 1261 1790 et
1286 1737 1542 1793 uretidax.
1571 1739 1625 1794 Si
1656 1753 1810 1805 vera,
1853 1741 1918 1796 iis
1963 1757 2086 1810 pro-

2200 538 2296 593 deo
2327 540 2433 608 pati
2458 539 2846 606 existimantur,
2889 542 2976 611 qui
3024 543 3128 597 aris
3170 543 3456 599 inhalantes
3500 561 3686 601 nautea
3730 548 3789 606 de

2199 630 2686 702 nidoreconcipiunt
2709 674 2726 699 ,
2762 634 2849 702 qui
2880 634 3130 689 ructando
3166 644 3457 701 conantur,
3506 638 3597 707 qui
3644 641 3788 696 attito-

2198 718 2355 778 lautlo
2384 729 2673 797 profantur.
2725 724 2850 798 Ipsa
2877 728 3019 799 virgo
3063 728 3279 784 cotlcstis
3303 770 3317 792 ,
3347 729 3637 799 pluviarum
3681 735 3788 803 pol-

2203 815 2449 871 licitatrix
2472 835 2490 882 ;
2515 818 2609 872 iste
2648 818 2759 888 ipse
2807 818 3149 892 .Esculapius
3170 821 3536 877 medicinarum
3585 824 3787 882 demou-

2196 919 2386 963 strator
2409 909 2514 964 alia
2557 912 2639 966 die
2672 913 2932 967 morituris
2976 914 3261 979 Socordio,
3314 925 3362 969 et
3419 915 3667 974 Tltenatio
3690 960 3708 985 .
3742 930 3787 977 ct

2195 1000 2551 1067 Asclepiodoto
2580 1003 2694 1058 vita:
2740 1003 3154 1060 subministrator
3179 1047 3196 1073 ,
3227 1004 3281 1061 hi
3324 1021 3513 1064 omnes
3541 1024 3572 1064 a
3605 1009 3784 1067 Chris¢

2196 1091 2354 1147 tinnis
2391 1092 2619 1161 adjurati
2648 1093 2923 1151 diemones
2947 1111 3006 1151 se
3030 1109 3153 1152 esse
3182 1096 3329 1153 illico
3356 1098 3773 1158 conﬁtebuntur.

2266 1184 2506 1241 Audisnc
2527 1196 2657 1258 quot
2684 1188 2772 1242 ille
2802 1188 3041 1259 proferat
3067 1191 3315 1261 exempla
3342 1234 3357 1258 ,
3391 1207 3511 1263 qua:
3557 1195 3628 1251 ab
3668 1199 3783 1253 etlt-

2196 1278 2331 1333 nicis
2359 1293 2458 1335 nec
2500 1282 2684 1351 negari
2718 1296 2980 1353 tuaquam
3008 1325 3025 1350 ,
3092 1299 3193 1340 nec
3235 1285 3348 1340 ullo
3375 1301 3598 1356 prorsus
3622 1288 3784 1345 modo

2192 1371 2527 1428 dissimulari
2559 1378 2843 1446 poterant?
2873 1375 2979 1433 Sed
3019 1378 3141 1449 quia
3170 1377 3285 1434 haec
3308 1421 3322 1443 ,
3352 1394 3415 1436 ac
3456 1381 3782 1452 potissimum

2192 1467 2487 1534 posteriora
2515 1482 2622 1522 non
2675 1470 2897 1523 minima
2928 1470 3142 1540 quidem
3167 1466 3420 1543 ~caligine
3467 1487 3784 1546 respergun-

2192 1566 2311 1621 tur,
2337 1574 2453 1613 eam
2484 1575 2581 1629 pro
2607 1562 2743 1616 virili
2779 1572 2929 1633 parte
2960 1576 3145 1619 nostra
3179 1565 3451 1621 discutere
3501 1570 3781 1625 enitamur.

2190 1649 2428 1705 Primum
2474 1652 2655 1723 itaque
2680 1656 3087 1725 observabimus
3139 1654 3202 1711 iis
3225 1698 3238 1723 ,
3272 1673 3393 1728 qua:
3424 1660 3491 1715 ab
3534 1661 3626 1715 illo
3657 1677 3783 1732 prte-

2188 1744 2347 1798 missa
2376 1755 2499 1801 sunt
2524 1788 2537 1809 ,
2570 1747 2743 1802 lucem
2777 1750 3007 1820 aliquam
3047 1750 3227 1805 atl‘erri
3274 1767 3431 1823 posse
3476 1755 3561 1809 his
3617 1755 3779 1828 Virgi-

485 1825 573 1878 cul
597 1821 763 1879 dubio
791 1826 1156 1890 credendum,
1190 1839 1353 1899 atque
1385 1828 1589 1885 ethnici
1619 1832 1865 1888 conﬁteri
1909 1834 2079 1891 debe-
2107 1835 2159 1896 Β
2187 1837 2241 1891 lii
2270 1838 2597 1893 carminibus
2628 1839 2841 1911 (Virgil.
2871 1842 2959 1897 lib.
2986 1842 3050 1897 Vl
3073 1821 3289 1899 dinem.
3319 1861 3371 1899 v.
3400 1847 3487 1913 77,
3520 1856 3568 1902 et
3598 1821 3777 1921 sequ):

488 1914 618 1969 bant
640 1915 805 1971 falsos
852 1934 975 1974 esse
1018 1920 1152 1975 deos
1179 1936 1338 2003 suos,
1372 1938 1435 1978 ac
1476 1940 1639 1979 unum
1672 1929 2043 1983 tantummodo
2065 1971 2080 1995 ,

486 2023 645 2075 quem
679 2008 967 2065 Christiani
1024 2023 1377 2079 venerantur,
1406 2029 1525 2070 esse
1572 2032 1756 2072 verum
1806 2019 1993 2074 Deum.
2026 2023 2082 2077 Si

486 2108 667 2155 autem
696 2102 968 2158 dsemoncs
1002 2115 1111 2159 tum
1154 2109 1558 2164 mentiebantur
1586 2154 1600 2176 ,
1637 2113 1807 2180 primo
1830 2114 1884 2168 id
1927 2115 2082 2171 facile

486 2193 688 2246 nemini
715 2196 1090 2263 persuadebis.
1118 2198 1355 2265 Quilibet
1400 2203 1677 2258 enimvero
1718 2206 1787 2260 ad
1820 2206 2080 2265 honorem

482 2286 805 2357 quandoque
844 2306 997 2344 suum
1018 2307 1125 2347 non
1156 2304 1333 2349 autem
1352 2296 1416 2348 ad
1440 2297 1673 2352 dedecus
1697 2300 2081 2373 infamiamque

481 2394 632 2433 8mm
652 2396 886 2451 unquam
908 2385 1182 2441 mentitur.
1225 2388 1488 2444 Prmtct'ca
1513 2392 1555 2443 si
1581 2394 2003 2463 mentiebantur,
2023 2407 2077 2452 et

484 2468 884 2531 Itucmettdario
896 2490 1102 2531 morem
1122 2480 1375 2548 gerebant
1392 2481 1728 2545 Christianis,
1756 2486 1875 2541 inde
1888 2489 2079 2544 certis-

482 2561 621 2616 sime
642 2566 928 2619 cmdleitur
954 2567 1155 2623 nullam
1204 2585 1328 2626 esse
1353 2612 1368 2637 ,
1397 2588 1557 2643 quam
1590 2574 1789 2630 ethnici
1836 2580 2079 2632 vendita-

487 2653 610 2708 bant
637 2695 652 2719 ,
706 2669 901 2712 eorum
940 2658 1302 2716 divinitatem.
1340 2662 1508 2718 Verus
1549 2667 1749 2737 quippe
1798 2667 1937 2723 Deus
1978 2685 2078 2725 nec

482 2748 729 2812 tuentiri,
780 2764 881 2806 nec
925 2753 1188 2809 creaturis
1243 2756 1307 2808 ad
1350 2770 1505 2809 suum
1561 2757 1799 2813 dedecus
1853 2760 2076 2831 obsequi

478 2846 677 2905 potest.
714 2838 871 2894 Falsa
918 2842 1076 2911 igitur
1097 2858 1159 2898 ea
1208 2855 1291 2899 est
1321 2844 1569 2901 divinitas
1591 2888 1607 2913 ,
1634 2864 1755 2917 qua:
1778 2849 1979 2919 aliquid
2009 2851 2078 2904 ad

482 2927 703 2983 dedecus
727 2969 742 2996 ,
770 2939 828 2985 ttt
852 2932 927 2987 ait
950 2934 1147 2988 Auctor
1176 2946 1393 3002 noster,
1447 2937 1571 3005 facit
1613 2940 1814 2994 acutulis
1854 2942 1978 3006 suis,
2024 2943 2074 2998 id

481 3030 597 3087 est,
632 3041 750 3091 qua:
775 3025 842 3080 ad
872 3025 1108 3083 dedecus
1133 3045 1285 3083 suum
1316 3029 1556 3086 hostibus
1595 3033 1708 3087 suis
1757 3033 2075 3090 Christianis

484 3114 769 3175 mentitur.
796 3117 969 3187 iisque
1000 3120 1310 3174 mentiendo
1346 3135 1408 3176 se
1434 3122 1648 3192 subjicit
1674 3123 1973 3196 (Dissertat.
2022 3128 2075 3181 in

481 3204 671 3259 Minut.
732 3206 912 3262 θείαν.
940 3227 1054 3281 cap.
1087 3208 1177 3272 ‘20.
1212 3223 1313 3266 art.
1353 3214 1409 3278 5,
1440 3225 1488 3268 et
1518 3215 1570 3268 in
1599 3213 1820 3271 Lactant
1866 3233 1984 3287 cap.
2013 3219 2068 3283 9,
2099 3224 2144 3287 C

478 3307 578 3351 art.
632 3297 710 3368 ἓ).
741 3300 933 3375 Quanti
968 3317 1129 3372 porro
1158 3305 1228 3358 sit
1256 3305 1471 3361 roboris
1502 3308 1616 3364 hac
1642 3312 2034 3379 argumentatio
2058 3353 2072 3378 ,

478 3390 535 3441 in
562 3391 933 3458 superioribus
984 3395 1183 3450 nostris
1220 3396 1690 3455 dissertationibus
1735 3402 1950 3459 abunde
1980 3404 2071 3459 de-

477 3491 831 3537 nummatum
858 3494 960 3538 est.

550 3570 909 3647 Quamobrem
939 3576 1070 3630 nihil
1115 3576 1260 3634 aliud
1312 3582 1922 3655 restat-'eXplanandum
1968 3587 2070 3642 nisi

480 3664 621 3730 quod
679 3666 833 3733 [aulo
900 3668 1184 3725 obscurius
1265 3672 1315 3726 in
1374 3675 1626 3731 Auctoris
1686 3680 1854 3733 nostri
1923 3690 2069 3736 textu

477 3757 737 3827 scriptum
765 3765 1019 3816 occurrit.
1056 3763 1313 3821 Ethnicos
1342 3778 1521 3823 autem
1564 3770 1634 3824 ibi
1659 3771 1913 3828 audacter
1942 3790 2067 3845 pro.

472 3845 627 3903 vocat
652 3851 717 3904 ad
741 3849 898 3921 hujus
922 3854 1350 3912 Christianorum
1382 3860 1434 3914 in
1465 3859 1742 3917 dmmones
1761 3865 2065 3933 potestatis,

444 3950 529 4021 ‘et
555 3943 781 4012 publica:
811 3943 950 4000 illius
978 3946 1306 4013 damionuni,
1342 3967 1402 4006 se
1421 3950 1553 4007 deos
1582 3966 1704 4007 esse
1732 3956 2063 4024 negantium,

471 4033 828 4090 etudcssionis
863 4038 1156 4106 periculum
1184 4040 1510 4099 faciendum.
1541 4045 1748 4113 Quanta
1782 4063 1910 4103 vero
1935 4064 2067 4103 con-

475 4122 694 4179 lldentia
721 4126 770 4179 id
799 4130 1107 4195 pronuntiet
1129 4171 1144 4194 ,
1175 4147 1238 4186 ex
1274 4131 1373 4188 hac
1402 4134 1518 4203 ejus
1541 4134 1652 4205 ipsa
1686 4139 2065 4206 provocatione

465 4234 760 4288 cognosces
791 4219 1114 4290 (Tertullian.
1152 4225 1420 4298 Apologet.
1468 4235 1567 4283 col.
1599 4229 1691 4297 '25,
1724 4250 1843 4301 pag.
1883 4234 2000 4305 ‘24,)
2045 4254 2060 4291 :

468 4309 711 4379 Adjnrati
733 4354 747 4377 ,
784 4315 991 4382 inquit,
1021 4333 1052 4368 a
1081 4316 1404 4385 Christianis,
1445 4322 1542 4375 nisi
1571 4339 1623 4376 se
1648 4324 1904 4381 dictitantes
1942 4345 2064 4382 con-

470 4405 591 4473 fessi
617 4408 840 4476 fuerint,
890 4410 1072 4463 ibidem
1099 4455 1113 4477 ,
1145 4415 1258 4466 sive
1299 4430 1365 4468 eo
1410 4417 1527 4483 ipso
1558 4418 1607 4471 in
1638 4420 1760 4475 loco
1782 4463 1797 4485 ,
1843 4429 1897 4476 et
1940 4439 2058 4476 tuo-

468 4509 650 4555 tnenlo
675 4543 688 4565 ,
722 4501 862 4556 illius
893 4504 1159 4559 christiani
1187 4511 1532 4574 procacissimi
1558 4517 1855 4584 sanguinem
1885 4516 2059 4587 [uadi-

467 4604 534 4649 ιε.
560 4594 641 4653 Μ
664 4598 788 4666 quis
812 4607 992 4653 autem
1020 4600 1266 4657 fraudem
1290 4604 1525 4675 aliquant
1551 4617 1643 4662 aut
1671 4609 1853 4667 dolum
1872 4613 2024 4683 Sttspi
2077 4610 2134 4675 Β

462 4697 707 4754 curetur,
736 4691 804 4749 ad
832 4691 961 4747 illud
1004 4695 1431 4762 experimentum
1484 4716 1588 4755 nou
1618 4701 1792 4759 locum
1818 4705 2051 4776 aliquem

465 4780 730 4846 privatum
751 4820 765 4845 .
816 4792 913 4841 aut
939 4783 1167 4843 ethnicis
1196 4799 1504 4859 suspectum
1531 4834 1546 4858 ,
1579 4794 1672 4852 sed
1703 4797 1970 4865 publicum
1999 4810 2054 4857 et

458 4869 568 4928 illis
591 4873 842 4930 omnibus
867 4890 1119 4933 securum
1166 4882 1396 4948 postulat
1429 4882 1640 4956 (lbid.).
1691 4888 1803 4945 Eos
1850 4894 2051 4964 quippe

456 4964 527 5016 ita
557 4965 840 5035 alloquitur
872 4987 884 5020 :
920 4967 1115 5029 Edatur
1145 4972 1227 5026 hic
1252 4974 1436 5042 aliquis
1459 4976 1550 5030 sub
1580 4978 1916 5041 tribunalibus
1935 5001 2047 5040 ucs-

446 5056 566 5118 tris,
592 5074 738 5125 quem
761 5058 992 5115 dtemone
1017 5064 1103 5130 agi
1128 5075 1320 5119 constet
1344 5084 1362 5130 ;
1379 5068 1554 5136 jussus
1576 5086 1608 5123 a
1632 5074 1852 5139 qualibet
1880 5076 2054 5132 Clu-is-

452 5147 593 5201 tinno
623 5150 760 5218 loqui
798 5152 1013 5220 spiritus
1039 5154 1159 5221 ille,
1192 5167 1295 5213 tam
1332 5156 1613 5215 daemonem
1640 5179 1695 5217 se
1731 5166 2053 5230 conﬁtebitur

454 5238 519 5291 de
546 5253 661 5294 uero
684 5279 699 5304 ,
724 5256 881 5310 quam
906 5242 1030 5299 alibi
1060 5243 1223 5300 Deum
1249 5247 1313 5300 de
1340 5249 1494 5319 falso.
1528 5249 1581 5305 In
1610 5255 1808 5309 nostris
1849 5258 2048 5314 codici-

450 5330 552 5385 bus
577 5329 769 5401 legitur
798 5348 903 5388 non
926 5335 1078 5388 deum
1106 5337 1342 5407 quidem,
1372 5342 1464 5397 sed
1493 5343 1754 5401 dominum
1780 5386 1796 5413 ,
1829 5364 1935 5407 non
1960 5350 2050 5406 di-

450 5438 607 5481 uerso
636 5430 812 5480 tamen
842 5442 1027 5483 sensu.

2312 1952 2375 2016 At
2397 1950 2563 2016 Pltzcbi
2590 1953 2800 2002 nondum
2828 1959 3017 2016 patiens
3048 1958 3268 2007 immanis
3292 1960 3340 2008 in
3366 1964 3510 2010 antro

2313 2013 2582 2083 gaecbatur
2605 2023 2760 2083 vates,
2784 2013 3011 2080 magnum
3031 2021 3069 2068 si
3095 2027 3301 2083 pectore
3327 2032 3479 2083 [ιοεδιι

2314 2074 2599 2147 Excussisse
2624 2074 2773 2147 deum
2797 2094 2810 2139 ;
2838 2074 2970 2147 tanto
2986 2074 3144 2147 iungis
3166 2081 3251 2147 ille
3275 2074 3443 2147 fatigat

2310 2135 2378 2186 Os
2402 2137 2641 2198 rabidum,
2668 2140 2773 2189 fera
2790 2135 2932 2192 corda
2967 2135 3184 2199 domans,
3211 2135 3450 2210 ﬁngitque
3492 2150 3775 2211 premendo.

2183 2238 2241 2294 In
2298 2241 2525 2310 primum
2582 2252 2760 2299 autent
2812 2261 3029 2301 carmen
3082 2246 3302 2303 Servius
3340 2293 3353 2313 ,
3406 2255 3635 2307 nondum
3677 2272 3768 2323 pa-

2185 2331 2312 2386 tiens
2338 2375 2351 2390 .
2385 2334 2589 2403 inquit,
2624 2352 2737 2404 quae
2767 2337 2995 2392 nondum
3026 2349 3192 2407 posset
3223 2342 3433 2413 implere
3458 2347 3774 2401 oraculorum

2180 2440 2456 2479 sermones.
2508 2426 2619 2481 Deo
2677 2428 2836 2497 igitur
2894 2430 3099 2499 patiens
3142 2432 3338 2487 dicitur
3384 2445 3569 2501 vates,
3600 2438 3687 2505 qni
3714 2438 3775 2492 ad

2181 2516 2393 2570 oracula
2465 2505 2730 2572 fundentia
2801 2521 3019 2575 numine
3080 2522 3309 2594 alicujus
3370 2524 3453 2580 dei
3526 2527 3771 2595 alllatus,

2180 2606 2353 2663 donec
2390 2624 2452 2663 ea
2477 2624 2542 2664 ex
2574 2622 2789 2679 pectore
2817 2612 3146 2669 excussisset
3171 2657 3186 2680 ,
3217 2614 3534 2684 laborabat,
3564 2628 3773 2690 totque-

2182 2701 2369 2763 batur,
2402 2701 2754 2769 domabatur,
2787 2706 3149 2773 premebatur.
3182 2707 3250 2762 Et
3293 2724 3423 2765 vero
3467 2713 3767 2781 liujusmodi

2181 2802 2330 2846 vates
2354 2837 2366 2857 ,
2400 2804 2456 2847 ut
2477 2796 2690 2865 ipsimet
2713 2798 2916 2853 ethnici
2946 2801 3201 2867 aiebant,
3233 2802 3451 2860 insolito
3476 2806 3758 2877 repleban-

2182 2897 2264 2941 tur
2288 2886 2487 2943 furore.

2248 2980 2349 3047 Qui
2379 2996 2505 3035 vero
2550 2981 2744 3037 dehinc
2773 2985 2879 3039 aris
2925 2985 3214 3041 inhalantes
3236 3003 3264 3041 a
3312 2988 3643 3045 Tertulliano
3672 3007 3764 3046 vo-

2176 3088 2393 3139 cantur,
2428 3075 2478 3128 hi
2508 3075 2671 3130 dubio
2698 3078 2883 3145 procul
2913 3089 3038 3133 sunt
3064 3079 3217 3134 arioli
3245 3124 3259 3139 .
3286 3080 3354 3137 dc
3385 3084 3579 3151 quibus
3609 3085 3769 3139 Dona-

2180 3177 2262 3221 tus
2293 3169 2345 3222 in
2374 3170 2484 3223 suis
2529 3170 2593 3223 ad
2624 3170 2931 3225 Terentium
2975 3173 3443 3229 observationibus
3475 3176 3687 3247 (Donat.
3720 3180 3768 3233 in

2185 3258 2384 3314 Terent.
2438 3259 2739 3339 l’ltormion.
2788 3262 2899 3315 Act.
2930 3263 2984 3325 4,
3014 3282 3149 3319 scen.
3182 3266 3234 3327 4,
3288 3281 3336 3320 v.
3389 3266 3460 3320 Ξῖ
3493 3268 3510 3339 )
3545 3287 3558 3325 ;
3598 3268 3767 3322 Hario-

2179 3353 2257 3403 las
2283 3362 2355 3404 est
2379 3392 2393 3415 ,
2427 3352 2629 3419 inquit,
2663 3353 2751 3419 qui
2779 3354 2953 3407 divina
3002 3365 3166 3409 mente
3195 3342 3500 3412 uaticinatnr
3528 3402 3543 3425 ,
3572 3342 3661 3430 qui
3695 3366 3768 3433 fa-

2177 3444 2334 3497 riolus
2358 3463 2388 3497 a
2420 3445 2556 3506 latis,
2583 3454 2629 3498 et
2655 3465 2687 3499 ιι
2718 3445 2876 3500 fando
2907 3463 3020 3500 cum
3046 3446 3111 3501 F.
3141 3466 3233 3519 pro
3266 3448 3332 3503 Η.
3364 3461 3409 3504 et
3440 3453 3561 3507 item
3590 3453 3659 3507 Η.
3680 3471 3765 3526 pro

2178 3535 2242 3588 I".
2268 3538 2321 3590 in
2348 3538 2518 3591 multis
2562 3539 2898 3593 locationibus
2926 3554 3166 3611 ponatur.
3201 3544 3279 3597 An
3321 3545 3458 3613 quod
3508 3547 3765 3603 imitantur

2173 3631 2535 3696 aspirationem
2580 3634 2630 3685 in
2678 3633 3011 3688 ett/calando?
3040 3635 3176 3689 Nam
3201 3638 3368 3692 halitu
3415 3626 3580 3693 solent
3605 3641 3762 3695 exclu-

2173 3723 2292 3776 dere
2330 3724 2592 3778 mortalem
2618 3727 2841 3780 animum
2866 3770 2878 3791 ,
2912 3740 2965 3781 nt
2994 3730 3215 3783 divinam
3241 3732 3507 3801 recipiant.
3546 3734 3693 3790 Unde
3715 3744 3762 3789 et

2172 3828 2339 3867 vocem
2379 3816 2630 3883 ejusmodi
2659 3816 2849 3870 dabant
2876 3861 2890 3883 ,
2922 3836 3037 3888 qum
3060 3830 3135 3872 est
3166 3820 3263 3874 ΟΕ
3287 3864 3300 3885 ,
3330 3823 3465 3893 quod
3492 3823 3594 3878 οε
3614 3842 3763 3880 sonus

2171 3922 2235 3959 ex
2273 3906 2480 3960 halandi
2513 3907 2610 3959 vim
2652 3919 2878 3977 pra'stat.
2915 3908 3122 3964 Rursus
3154 3927 3283 3966 vero
3321 3912 3430 3981 jam
3456 3914 3699 3970 laudatus
3728 3932 3757 3970 a

2171 3998 2325 4050 nobis
2342 3998 2487 4052 Maro
2504 3998 2570 4054 de
2596 3999 2793 4071 Sybilla
2822 4002 3044 4056 canebat
3068 4001 3285 4074 (Virgil.
3312 4004 3402 4059 lib.
3434 4004 3519 4059 VI.
3553 4006 3760 4063 Afueid.

2184 4091 2218 4160 φ
2246 4129 2257 4144 .
2291 4089 2361 4143 4ῖὶ
2382 4091 2442 4161 ,).

2292 4202 2504 4272 Xentum
2530 4210 2638 4272 erat
2660 4206 2717 4272 ad
2739 4205 2906 4265 limen,
2930 4219 3037 4272 cum
3061 4208 3199 4272 virgo
3217 4222 3233 4272 :7
3246 4208 3462 4272 Poscere
3487 4209 3583 4262 fata

2287 4265 2522 4328 Tempus,
2550 4269 2617 4317 ait
2636 4282 2649 4317 :
2668 4268 2810 4325 deus,
2828 4280 2947 4318 ecce
2970 4268 3095 4318 deus
3119 4265 3238 4319 z'cui
3262 4271 3375 4321 talia
3397 4271 3519 4323 fanti

2288 4327 2426 4394 Ante
2442 4328 2590 4386 fores,
2612 4332 2777 4380 subito
2800 4344 2895 4380 non
2913 4331 3091 4392 vultus,
3121 4346 3216 4382 non
3235 4333 3372 4384 color
3394 4348 3538 4394 unus,

2290 4390 2396 4458 δίνη
2419 4399 2623 4458 compta:
2646 4406 2871 4458 mansere
2897 4406 3046 4443 comae
3073 4390 3084 4441 ἐ
3111 4395 3201 4458 sed
3228 4402 3397 4458 pectus
3420 4390 3668 4458 anhelum,

2292 4452 2351 4520 lit
2374 4453 2515 4503 rabie
2540 4454 2644 4520 tera
2661 4456 2804 4505 corda
2826 4463 3033 4520 tument,
3059 4452 3312 4520 majorque
3338 4459 3493 4509 videri

2288 4515 2393 4585 l_\’ec
2412 4516 2619 4585 mortale
2641 4530 2836 4585 sonans,
2863 4516 3019 4569 amata
3045 4515 3345 4572 est'numiue
3367 4522 3565 4585 quando

2286 4578 2393 4626 Jam
2418 4580 2645 4642 propiore
2669 4580 2768 4628 dei.

2159 4683 2418 4739 Similiter
2442 4685 2601 4740 etiam
2630 4684 2875 4742 Lucanus
2900 4685 2967 4740 de
2990 4686 3209 4742 Cumaei
3241 4687 3440 4758 Sybilla
3466 4732 3482 4757 ,
3515 4704 3637 4760 quae
3666 4703 3751 4744 va-

2158 4774 2365 4832 ticinari
2387 4776 2680 4832 conabatur
2701 4776 2916 4849 (Lucan.
2950 4778 3040 4835 lib.
3068 4779 3131 4843 ν,
3166 4794 3215 4832 v.
3245 4778 3335 4846 9t,
3367 4791 3412 4834 et
3437 4783 3603 4855 seqq.)
3636 4801 3649 4837 :

2281 4887 2417 4955 Talis
2436 4889 2484 4938 in
2508 4888 2725 4942 Euboico
2745 4900 2884 4955 vates
2905 4890 3097 4943 Cinnaea
3117 4905 3338 4955 recessu,

2281 4949 2533 5014 Indignata
2559 4966 2699 5001 suum
2724 4953 2889 5001 multis
2912 4956 3103 5003 servire
3126 4949 3341 5004 Ialtoretn

2283 5012 2546 5081 ﬁctilibus,
2569 5028 2632 5063 ex
2658 5021 2787 5065 tanta
2813 5014 3023 5081 fatorum
3044 5024 3211 5081 strage
3234 5019 3450 5081 superba
3536 5056 3541 5059 »

2284 5074 2491 5140 Excepit
2512 5075 2727 5140 Romana
2744 5091 2907 5137 manu,
2933 5080 3006 5128 sic
3028 5074 3173 5140 plena
3197 5074 3382 5132 laborat

2280 5134 2579 5186 Phtetiomoe
2603 5138 2801 5188 leebo.
2873 5134 2901 5188 .’
2955 5177 2964 5187 .
3028 5134 3047 5189 ζ
3124 5176 3136 5188 .
3204 5178 3217 5191 .

2276 5258 2494 5329 Smtmea
2516 5268 2633 5311 tunc
2658 5263 2865 5329 primum
2885 5264 3051 5329 rabies
3072 5277 3255 5329 vesana
3280 5279 3373 5329 per
3393 5279 3484 5318 ora

2280 5320 2462 5385 Billuit,
2484 5331 2535 5371 et
2558 5320 2789 5385 gemitus,
2819 5331 2871 5373 et
2888 5324 3066 5375 anhelo
3091 5324 3218 5375 clara
3246 5320 3411 5378 nieatu

2275 5381 2542 5443 Murmura,
2562 5381 2683 5435 tunc
2703 5381 2905 5436 moestus
2928 5391 3075 5436 vastis
3095 5389 3311 5439 ululatus
3335 5394 3383 5439 in
3407 5391 3560 5441 antris

2274 5444 2623 5510 Extremaxtue
2645 5456 2819 5497 sonant
2834 5448 3016 5499 domita
3032 5452 3132 5512 jam
3156 5453 3349 5515 virgine
3375 5467 3538 5503 voces.

518 5517 699 5587 Neque
730 5520 828 5574 hoc
855 5536 960 5576 uno
989 5530 1190 5629 tantum
1223 5567 1236 5592 ,
1266 5527 1357 5582 sed
1381 5530 1620 5599 quolibet
1650 5534 1754 5589 alio
1802 5535 2039 5606 cuiusvis
2138 5548 2501 5616 Quamobrem
2520 5549 2709 5606 Cicero
2736 5549 2924 5619 (Cicer.
2956 5554 3043 5608 lib.
3072 5554 3095 5609 Ι
3126 5556 3192 5611 de
3238 5555 3411 5614 Dicin.
3445 5574 3562 5629 pag.
3603 5555 3738 5620 276,

442 5609 678 5666 hnniuis
699 5655 712 5677 ,
744 5629 958 5684 quoquo
985 5632 1037 5671 m
1060 5615 1147 5672 ldo
1170 5634 1198 5671 a
1239 5619 1485 5681 daemone
1524 5627 1761 5696 agitati,
1816 5632 2037 5700 experi-

442 5712 624 5757 mento
652 5704 701 5759 id
726 5706 972 5765 similiter
1009 5710 1218 5779 probari
1251 5728 1408 5782 posse
1459 5728 1772 5778 constanter
1811 5738 2030 5782 aSseve-

434 5807 536 5852 rat.
565 5796 656 5855 Sic
686 5816 917 5873 namque
944 5806 1285 5877 prosequitur
1310 5808 1498 5885 (Ibid.)
1531 5832 1543 5870 :
1572 5814 1748 5886 dique
1775 5819 2032 5888 produca-

2138 5640 2236 5694 lin.
2281 5641 2395 5709 55)
2428 5659 2441 5695 :
2470 5642 2634 5697 Credo
2696 5646 2881 5709 etiam,
2933 5647 3144 5718 inquit,
3197 5650 3452 5705 anhelitus
3498 5648 3737 5721 quosdam

2134 5733 2294 5802 {uisse
2311 5741 2562 5788 terrarum
2582 5775 2596 5799 ,
2628 5734 2811 5804 quibus
2839 5737 3042 5808 inﬂata
3070 5748 3259 5795 mentes
3298 5742 3513 5795 uacula
3557 5739 3734 5812 {uade-

2135 5832 2266 5879 rcnt.
2290 5822 2487 5885 Sedde
2524 5824 2606 5881 bis
2648 5826 2833 5898 plures
2855 5828 2992 5887 alios
3025 5830 3318 5901 scriptorcs
3363 5832 3647 5889 citavimus
3679 5828 3737 5885 in
