4082 6356
337 339 448 398 885
936 330 951 335 ’
1398 402 1403 407 η
1442 326 1891 389 DlSSEBTATlO
1928 326 1993 385 D.
2033 325 2122 382 LE
2158 324 2462 383 NOURRY.
3152 344 3159 353 -
3532 316 3640 375 886

342 464 526 510 nostra
555 450 624 509 de
649 451 869 538 Minucii
898 440 1532 523 Octaviojdissertatione
1558 446 1853 521 (Dissertat.
1879 445 1934 499 in
1959 444 2013 505 Α
2036 444 2174 515 quod
2219 444 2282 500 de
2324 441 2512 514 templo
2561 420 2768 496 domum
2799 447 3033 493 matrona
3086 437 3284 492 doctior
3328 442 3631 511 reportaret.

345 545 539 600 Minut.
566 562 681 617 cap.
716 534 805 612 10,
838 552 939 597 art.
968 541 1051 614 2).
1110 540 1240 596 \‘ide
1259 550 1459 605 autem,
1482 540 1730 607 obsecro,
1760 547 1936 591 utrum
2039 535 2204 605 (Ibid.
2246 551 2363 605 cap.
2393 534 2484 601 26,
2518 550 2640 605 pag.
2673 530 2784 603 5’6).
2813 531 2970 586 Plura
3002 528 3175 585 adhuc
3201 528 3269 587 de
3295 543 3358 585 ea
3390 528 3478 584 ille
3528 526 3633 582 ali-

322 632 410 697 ‘ex
443 639 547 695 illis
568 637 747 707 colligi
778 636 949 708 possit
992 634 1132 690 hunc
1175 648 1294 689 esse
1335 630 1649 687 Tertulliani
1678 628 1937 685 sensum?

346 729 511 792 Vates
536 739 590 786 et
617 728 768 799 arioli
797 727 1169 784 existimantur
1190 727 1252 778 de
1283 723 1376 778 deo
1399 724 1539 793 pati,
1567 736 1689 778 eum
1739 720 1804 775 ab
1849 719 1939 777 illo

345 823 488 887 acti,
512 832 649 879 testu
669 836 731 879 ac
754 820 935 875 lurore
963 818 1375 888 torquebantur.

418 914 519 985 Qui
548 928 677 970 vero
701 915 805 968 aris
844 912 1151 976 inhalantes,
1184 908 1298 964 sive
1321 907 1588 981 spirantes
1611 947 1625 971 ,
1653 915 1709 961 et
1737 904 1788 959 in
1817 917 1942 958 aras

344 1007 594 1080 spiritum
626 1004 952 1069 cmittenlcs,
989 1017 1173 1055 nmnen
1197 1041 1212 1066 ,
1242 999 1292 1054 id
1322 1008 1425 1067 est,
1466 998 1552 1054 dei
1580 997 1808 1067 alicujus
1837 1012 1941 1050 nu-

349 1111 460 1157 tum
485 1110 537 1155 et
566 1106 883 1170 potestatem
915 1096 977 1148 de
1003 1094 1181 1148 nidore
1202 1136 1217 1159 ,
1242 1093 1304 1148 'id
1350 1101 1453 1159 est,
1497 1090 1666 1147 odore
1713 1089 1942 1145 vicximzn

348 1192 576 1262 alicujus
605 1199 835 1263 perusta:
857 1188 1168 1259 concipiunt.
1199 1174 1403 1258 Deinde
1423 1185 1510 1257 qui
1532 1182 1802 1248 ructando,
1826 1183 1943 1238 sive

351 1295 537 1340 ructus
558 1325 575 1349 ,
608 1281 892 1352 variosque
939 1279 1208 1333 anhelitus
1232 1275 1464 1332 efllaudo
1489 1317 1502 1339 ,
1533 1285 1788 1330 conantur
1816 1272 1939 1330 fun-

290 1364 293 1365 ν
348 1378 480 1434 dere
506 1375 719 1431 oracula
741 1416 756 1441 ,
787 1389 957 1444 eaque
997 1380 1272 1433 cructare,
1305 1378 1358 1425 et
1382 1360 1597 1425 mittere
1636 1376 1786 1422 extra
1820 1380 1944 1436 pee-

356 1482 442 1529 tus
478 1484 654 1525 suum.
691 1472 759 1523 At
787 1468 838 1523 in
870 1464 1267 1536 exemplaribus
1295 1462 1495 1519 nostris
1525 1460 1902 1529 manuscriptis
1926 1502 1941 1526 ,

348 1572 411 1620 et
430 1561 589 1619 editis
616 1559 1006 1625 antiquioribus
1034 1571 1131 1627 pro
1158 1565 1409 1611 conantur
1449 1553 1704 1623 scriptmu
1740 1560 1825 1607 est
1851 1568 1945 1607 cu-

328 1652 531 1710 rantur
559 1649 825 1723 (Tertull.,
871 1649 968 1703 loc.
1001 1648 1137 1719 cit.).
1171 1647 1332 1716 Cujus
1387 1659 1579 1701 sensus
1602 1657 1722 1699 esse
1746 1651 1943 1713 potest,

346 1746 621 1812 ructando,
672 1756 728 1800 et
775 1743 1049 1798 oraculum
1093 1738 1408 1799 emittenda,
1464 1737 1708 1793 feruntur
1762 1736 1946 1793 labore

2041 627 2113 682 bi.
2141 627 2248 684 Sed
2276 627 2389 682 haec
2416 626 2545 681 satis
2575 638 2842 695 superque
2859 623 3088 693 probant
3113 619 3255 691 apud
3286 619 3448 676 Afros
3467 618 3635 675 fuisse

2043 718 2298 791 templum
2341 718 2562 789 virginis
2590 715 2869 784 Caelestis,
2902 731 3022 786 quae
3072 730 3178 770 non
3209 713 3385 771 solum
3418 713 3486 768 ab
3531 713 3634 771 illis

2042 812 2351 879 colebatur,
2380 810 2475 866 sed
2504 826 2623 880 qua:
2653 809 2907 867 siccitatis
2944 799 3189 879 tempore
3219 807 3287 863 ab
3314 805 3504 863 iisdem
3554 806 3636 860 in-

2043 913 2265 971 vocata,
2316 901 2523 975 pluvias
2552 900 2939 973 pollicebatur,
2980 914 3215 970 moxque
3262 897 3467 954 futuras
3494 912 3638 968 prce-

2044 997 2277 1054 dicebat.
2305 995 2387 1051 Ab
2422 995 2649 1050 aliorum
2681 1003 2859 1049 autem
2905 975 3249 1064 Opinionibus
3278 992 3427 1055 hsce,
3475 1006 3635 1063 quam

2044 1091 2433 1163 proponimus,
2465 1105 2570 1144 non
2624 1087 2761 1173 ade?
2804 1087 2989 1141 dissita
3037 1094 3151 1153 est,
3180 1086 3310 1156 quin
3355 1084 3487 1156 ipsis
3529 1098 3640 1140 non

2046 1184 2216 1255 possit
2241 1181 2601 1239 reconciliari.
2634 1180 2766 1235 Nam
2798 1180 2897 1235 dea
2930 1178 3019 1234 illa
3073 1194 3171 1248 pro
3192 1178 3433 1234 locorum
3458 1177 3642 1233 diver-

2046 1279 2203 1336 sitate
2232 1279 2465 1335 diversis
2490 1277 2783 1332 vocabatur
2810 1273 3138 1337 uouiinibus.
3168 1272 3384 1329 Testem
3412 1271 3458 1326 si
3498 1271 3644 1326 desi-

2047 1372 2239 1438 deres,
2269 1386 2398 1426 ecce
2439 1369 2780 1425 Ambrosium
2814 1366 2865 1421 id
2918 1374 3247 1420 asserentem
3283 1381 3296 1417 :
3337 1363 3505 1429 Quam
3531 1362 3642 1418 Cte—

2048 1463 2242 1529 lestem,
2266 1462 2455 1533 inquit,
2490 1459 2625 1531 Afri.
2651 1457 2898 1513 Mithram
2916 1454 3112 1523 Persas,
3142 1454 3363 1525 plerique
3399 1452 3642 1508 Venerem

2047 1555 2239 1623 colunt,
2273 1552 2681 1623 prmdiversitate
2708 1549 2944 1613 nominis,
2978 1565 3080 1604 non
3104 1563 3196 1618 pro
3234 1546 3457 1600 numinis
3478 1546 3642 1601 varie-

2048 1657 2148 1703 tate
2167 1648 2419 1713 (Ambros.
2442 1646 2612 1714 Epist.
2643 1643 2729 1708 l8,
2754 1642 2871 1697 adv.
2905 1639 3229 1711 Sgutmacln,
3257 1636 3396 1710 §50,
3416 1655 3470 1709 p.
3490 1636 3641 1706 840).

2122 1739 2332 1794 Transit
2379 1736 2507 1793 inde
2551 1744 2737 1789 auctor
2776 1732 2842 1788 ad
2886 1731 3251 1802 Esculapium
3278 1773 3294 1798 ,
3326 1729 3415 1800 qui
3468 1727 3538 1782 ab
3578 1743 3644 1783 eo

347 1856 449 1896 suo
474 1848 527 1894 et
556 1836 795 1893 cruciatu
824 1834 1037 1889 liberari
1068 1848 1129 1887 ac
1152 1830 1349 1886 curari.
1386 1828 1492 1886 Sed
1526 1829 1701 1900 potior
1732 1828 1943 1883 videtur
1971 1839 2019 1900 Β
2048 1841 2268 1895 vocatur
2298 1831 2666 1886 medicinarum
2691 1826 3100 1890 demonstrator;
3128 1832 3183 1880 ει
3208 1822 3332 1878 alibi
3355 1864 3369 1889 ,
3396 1822 3482 1892 qui
3533 1821 3645 1891 ρτί-

347 1934 516 1989 altera
559 1929 736 1985 lectio.
772 1928 847 1983 De
875 1927 958 1980 his
983 1924 1127 1980 enim
1156 1922 1332 1978 adhuc
1370 1921 1522 1976 tortis
1553 1930 1609 1976 et
1648 1920 1941 1975 laboranti-

349 2026 451 2081 bus
478 2031 666 2079 auctor
697 2031 880 2075 uoster
917 2016 1060 2089 loqui
1090 2015 1321 2080 videtur,
1355 2014 1445 2083 qui
1474 1991 1945 2067 continenter'ad-

345 2118 477 2190 jecit
519 2135 531 2170 :
582 2114 682 2181 Qui
712 2110 1002 2167 anhelando
1041 2112 1316 2182 profantur
1359 2103 1562 2176 (Ibid);
1595 2101 1946 2172 manuscripti

350 2222 405 2268 et
434 2211 525 2266 alii
552 2221 675 2265 ante
696 2206 912 2277 Rigaltii
946 2213 1155 2275 tempus
1185 2200 1312 2256 editi
1338 2204 1646 2272 praefantur,
1677 2196 1771 2252 sed
1803 2196 1946 2253 haud

278 2328 282 2332 Α
351 2306 578 2360 multum
620 2300 851 2354 absimili
902 2296 1223 2367 signiﬁcatu.
1258 2293 1345 2346 Ait
1372 2290 1515 2346 enim
1560 2302 1672 2343 tum
1702 2305 1769 2344 ex
1798 2287 1903 2343 illis
1927 2329 1943 2356 ,

350 2397 487 2453 sicut
514 2411 581 2451 ex
607 2393 829 2464 Virgilio
869 2400 923 2445 et
971 2389 1091 2445 aliis
1136 2385 1476 2451 audivimus,
1525 2384 1704 2439 excuti
1759 2381 1943 2449 deum,

354 2501 555 2559 eosque
583 2484 667 2540 dei
699 2482 927 2553 alicujus
954 2479 1210 2536 instinctu
1239 2475 1463 2531 fundere
1491 2474 1726 2529 oracula.
1760 2475 1831 2528 At
1858 2472 1947 2528 ille

354 2580 473 2636 lucc
516 2577 693 2633 omnia
726 2590 833 2630 non
864 2574 975 2629 veri
1006 2571 1099 2625 Dei
1125 2583 1320 2640 opera,
1351 2565 1445 2622 sed
1467 2564 1746 2620 fallacibus
1766 2604 1781 2629 ,
1810 2562 1950 2619 sicut

355 2672 555 2729 dictmn
587 2677 669 2724 est
694 2710 708 2733 ,
742 2665 1045 2722 daemonum
1078 2659 1361 2732 praestigiis
1405 2657 1521 2713 ﬁeri
1547 2656 1949 2711 evidentissima

356 2764 710 2822 demonstrat.
745 2760 893 2815 Tunc
918 2757 1061 2814 enim
1090 2771 1119 2811 a
1146 2753 1469 2810 Christianis
1496 2749 1749 2822 adjurati,
1774 2749 1841 2805 ad
1871 2749 1949 2805 fa-

2048 1942 2158 1979 mas
2186 1923 2407 1981 medelas
2432 1919 2775 1993 exploraverit
2827 1917 3150 1986 (Tertullian.
3203 1914 3470 1986 Apologet.
3522 1928 3642 1981 cap.

2048 2018 2139 2085 23,
2174 2034 2293 2088 pag.
2325 2016 2453 2081 HO,
2479 2024 2528 2070 et
2552 2014 2642 2069 lib.
2677 2012 2741 2068 de
2792 2028 2968 2066 coron.
3008 2026 3124 2082 cap.
3173 2007 3229 2073 8,
3286 2017 3407 2061 tom.
3462 2004 3480 2059 l
3532 2003 3645 2071 Ap:-

2038 2120 2217 2182 -parat.
2262 2126 2383 2180 pag.
2431 2105 2639 2178 1192).
2693 2102 2803 2161 Nos
2845 2118 2975 2160 vero
3022 2102 3074 2156 in
3127 2097 3495 2171 superioribus
3541 2109 3646 2150 uo-

2050 2204 2177 2260 stris
2205 2198 2673 2279 dissertationibus
2697 2196 3034 2255 ostendimus
3078 2208 3181 2265 qua
3213 2192 3420 2249 ratione
3444 2188 3646 2245 ethnici

2050 2296 2333 2355 medicin-.1:
2378 2295 2750 2367 inventionem
2799 2289 2875 2346 illi
2927 2286 3323 2345 adscribebant.
3388 2282 3495 2340 Sed
3538 2297 3648 2353 quo

2034 2392 2102 2449 -id
2133 2390 2333 2447 clarius
2356 2430 2370 2454 ,
2399 2402 2467 2447 eo
2489 2400 2619 2443 sane
2640 2383 2902 2454 majorem
2933 2378 3313 2450 subsequentia
3340 2376 3457 2447 ejus
3479 2374 3643 2431 verba
3738 2409 3743 2413 η

2050 2481 2255 2538 habent
2282 2478 2661 2541 obscuritatem
2684 2475 2833 2531 :Alia
2852 2473 2954 2539 die,
2978 2460 3070 2536 ait,
3096 2469 3354 2527 morituris
3371 2467 3642 2530 Socordio,

2051 2586 2098 2631 et
2115 2573 2383 2636 Tlteuatio,
2406 2580 2453 2626 et
2480 2568 2835 2640 Asclepiodoto
2860 2567 2974 2623 vitae
2996 2562 3403 2618 subministrator
3422 2558 3651 2631 (Tertul-

2051 2670 2179 2725 lian.
2214 2666 2480 2738 Apologet.
2512 2680 2627 2734 cap.
2663 2662 2768 2728 25,
2795 2660 2894 2716 col.
2922 2658 2991 2714 21
3024 2660 3064 2728 ).
3093 2655 3284 2711 Mirum
3315 2653 3457 2711 enim
3477 2667 3646 2723 quan.-

2056 2771 2166 2817 tum
2196 2759 2314 2815 hcce
2340 2755 2673 2813 eruditorum
2700 2751 2974 2807 hominum
3022 2746 3232 2816 ingenia
3280 2744 3646 2817 exercuerim.

359 2852 575 2911 tendum
606 2868 665 2908 se
706 2849 984 2906 daemones
1012 2861 1133 2902 esse
1161 2843 1649 2917 compellebantur,
1682 2849 1739 2895 ut
1760 2850 1949 2912 postea

2059 2855 2122 2911 At
2147 2860 2296 2911 certe
2321 2857 2607 2921 corruptus
2637 2858 2719 2903 est
2739 2845 2828 2901 hic
2852 2844 3021 2901 locus.
3050 2840 3183 2897 Nam
3210 2839 3264 2894 in
3304 2838 3507 2897 nostris
3548 2850 3648 2893 co:-

354 2950 534 3005 adhuc
553 2948 811 3003 dicemus.

2059 2944 2262 3005 ilicibus
2315 2958 2476 3003 manu
2506 2949 2555 2997 et
2610 2934 2938 3007 antiquiori,
2987 2941 3042 2989 et
3089 2929 3374 2997 recentiori
3415 2930 3650 2987 exaratis

439 3039 718 3111 Explicatu
749 3050 877 3092 vero
900 3034 1054 3104 longe
1083 3030 1383 3087 difﬁciliora
1413 3037 1557 3095 sunt,
1585 3042 1705 3099 quae
1725 3025 1808 3080 bis
1834 3025 1953 3081 sub-

2059 3037 2284 3093 habetur
2313 3053 2324 3087 :
2358 3032 2476 3091 Alia
2505 3031 2587 3089 die
2610 3028 2867 3084 morituris
2898 3026 3005 3100 (vel
3037 3025 3142 3088 alia
3169 3021 3515 3090 demat-ituris)
3544 3019 3651 3079 Sot-

357 3133 630 3207 jiciuntur.
683 3128 814 3197 Quis
857 3125 1001 3182 enim
1048 3118 1204 3179 facile
1234 3121 1430 3177 dixerit
1470 3134 1715 3190 quamam
1763 3117 1854 3172 illa
1884 3118 1955 3195 sit

2059 3130 2235 3186 cordia
2259 3169 2275 3194 ,
2300 3124 2596 3181 et'Denatio
2618 3163 2631 3185 .
2662 3131 2708 3177 et
2737 3116 3097 3190 Asclopiodoto
3127 3114 3558 3171 subministratur.
3588 3111 3651 3169 In

348 3204 503 3303 (uirgo
554 3224 771 3281 cmlestis
815 3237 934 3292 quae
987 3218 1056 3273 ab
1134 3217 1230 3272 illo
1285 3215 1569 3287 pluviarum
1623 3210 1954 3285 pollicitatrix

2068 3218 2391 3281 editionibus
2418 3215 2651 3287 Rigaltio
2679 3210 3062 3271 vetustioribus
3093 3227 3106 3263 :
3140 3207 3284 3263 Alias
3333 3204 3657 3267 demorituris

361 3296 658 3391 ansellawr
684 3309 1193 3387 (Ibid-I?N°“"“m
1222 3304 1643 3379 εῖαυίιιθιιιιιωιο
1663 3303 1951 3369 “munem,
2046 3310 2298 3391 ,Socordii
2342 3319 2388 3364 et
2434 3306 2641 3363 Denatii
2712 3315 2759 3359 et
2825 3298 3170 3371 Asclepiodoti
3223 3296 3654 3359 subministrator.

363 3415 453 3471 alii
489 3413 801 3483 Fortunam,
829 3407 920 3462 alii
942 3408 1213 3470 Cererem,
1239 3402 1328 3457 alii
1359 3400 1635 3463 Uraniam,
1664 3397 1754 3453 alii
1786 3395 1958 3451 Veue-
2046 3384 2350 3477 (Disseruit.
2378 3401 2431 3454 in
2451 3397 2643 3453 Arnob.
2668 3414 2783 3468 cap.
2808 3394 2863 3461 9,
2894 3402 3000 3448 art.
3022 3391 3079 3459 2,
3110 3400 3157 3445 et
3187 3392 3239 3445 in
3264 3390 3501 3445 Lactant.
3530 3404 3649 3457 cap,

366 3522 483 3563 rem
508 3518 631 3561 esse
658 3500 1004 3564 existimant,
1027 3497 1152 3568 quia
1182 3495 1406 3551 Veneris
1437 3492 1672 3557 Uraniae,
1702 3489 1817 3544 sive
1845 3487 1956 3544 Cte-

367 3598 529 3662 lestis,
563 3594 785 3663 ejusque
814 3574 1015 3659 templi
1039 3587 1371 3647 mentionem
1399 3581 1726 3646 Herodotus,
1754 3581 1959 3635 Pausa-

369 3692 487 3748 nias
507 3730 523 3761 ,
553 3698 606 3744 et
634 3687 907 3744 Lucianus
940 3682 1183 3741 fecerunt
1212 3680 1516 3754 (Heroden,
1559 3677 1649 3741 lib.
1684 3677 1723 3742 Ι,
1751 3674 1780 3747 §
1819 3674 1880 3731 51
1914 3682 1961 3729 et

370 3782 475 3839 l05
503 3798 518 3845 ;
549 3779 803 3845 Pansam,
834 3777 921 3831 lib.
972 3775 1026 3841 Ι,
1059 3791 1179 3847 pag.
1222 3772 1289 3827 14
1335 3780 1383 3825 et
1426 3770 1526 3837 l7;
1557 3767 1801 3835 Lucian.,
1830 3765 1955 3819 dial.

370 3876 502 3932 Mat.
533 3883 579 3930 et
605 3888 822 3937 musar.,
858 3886 976 3945 pag.
1006 3868 1158 3940 975).
1183 3864 1357 3929 .Nobis
1382 3873 1561 3919 autem
1592 3860 1804 3917 lacilius
1831 3873 1960 3929 pro-

370 3969 584 4026 habitur
627 3965 698 4021 ibi
728 3978 757 4018 a
788 3960 1120 4020 Tertulliano
1149 3957 1418 4029 designari
1459 3954 1727 4025 propriam
1751 3966 1815 4007 ac
1838 3965 1961 4007 mu-

374 4063 654 4135 nicipalem
681 4061 877 4118 Africae
909 4058 1087 4125 deam,
1133 4070 1290 4125 quam
1332 4051 1491 4123 paulo
1530 4059 1649 4123 post
1674 4050 1740 4117 in
1780 4049 1961 4106 Africa

373 4157 477 4214 coli
545 4156 860 4214 testilicatur
911 4150 1261 4225 (Tertullian.
1316 4146 1627 4218 Apologet.,
1687 4159 1804 4213 cap.
1858 4142 1960 4209 24,

375 4253 473 4308 col.
512 4251 667 4321 “6).
697 4248 1025 4318 Augustinus
1053 4247 1097 4303 si
1129 4243 1346 4315 quidem
1379 4243 1527 4297 testis
1556 4238 1740 4309 utique
1777 4237 1962 4295 acula.

376 4357 464 4403 tus
484 4387 498 4412 ,
526 4345 592 4399 de
616 4346 703 4399 illa
736 4332 851 4398 dea'
874 4341 990 4396 hinc
1016 4338 1293 4394 memoria:
1324 4333 1558 4407 prodidit
1586 4349 1599 4388 :
1633 4329 1967 4386 Veniebamus

378 4459 471 4498 nos
516 4426 794 4508 aliquando
832 4435 1169 4491 adolescentes
1207 4433 1275 4487 ad
1316 4426 1604 4502 spectacula
1648 4424 1969 4494 ludibriaque

377 4531 758 4601 sacrilegorum.
777 4526 1144 4595 Spectabauuts
1159 4522 1466 4593 arreptitios,
1488 4518 1817 4575 audiebamus
1833 4532 1970 4588 sgm-

2046 3496 2153 3562 _'5,0,
2213 3503 2312 3548 art.
2342 3493 2396 3561 5)
2428 3491 2559 3561 Quis
2589 3498 2768 3544 autem
2796 3502 2902 3560 non
2953 3485 3101 3541 videt
3130 3483 3229 3539 has
3276 3482 3519 3541 diversas
3547 3480 3658 3541 lec-

2062 3587 2235 3645 tiones
2261 3598 2457 3657 augere
2487 3581 2666 3653 potius
2690 3594 2848 3649 quam
2882 3576 3073 3635 tollere
3098 3572 3514 3633 difﬁcultatem?
3590 3604 3594 3609 -
3627 3599 3635 3607 -

2134 3677 2362 3745 Quidam
2407 3686 2584 3731 tamen
2634 3671 2982 3742 suspicantur
3032 3667 3135 3724 bas
3163 3667 3485 3737 Agyrtarum
3513 3704 3530 3729 ,
3560 3678 3659 3724 seu

2064 3769 2508 3843 praestigiatorum
2531 3807 2545 3832 ,
2569 3764 2660 3837 qui
2682 3762 2970 3833 Esculapio
2999 3774 3058 3816 se
3080 3756 3385 3825 ministrare
3435 3758 3662 3829 mentie-

2063 3865 2291 3929 bantur,
2320 3876 2440 3918 esse
2461 3872 2644 3925 voces,
2675 3872 2809 3927 quas
2842 3863 3021 3919 tacere
3048 3851 3218 3913 satius
3245 3850 3474 3918 ducunt,
3500 3864 3663 3920 quam

2065 3958 2117 4014 in
2166 3958 2230 4012 iis
2278 3951 2611 4025 explicandis
2656 3950 2770 4005 risu
2798 3947 3019 4019 dignam
3071 3952 3127 4001 et
3150 3943 3394 3999 inutilem
3427 3940 3659 4013 perdere

2064 4063 2304 4122 operam.
2338 4046 2441 4102 Alii
2471 4052 2690 4100 censent
2720 4040 2938 4097 nomina
2968 4038 3131 4099 trium
3177 4051 3302 4093 esse
3329 4036 3610 4097 hominum
3639 4074 3658 4100 ,

2057 4143 2259 4218 quibus
2285 4138 2630 4209 (Esculnpius
2665 4135 2789 4190 vita:
2817 4131 3146 4189 curriculum
3176 4129 3334 4201 paulo
3378 4139 3505 4187 ante
3535 4142 3663 4198 pro-

2068 4235 2287 4305 duxisse
2328 4230 2615 4287 ferebatur.
2671 4226 2776 4284 Sed
2819 4226 2933 4281 htcc
2984 4223 3163 4293 aliqua
3207 4221 3401 4278 saltem
3452 4220 3665 4289 ratione

2068 4324 2379 4385 conﬁrmari
2424 4320 2711 4378 debebant.
2759 4316 2864 4375 Alii
2895 4329 3058 4387 porro
3111 4313 3402 4383 opinantur
3429 4311 3529 4370 tria
3572 4311 3669 4367 illa

2069 4434 2190 4479 esse
2218 4416 2434 4473 nomina
2461 4413 2752 4471 herbarum
2774 4452 2789 4477 ,
2830 4408 3026 4481 quibus
3052 4406 3229 4464 morbi
3269 4405 3467 4476 depelli
3512 4414 3668 4476 pote-

2054 4520 2213 4583 rant.
2245 4508 2448 4565 Plinius
2473 4506 2618 4562 enim
2659 4504 2799 4559 inter
2826 4501 2970 4556 varia
2997 4497 3233 4557 antidoto
3264 4504 3511 4553 recenset
3531 4512 3674 4553 scor-

381 4588 697 4696 pltoniaeos;
727 4588 860 4675 ludis
888 4618 1197 4688 turpissimis
1221 4655 1235 4679 ,
1258 4588 1345 4687 qui
1373 4615 1473 4670 diis
1514 4611 1800 4679 deabusque
1826 4608 1969 4665 ωιὴὶ-
1992 4622 2048 4685 D
2073 4607 2215 4662 datin
2241 4646 2256 4672 ,
2276 4604 2349 4660 uti
2382 4602 2471 4658 ille
2496 4600 2608 4667 ait,
2632 4598 2745 4654 sive
2770 4594 3006 4651 scordion
3052 4590 3303 4663 (Plinius,
3357 4590 3447 4645 lib.
3485 4588 3549 4655 ll,
3580 4605 3675 4644 na-
3750 4606 3758 4612 '

381 4715 645 4780 bebantur,
674 4712 1067 4775 oblectabamur,
1097 4707 1295 4763 Caelesti
1322 4704 1499 4776 virgini
1538 4713 1586 4759 et
1627 4701 1975 4773 Berecynth

382 4809 531 4863 matri
578 4807 804 4861 omnium
852 4802 1150 4876 (August.,
1199 4799 1288 4855 lib.
1341 4798 1387 4853 ll
1428 4798 1491 4853 de
1530 4796 1695 4861 cioit.,
1718 4803 1850 4866 (cap.
1893 4794 1970 4860 4,

275 4932 281 4937 ~
384 4912 505 4975 pag.
542 4902 615 4959 51
710 4900 912 4955 Rursus
937 4908 1114 4953 autem
1145 4903 1330 4967 postea
1362 4912 1376 4949 :
1412 4890 1513 4947 Ubi
1551 4901 1600 4946 et
1638 4887 1841 4961 quando
1882 4903 1966 4943 sa-

383 4994 771 5051 cratileestis
808 4992 1080 5048 audiebant
1124 4990 1371 5045 castitatis
1413 4995 1665 5058 prcecepta
1702 4984 1973 5040 nescimus.

378 5091 511 5147 Ante
534 5073 703 5167 ipsum
724 5099 890 5143 tamen
911 5086 1197 5163 delubrum,
1223 5084 1307 5138 ubi
1327 5081 1659 5136 simulacrum
1687 5077 1818 5133 illud
1847 5077 1979 5131 loca-

378 5194 493 5241 tum
532 5183 968 5253 conspiciebamus
988 5220 1003 5247 ,
1052 5177 1271 5233 universi
1300 5175 1525 5246 undique
1548 5172 1859 5242 confluentes
1883 5211 1899 5237 ,
1929 5179 1979 5227 et

377 5277 472 5337 sebi
499 5270 711 5349 quisque
738 5284 931 5345 poterat
976 5282 1165 5328 stantes
1190 5310 1206 5335 ,
1239 5271 1386 5326 ludos
1432 5269 1518 5339 qui
1556 5266 1869 5339 agebantur,
1899 5265 1979 5319 in-

384 5364 653 5427 tentissimi
673 5368 1045 5440 spectabamus,
1073 5366 1326 5418 intuentes
1345 5401 1361 5428 ,
1388 5362 1672 5415 alternante
1700 5364 1973 5428 conspectu

388 5465 507 5520 hinc
533 5461 869 5520 meretriciam
888 5474 1128 5528 pompam
1153 5498 1168 5524 ,
1194 5456 1338 5511 illinc
1379 5452 1624 5524 uirginem
1654 5449 1801 5504 deam
1831 5447 1977 5501 illam

390 5557 688 5628 suppliciter
708 5553 916 5611 adorari
942 5594 956 5618 ,
1007 5559 1123 5604 ante
1150 5548 1297 5602 illaut
1322 5547 1494 5612 turpia
1537 5542 1785 5600 celebrari
1816 5557 1836 5597 .'
1876 5556 1979 5599 non

382 5652 460 5709 ibi
482 5649 800 5722 pudibundos
825 5649 1004 5702 mimos
1027 5686 1042 5708 ,
1073 5642 1271 5697 nullam
1327 5638 1732 5699 verecundiorem
1777 5651 1981 5692 scenam

390 5744 648 5809 uidimus;
675 5749 854 5796 cuncta
882 5734 1221 5793 obsctrnitatis
1244 5732 1584 5803 implebantur
1609 5731 1804 5802 ofﬁcia.
1837 5728 1956 5784 Scio

305 5888 308 5891 .
394 5838 542 5892 batur
593 5831 829 5910 virginali
857 5828 1053 5891 numini
1079 5826 1203 5901 quid
1247 5825 1466 5901 placeret
1489 5868 1504 5896 ,
1557 5834 1605 5885 et
1649 5820 1983 5889 exhibebatur

2078 4699 2331 4754 turaltist.
2355 4711 2470 4765 cap.
2504 4694 2557 4761 6,
2588 4708 2707 4765 pag.
2732 4685 2907 4760 595,).
2962 4685 3102 4742 Alibi
3140 4697 3271 4738 vero
3323 4680 3509 4737 scribit
3535 4680 3675 4736 hanc

2082 4791 2305 4849 herbam
2327 4788 2391 4845 ad
2410 4783 2941 4858 compluresmorbos
2964 4776 3322 4836 removendos
3347 4790 3468 4832 esse
3494 4775 3679 4830 utilem

2081 4882 2276 4957 (Idem,
2311 4880 2400 4934 lib.
2423 4876 2620 4944 XXVI,
2650 4893 2765 4947 cap.
2798 4877 2853 4941 7,
2884 4889 3004 4945 pag.
3028 4871 3156 4936 151,
3181 4885 3298 4938 cap.
3323 4866 3379 4935 8,
3405 4866 3675 4939 1109.471,

2082 4986 2128 5035 et
2160 4992 2275 5046 cap.
2313 4972 2396 5041 lO,
2431 4989 2551 5043 pag.
2575 4969 2683 5026 475
2712 4970 2754 5039 ).
2785 4971 2855 5023 At
2901 4964 3033 5021 illud
3062 4962 3239 5020 omitti
3290 4960 3477 5032 procul
3516 4959 3681 5015 dubio

2076 5084 2192 5143 (non
2243 5068 2505 5133 debebat,
2567 5062 2707 5135 quod
2735 5061 2863 5116 alibi
2906 5059 3083 5115 adhuc
3126 5056 3305 5113 dixit:
3337 5054 3525 5110 Contra
3570 5053 3679 5109 lucc

2081 5166 2254 5221 omnia
2282 5178 2472 5221 iueaena
2498 5159 2818 5230 magicasque
2843 5162 2978 5208 artes
2997 5154 3089 5207 erit
3131 5152 3353 5224 printum
3400 5147 3534 5205 illud
3567 5146 3684 5202 Ho-

2073 5259 2324 5315 mericum
2379 5254 2517 5324 moly
2539 5295 2554 5319 ,
2587 5250 2769 5306 deinde
2793 5246 3144 5302 mitltridutiou
3168 5285 3183 5310 ,
3226 5253 3273 5298 et
3315 5244 3564 5300 scordotis
3590 5282 3603 5307 ,
3633 5248 3682 5296 et

2081 5349 2378 5405 centaurion
2413 5344 2606 5414 (Idem,
2635 5343 2724 5399 lib.
2748 5340 2919 5404 XXV,
2948 5356 3065 5408 cap.
3098 5337 3188 5400 10,
3239 5352 3357 5407 pag.
3383 5332 3534 5404 412).

2151 5443 2478 5515 Quibusdam
2509 5447 2688 5495 autem
2720 5437 2889 5492 visum
2936 5441 3019 5490 est
3069 5428 3412 5501 Asclepiodoti
3461 5425 3680 5483 nomine

2082 5537 2306 5595 indicari
2331 5552 2359 5589 a
2388 5531 2716 5603 Tertulliano
2737 5526 3041 5596 Asclepion,
3071 5521 3139 5578 de
3173 5535 3278 5593 quo
3304 5518 3418 5585 hcec
3444 5534 3472 5572 a
3501 5515 3678 5572 Plinio

2082 5632 2299 5702 scriptis
2324 5626 2513 5683 tradita
2533 5624 2761 5696 legimus
2785 5638 2800 5681 :
2833 5621 3063 5678 Panaces
3085 5618 3200 5689 ipso
3228 5614 3429 5670 nomine
3452 5612 3681 5669 omnium

2085 5700 2375 5783 morborum
2402 5716 2628 5775 remedia
2658 5713 2905 5784 promittit
2929 5753 2947 5775 .
2993 5724 3317 5767 numerosum
3343 5714 3392 5763 et
3435 5705 3535 5761 diis
3556 5700 3681 5769 ad»

2087 5819 2323 5889 criptum.
2355 5813 2529 5875 Unum
2553 5810 2746 5885 quippe
2774 5805 3054 5879 Asclepion
3075 5800 3462 5877 cognominatur
3485 5796 3680 5874 (Idem,
