4092 6352
471 271 577 328 887

1562 264 1629 322 IN
1663 261 2124 322 TEBTULLIANI
2159 262 2695 324 APOLOGETICUM

3661 269 3777 327 883

472 390 600 444 ibid.
630 405 747 460 cap.
776 387 832 453 4,
862 401 987 458 pag.
1018 383 1148 454 382)
1170 424 1186 452 ,
1214 381 1283 438 ab
1308 379 1620 452 Esculapio
1642 379 1898 436 videlicet
1941 378 2074 434 falso
2099 379 2153 442 Α
2178 378 2243 433 ad
2274 378 2324 434 id
2376 381 2420 435 si
2476 393 2708 451 unquam
2767 378 3039 452 quiverint
3061 423 3078 448 ,
3117 380 3411 453 aliquando
3458 384 3785 455 negandum

474 483 816 538 ethnicorum
841 479 986 543 deo,
1018 478 1160 534 illius
1206 476 1681 544 demonstratore,
1725 483 1816 530 aut
1839 475 1909 531 ob
1955 474 2073 545 ejus
2175 470 2434 527 audacter
2483 480 2761 542 provocat.
2818 471 3061 528 [tenuant
3104 515 3120 541 ,
3161 474 3370 546 inquit,
3424 477 3789 548 manuscripti

472 577 725 632 virtutem
750 574 820 628 ita
850 571 1143 643 appellato.

472 678 484 712 ε
546 667 806 738 Superest
834 665 1051 720 tertium
1080 677 1276 718 nomen
1299 703 1312 725 .
1343 661 1396 715 in
1427 675 1533 731 quo
1554 657 1874 730 explicando
1904 656 2075 712 haeret

473 759 726 817 omnibus
751 772 909 827 aqua.
959 754 1062 824 Qui
1113 755 1256 810 enim
1290 753 1508 808 Denatio
1539 752 1720 823 legunt
1746 792 1760 814 ,
1791 759 2074 806 autumant

471 850 673 922 aliquid
699 849 946 906 deuotari
972 889 986 912 ,
1015 847 1155 918 quod
1181 849 1291 917 jam
1321 847 1596 901 morituris
1659 845 1881 916 prteberi
1907 844 1909 846 ’
1935 843 2077 900 sole-

473 944 586 998 bat.
610 942 711 1011 Qui
753 956 883 996 vero
908 941 1087 1012 legere
1135 940 1341 995 malunt
1400 937 1648 992 Thenatio
1675 979 1690 1004 ,
1737 938 2079 1008 suspicantur

477 1035 622 1091 aliud
656 1034 946 1106 signiﬁcari
975 1075 990 1101 ,
1018 1048 1126 1104 quo
1151 1031 1396 1103 spiritum
1445 1039 1667 1102 agentes
1697 1030 1926 1085 recreari
1955 1072 1969 1096 ,
2022 1038 2080 1085 et

486 1137 744 1198 tanquam
797 1141 827 1181 a
867 1135 1042 1181 morte
1072 1124 1138 1182 ad
1191 1126 1350 1179 vitam
1381 1123 1624 1179 revocari
1675 1131 1940 1193 poterant.
1970 1123 2077 1178 Sed

481 1220 569 1274 hae
595 1233 760 1274 inerte
786 1227 913 1273 sunt
935 1218 1260 1288 conjectura:
1283 1259 1298 1283 ,
1330 1232 1451 1288 quae
1482 1216 1628 1270 nulla
1657 1231 1875 1287 prorsus
1909 1215 2076 1271 ratio-

479 1326 550 1367 ne
582 1310 886 1366 ﬁrmantur.

554 1402 723 1458 Paulo
753 1402 933 1472 itaque
961 1402 1217 1456 attentius
1265 1400 1508 1470 expende
1534 1442 1546 1466 ,
1575 1415 1760 1470 qua~so
1783 1443 1796 1463 ,
1832 1416 1898 1455 an
1928 1408 2079 1454 tene-

483 1494 702 1551 bricoso
747 1495 870 1549 huic
919 1494 1155 1549 auctoris
1201 1493 1369 1549 nostri
1420 1493 1540 1547 loco
1570 1493 1813 1547 nonnihil
1865 1494 2083 1548 lmninis

483 1588 616 1644 dare
643 1597 860 1659 possent
891 1587 1007 1642 haec
1051 1586 1176 1642 Julii
1229 1586 1445 1641 Firmici
1495 1585 1682 1639 Mater.
1712 1584 1838 1641 Jun.
1870 1586 2028 1640 verba
2066 1603 2080 1640 :

484 1679 776 1734 Mercurius
802 1696 917 1733 cum
944 1679 1051 1734 sole
1079 1679 1142 1732 ab
1167 1679 1449 1746 horoscopo
1476 1677 1707 1748 pariliter
1737 1678 2038 1732 constitutus
2062 1719 2076 1744 ,

2079 577 2082 580 '
2177 565 2394 622 codices
2441 567 2608 622 nostri
2657 561 3006 634 Renuntiarit,
3062 567 3256 624 melius
3309 570 3542 640 antiqua:
3583 571 3788 626 editio-

2179 673 2277 713 nes
2301 700 2316 726 ,
2364 658 2672 714 Renuntient
2697 701 2713 729 ,
2753 663 2855 716 hoc
2883 670 3002 729 cst,
3035 661 3130 716 sed
3178 661 3477 733 improprie
3524 663 3790 734 loquendi

2181 754 2381 820 modo,
2431 764 2668 826 negent,
2720 756 2999 822 abnuant,
3053 765 3109 811 et
3157 754 3490 812 dil‘ﬁteantur
3545 772 3606 813 se
3659 773 3791 815 esse

2181 846 2597 919 przedamnatos.
2647 850 2716 902 At
2744 847 2795 903 id
2824 848 3008 919 procul
3052 847 3218 904 dubio
3271 864 3473 921 negare
3523 859 3635 905 tum
3673 865 3790 906 non

2183 948 2467 1012 poterant,
2498 955 2621 996 cum
2648 955 2678 995 a
2707 940 3014 997 cbristianis
3040 939 3354 1012 interrogati
3378 981 3394 1011 ,
3444 951 3499 998 et
3528 941 3792 1012 adjurati,

2182 1035 2510 1105 respondere
2525 1033 2874 1106 cogebantur.

2255 1127 2538 1193 Quomodo
2565 1127 2708 1182 enim
2763 1126 2992 1183 inﬁciari
3022 1128 3327 1198 potuissent
3370 1143 3431 1184 se
3481 1128 3796 1185 immundos

2182 1233 2304 1275 esse
2325 1220 2544 1293 spiritus
2567 1261 2583 1287 ,
2611 1219 2753 1290 quod
2778 1261 2793 1286 ,
2823 1235 2888 1276 ea:
2913 1219 3114 1289 pabulis
3134 1237 3344 1286 eorum,
3368 1228 3428 1275 ut
3453 1220 3527 1275 ait
3570 1220 3796 1276 Tertul-

2186 1311 2360 1365 liauus
2385 1352 2398 1374 ,
2431 1311 2680 1383 sanguine
2699 1353 2714 1378 ,
2745 1321 2792 1365 et
2822 1311 2968 1382 fumo
2990 1352 3004 1380 ,
3033 1321 3080 1366 et
3106 1311 3298 1381 putidis
3345 1312 3484 1383 rogis
3506 1327 3750 1382 pecorum
3774 1354 3791 1379 ,

2187 1413 2232 1456 ct
2283 1402 2696 1472 impuratissimis
2733 1404 2920 1473 linguis
2962 1404 3189 1473 ipsorum
3237 1412 3412 1457 vatum
3455 1403 3667 1476 intelligi
3695 1403 3794 1459 de-

2186 1495 2292 1548 buit
2324 1493 2508 1567 (Ibid)
2539 1495 2565 1548 .9
2595 1495 2694 1550 Adi
2718 1537 2732 1562 ,
2767 1496 2809 1551 si
2838 1493 3010 1561 lubet,
3045 1496 3398 1565 Augustinum
3421 1536 3436 1561 ,
3466 1505 3522 1552 et
3551 1511 3611 1551 ca
3645 1495 3792 1566 lege,

2188 1586 2230 1640 si
2259 1593 2440 1652 vacat,
2468 1603 2588 1656 qua:
2609 1585 2702 1642 ille
2731 1601 2795 1641 es
2837 1586 3119 1658 Porphyrii
3148 1589 3215 1641 ad
3274 1588 3613 1642 Anebontcm
3641 1589 3795 1658 epis-

2191 1677 2297 1732 tola
2330 1678 2512 1732 retulit
2566 1677 2634 1732 de
2692 1679 2869 1748 impiis
2895 1688 2949 1733 et
2986 1677 3342 1734 fraudulentis
3379 1679 3682 1736 dmmonum
3730 1698 3798 1738 ac

483 1771 634 1843 faciet
663 1771 937 1826 exorcistas
963 1812 973 1832 .
999 1781 1045 1824 et
1069 1771 1154 1837 qui
1171 1770 1457 1824 laborantes
1487 1769 1776 1824 dwmonum
1797 1770 2086 1824 incursione
2115 1777 2163 1838 Β
2194 1771 2464 1826 fallacium
2497 1771 2781 1842 spirituum
2823 1772 3030 1827 artibus
3059 1773 3299 1844 (August.
3343 1772 3432 1826 lib.
3465 1771 3536 1836 Χ,
3569 1774 3633 1828 de
3651 1776 3793 1828 civit.

485 1862 715 1918 homines
742 1863 874 1932 aptis
902 1861 1138 1916 remediis
1181 1861 1389 1915 liberant
1412 1902 1428 1926 ,
1482 1859 1617 1914 unde
1671 1876 1736 1914 ea:
1771 1859 1874 1914 illis
1895 1861 2087 1915 artibus

483 1955 712 2010 maxima
737 1953 842 2008 illis
869 1953 1152 2008 substantia
1171 1957 1462 2024 conferatur
1491 1950 1628 2021 (Jul.
1656 1949 1826 2007 Firm.
1855 1950 1944 2005 lib.
1971 1949 2044 2005 Ill
2068 1991 2084 2016 ,

489 2047 780 2103 Matheseos
799 2063 916 2117 cap.
943 2048 1047 2117 9,).
1080 2046 1249 2102 Audis
1271 2060 1401 2102 sane
1427 2060 1552 2100 eum
1584 2044 1728 2114 loqui
1774 2043 1843 2099 de
1873 2044 2082 2100 Mercu-

493 2142 578 2198 rio
597 2183 614 2208 ,
635 2141 726 2212 qui
757 2141 1002 2196 homines
1029 2141 1334 2195 dmmonum
1387 2139 1694 2194 incursione
1738 2139 2042 2194 laborantes
2069 2180 2084 2205 ,

438 2220 448 2227 ’
501 2234 652 2303 aptis
675 2233 927 2289 remediis
953 2248 1144 2288 curare
1187 2232 1530 2288 credebatur.
1576 2229 1767 2286 Nonne
1808 2245 1938 2302 ergo
1967 2229 2092 2286 inde

487 2326 670 2398 colligi
700 2335 877 2397 potest
902 2325 1016 2381 haec
1042 2326 1278 2388 remedia
1337 2341 1367 2380 a
1398 2325 1730 2380 Tertulliano
1777 2324 1890 2379 suis
1921 2324 2091 2379 nomi-

488 2419 689 2485 nibus,
743 2419 835 2474 sed
889 2419 940 2473 in
971 2427 1121 2474 textu
1169 2420 1289 2489 ejus
1339 2417 1610 2487 corruptis
1635 2416 1926 2489 appellari,
1971 2432 2092 2487 qua:

491 2510 760 2568 Firmicus
784 2511 1081 2582 generatim
1132 2519 1336 2565 tantum
1391 2519 1546 2565 vocat
1586 2510 1843 2577 remedia,
1899 2509 2096 2580 quibus

489 2604 777 2661 exorcista:
821 2620 854 2660 a
900 2604 1164 2659 Mercurio
1210 2603 1375 2669 facti,
1429 2604 1734 2660 daemonum
1790 2606 2094 2661 incursione

494 2705 718 2754 vexatos
745 2698 1085 2754 liberabant?
1132 2698 1350 2754 Certum
1383 2698 1579 2769 quippe
1630 2707 1712 2754 est
1742 2699 1914 2769 ipsum
1955 2698 2094 2754 Ter-

494 2789 775 2860 tullianutn
809 2799 922 2844 toto
954 2788 1055 2845 hoc
1083 2791 1135 2844 in
1167 2790 1286 2845 loco
1315 2789 1386 2845 de
1412 2791 1474 2846 iis
1516 2804 1820 2846 sermonem
1871 2790 2050 2847 facere
2078 2833 2094 2858 ,

2190 1879 2306 1934 cap.
2334 1864 2424 1930 Η,
2456 1881 2576 1935 pag.
2603 1865 2732 1931 247,
2761 1873 2806 1917 et
2832 1863 3020 1936 seqq)
3057 1863 3129 1919 lbi
3180 1865 3378 1935 quippe
3432 1865 3619 1920 scribit
3672 1866 3797 1922 illos

2191 1956 2431 2028 gaudere
2457 1959 2734 2014 nidoribus
2761 2001 2775 2026 ,
2807 1974 2869 2013 ac
2899 1960 3132 2014 victimis
3153 2001 3166 2025 ,
3198 1959 3312 2015 sive
3337 1960 3584 2016 mactatis
3621 1946 3799 2032 peco-

2194 2052 2342 2107 ribus
2372 2051 2512 2106 allici
2539 2093 2555 2117 ,
2583 2053 2807 2122 cogique
2832 2067 2893 2105 ea
2923 2053 3119 2117 facere,
3152 2068 3271 2122 qua:
3297 2052 3488 2108 volunt
3518 2052 3795 2109 homines.

2195 2143 2312 2199 Alia
2339 2143 2502 2199 etiam
2530 2143 2725 2199 ibidem
2756 2143 3154 2199 animadvertes
3182 2185 3197 2210 ,
3231 2143 3424 2214 quibus
3456 2145 3604 2215 plura
3631 2185 3647 2212 ,
3674 2162 3799 2216 qua:

2202 2233 2468 2290 hactenus
2495 2235 2562 2291 de
2590 2235 2902 2291 corumdetn
2935 2235 3242 2291 άωιιιοηυιιι
3275 2238 3554 2309 ιη’ωειὶεἰίε
3605 2237 3797 2309 dispu-

2198 2328 2431 2381 tavimus
2456 2327 2761 2382 conﬁrmari
2788 2335 2840 2383 et
2881 2327 3130 2382 illustrari
3161 2338 3405 2399 possunt.
3427 2328 3640 2399 Adjecit
3663 2329 3797 2386 Ter-

2202 2416 2458 2479 tullianus
2485 2417 2606 2473 illos
2637 2417 2944 2473 immundos
2973 2418 3198 2488 Spiritus
3246 2418 3508 2475 declarari
3555 2420 3792 2493 impura-

2196 2508 2406 2564 tissimis
2435 2510 2625 2582 linguis
2653 2519 2824 2564 vatum
2852 2511 3078 2581 ipsorum
3107 2552 3120 2576 ,
3149 2520 3241 2564 aut
3267 2511 3356 2581 qui
3385 2512 3496 2566 aris
3514 2552 3530 2578 ,
3563 2523 3618 2567 ut
3638 2523 3794 2569 antea

2197 2600 2506 2658 dicebamus
2527 2643 2542 2669 ,
2574 2601 2880 2657 inhalabant
2899 2642 2913 2668 ,
2943 2611 2998 2657 et
3021 2601 3168 2658 fumo
3191 2616 3254 2656 ac
3284 2601 3631 2659 victimarum
3669 2622 3796 2660 san-

2199 2694 2363 2764 guine
2391 2695 2931 2761 contaminabantur,
2985 2703 3078 2748 aut
3115 2693 3205 2764 qui
3255 2691 3681 2752 Christianorum
3707 2697 3799 2752 ad.

2194 2785 2467 2856 juratione
2492 2787 2647 2843 fateri
2669 2789 3128 2858 compellebantur
3154 2786 3281 2842 illud
3303 2827 3318 2853 ,
3348 2791 3489 2861 quod
3525 2807 3793 2864 concepe-

494 2895 636 2954 quos
677 2898 707 2937 a
733 2879 981 2938 daemone
1021 2891 1170 2938 actos
1217 2871 1434 2955 quidam
1481 2883 1686 2953 magica
1739 2892 1857 2940 arte
1904 2899 2098 2940 curare
2200 2887 2357 2943 rant,
2391 2894 2588 2934 numen
2621 2896 2728 2934 non
2753 2880 2914 2936 deum
2945 2898 3066 2939 esse
3089 2926 3105 2952 ,
3139 2885 3232 2941 sed
3263 2886 3588 2942 dzemonem.
3623 2884 3794 2939 Minu-

496 2973 696 3030 frustra
725 2974 1053 3030 nitebantur.
1086 2974 1193 3030 Sed
1223 2974 1306 3030 his
1341 2975 1455 3047 ipse
1483 2975 1697 3030 daemon
1724 2991 1755 3030 a
1781 2973 2098 3032 Christianis
2199 2973 2315 3026 cius
2340 2981 2519 3028 autem
2559 2971 2708 3028 Felix
2737 2989 2864 3029 usus
2893 2984 2975 3031 est
3001 2979 3219 3035 nomine
3266 2979 3525 3050 impurato
3549 3018 3565 3045 ,
3615 2975 3701 3031 ubi
3729 2976 3797 3031 dc

501 3067 784 3146 adjuratus
806 3107 822 3132 ,
885 3066 1170 3122 confestim
1238 3067 1645 3138 expellebatur,
1699 3069 2098 3139 cogebaturquc
2200 3063 2320 3118 falsi
2347 3063 2633 3134 cujuslibet
2657 3063 2741 3120 dei
2766 3075 2939 3121 statua
2970 3084 2983 3121 :
3018 3069 3094 3122 Ab
3123 3070 3382 3142 impurato
3404 3112 3418 3135 ,
3450 3070 3659 3139 inquit,
3705 3069 3796 3123 ho-

497 3175 702 3217 nomen
746 3176 900 3216 suum
952 3161 1133 3225 edere,
1176 3171 1230 3218 et
1251 3177 1439 3216 verum
1467 3160 1890 3218 Christianorum
1928 3162 2095 3220 Deum
2125 3166 2170 3229 C
2204 3157 2338 3211 mine
2363 3155 2625 3228 lavigatur
2650 3156 2864 3230 (Minut.
2891 3157 3066 3214 Octav.
3101 3179 3221 3234 pag.
3253 3162 3429 3235 307,).
3464 3159 3533 3217 Et
3555 3159 3794 3217 Pruden-

500 3254 769 3312 conﬁteri.
803 3255 858 3312 Si
909 3257 1030 3327 quis
1081 3267 1258 3312 tamen
1309 3256 1534 3311 meliora
1563 3256 1719 3312 nobis
1745 3259 2094 3329 suggesserit,

499 3345 624 3402 huic
652 3346 811 3418 plane
832 3362 936 3401 non
965 3346 1369 3402 reluctabimur.

572 3438 754 3510 Pergit
778 3449 959 3495 autem
988 3439 1381 3506 Tertullianus,
1438 3448 1494 3495 et
1521 3449 1834 3498 constanter
1882 3457 2099 3499 asseve—

501 3518 586 3586 ι’θί
631 3530 766 3586 nihil
815 3530 916 3586 hoc
963 3530 1379 3586 christianorum
1430 3541 1815 3602 opere,atque
1863 3532 2126 3589 deducta.

503 3622 630 3678 inde
672 3625 1135 3692 argumentatione
1179 3623 1477 3694 simplicius
1531 3632 1587 3679 et
1641 3623 1869 3679 ﬁdelius.
1907 3624 1966 3679 In
2009 3625 2102 3681 illo

502 3714 703 3788 quippe
728 3716 893 3782 nihil,
918 3715 1093 3785 inquit
1118 3757 1132 3782 ,
1167 3717 1413 3788 suspicari
1441 3716 1627 3771 licebit.
1662 3716 1840 3788 Magia
1869 3728 1958 3772 aut
2002 3721 2102 3773 ali-

502 3822 604 3876 qua
628 3807 880 3879 ejusmodi
906 3807 1117 3879 fallacia
1145 3809 1258 3877 ﬁeri
1286 3807 1492 3874 dicetis,
1522 3809 1567 3863 si
1589 3809 1722 3863 oculi
1748 3810 1896 3864 vestri
1923 3819 1970 3863 et
2009 3826 2101 3864 au-

502 3915 585 3954 res
633 3900 951 3969 permiserint
994 3901 1131 3955 vobis
1160 3900 1485 3970 (Tertullian.
1538 3901 1808 3972 Apologet.
1862 3919 1978 3974 cap.
2007 3902 2100 3970 25,

505 3989 605 4043 col.
636 3989 796 4059 M0)?
817 3993 991 4062 Atque
1016 3992 1086 4045 ita
1117 3991 1381 4063 Rigaltius
1401 3992 1544 4048 hunc
1564 3993 1878 4048 Tertulliani
1903 3995 2102 4062 locum,

505 4080 652 4136 nulla
683 4093 808 4137 uota
857 4085 1000 4138 varia
1027 4085 1256 4139 lectione
1285 4126 1299 4148 ,
1333 4085 1626 4143 emendare
1675 4103 1780 4142 non
1813 4087 2100 4144 hresitavit.

507 4169 567 4227 ln
612 4174 846 4244 antiquis
901 4185 1081 4230 tamen
1132 4176 1456 4232 editionibus
1498 4177 1808 4248 legebatur,
1854 4179 2099 4235 nihil.....

505 4263 641 4332 ﬁeri.
675 4262 839 4319 Dictis
866 4282 968 4320 non
993 4267 1137 4322 statis
1158 4310 1173 4334 ,
1208 4268 1251 4322 si
1299 4269 1432 4323 oculi
1462 4285 1474 4321 :
1505 4268 1556 4323 in
1583 4268 1788 4323 duobus
1819 4284 1948 4324 vero
1977 4285 2103 4325 nos-

503 4356 582 4411 ris
617 4356 890 4413 codicibus
918 4361 1300 4416 vetustioribus
1321 4361 1545 4416 nihil....
1575 4362 1691 4432 ﬁeri
1718 4362 1904 4418 dicitis.
1949 4363 2101 4418 Tunc

505 4448 701 4505 deinde
723 4450 774 4505 in
806 4450 924 4506 aliis
947 4452 1125 4506 simul.
1163 4451 1282 4508 Non
1313 4454 1488 4508 dicetis
1509 4455 1552 4509 si
1579 4455 1744 4522 oculi,
1777 4463 1883 4512 etc.
1926 4455 2030 4512 Sed
2056 4457 2101 4512 si

2203 3251 2308 3306 tius
2334 3260 2520 3322 postea
2548 3250 2616 3306 de
2644 3250 2890 3320 Apolline
2919 3254 3113 3309 cecinit
3145 3272 3160 3307 :

2388 3344 2500 3410 lges
2525 3345 2659 3396 ﬂevit
2682 3347 2958 3410 impuratus,
2972 3348 3182 3410 occisum
3206 3349 3340 3410 pravi

2388 3407 2556 3457 Disco.
2756 3407 2767 3408 “
2816 3408 2976 3460 Prud.
3003 3407 3054 3460 in
3073 3407 3248 3476 Hymn.
3276 3413 3336 3461 S.
3358 3413 3494 3462 Rom.
3522 3423 3570 3460 γ.
3594 3407 3704 3460 205.

2797 3529 3094 3570 ARTICULUS
3138 3530 3232 3571 VII.

2207 3607 2373 3674 Quam
2395 3608 2642 3671 praclare
2675 3605 3018 3661 Tertullianus
3041 3607 3276 3677 superius
3296 3613 3654 3678 argumentum
3683 3603 3798 3658 inde

2275 3703 2540 3773 conﬁrmet
2563 3743 2578 3768 ,
2609 3700 2747 3771 quod
2795 3700 3051 3756 daemones
3076 3702 3141 3755 ab
3191 3703 3255 3756 iis
3279 3743 3294 3767 ,
3323 3716 3434 3770 qua:
3462 3699 3754 3754 obsidebant
3779 3738 3794 3764 ,

2276 3795 2541 3849 hominum
2593 3792 2892 3864 corporibus
2948 3793 3089 3848 vario
3131 3793 3281 3848 modo
3306 3794 3611 3864 ejicerentur
3639 3790 3713 3846 vel
3737 3792 3798 3844 ab

2278 3886 2537 3942 exorcistis
2561 3926 2575 3951 ,
2605 3887 2682 3940 vel
2731 3885 2846 3939 aliis
2891 3883 3215 3950 Christianis,
3263 3901 3390 3954 quos
3427 3886 3656 3938 timentes
3683 3883 3796 3937 odio

2213 3957 2249 3978 ἠ
2278 3978 2561 4044 habebant,
2588 3978 2812 4048 ipsisque
2837 3987 2982 4031 erant
3011 3977 3222 4047 subjecti
3251 3993 3270 4032 :
3295 3994 3394 4048 quo
3423 3993 3573 4031 sensu
3617 3976 3795 4046 despe-

2276 4080 2390 4124 rata
2417 4069 2602 4124 dicitur
2645 4069 2853 4124 illorum
2878 4070 3145 4136 conditio;
3200 4087 3261 4124 ac
3290 4070 3354 4124 de
3402 4084 3564 4138 parum
3610 4083 3752 4122 mora
3777 4107 3793 4132 ,

2277 4180 2377 4233 qua
2403 4161 2641 4216 solatium
2672 4163 2902 4234 fruendae
2929 4163 3259 4234 malignitatis
3304 4161 3490 4216 habere
3533 4163 3789 4232 feruntur.

2276 4260 2533 4317 Ethnicos
2561 4260 2824 4315 acerrime
2852 4259 3030 4314 adhuc
3056 4268 3210 4330 urget
3234 4259 3602 4314 Tertulliauus
3624 4299 3639 4323 ,
3697 4272 3792 4329 pa-

2207 4355 2421 4425 lamque
2451 4352 2699 4408 omnibus
2729 4351 2854 4407 facit
2877 4361 3074 4423 quanta
3101 4352 3259 4406 fuerit
3287 4351 3706 4406 Christianorum
3727 4348 3792 4404 ad

2205 4445 2466 4517 fugandos
2491 4443 2797 4509 daemones,
2827 4457 3026 4513 eosque
3054 4459 3116 4498 es
3145 4443 3490 4498 obsessorum
3519 4441 3790 4496 hominum

504 4555 626 4610 quae
652 4542 725 4597 sit
753 4542 805 4597 in
837 4543 1188 4600 discernenda
1234 4546 1463 4617 genuina
1497 4547 1727 4604 lectione
1765 4548 2053 4604 difﬁcultas
2082 4590 2096 4614 ,
2127 4561 2178 4621 D
2205 4538 2520 4611 corporibus
2549 4537 2826 4608 pellendos
2856 4545 3096 4606 potestas
3120 4577 3134 4600 ,
3167 4545 3542 4607 quantumque
3595 4535 3646 4588 iu
3678 4535 3798 4589 illos

506 4642 718 4689 constat
745 4645 922 4691 tamen
951 4647 1193 4706 apertum
1243 4653 1364 4695 esse
1405 4641 1638 4696 auctoris
1670 4642 1836 4697 nostri
1859 4658 2098 4697 sensum.

503 4726 646 4782 Dicit
693 4730 892 4783 etenim
924 4732 1172 4786 ethnicos
1219 4725 1321 4786 non
1356 4747 1512 4802 posse
1551 4744 1643 4788 aut
1677 4736 1937 4805 suSpicari
1963 4777 1980 4803 ,
2011 4745 2105 4789 aut

504 4820 740 4892 objiccre
772 4823 822 4877 in
854 4824 944 4878 illo
970 4822 1398 4880 Christianorum
1430 4841 1596 4895 opere
1623 4826 1824 4897 aliquid
1868 4829 2050 4882 inesse
2085 4867 2102 4893 .

505 4925 599 4970 aut
621 4918 886 4988 magicmn
912 4960 926 4984 ,
959 4929 1050 4974 aut
1076 4917 1232 4974 fallax
1254 4961 1268 4985 ,
1301 4920 1460 4975 modo
1489 4919 1649 4975 iidem
1691 4919 1892 4977 ethnici
1945 4920 2102 4976 indo~

504 5008 636 5063 mita
667 5010 1025 5066 obstinatione
1054 5026 1154 5067 nec
1199 5011 1326 5066 creci
1372 5011 1516 5077 sint,
1569 5025 1667 5066 nec
1696 5011 1864 5066 surdi.
1907 5011 2103 5068 Videre

504 5102 769 5174 siquidem
798 5103 952 5159 facile
998 5113 1246 5174 poterant
1270 5119 1430 5176 quam
1477 5104 1706 5175 simplici
1733 5103 1893 5160 modo
1916 5103 2100 5160 Chris-

506 5193 639 5249 tiani
667 5204 925 5265 agerent,
954 5206 1116 5265 atque
1139 5197 1300 5250 etiam
1331 5195 1605 5251 da-moues
1633 5195 1823 5250 audire
1846 5195 2104 5252 conﬁten-

509 5298 591 5344 tes
616 5303 674 5344 se
697 5287 831 5344 deos
858 5303 1044 5344 revera
1077 5305 1180 5344 non
1207 5303 1328 5345 esse
1352 5331 1367 5356 ,
1401 5287 1494 5344 sed
1526 5286 1829 5343 immundos
1856 5285 2099 5358 Spiritus,

507 5381 570 5435 ob
597 5381 847 5435 malitiam
877 5380 1252 5450 prwdamnalos
1280 5383 1330 5434 in
1347 5381 1536 5452 judicii
1565 5380 1700 5434 diem
1725 5395 1841 5434 cum
1869 5380 2102 5434 omnibus

504 5472 782 5528 cultoribus
811 5483 856 5528 et
883 5473 1228 5543 aperatoribus
1253 5473 1358 5528 suis
1385 5471 1601 5544 (Ibid.).
1633 5471 1774 5542 Quin
1799 5471 1958 5527 etiam
2001 5469 2102 5540 ipsi

506 5569 783 5626 daemones
810 5584 914 5624 non
943 5575 1191 5639 poterant
1215 5607 1230 5632 ,
1259 5566 1600 5624 audientibus
1635 5566 1883 5637 ipsismet
1924 5561 2102 5622 ethni-

503 5662 605 5730 cis,
623 5677 731 5718 sua:
748 5661 928 5718 saltem
948 5660 1239 5733 ignominia:
1270 5668 1319 5714 et
1356 5659 1698 5716 damnationis
1748 5669 1921 5715 notam
1961 5656 2104 5720 refu-

506 5763 616 5811 tare
638 5796 654 5827 ,
681 5769 777 5814 seu
807 5765 986 5828 tegere
1007 5796 1022 5826 ,
1045 5755 1251 5813 diluere
1274 5795 1290 5826 ,
1314 5753 1564 5812 inﬁciari.
1594 5753 1959 5822 Quamobrem
1982 5752 2104 5812 illos

2204 4632 2534 4702 imperium:
2577 4628 2714 4684 Nam
2754 4629 2817 4682 de
2865 4637 3131 4692 contactu,
3177 4627 3380 4697 inquit,
3429 4625 3587 4695 deque
3627 4625 3797 4695 afﬂatu

2208 4735 2405 4792 nostra,
2446 4719 2869 4792 contemplatione
2925 4730 2972 4774 et
3010 4719 3465 4795 ‘reprwsentatione
3491 4718 3623 4788 ignis
3659 4717 3798 4772 illius

2207 4817 2453 4888 correpti,
2489 4816 2640 4869 etiam
2664 4815 2726 4868 de
2753 4812 3050 4885 corporibus
3078 4820 3249 4866 nostra
3301 4810 3514 4880 imperio
3553 4811 3796 4863 excedunt

2207 4910 2350 4964 inviti
2374 4950 2389 4976 ,
2423 4916 2469 4962 et
2498 4907 2724 4961 dolentes
2745 4947 2761 4967 .
2803 4915 2850 4959 et
2885 4903 3023 4959 vobis
3075 4903 3407 4974 prwsentibus
3456 4900 3797 4956 erubescentes

2205 5001 2532 5073 (Tertullian.
2583 4999 2850 5070 Apologet.
2902 5013 3019 5064 cap.
3071 4996 3176 5064 23,
3231 4995 3329 5050 col.
3382 4994 3533 5064 MO).
3587 4991 3794 5048 Ethnici

2207 5096 2368 5167 igitur
2419 5094 2559 5149 nulla
2615 5093 2852 5164 profecto
2904 5092 3152 5156 ratione,
3205 5105 3306 5144 nec
3357 5089 3458 5144 nisi
3517 5087 3794 5143 obﬁrmata

2208 5204 2435 5262 prorsus
2455 5229 2470 5257 ,
2513 5202 2612 5244 nec
2657 5201 2889 5255 unquam
2919 5184 3179 5240 vincenda
3210 5183 3576 5240 obstinatione
3601 5195 3796 5252 negare

2205 5293 2453 5356 poterant
2475 5291 2528 5339 et
2544 5281 2848 5336 (Lemonum
2869 5278 3311 5342 imbellicitatem,
3333 5287 3386 5332 et
3409 5276 3598 5331 miram
3616 5273 3795 5331 Chris-

2205 5379 2470 5434 tianorum
2488 5371 2554 5431 in
2575 5389 2670 5430 eos
2693 5371 2984 5445 potentiam
3007 5413 3022 5439 ,
3051 5386 3155 5442 qua
3181 5369 3458 5440 religionis
3487 5383 3602 5423 sum
3635 5366 3794 5421 veri-

2207 5480 2370 5528 tatem
2397 5468 2694 5524 meridiano
2717 5465 2843 5523 Sole
2867 5465 3066 5520 clarius
3093 5462 3555 5520 demonstrabant.

2276 5562 2348 5619 At
2375 5558 2582 5632 rogabit
2603 5541 2825 5614 forsitan
2851 5555 3045 5628 aliquis
3092 5565 3272 5611 utrum
3304 5553 3376 5610 ibi
3431 5551 3796 5609 Tertullianus

2205 5656 2275 5713 de
2314 5654 2512 5712 nostris
2560 5661 2767 5708 tantum
2799 5649 3080 5713 exorcistis
3106 5647 3381 5719 loquatur.
3410 5643 3543 5700 Nam
3576 5641 3796 5715 Cypria-

2208 5765 2310 5812 nus
2335 5747 2424 5809 ubi
2445 5747 2515 5806 de
2537 5745 2623 5805 bis
2640 5786 2656 5819 ,
2682 5761 2806 5823 quae
2833 5753 3076 5819 tempore
3126 5756 3226 5802 suo
3250 5739 3366 5798 ﬁcri
3409 5737 3700 5809 Solebant,
3729 5733 3796 5794 ad

3744 5902 3786 5924 cl
