4092 6352
241 323 351 382 889

1379 316 1830 380 DISSEBTATIO
1865 315 1932 377 D.
1968 317 2060 376 LE
2096 317 2401 378 NOURRY.

3437 321 3542 384 890

249 437 497 512 Magnum
529 435 754 507 scribit,
779 435 851 494 ibi
881 435 1156 494 daemones
1178 437 1248 495 ab
1268 435 1566 493 Exorcistis
1601 435 1844 492 nomina-
1868 434 1922 496 Α
1948 433 2076 490 tiani
2105 419 2416 506 reipubtiem
2439 433 2657 494 inutiles
2679 439 2835 504 sunt,
2867 435 3050 508 quanti
3079 449 3212 508 ergo
3239 437 3542 509 :estimatis,

249 532 347 588 tim
379 531 593 602 fugatos
619 530 700 587 sic
727 532 910 602 utique
931 531 1246 587 testiﬁcatur
1275 548 1291 588 :
1322 529 1469 597 Quod
1498 529 1648 585 hodie
1683 530 1838 584 etiam
1939 540 2116 597 quove
2145 527 2196 582 in
2224 528 2396 598 pretio
2421 542 2516 583 eos
2544 527 2787 597 habetis,
2818 529 2908 598 qui
2939 537 3018 585 tot
3043 528 3310 586 daemonia
3339 572 3354 598 ,
3401 541 3542 621 tam:

249 625 447 698 geritur
472 633 525 679 ut
547 641 636 698 per
655 612 931 680 exorcistas
956 641 1074 679 uoce
1099 625 1322 679 humana
1342 665 1356 690 ,
1387 633 1434 679 et
1479 631 1721 695 potestate
1760 622 1840 676 di-
1940 633 2048 692 que
2085 635 2229 691 saepe
2251 636 2316 676 ex
2348 620 2506 676 vobis
2535 619 2853 691 depellunt?

250 722 369 775 uina
398 719 689 791 ﬂagellatur
711 760 727 786 ,
760 728 807 773 et
837 728 1014 773 uratur
1035 761 1052 787 ,
1081 728 1128 773 et
1149 727 1437 790 torqueatur
1462 716 1695 772 diabolus
1718 715 1840 789 (Cy.

251 813 421 884 primi.
471 809 641 881 Epist.
691 810 759 868 69
799 803 880 865 ad
924 809 1193 882 Magnum.
1249 828 1369 882 pag.
1425 811 1597 884 187,).
1650 810 1841 868 Nonne

252 905 688 978 etiam,‘inquiet
717 905 886 968 alius.
935 905 1004 960 de
1053 904 1238 971 iisdem
1285 905 1580 963 Exorcistis
1617 907 1844 978 ipsemet

249 995 616 1053 Tertullianns
641 997 747 1053 alio
785 997 839 1053 in
869 997 1006 1053 libro
1033 1000 1148 1054 huic
1186 997 1314 1055 fecit
1352 999 1680 1071 totidemque
1717 1016 1842 1056 vero

250 1089 318 1145 ha
351 1106 364 1144 :
403 1088 708 1160 Exemplum
751 1091 973 1157 accidit,
1023 1090 1230 1146 domino
1271 1100 1392 1147 teste
1418 1093 1528 1160 ejus
1577 1093 1840 1160 mulieris,

252 1196 367 1251 qua:
385 1180 641 1236 theatrum
668 1182 822 1245 adiit,
850 1191 898 1238 et
929 1183 1048 1238 inde
1067 1199 1183 1237 cum
1225 1183 1476 1239 dwmonio
1529 1184 1697 1239 rediit.
1727 1183 1841 1239 Ita-

249 1288 344 1343 que
371 1273 424 1325 in
471 1275 753 1328 exorcismo
791 1289 906 1327 cum
954 1285 1247 1329 oneraretur
1292 1276 1503 1347 spiritus
1551 1269 1848 1333 immundus

249 1367 387 1438 quod
415 1384 570 1423 ausus
594 1380 719 1424 esset
740 1368 940 1438 ﬁdelem
969 1370 1178 1441 aggredi
1203 1386 1215 1423 :
1244 1369 1546 1426 Constanter
1564 1413 1578 1438 ,
1603 1381 1648 1425 et
1664 1373 1846 1442 justis-

249 1461 408 1525 sime,
437 1461 632 1532 inquit,
662 1462 789 1533 feci,
819 1463 872 1516 in
910 1478 1020 1517 meo
1045 1479 1158 1516 eam
1180 1465 1346 1519 inveni
1366 1463 1603 1537 (Tertull.
1654 1466 1743 1521 lib.
1784 1467 1848 1523 de

235 1550 496 1621 .Spectac.
515 1551 780 1624 capiti)?
804 1552 993 1608 Nonne
1021 1554 1182 1609 etiam
1210 1569 1396 1610 rursus
1423 1556 1550 1611 alibi
1582 1575 1596 1611 :
1630 1555 1740 1623 Quo
1761 1573 1848 1613 ore

259 1641 583 1700 Christianus
621 1647 881 1701 thurarius
902 1687 916 1711 ,
950 1646 1000 1701 id
1031 1654 1148 1714 est,
1176 1647 1264 1717 qui
1298 1646 1421 1702 thus
1452 1648 1608 1703 idolis
1659 1650 1845 1704 inccn-

253 1736 370 1804 dit,
397 1738 442 1792 si
484 1753 574 1809 per
612 1738 800 1810 templa
842 1739 1093 1802 transibit.
1138 1743 1395 1812 fumantes
1433 1759 1551 1795 aras
1607 1743 1841 1812 despuet,

2018 715 2213 772 Verum
2241 715 2369 788 quid
2395 717 2861 787 argumentatione
2887 731 3024 789 opus
3049 719 3179 776 est?
3210 717 3399 775 Nonne
3428 720 3544 792 ipse

1943 809 2314 867 disertissimis
2355 811 2533 868 verbis
2559 813 2726 869 edixit
2756 814 2782 867 .9
2809 812 2997 870 Jussus
3040 833 3071 869 a
3115 816 3333 888 quolibet
3362 815 3542 872 Chris-

1944 902 2081 957 tiano
2107 903 2245 972 loqui
2263 903 2473 976 spiritus
2497 903 2623 969 ille,
2649 915 2752 959 tam
2800 923 2854 961 se
2894 907 3176 962 daemonem
3221 909 3542 978 conﬁtebitur

1944 995 2007 1048 de
2046 1011 2190 1062 vero,
2221 1013 2373 1066 quam
2415 996 2537 1052 alibi
2574 998 2726 1052 deant
2773 999 2836 1052 de
2872 999 3006 1068 falso
3035 1001 3054 1068 (
3081 998 3218 1055 Ibid.
3251 1018 3367 1073 cap.
3420 1002 3538 1074 25).

1944 1086 2135 1145 Nonne
2185 1091 2346 1145 etiam
2396 1091 2462 1146 ad
2519 1093 2772 1148 eumdem
2826 1093 3115 1165 Scapulam
3165 1096 3358 1152 iterum
3398 1097 3538 1152 scri-

1946 1181 2089 1251 psit?
2153 1180 2421 1238 Dtemones
2484 1201 2586 1239 non
2647 1195 2845 1240 tantum
2903 1188 3222 1258 respuimus,
3279 1206 3449 1244 verum
3494 1198 3542 1244 et

1947 1276 2281 1343 revincimus,
2307 1286 2352 1332 et
2390 1279 2615 1348 quotidie
2663 1282 3016 1348 traducimus,
3073 1292 3120 1338 et
3146 1283 3209 1336 de
3254 1284 3543 1341 hominibus

1947 1369 2280 1436 expellimus,
2313 1371 2442 1424 sicut
2474 1370 2708 1442 plurimis
2750 1383 2928 1428 notum
2981 1385 3056 1429 est
3085 1373 3278 1446 (Idem,
3338 1377 3428 1430 lib.
3462 1362 3543 1432 ad

1949 1461 2162 1532 Sca‘pul.
2194 1479 2309 1532 cap.
2341 1463 2395 1530 '5,
2425 1463 2460 1519 4
2485 1465 2526 1534 ).
2551 1467 2620 1520 At
2651 1466 2769 1534 quis
2821 1482 2928 1521 non
2960 1467 3143 1522 videat
3187 1467 3302 1523 haec
3345 1485 3450 1524 non
3479 1471 3546 1525 de

1949 1553 2233 1608 exoreistis
2275 1563 2498 1621 tantum,
2530 1555 2624 1612 sed
2650 1556 2722 1612 de
2747 1558 2996 1614 omnibus
3023 1558 3165 1614 dicta
3198 1559 3363 1615 fuisse
3391 1561 3547 1617 Chri-

1949 1644 2179 1700 Stianis?
2209 1645 2437 1701 Maxima
2487 1662 2618 1718 ergo
2647 1659 2766 1705 erat
2807 1665 2913 1705 non
2943 1650 3104 1706 modo
3132 1652 3544 1721 exorcistaruni,

1949 1735 2044 1792 sed
2091 1738 2328 1791 omnium
2371 1737 2802 1796 Christianorum
2857 1741 2907 1795 in
2957 1741 3232 1798 da-moncs
3283 1754 3545 1814 potcsms,

252 1840 300 1887 et
327 1832 653 1903 exsufflabit,
709 1834 891 1904 quibus
917 1835 1024 1903 ipse
1061 1835 1362 1905 prospexit?
1411 1836 1528 1902 Qua
1562 1838 1846 1892 constantia

1956 1843 2052 1898 qua
2081 1828 2200 1884 illos
2229 1844 2296 1884 ex
2348 1828 2689 1887 ethnicorum
2740 1833 3063 1904 corporibus
3114 1835 3413 1906 saepissime
3444 1837 3546 1907 cji-

253 1923 558 1980 exorcisabit
583 1915 818 1980 alumnos
843 1942 968 1981 suos
987 1967 1003 1994 ,
1034 1926 1137 1982 hoc
1166 1938 1247 1983 est
1269 1968 1284 1993 ,
1317 1927 1592 1983 dmmones
1617 1971 1633 1995 ,
1665 1929 1846 1998 quibus

253 2017 464 2072 domum
490 2034 636 2072 suam
662 2018 921 2074 cellarium
950 2030 1157 2088 prwstat
1177 2021 1202 2073 ?
1231 2019 1333 2074 Ille
1356 2022 1559 2089 quidem
1585 2023 1630 2077 si
1675 2023 1847 2076 exclu-

253 2111 374 2166 serit
401 2111 708 2166 dazmonium
734 2153 749 2177 ,
772 2129 874 2166 non
901 2111 998 2167 sibi
1018 2113 1216 2183 placeat
1238 2115 1302 2167 de
1321 2113 1443 2182 ﬁde.
1499 2112 1680 2182 Neque
1714 2116 1848 2169 enim

257 2188 520 2258 inimicum
545 2205 782 2260 exclusit.
809 2203 994 2259 Facile
1021 2205 1190 2259 debuit
1218 2206 1282 2260 de
1300 2223 1358 2261 eo
1385 2207 1680 2278 impetrare,
1701 2223 1849 2277 quem

258 2297 483 2368 quotidie
509 2298 669 2367 pascit
707 2297 900 2370 (Idem,
929 2298 1017 2352 lib.
1049 2299 1112 2352 de
1149 2297 1344 2357 Idolol.
1375 2316 1489 2370 cap.
1516 2297 1596 2371 2).
1639 2311 1648 2321 ‘

331 2389 681 2459 Respondere
707 2390 922 2456 quidem
949 2389 1140 2461 aliquis
1187 2399 1370 2460 posset
1399 2392 1451 2447 in
1484 2403 1714 2464 utroque
1761 2393 1850 2449 illo

267 2482 588 2539 Tertulliani
618 2486 740 2541 loco
764 2499 869 2540 non
897 2484 1205 2540 Exorcistas
1231 2486 1518 2552 nominari,
1555 2486 1652 2542 sed
1695 2501 1852 2543 exor—

258 2575 460 2632 cismos
484 2617 501 2643 ,
545 2577 661 2633 sive
710 2577 1110 2649 adjurationes,
1144 2595 1264 2650 quae
1315 2581 1384 2636 ab
1437 2580 1686 2637 omnibus
1725 2596 1852 2652 pro-

269 2669 356 2724 cul
429 2668 595 2725 dubio
661 2670 978 2728 Christianis
1031 2671 1276 2728 adhiberi
1330 2683 1596 2744 poterant.
1657 2675 1852 2732 Verum

268 2775 433 2818 nemo
483 2776 682 2833 negare
713 2771 888 2833 potest
936 2763 1005 2819 ab
1059 2764 1350 2820 Exoreistis
1399 2765 1684 2836 imprimis,
1717 2764 1856 2824 sicut

266 2852 342 2910 ait
390 2853 730 2927 Cyprianus,
781 2858 1035 2928 expulsos
1085 2873 1151 2914 ex
1212 2859 1487 2916 hominum
1539 2863 1855 2931 corporibus

270 2945 578 3014 dannonas,
623 2958 784 3019 atque
831 2949 883 3004 id
927 2951 1061 3006 satis
1089 2952 1309 3006 Auctori
1360 2961 1547 3008 nostro
1599 2951 1766 3009 fuisse
1786 2953 1854 3009 ad

260 3037 591 3107 probandam
619 3039 1047 3097 Christianorum
1066 3042 1118 3098 in
1140 3042 1356 3100 eosdem
1382 3043 1656 3100 daemonas
1677 3055 1856 3116 potes-

259 3139 442 3187 tatem.

1949 1923 2185 1979 ciebant.

2020 2018 2073 2072 Si
2104 2017 2224 2088 quis
2249 2029 2426 2074 autem
2460 2019 2693 2092 inquirat
2720 2020 2861 2076 unde
2883 2063 2896 2085 ,
2923 2031 3014 2076 aut
3043 2037 3151 2092 quo
3177 2021 3396 2077 nomine
3425 2037 3547 2078 eam

1951 2110 2249 2180 haberent,
2296 2113 2420 2170 huic
2455 2113 2805 2184 respondebit
2854 2114 3223 2171 Tertullianns
3277 2133 3291 2170 :
3367 2113 3550 2170 Omnis

1950 2216 2124 2262 nostra
2144 2248 2158 2272 ,
2195 2209 2296 2263 hoc
2324 2216 2426 2273 est,
2453 2207 2961 2276 Christianorttmjn
2991 2210 3108 2264 illos
3129 2209 3404 2264 daemones
3459 2209 3550 2263 do-

1952 2299 2165 2353 ntinatio
2190 2341 2205 2368 ,
2237 2309 2283 2355 et
2311 2310 2533 2372 potestas
2560 2303 2622 2356 de
2648 2303 2994 2357 nominatione
3022 2300 3242 2370 Christi,
3275 2303 3392 2358 sive
3426 2319 3550 2373 pro-

1954 2390 2061 2446 lato
2085 2432 2099 2458 ,
2129 2391 2346 2462 quando
2370 2392 2643 2448 daemones
2671 2393 2994 2463 adjurabant
3013 2437 3028 2462 ,
3071 2395 3273 2450 Christi
3331 2397 3550 2452 nomine

1951 2481 2116 2550 ualet,
2143 2493 2190 2537 et
2237 2484 2301 2538 de
2325 2486 2802 2542 commemoratione
2850 2502 3025 2540 eorum
3048 2529 3063 2555 ,
3094 2503 3207 2555 qua:
3251 2487 3347 2541 sibi
3373 2504 3405 2541 α
3436 2485 3551 2542 Deo

1953 2592 2044 2646 per
2081 2577 2327 2644 arbitrum
2374 2576 2632 2633 Christum
2683 2579 3000 2632 imminentia
3055 2589 3323 2649 expectant
3352 2577 3548 2651 (Idem,

1956 2667 2230 2739 Apologet.
2261 2667 2380 2739 cap.‘
2410 2669 2503 2736 9.5,
2536 2687 2654 2740 pag.
2688 2670 2841 2741 MO).
2875 2670 3125 2726 Nonnulli
3155 2687 3282 2725 vero
3307 2711 3323 2738 ,
3356 2670 3553 2729 nullius

1957 2772 2136 2820 tamen
2163 2765 2514 2836 inanuscripti
2541 2766 2746 2822 codicis
2783 2767 3104 2822 auctoritate
3151 2765 3313 2832 fulti,
3363 2766 3550 2838 legen-

1955 2857 2082 2914 dum
2113 2870 2339 2916 cenSent
2365 2862 2793 2926 comminatione,
2843 2860 2983 2915 haud
3010 2859 3172 2916 dubie
3199 2861 3322 2931 quia
3351 2859 3556 2917 damno.

1956 2966 2054 3007 nes
2078 2968 2173 3023 per
2201 2951 2368 3008 Deum
2397 2955 2579 3009 vivum
2608 2994 2623 3019 ,
2671 2953 2762 3025 qni
2816 2951 3154 3023 judicaturus
3207 2961 3291 3007 est
3319 2953 3470 3007 vivos
3501 2959 3556 3006 ct

1957 3054 2220 3113 mortuos,
2238 3045 2640 3115 adjurabantur.
2665 3048 2736 3101 At
2755 3047 2886 3101 satis
2913 3045 3140 3101 l'ortasse
3169 3061 3276 3100 non
3305 3045 3554 3100 animad-

1958 3147 2235 3195 verterunt
2276 3139 2328 3194 in
2358 3148 2506 3195 textu
2530 3137 2843 3194 Tertulliani
2873 3137 3030 3210 paulo
3053 3147 3174 3209 post
3209 3138 3464 3207 scriptum
3494 3137 3557 3192 de

335 3224 441 3281 Sed
467 3225 690 3283 ulterius
713 3227 805 3284 ille
829 3227 1171 3300 progreditur
1189 3268 1206 3294 .
1233 3237 1289 3286 et
1317 3228 1371 3285 in
1396 3229 1562 3285 citato
1585 3230 1856 3303 Apologe-
1879 3223 1926 3288 C
1959 3233 2402 3303 repnesematione
2418 3273 2433 3297 ,
2457 3231 2597 3303 quod
2627 3231 2766 3289 idem
2796 3241 2878 3288 est
2898 3273 2914 3299 ,
2946 3247 3010 3286 ac
3034 3231 3510 3286 commemoratimie
3535 3268 3553 3295 ,

270 3318 361 3374 tici
394 3319 514 3374 loco
541 3319 608 3374 de
630 3320 878 3376 omnibus
933 3322 1174 3392 loquitur
1210 3325 1508 3394 generatim
1539 3320 1856 3380 Christianis

264 3411 538 3469 (Immunes
562 3414 923 3484 ejicicntibus.
949 3415 1080 3472 Nam
1123 3416 1215 3474 ille
1241 3417 1379 3472 haud
1422 3417 1733 3473 dubitanter
1771 3415 1855 3472 ai-

261 3501 439 3558 lirmat
468 3513 667 3560 tantam
717 3505 880 3562 fuisse
920 3507 1314 3563 multitudinem
1357 3509 1672 3579 gentilium,
1721 3524 1858 3580 quos

267 3593 612 3651 Christiania
638 3596 944 3652 durrnontnn
992 3598 1389 3656 incursionibus
1434 3601 1764 3670 liberabant,
1800 3608 1858 3655 ut

270 3687 326 3744 hi
345 3729 361 3754 ,
394 3689 605 3745 sublato
637 3690 898 3746 benelicio
923 3691 1014 3746 illo
1035 3733 1049 3756 ,
1075 3706 1197 3748 sese
1225 3693 1357 3748 satis
1383 3709 1652 3764 superque
1672 3693 1740 3749 ab
1766 3694 1860 3750 im-

261 3780 410 3837 mani
438 3781 751 3837 eorumdem
779 3782 1057 3853 gentilium
1106 3783 1424 3840 crudelitate
1468 3785 1854 3843 vindicassent.

266 3870 352 3928 Eu
382 3873 494 3944 ipsa
515 3874 632 3945 ejus
661 3876 824 3931 verba
849 3891 868 3930 :
898 3875 1024 3942 Quis
1052 3893 1138 3932 ros
1166 3877 1230 3932 ab
1251 3878 1356 3934 illis
1387 3879 1634 3949 occultis,
1678 3891 1728 3935 et
1770 3895 1858 3934 us-

264 3986 557 4044 quequaque
604 3974 918 4029 uastantibus
966 3986 1155 4031 utentes
1197 3986 1247 4032 et
1303 3979 1618 4034 valetudines
1667 3989 1858 4036 vestras

263 4063 492 4120 hostibus
517 4076 754 4134 raperet,
779 4084 810 4120 a
839 4066 1208 4123 daemoniorum
1231 4069 1516 4126 incursibus
1545 4071 1660 4125 dico
1684 4113 1700 4138 ,
1743 4087 1859 4142 qua:

265 4155 330 4208 de
350 4156 486 4212 vobis
520 4158 630 4212 sine
652 4160 891 4228 prwmio,
925 4161 1035 4214 sine
1064 4161 1292 4216 mercede
1319 4163 1663 4234 depellimus?
1691 4163 1860 4232 Sit/7e-

261 4247 408 4301 cisset
429 4248 524 4302 hoc
543 4247 709 4302 solum
736 4261 922 4305 nostra:
943 4251 1128 4306 ultioni
1152 4295 1167 4318 ,
1197 4257 1336 4324 quod
1356 4269 1514 4309 uacua
1539 4255 1723 4310 exinde
1747 4273 1860 4327 pos-

259 4338 417 4393 sessio
440 4339 714 4393 immundis
740 4342 1000 4409 spiritibus
1019 4354 1209 4413 pateret
1229 4345 1560 4416 (Tertullum.
1588 4347 1854 4418 Apologet.

264 4448 381 4498 cap.
431 4431 520 4497 57,
549 4435 648 4488 col.
680 4436 830 4511 460).
864 4437 944 4491 Ad
996 4438 1279 4508 Scapulam
1307 4449 1564 4510 praeterea
1596 4441 1738 4495 lnmc
1768 4441 1858 4496 ille

261 4525 479 4596 scripsit
506 4526 558 4580 in
584 4527 800 4581 modum
833 4545 845 4580 :
876 4528 941 4581 Et
971 4531 1149 4599 quanti
1175 4533 1371 4584 honesti
1396 4534 1489 4586 viri
1517 4533 1604 4597 (de
1628 4534 1854 4604 vulgari-

1957 3326 2092 3397 ignis
2135 3325 2277 3396 illius
2303 3325 2482 3381 wterni
2527 3341 2635 3396 quo
2680 3323 2938 3396 puniendi
2985 3334 3108 3380 sunt
3139 3323 3430 3378 durmmies.
3468 3322 3558 3376 Vi-

1957 3416 2105 3472 desis
2149 3416 2440 3472 Eusebium
2481 3416 2598 3472 haec
2643 3416 2695 3471 in
2749 3431 2846 3471 sua
2895 3415 2963 3471 de
3011 3415 3349 3470 Constantini
3380 3414 3557 3485 Magni

1959 3507 2205 3562 laudibus
2225 3508 2470 3563 oratione
2499 3518 2837 3564 cnarrantem
2861 3549 2878 3572 ,
2924 3507 3168 3577 aliosque
3190 3523 3218 3562 a
3242 3507 3398 3563 nobis
3428 3507 3554 3564 alibi

1959 3600 2148 3654 citatos
2166 3599 2382 3667 (Euseb.
2411 3610 2542 3655 orat.
2565 3602 2628 3656 de
2649 3601 2910 3656 Constant.
2938 3599 3117 3673 Magn.
3143 3601 3289 3656 laud.
3317 3618 3434 3673 cap.
3468 3602 3554 3670 16,

1960 3708 2080 3762 pag.
2113 3691 2241 3755 638,
2273 3703 2318 3746 et
2346 3709 2481 3763 seqq.
2520 3691 2645 3746 Lac.
2675 3693 2802 3764 infr.
2828 3694 2966 3763 ciu).

2035 3781 2198 3837 llecte
2223 3798 2353 3852 ergo
2385 3782 2508 3837 inde
2537 3782 2811 3838 concludit
2837 3780 3202 3838 Tertullianns
3233 3800 3246 3838 :
3276 3783 3558 3840 Dmmoncs

1960 3874 2215 3930 Christum
2241 3877 2467 3932 timentes
2491 3879 2540 3930 in
2560 3875 2691 3944 Deo,
2715 3888 2760 3932 et
2779 3877 2941 3933 Deum
2964 3879 3014 3932 in
3035 3877 3257 3946 Christo,
3280 3879 3564 3950 subjiciun-

1961 3977 2043 4021 tur
2059 3970 2214 4023 seruis
2248 3968 2342 4024 Dei
2369 3980 2415 4026 et
2438 3970 2627 4024 Christi
2651 3969 2984 4042 (Tertullian.
3016 3972 3286 4044 Apologet.
3318 3989 3436 4044 cap.
3465 3971 3558 4038 9.3,

1962 4080 2082 4134 pag.
2111 4063 2260 4134 ΗΟ).
2307 4063 2411 4119 Sed
2455 4065 2724 4134 quomodo
2751 4080 2846 4120 eos
2877 4065 3263 4126 timebanlfhut
3307 4081 3558 4136 nequam,

1961 4159 2161 4231 inquit,
2209 4160 2340 4213 servi
2389 4170 2523 4214 metu
2551 4158 2714 4231 (Ibid.
2749 4176 2866 4229 cap.
2894 4159 2988 4227 27,
3021 4177 3142 4230 pag.
3167 4159 3300 4229 4⁸52)
3325 4174 3340 4224 ;
3369 4173 3558 4230 quent-

1959 4241 2248 4311 admodum
2307 4255 2359 4310 in
2416 4254 2795 4326 rmtnuscriptis
2846 4255 3042 4308 nostris
3073 4244 3364 4308 'codicihus
3427 4250 3560 4322 legi-

1961 4363 2100 4402 mus.
2135 4347 2334 4402 Servili
2365 4345 2528 4418 igitur
2557 4347 2751 4402 timore
2775 4345 3047 4401 Christum
3076 4345 3299 4416 ejusque
3325 4344 3561 4414 discipu-

1963 4440 2042 4494 los
2071 4439 2380 4495 melttchant
2411 4457 2425 4493 :
2454 4438 2520 4492 Et
2549 4439 2724 4492 odium
2747 4478 2761 4504 ,
2789 4439 2959 4509 pergit
3011 4437 3099 4490 ille
3121 4477 3134 4500 ,
3165 4437 3316 4490 timor
3360 4437 3556 4502 spirat,

1961 4533 2079 4595 sive,
2117 4541 2174 4585 ttt
2198 4531 2273 4586 ait
2299 4531 2547 4584 Minatius
2578 4548 2590 4584 :
2618 4531 2790 4584 odium
2842 4529 3002 4584 nostri
3047 4539 3220 4584 serunt
3251 4527 3446 4581 occulte
3472 4541 3562 4595 per

261 4619 356 4674 bus
377 4621 511 4674 enim
539 4636 641 4673 non
672 4619 1010 4691 dicimus)aut
1034 4639 1066 4675 a
1090 4623 1357 4678 dwmoniis
1375 4635 1462 4678 aut
1486 4625 1860 4682 valetudinibus
1884 4615 1937 4676 D
1965 4625 2197 4676 timorem
2241 4620 2456 4694 (.‘llinut.
2505 4621 2682 4676 Octau.
2713 4639 2832 4692 pag.
2873 4621 3026 4691 253).
3057 4619 3337 4674 Daemones
3384 4616 3561 4684 itaque

261 4711 528 4766 remediati
565 4723 682 4766 sunt
721 4710 912 4784 (Idem,
937 4714 1005 4766 ad
1043 4713 1260 4785 Scapul.
1283 4733 1399 4785 cap.
1426 4715 1501 4789 ὁ).
1525 4716 1656 4784 Quis
1679 4729 1857 4774 autem

261 4803 381 4862 haec
409 4820 514 4860 non
543 4804 716 4860 solum
743 4805 812 4860 ab
841 4805 1155 4872 Exorcistis,
1186 4806 1281 4862 sed
1311 4807 1379 4861 ab
1417 4809 1666 4865 onmibus
1712 4810 1858 4865 chri-

263 4900 453 4957 etianis
500 4899 639 4956 facta
693 4899 863 4957 fuisse
919 4900 1276 4957 dilﬁtebitnr?
1331 4901 1502 4957 Minor
1547 4903 1692 4959 enim
1745 4912 1864 4959 erat

265 5004 396 5051 tunc
423 4995 813 5051 exorcistarum
845 5011 1105 5052 numerus
1127 5037 1141 5062 ,
1170 5011 1334 5067 quam
1366 5006 1424 5052 ut
1453 4997 1486 5052 ii
1509 4998 1608 5052 soli
1657 5007 1858 5054 tantam

267 5085 546 5144 hominum
571 5088 972 5146 multitudinem
1000 5105 1031 5146 a
1053 5087 1361 5146 daemonum
1387 5090 1688 5147 incursibus
1720 5090 1856 5146 libe-

267 5189 470 5235 rarent.
1305 5189 1307 5192 ’

337 5272 697 5342 Quamobrem
741 5289 864 5331 cum
916 5275 1119 5332 ethnici
1165 5275 1465 5349 objiccrent
1522 5274 1861 5332 Christianos

266 5365 578 5436 reipublica:
603 5380 826 5436 prorsus
854 5383 976 5424 esse
1027 5368 1244 5423 inutiles
1271 5412 1284 5436 ,
1316 5369 1440 5424 illos
1491 5368 1571 5422 sic
1619 5367 1813 5423 refellit
1845 5386 1861 5424 :

265 5459 460 5529 Quanti
487 5459 675 5515 habetis
698 5500 714 5527 ,
746 5461 834 5532 qui
844 5466 959 5533 jam
989 5459 1053 5515 de
1080 5461 1220 5515 vobis
1248 5461 1503 5517 daemonia
1546 5461 1805 5515 excutiant
1838 5460 1866 5515 2

263 5550 449 5624 (Ibid.
493 5568 610 5624 cap.
636 5553 708 5609 45
748 5553 789 5623 ).
830 5552 1008 5624 Atque
1062 5553 1134 5609 ita
1163 5554 1380 5625 quidem
1435 5554 1488 5610 in
1528 5553 1728 5610 nostris
1764 5568 1862 5610 co-

263 5644 472 5701 dicibus
533 5644 930 5716 manuscriptis.
978 5643 1094 5701 Non
1163 5644 1344 5700 minus
1393 5655 1574 5701 autem
1623 5647 1773 5703 bene
1804 5644 1861 5702 in

262 5736 497 5807 antiquis
523 5735 853 5793 editionibus
874 5776 890 5803 ,
922 5736 1156 5804 Quantas
1176 5751 1192 5802 ;
1215 5747 1270 5793 et
1294 5737 1349 5793 in
1376 5735 1630 5793 Lucet-da:
1661 5737 1858 5794 editio-

254 5845 356 5899 ne,
398 5831 641 5901 Quando.
669 5827 985 5890 Tertulliani
1019 5831 1165 5889 enim
1195 5844 1388 5891 sensus
1419 5840 1503 5890 est
1533 5846 1548 5888 :
1577 5831 1635 5891 Si
1658 5829 1852 5890 Chris-

1967 4723 2021 4768 ct
2042 4713 2273 4783 subjecti
2304 4722 2457 4769 erant
2477 4713 2814 4776 Christianis,
2849 4723 2902 4768 et
2929 4727 3024 4766 eos
3069 4711 3231 4766 etiam
3260 4707 3514 4763 timebant
3541 4747 3557 4772 ,

1964 4817 2126 4878 atque
2151 4806 2353 4862 idcirco
2383 4806 2626 4861 oderant.
2661 4805 2854 4873 Quidni
2901 4802 3190 4859 timerent?
3220 4799 3558 4872 quandoqui-

1965 4900 2088 4954 dem
2116 4899 2184 4954 ab
2211 4899 2324 4954 illis
2351 4900 2651 4970 subiguntur
2675 4941 2690 4967 ,
2722 4899 2796 4952 ait
2825 4896 3001 4952 adhuc
3028 4904 3214 4950 auctor
3264 4902 3448 4947 noster
3467 4932 3481 4956 ,
3515 4899 3562 4945 et

1965 4992 2246 5047 conditioni
2272 5007 2379 5047 sua:
2399 4991 2664 5046 succidunt
2685 5031 2699 5055 ,
2730 4999 2778 5045 et
2802 5005 2931 5060 quos
2958 4988 3021 5042 de
3068 4985 3345 5057 longinquo
3395 5001 3562 5056 oppu-

1963 5093 2144 5156 gnant,
2171 5085 2234 5140 de
2258 5085 2490 5155 proximo
2511 5084 2774 5139 obsecrant
2800 5079 3134 5153 (Tertullian.
3163 5079 3290 5134 ibid.
3318 5095 3435 5148 cap.
3463 5077 3557 5146 27,

1965 5183 2066 5232 cot.
2099 5177 2251 5248 452).
2285 5175 2441 5248 Atqui
2471 5176 2516 5231 si
2547 5190 2640 5231 eos
2667 5175 2990 5238 obsecrant,
3024 5171 3210 5227 timent
3231 5211 3249 5238 ,
3277 5170 3507 5226 oderunt
3539 5209 3555 5235 ,

1972 5273 2142 5342 iisque
2169 5271 2560 5341 subjiciuntur,
2594 5283 2724 5340 ergo
2752 5267 2822 5322 ab
2851 5267 2954 5322 illis
2981 5265 3208 5336 adjnrati
3231 5308 3246 5333 ,
3275 5282 3381 5321 nun
3414 5281 3562 5321 mett-

1968 5365 2237 5421 ticbantur
2264 5362 2523 5435 profecto,
2547 5361 2643 5417 sed
2676 5371 2784 5414 tum
2817 5374 2964 5425 vere,
2992 5359 3132 5414 sicut
3169 5358 3276 5429 jam
3304 5357 3558 5424 diximus,

1963 5457 2271 5514 fatebantur
2297 5471 2355 5511 se
2408 5469 2596 5511 reveta
2643 5468 2766 5510 esse
2795 5452 3104 5516 damiones,
3159 5460 3214 5507 ct
3253 5451 3561 5520 neutiquam

1969 5551 2134 5615 deos,
2163 5564 2228 5605 ac
2256 5563 2418 5622 unum
2449 5546 2731 5602 dumtaxat
2757 5560 2880 5602 esse
2908 5544 3096 5600 Deum.
3126 5542 3259 5598 Tum
3287 5557 3410 5598 vera
3441 5557 3562 5611 por-

1963 5659 2026 5700 ro
2056 5644 2142 5700 illa
2165 5640 2456 5708 confessio,
2483 5651 2589 5694 tam
2610 5639 2904 5711 publicum,
2928 5637 3099 5706 inquit
3123 5637 3326 5689 Auctor
3350 5642 3556 5698 noster,

1963 5736 2333 5794 testiinonium
2363 5733 2704 5790 Christianos
2737 5734 2915 5787 facere
2945 5727 3176 5791 solebat,
3210 5741 3272 5782 ac
3297 5724 3560 5782 Christiac

1961 5845 2045 5889 na:
2065 5825 2338 5897 religionis
2363 5825 2604 5886 stabilire
2627 5834 2682 5885 et
2707 5822 3026 5884 confirmare
3057 5819 3339 5878 veritatem
3378 5813 3543 5890 (Ibid.
