4092 6352
548 322 650 382 891

1613 315 1685 378 ΙΝ
1716 314 2179 376 TERTULLIANI
2215 315 2745 378 APOLOGETICUM

553 439 656 494 col.
691 434 786 503 23,
818 448 936 508 pag.
963 431 1082 503 26).
1110 428 1216 488 Sed
1244 428 1313 488 de
1335 429 1422 488 his
1440 429 1648 502 egimus
1692 431 1748 487 in
1776 431 2146 503 superioribus
2171 438 2227 498 Α
2249 433 2471 489 candos.
2501 434 2737 489 Primum
2766 440 2946 490 autem
2988 433 3226 489 desumit
3249 448 3316 490 ex
3358 433 3564 491 inﬁnita
3610 437 3860 508 polentia

553 533 752 591 nostris
775 526 1237 585 dissertationibus
1265 524 1574 599 (Dissertat.
1600 525 1654 579 in
1685 525 1876 580 Hinut.
1907 541 2027 595 cap.
2051 525 2146 592 20,

556 636 657 680 art.
687 625 742 691 5,
771 624 822 676 in
844 620 1035 676 Arnob.
1055 635 1171 689 cap.
1196 619 1254 683 5,
1283 627 1382 672 art.
1404 633 1442 685 t,
1472 617 1526 672 in
1551 617 1790 672 Lactant.
1817 634 1933 687 cap.
1963 618 2019 683 9,
2044 626 2144 672 art.

553 717 610 784 2,
636 733 753 784 cap.
788 713 880 780 16,
919 721 1019 766 art.
1050 727 1096 778 ι,
1145 727 1262 780 cap.
1295 709 1388 776 20,
1419 719 1519 763 art.
1553 710 1606 777 7,
1637 727 1754 780 cap.
1783 711 1873 775 53,
1905 719 2005 764 art.
2041 710 2074 764 4
2104 707 2145 780 ).

629 811 695 864 At
720 822 817 863 nos
832 807 942 877 jam
965 805 1030 860 ad
1071 804 1174 859 alia
1203 804 1367 859 solito
1409 817 1561 858 more
1589 802 1923 871 explananda
1957 816 2149 873 prope-

554 912 740 959 rantes
767 899 960 969 aliquis
984 897 1206 952 forsitan
1231 896 1529 952 retardabit
1557 937 1571 960 ,
1616 905 1671 952 et
1699 911 1728 950 a
1763 895 1918 951 nobis
1959 895 2148 950 scisci-

557 995 755 1050 tabitur
782 1008 878 1047 cur
911 992 1112 1046 Auctor
1152 1001 1336 1046 noster
1382 989 1581 1044 dixerit
1623 989 1878 1044 dtemoncs
1905 987 1966 1042 ob
2001 988 2151 1041 mali-

557 1091 679 1145 tiam
719 1088 1125 1159 praedamnatos,
1170 1093 1225 1139 et
1293 1094 1476 1154 postea
1522 1083 1818 1152 adjeccrit,
1884 1082 2150 1152 desperata

559 1183 786 1238 conditio
839 1195 1010 1234 eorum
1067 1194 1130 1233 ex
1169 1177 1605 1246 praedamnatione
1651 1176 1887 1229 solatium
1949 1183 2150 1242 reputat

568 1275 799 1348 fruenda:
842 1273 1042 1326 interim
1086 1271 1421 1342 malignitatis
1471 1270 1535 1324 de
1563 1285 1724 1338 pinna:
1753 1285 1895 1323 mora
1925 1267 2148 1339 (Tertul.

555 1369 822 1438 Apologet.
868 1381 984 1431 cap.
1014 1363 1106 1427 22,
1153 1379 1200 1416 c.
1241 1363 1384 1427 ‘04;
1433 1362 1557 1415 ibid.
1610 1362 1708 1415 col.
1748 1361 1838 1424 27,
1893 1378 1948 1429 p.
1996 1361 2146 1432 452).

557 1455 813 1527 Quianam
843 1465 956 1521 est,
989 1455 1193 1524 inquiet
1223 1455 1345 1517 ille,
1400 1454 1514 1508 h.rc
1541 1453 1843 1508 dzrmonum
1892 1453 2155 1524 prirdam-

556 1548 704 1603 natio
735 1555 789 1600 et
817 1561 988 1616 paena:
1013 1559 1163 1598 more
1187 1583 1199 1606 ,
1230 1559 1293 1597 ac
1318 1543 1586 1612 quodnam
1617 1542 1855 1599 fruendis
1905 1543 2150 1613 maligni-

473 1704 476 1706 _
556 1639 680 1693 tatis
704 1638 955 1692 solatium
979 1637 1002 1688 ’ἐ
1023 1635 1156 1690 Nam
1183 1633 1323 1690 idem
1351 1635 1463 1703 ipse
1489 1633 1856 1690 Tertullianus
1887 1649 2002 1701 non
2049 1635 2152 1689 mi-

556 1745 657 1784 nus
709 1729 1025 1799 perspicue,
1075 1728 1152 1782 uti
1211 1727 1557 1793 monuimus,
1611 1727 1831 1782 dixerat
1873 1743 1941 1783 ex
1983 1729 2152 1783 sacris

2251 525 2382 592 Dei,
2413 525 2511 593 Qui
2536 535 2731 580 tantum
2758 568 2772 592 ,
2819 527 3020 596 inquit,
3053 526 3147 581 hoc
3174 527 3351 580 mundi
3397 543 3581 595 corpus
3627 530 3690 582 de
3749 546 3816 584 eo
3839 573 3854 596 ,

2249 620 2385 690 quod
2415 636 2516 673 non
2542 622 2706 690 fuerat
2725 662 2742 684 ,
2772 619 2824 673 id
2849 628 2970 685 est,
2999 634 3065 674 ex
3096 619 3264 674 nihilo
3315 623 3597 689 composuit
3629 621 3860 691 (Tertul-

2250 713 2376 765 lian.
2405 712 2669 781 Apologrt.
2699 729 2813 782 cap.
2841 713 2932 778 48,
2989 712 3090 766 col.
3127 712 3282 781 520),
3313 714 3426 767 sive
3469 722 3527 767 ut
3570 715 3740 769 noetri
3796 724 3854 771 et

2249 815 2374 861 ante
2405 805 2686 876 Rigaltium
2718 805 2846 862 editi
2897 805 3112 861 codices
3143 806 3374 872 habent,
3423 807 3690 876 imposuit,
3745 823 3853 864 seu

2249 896 2450 952 ereavit
2476 937 2490 962 ,
2521 897 2562 950 is
2583 909 2730 951 certe
2760 898 2875 966 ipse
2909 894 3082 968 p'otcst
3109 896 3354 952 homines
3397 897 3462 951 de
3488 908 3648 952 morte
3698 915 3860 953 vaca-

2251 989 2403 1043 tionis
2430 998 2476 1042 et
2503 990 2768 1042 inanitatis
2785 1030 2799 1052 ,
2826 991 2928 1042 hoc.
2951 998 3034 1043 est
3058 1031 3072 1052 ,
3099 989 3167 1043 ab
3187 1000 3360 1044 morte
3380 1029 3394 1052 ,
3422 989 3535 1044 sive
3565 989 3856 1056 inanitate,

2251 1095 2312 1134 ac
2347 1079 2642 1148 priVulione
2671 1079 2791 1132 vitae
2811 1079 2876 1132 ad
2906 1079 3198 1133 secundam
3228 1079 3392 1132 vitam
3415 1080 3681 1135 excitare.
3714 1079 3856 1136 Nam

2254 1171 2306 1225 hi
2341 1186 2502 1225 unam
2532 1170 2903 1225 tantummodo
2924 1170 3162 1225 efﬁciunt
3187 1179 3393 1241 partem
3426 1171 3632 1238 mundi,
3685 1187 3858 1242 quem

2253 1271 2464 1318 constat
2490 1278 2611 1318 esse
2633 1264 2925 1317 animatum
2955 1264 3136 1332 spiritu
3164 1264 3391 1317 omnium
3439 1264 3742 1318 animatore.
3792 1265 3861 1321 Et

2254 1357 2326 1412 ita
2353 1356 2581 1426 quidem
2612 1356 2876 1426 Rigaltius
2895 1397 2909 1419 ,
2939 1366 2991 1410 et
3029 1355 3119 1409 alii
3146 1355 3400 1425 deinceps
3430 1355 3574 1410 hunc
3595 1355 3861 1412 exhibent

2254 1449 2569 1506 Tertulliani
2600 1459 2827 1505 textum.
2857 1449 3045 1504 Melius
3066 1465 3196 1504 vero
3219 1450 3854 1521 uostriantiquioresque

2207 1607 2215 1615 ε
2253 1541 2436 1596 excusi
2487 1539 2702 1595 codices
2725 1581 2740 1604 ,
2781 1541 3064 1594 aninmtstm
3092 1541 3275 1609 spiritu
3302 1541 3528 1594 euntium
3557 1542 3855 1595 animarum

2251 1633 2551 1687 animatore.
2574 1631 2755 1687 Nostri
2779 1631 3041 1703 siquidem
3065 1631 3314 1686 Auctoris
3330 1634 3726 1702 argumentatio
3745 1633 3851 1688 du-

2253 1726 2394 1781 citur
2420 1741 2449 1780 a
2482 1725 2708 1796 majori,
2736 1734 2794 1779 ut
2819 1725 2990 1792 aiunt,
3017 1723 3086 1780 ad
3115 1727 3292 1780 minus
3311 1767 3327 1792 ,
3352 1727 3466 1781 sive
3489 1740 3519 1780 a
3549 1735 3682 1790 toto,
3705 1725 3859 1797 quod

563 1822 858 1892 Scripturis
902 1821 1082 1892 colligi
1129 1821 1432 1876 da-mouum
1484 1830 1699 1891 gentem
1749 1837 1872 1877 cum
1917 1807 2003 1876 sui
2049 1838 2148 1894 ge-
2178 1833 2226 1894 Β
2255 1818 2450 1874 factum
2478 1819 2593 1885 luit,
2620 1819 2686 1872 ad
2713 1827 2914 1887 partem
2935 1833 3059 1888 quae
3086 1817 3199 1872 ﬁeri
3233 1818 3432 1872 idcirco
3462 1827 3658 1887 potest.
3699 1817 3858 1871 Mun-

556 1914 702 1969 neris
728 1913 1071 1978 auctoribus,
1101 1927 1164 1967 ac
1183 1913 1426 1983 principe
1475 1928 1598 1968 esse
1626 1928 1734 1968 non
1765 1913 1979 1982 quidem
2012 1931 2150 1985 pra:-

554 2008 892 2071 damnatam,
950 2006 1046 2061 sed
1094 2006 1342 2061 absolute
1400 2005 1727 2060 damnatam.
1789 2007 1858 2062 At
1903 2009 2152 2076 quamvis

554 2110 704 2156 certa
733 2100 800 2153 sit
831 2098 1138 2154 dzrmonum
1168 2097 1444 2153 damnatio
1466 2141 1480 2164 ,
1514 2115 1617 2152 non
1651 2098 1704 2152 hi
1734 2107 1912 2153 tamen
1943 2099 2152 2156 debitas

540 2207 745 2254 omnes
771 2189 1068 2245 sceleribus
1098 2190 1210 2243 suis
1243 2203 1427 2260 prunas
1478 2189 1649 2244 luunt.
1680 2188 1892 2244 Etenim
1927 2190 1979 2243 in
2021 2189 2152 2260 ipsis

553 2285 715 2340 etiam
762 2281 931 2339 sacris
971 2283 1263 2353 Scripturis
1306 2283 1521 2337 Christo
1550 2282 1770 2338 domino
1797 2283 2152 2354 exprobrasse

553 2378 838 2433 dicuntur:
869 2374 1058 2431 Venisti
1081 2377 1179 2428 huc
1201 2385 1320 2429 ante
1339 2383 1536 2446 tempus
1558 2376 1788 2446 torquere
1813 2392 1903 2430 nos
1933 2374 2148 2447 (Matth.

553 2487 668 2540 cap.
701 2469 756 2534 8,
805 2469 837 2539 ᾖ
865 2507 878 2523 .
903 2468 1016 2539 29).
1043 2467 1148 2523 Sed
1201 2466 1316 2521 haec
1345 2469 1674 2538 Augustinus
1704 2484 1769 2523 ex
1801 2468 1944 2524 Petri
1994 2483 2152 2539 apos-

557 2563 647 2617 toli
677 2562 902 2632 cpistola
929 2560 1128 2615 clarius
1153 2561 1402 2630 exposuit
1425 2578 1436 2612 :
1462 2559 1710 2615 l’eccasse
1727 2560 1975 2629 quosdam
1995 2577 2154 2631 ange-

555 2655 663 2717 los,
697 2654 899 2724 inquit,
929 2655 975 2707 el
999 2654 1052 2707 in
1079 2653 1233 2723 hujus
1283 2653 1460 2706 mundi
1489 2655 1592 2706 ima
1631 2659 1864 2708 detrusos
1884 2696 1898 2720 ,
1943 2655 2030 2725 qui
2081 2656 2153 2711 eis

553 2747 686 2800 velut
713 2763 884 2800 carcer
914 2756 984 2801 est
1007 2788 1023 2812 ,
1076 2747 1233 2816 iisque
1260 2747 1330 2799 ad
1358 2751 1585 2818 futuram
1611 2748 1665 2801 in
1707 2749 1790 2802 die
1801 2748 1987 2818 judicii
2033 2749 2151 2803 ulti-

554 2855 693 2891 mam
713 2839 1089 2892 damnationem
1113 2840 1373 2908 apostolus
1407 2837 1591 2894 Petrus
1634 2840 1951 2908 apertissime
1971 2850 2143 2894 osten-

557 2931 666 2998 dit,
694 2931 867 2984 dicens
897 2930 1032 3000 quod
1068 2929 1207 2984 Deus
1237 2929 1431 3001 angelis
1475 2931 1818 3001 peccatoribus
1842 2947 1944 2985 non
1973 2948 2154 3001 peper-

555 3023 678 3077 cerit
705 3063 719 3088 ,
752 3022 840 3076 sed
859 3022 1146 3077 carceribus
1166 3022 1400 3094 caliginis
1419 3024 1603 3094 inferni
1635 3024 1930 3084 retrudens,
1985 3023 2152 3078 tradi-

556 3117 684 3170 derit
714 3117 764 3170 in
802 3116 1001 3186 judicio
1053 3117 1337 3187 puniendos
1376 3117 1622 3170 reservari
1666 3117 1906 3188 (August.
1949 3117 2038 3171 lib.
2079 3117 2150 3182 X,

2253 1911 2352 1965 dus
2377 1951 2392 1977 ,
2427 1911 2593 1982 inquit
2619 1950 2635 1976 ,
2664 1911 2965 1975 animatus,
2997 1910 3112 1964 sive
3138 1919 3353 1964 creatus
3377 1918 3460 1964 est
3507 1925 3538 1962 a
3565 1909 3657 1963 Dei
3683 1909 3853 1981 spiri-

2254 2013 2311 2060 tu
2337 2048 2351 2072 ,
2378 2007 2618 2060 omnium
2647 2005 2948 2059 animarum
2981 2003 3320 2067 animatore;
3366 2017 3498 2074 ergo
3543 2002 3685 2056 idem
3733 2003 3856 2073 ipse

2256 2099 2352 2153 Dei
2381 2099 2606 2169 Spiritus
2630 2107 2814 2169 potest
2843 2098 3089 2153 homines
3139 2111 3244 2151 non
3295 2096 3567 2163 nomium,
3611 2097 3703 2152 sed
3756 2112 3858 2151 suo

2256 2201 2458 2247 tantum
2483 2232 2498 2255 ,
2527 2191 2718 2262 Spiritu
2740 2191 3006 2246 animatos
3033 2197 3153 2258 post
3177 2204 3366 2245 eorum
3396 2200 3623 2244 mortem
3654 2190 3856 2245 iterum

2254 2287 2526 2350 animare,
2569 2295 2625 2339 et
2661 2298 2847 2340 rursus
2874 2299 2976 2337 non
3008 2298 3076 2338 ex
3104 2283 3270 2337 nihilo
3293 2324 3308 2348 ,
3339 2283 3412 2337 uti
3439 2283 3588 2354 prius
3608 2323 3625 2348 ,
3655 2282 3751 2336 sed
3787 2283 3856 2336 ab

2254 2378 2474 2434 interitu
2498 2419 2514 2444 ,
2541 2387 2596 2433 et
2622 2377 2726 2433 vita
2753 2386 2911 2432 antea
2930 2375 3208 2446 deperdita
3229 2415 3244 2443 ,
3291 2375 3356 2431 ad
3384 2376 3675 2431 secundam
3703 2391 3856 2431 eam-

2253 2469 2486 2540 demque
2507 2485 2792 2526 revocare.

2253 2572 2275 2628 t-
2326 2565 2464 2634 Quid
2488 2581 2616 2621 vero
2639 2607 2657 2631 ,
2684 2564 2825 2635 quod
2852 2565 2968 2622 haec
2997 2564 3110 2635 ipsa
3165 2563 3257 2618 Dei
3310 2563 3376 2618 ad
3407 2573 3648 2618 mortuos
3679 2562 3856 2618 homi-

2255 2674 2351 2714 nes
2377 2658 2788 2714 exsuscitandos
2820 2657 3056 2727 potentia
3083 2672 3187 2711 non
3211 2657 3376 2711 totius
3397 2666 3604 2710 tantum
3637 2657 3850 2722 mundi,

2253 2754 2348 2808 sed
2377 2756 2488 2822 ipsa
2520 2752 2678 2807 etiam
2709 2751 2818 2806 sola
2851 2751 3088 2806 hominis
3132 2750 3408 2805 creatione
3434 2764 3465 2804 a
3517 2749 3852 2804 Tertulliano

2255 2842 2552 2899 luculenter
2601 2842 3022 2898 demonstratur.
3082 2841 3256 2897 Homo
3314 2842 3516 2897 etenim
3559 2851 3850 2912 antequam

2253 2943 2568 2998 crearetur,
2599 2933 2732 2987 nihil
2757 2943 2873 2988 erat
2897 2975 2912 2997 ,
2943 2933 3179 3003 alioquin
3211 2947 3269 2988 se
3310 2932 3475 2988 fuisse
3523 2934 3716 2987 saltem
3755 2934 3856 2986 ali-

2254 3025 2468 3096 quando
2520 3025 2873 3080 meminisset.
2908 3025 3070 3094 Atqui
3099 3025 3142 3079 si
3188 3039 3219 3078 a
3269 3024 3380 3079 Deo
3404 3035 3618 3079 creatus
3662 3035 3744 3080 est
3783 3040 3853 3080 es

2258 3117 2465 3183 nihilo,
2534 3125 2708 3186 potest
2764 3116 2945 3186 utique
2999 3115 3190 3170 eadem
3250 3116 3339 3170 Dei
3391 3117 3625 3186 potentia
3664 3126 3718 3172 et
3755 3131 3854 3171 vo—

555 3209 620 3264 de
642 3209 778 3262 civit.
811 3224 926 3279 cap.
972 3209 1063 3270 53.
1097 3225 1216 3280 pag.
1247 3209 1373 3268 295.
1399 3207 1587 3262 Petrus
1627 3207 1796 3278 Epist.
1838 3209 1893 3275 2,
1943 3227 2060 3281 cap.
2092 3212 2147 3276 2,
2176 3231 2222 3295 C
2257 3212 2462 3268 luutate
2508 3225 2537 3263 a
2591 3219 2763 3265 morte
2817 3211 3057 3264 revocari
3086 3209 3302 3280 (lbid.).
3329 3209 3444 3265 Non
3493 3211 3635 3264 enim
3676 3212 3858 3280 major

572 3302 607 3371 ᾗ
635 3340 646 3352 .
673 3300 748 3373 4).
781 3301 849 3356 At
883 3301 994 3355 hare
1026 3301 1304 3355 infernalis
1348 3302 1627 3372 caliginis,
1674 3303 1920 3372 ignisque
1970 3319 2151 3359 reser-

554 3395 662 3448 vati
689 3410 838 3448 mora
868 3409 932 3448 ac
958 3393 1144 3448 dilatio
1173 3393 1563 3465 qualecumque
1589 3395 1720 3467 ipsis
1745 3406 1858 3450 erat
1887 3396 2154 3466 prmdam-

561 3485 794 3541 nationis
848 3500 910 3540 ac
978 3486 1302 3540 conditionis
1362 3486 1664 3557 desperata:
1721 3489 1990 3542 solatium.
2047 3487 2154 3545 Sua

558 3582 834 3636 enimvero
863 3578 1175 3633 fruebantur
1205 3579 1417 3634 interim
1451 3581 1803 3651 malignitate,
1836 3597 1939 3650 qua
1971 3580 2158 3637 Chris-

559 3674 736 3728 tianos
761 3671 826 3726 ad
855 3673 959 3736 sui,
984 3673 1096 3726 sive
1119 3671 1374 3726 falsorum
1398 3672 1620 3728 deorum
1655 3673 1888 3729 vidimus
1907 3716 1922 3740 ,
1952 3675 2155 3730 cultum

559 3765 646 3820 vel
677 3763 1030 3828 inducebant,
1073 3764 1157 3820 vel
1204 3764 1505 3820 clliciehant
1535 3775 1591 3820 ut
1644 3775 1936 3822 renuentes
1961 3767 2157 3822 crude-

561 3860 780 3916 lissimis
811 3860 877 3914 ad
922 3868 1151 3914 mortem
1198 3875 1367 3930 usque
1394 3861 1670 3931 suppliciis
1711 3862 2160 3917 exearuilicaren-

565 3962 670 4009 tur.
702 3957 772 4008 At
798 3951 866 4007 de
893 3953 994 4007 hoc
1016 3967 1202 4006 eorum
1235 3950 1428 4008 solatio
1454 3952 1728 4023 dilatoque
1752 3953 2017 4022 supplicio
2065 3952 2160 4007 ali-

565 4046 616 4102 bi
645 4046 1033 4118 disputavimus
1067 4046 1304 4121 (Dissert.
1325 4047 1378 4101 in
1396 4046 1636 4101 Lactant.
1657 4063 1776 4118 cap.
1806 4045 1899 4116 20,
1927 4055 2029 4100 art.
2056 4047 2091 4102 5
2117 4048 2158 4117 ).

1184 4183 1410 4240 CAPUT
1447 4183 1540 4239 XI.

571 4313 648 4368 De
677 4323 989 4368 mortuorum
1013 4316 1273 4369 hominum
1310 4313 1378 4368 ad
1407 4317 1560 4367 vitam
1599 4312 1918 4368 rcvocatione
1945 4354 1959 4378 ,
2009 4325 2165 4369 extre-

643 4421 724 4459 mo
754 4404 845 4458 Dei
868 4407 1059 4470 iudicio
1079 4422 1097 4471 ·,
1128 4407 1330 4461 (uternis
1359 4407 1632 4476 impiorum
1655 4407 1834 4477 poenis,
1862 4423 1922 4461 ac
1945 4408 2169 4478 prtcmiis

635 4500 933 4564 iustorum,
965 4511 1114 4568 atque
1147 4501 1432 4552 animarum
1475 4509 1591 4554 ante
1638 4499 1874 4555 ultimum
1921 4500 2169 4571 judicium

584 4589 591 4604 ‘
644 4591 994 4660 receptaculis.

1101 4719 1404 4760 Αιιτιουωε
1441 4719 1651 4761 Ρωιωε.

586 4839 779 4906 Quibus
805 4841 1117 4911 argumentis
1152 4839 1494 4894 Tertullianus
1524 4841 1805 4908 probaverit
1831 4859 2002 4897 omnes
2030 4861 2170 4898 mor-

651 4943 762 4987 tuos
784 4933 1010 4987 homines
1039 4950 1185 5004 posse
1205 4933 1271 4985 ad
1303 4934 1452 4985 vitam
1483 4935 1704 4986 revocari
1725 4976 1740 4999 ,
1794 4951 1853 4987 ac
1892 4951 2064 4989 revera
2087 4953 2170 4991 re.

651 5026 903 5080 vocandas
939 5044 951 5079 :
977 5037 1147 5078 utrum
1169 5027 1358 5078 anima:
1385 5026 1679 5094 corporibus
1709 5037 1892 5090 στρατω,
1923 5037 1968 5082 et
1989 5029 2096 5083 sine
2122 5015 2180 5084 il-

653 5119 818 5172 lorum
845 5119 1125 5172 ministerio
1160 5120 1354 5188 possint
1385 5117 1580 5187 aliquid
1609 5135 1758 5190 agere
1783 5161 1796 5185 ,
1826 5119 1968 5189 pati‘,
1998 5138 2056 5175 ac
2085 5122 2178 5177 do-

653 5211 755 5265 lere
768 5252 782 5275 ,
815 5221 860 5264 ct
890 5211 1076 5265 lwtari.

656 5347 736 5402 Ad
759 5347 861 5402 alia
891 5363 1033 5402 nunc
1064 5347 1450 5402 transeundum
1474 5356 1556 5403 est
1577 5347 1884 5406 christiana:
1905 5350 2177 5420 religionis

583 5439 832 5510 dogmata
861 5482 876 5506 ,
905 5456 1022 5510 qum
1051 5441 1413 5498 Tertullianus
1443 5444 1554 5499 suis
1579 5445 1628 5497 in
1673 5444 1821 5498 libris
1848 5454 2032 5500 contra
2058 5447 2180 5501 eth-

585 5533 736 5588 nicos
773 5534 966 5586 asserit
985 5546 1046 5586 ac
1071 5540 1266 5586 tuetur.
1296 5533 1471 5590 Unum
1500 5544 1676 5589 autem
1705 5550 1768 5592 ex
1799 5535 1860 5588 iis
1889 5546 2181 5606 nostraque

585 5624 1049 5680 animadversione
1077 5623 1298 5695 dignum
1328 5636 1448 5693 est,
1483 5629 1623 5695 quod
1653 5639 1963 5684 constanter
1994 5631 2175 5698 tradit,

584 5716 851 5788 variisque
895 5716 1162 5772 rationum
1195 5721 1479 5774 momentis
1534 5722 1721 5790 probat
1755 5737 1943 5778 omnes
1991 5725 2178 5780 omni-

589 5823 661 5865 no
685 5817 924 5865 mortuos
951 5808 1194 5866 homines
1237 5811 1290 5865 in
1336 5811 1440 5868 line
1470 5814 1650 5870 mundi
1675 5814 1740 5870 ad
1781 5817 1943 5872 vitam
1998 5831 2170 5873 revo-

2259 3302 2328 3356 ad
2361 3303 2586 3372 primam
2612 3302 2946 3358 creationem
2966 3342 2982 3368 ,
3011 3317 3171 3371 quam
3201 3303 3640 3358 instaurationem
3667 3313 3722 3358 et
3739 3317 3859 3358 res-

2249 3396 2566 3452 titutionem
2603 3395 2899 3465 requiritur
2928 3405 3188 3465 potestas.
3218 3394 3330 3450 Nec
3355 3396 3621 3450 curiosius
3643 3395 3860 3466 quidem

2259 3487 2723 3557 iniportuuiusque
2767 3486 3012 3557 requiras
3051 3485 3323 3556 quomodo
3374 3485 3428 3540 id
3469 3487 3584 3542 tieri
3645 3495 3858 3556 queat:

2261 3581 2401 3638 Nam
2427 3583 2582 3637 redde
2599 3583 2643 3637 si
2673 3591 2850 3652 potes,
2907 3581 3077 3650 inquit
3115 3578 3510 3644 Tertullianus,
3557 3579 3812 3632 rationem
3842 3619 3858 3647 ,

2257 3694 2359 3748 qua
2403 3680 2573 3747 {actus
2618 3691 2691 3740 cs,
2724 3684 2768 3728 et
2817 3683 2935 3728 tunc
2963 3673 3160 3744 require
3187 3688 3287 3742 qua
3330 3671 3420 3739 ﬁes
3452 3669 3646 3738 (Idem,
3679 3670 3860 3740 ibid).

2262 3771 2375 3836 Qua
2429 3771 2704 3825 enimvero
2743 3765 2980 3837 potentia
3037 3764 3268 3836 primum
3313 3765 3481 3816 lactus
3515 3777 3608 3823 es,
3664 3762 3866 3816 eadem

2265 3872 2448 3932 postea
2499 3859 2778 3918 reﬁcieris.
2801 3855 3157 3924 Quamobrem
3183 3853 3225 3907 si
3263 3852 3330 3906 de
3363 3851 3549 3936 prima
3600 3866 3707 3905 non
3749 3851 3866 3907 du-

2227 3954 2437 4026 ‘hilas,
2489 3951 2556 4007 de
2616 3949 2852 4006 secunda
2917 3947 3083 4001 multo
3129 3944 3302 3998 minus
3355 3941 3603 3998 dubitare
3646 3942 3860 4000 debes:

2265 4045 2696 4116 Etenimfacilius
2744 4043 2948 4112 utique,
2980 4039 3056 4094 uti
3103 4039 3192 4094 ille
3217 4035 3393 4091 adhuc
3419 4035 3495 4090 ait
3516 4078 3530 4101 ,
3574 4036 3702 4104 lies,
3725 4037 3864 4105 quod

2265 4141 2409 4211 fuisti
2430 4139 2740 4210 aliquando,
2763 4138 2886 4209 quia
2915 4151 3055 4205 a'que
3079 4149 3177 4187 non
3207 4131 3409 4202 difﬁcile
3435 4134 3603 4200 {actus
3624 4147 3696 4194 es,
3727 4132 3862 4202 quod

2268 4248 2368 4287 non
2388 4232 2534 4302 fuisti
2558 4230 2838 4296 aliquando
2863 4227 3079 4299 (lbid.).
3103 4225 3280 4281 Simili
3303 4232 3479 4278 autem
3509 4223 3670 4277 modo
3693 4223 3864 4277 Minu-

2269 4326 2400 4380 tium
2438 4323 2707 4384 Felicem,
2742 4320 3073 4376 Lactantium
3099 4359 3113 4383 ,
3145 4327 3200 4373 et
3250 4316 3388 4370 alios
3441 4315 3777 4384 disputantes
3804 4316 3857 4370 in

2269 4415 2634 4487 superioribus
2656 4413 3126 4470 dissertationibus
3153 4409 3455 4465 audivimus
3483 4409 3779 4477 (Dissertat.
3809 4411 3862 4463 in

2272 4510 2461 4565 Minut.
2491 4526 2607 4579 cap.
2643 4510 2696 4573 7,
2725 4517 2824 4561 art.
2865 4507 2921 4573 2,
2946 4516 2991 4560 ct
3022 4507 3073 4559 in
3126 4503 3365 4559 Lactant.
3392 4520 3508 4573 cap.
3535 4503 3627 4568 29,
3655 4513 3756 4556 art.
3785 4502 3861 4574 4).

2193 4636 2248 4700 D
2347 4607 2416 4658 At
2435 4604 2478 4660 si
2498 4601 2662 4656 hocin
2696 4601 2786 4654 Dei
2819 4607 3080 4670 potestate
3106 4605 3190 4650 est
3210 4597 3430 4650 omnino
3458 4593 3712 4663 positum,
3733 4594 3865 4648 nihil

2273 4697 2416 4754 aliud
2445 4696 2778 4768 probandum
2824 4701 3104 4764 superest,
3155 4706 3317 4760 quam
3363 4699 3422 4742 ut
3465 4687 3514 4741 id
3569 4688 3656 4742 ille
3698 4687 3864 4751 velit,

2274 4805 2440 4860 seque
2468 4789 2699 4844 voluisse
2727 4801 2914 4842 revera
2944 4782 3349 4853 signiﬁcaverit.
3379 4779 3537 4848 Atqui
3563 4779 3667 4834 hoc
3711 4779 3830 4848 ipse
3853 4819 3867 4842 ,

2275 4881 2725 4954 quemadmodum
2753 4888 2938 4932 auctor
2975 4884 3159 4930 noster
3203 4873 3438 4942 loquitur
3463 4914 3478 4938 ,
3520 4872 3791 4930 destinavit
3826 4879 3871 4926 et

2281 4976 2571 5048 prwdicavit
2599 4973 2927 5046 (Tertullian.
2957 4966 3109 5038 ibid.)
3128 5007 3144 5032 ,
3175 4980 3274 5020 nec
3300 4965 3468 5019 semel
3499 4964 3738 5034 quidem,
3771 4963 3869 5019 sed

2280 5069 2548 5138 smpiusin
2573 5065 2740 5122 sacris
2780 5062 3012 5126 veteris,
3061 5075 3125 5114 ac
3158 5059 3455 5128 praesertim
3495 5057 3617 5112 novi
3673 5057 3868 5112 Testa-

2283 5163 2447 5218 menti
2477 5157 2786 5228 Scripturis.
2819 5154 3002 5222 Neque
3030 5151 3131 5205 huc
3156 5150 3498 5220 congerenda
3529 5160 3655 5203 sunt
3682 5163 3875 5205 earum

2281 5253 2620 5316 testimonia,
2654 5251 2775 5320 q'um
2822 5244 3070 5316 omnibus
3099 5243 3300 5312 passim
3345 5242 3502 5296 obvia
3554 5251 3712 5306 sunt,
3770 5257 3873 5297 nec

2281 5347 2420 5402 ullus
2442 5345 2599 5416 plane
2619 5384 2634 5409 ,
2657 5340 2747 5413 qui
2773 5353 2865 5396 eas
2895 5337 2977 5393 vel
3005 5335 3278 5392 levissime
3338 5335 3608 5405 attigerit,
3658 5335 3878 5406 ignora-

2282 5458 2340 5498 re
2363 5447 2555 5512 potest.
2589 5434 2900 5499 Certissima
2927 5442 3105 5487 autem
3131 5439 3252 5495 est,
3279 5430 3418 5486 sicut
3439 5443 3598 5499 supra
3625 5429 3879 5484 ostendi-

2283 5551 2434 5604 mus,
2479 5534 2688 5588 illarnm
2739 5527 3029 5584 auctoritas
3067 5527 3258 5598 (supr.
3314 5542 3430 5594 cap.
3468 5523 3522 5584 6.
3565 5532 3667 5576 art.
3718 5523 3776 5589 5,
3833 5531 3880 5578 et

2282 5628 2468 5700 seqq.).
2497 5626 2720 5682 Constat
2740 5637 2870 5692 ergo
2894 5622 3058 5676 Deum
3081 5629 3138 5675 et
3167 5631 3325 5689 posse
3346 5632 3363 5681 ,'
3386 5623 3452 5672 et'
3477 5614 3613 5670 velle
3629 5656 3642 5679 ,
3675 5623 3733 5671 ut
3754 5629 3880 5670 om-

2287 5737 2383 5777 nes
2408 5718 2628 5776 omniuo
2653 5715 2847 5772 mortui
2904 5713 3148 5768 homines
3185 5711 3236 5765 in
3267 5708 3545 5779 pristinam
3590 5706 3715 5761 vitae
3764 5722 3886 5762 sua:

2286 5813 2645 5876 conditionem
2722 5810 3128 5874 reitituantur;
3198 5819 3261 5862 ac
3341 5802 3565 5876 proinde
3642 5802 3886 5861 futuram
