4092 6352
273 321 392 382 893

1423 310 1874 379 DISSERTA'DO
1904 269 1976 375 tt.
2014 310 2106 374 LE
2142 310 2446 376 Μουκία.

3470 260 3581 376 stt

277 437 529 509 profecto
551 446 675 493 esse
702 434 915 491 illorum
945 446 1161 492 omnem
1190 431 1256 491 ad
1284 432 1446 490 vitam
1487 434 1874 490 reversionem.
1906 431 1958 493 Α
1982 445 2068 489 ma
2110 434 2241 490 nihil
2283 444 2505 505 prorsus
2536 432 2827 507 quidquam
2860 433 2980 492 sine
3022 445 3188 491 carne
3210 433 3317 505 pati
3361 434 3578 506 potest?

356 528 525 586 Instat
548 529 724 584 adhuc
753 527 1115 584 Tertullianns
1138 568 1153 595 ,
1183 527 1395 597 alioque
1422 534 1738 597 argumento
1782 525 1879 579 dco

270 631 544 678 monstrat
562 632 783 692 prorsus
818 618 1185 677 necessarium
1210 632 1330 674 esse
1350 658 1364 682 ,
1392 628 1449 672 ut
1482 630 1675 672 omnes
1700 615 1874 671 homi-

273 727 376 770 nes
400 714 595 769 mortui
619 713 685 768 ad
711 711 877 768 vitam
902 711 1193 782 aliquando
1211 709 1452 767 redeam.
1479 709 1672 764 Totum
1690 716 1872 764 autem
1888 767 1901 777 _

274 807 408 863 illud
436 814 812 877 argumentum
844 803 995 860 hisce
1048 803 1226 859 verbis
1252 801 1629 872 complectitur
1659 816 1673 855 :
1732 800 1875 855 Certe

270 899 396 968 quia
414 899 546 953 mtio
573 898 912 954 restitutionis
941 896 1215 951 destinatio
1237 893 1423 968 judicii
1453 903 1558 959 est,
1589 894 1872 949 necessario

268 991 410 1046 idem
430 991 519 1061 qui
537 995 707 1063 fuerat
725 992 1026 1055 exhibetur;
1051 999 1107 1044 ut
1131 988 1250 1043 boni
1300 1005 1387 1043 seu
1413 988 1659 1042 contrarii
1706 987 1873 1043 meriti

260 1083 524 1155 judicium
543 1089 675 1158 [erat
718 1082 1070 1156 (Tertullian.
1113 1083 1379 1155 Apologet.
1421 1098 1533 1152 cap.
1580 1081 1711 1151 i8).
1762 1080 1869 1135 Do-

176 1192 185 1201 ·
267 1188 355 1233 cet
408 1178 587 1250 itaque
641 1178 848 1232 nullum
897 1190 1118 1248 prorsus
1157 1190 1280 1231 esse
1328 1172 1601 1230 dubitandi
1649 1173 1863 1238 locum,

266 1269 400 1339 quin
445 1283 635 1325 omnes
666 1268 912 1323 homines
942 1277 1185 1323 extremo
1229 1266 1319 1322 Dei
1365 1264 1568 1335 judicio
1599 1264 1652 1319 in
1684 1262 1868 1318 mundi

268 1360 379 1416 line
423 1361 617 1417 sistere
641 1375 699 1416 sc
725 1360 974 1416 debeant.
1016 1359 1161 1414 Fieri
1200 1356 1452 1413 autemid
1494 1369 1600 1410 non
1640 1362 1862 1427 potest,

265 1455 371 1510 nisi
398 1453 464 1509 ad
511 1454 672 1509 vitam
722 1462 1093 1519 revertantur,
1121 1462 1283 1523 atque
1310 1464 1617 1521 supremam
1673 1463 1868 1505 secun-

262 1547 394 1601 dum
422 1560 516 1600 sua
546 1545 631 1601 vel
656 1546 796 1601 bona
827 1545 910 1600 vel
940 1546 1073 1599 mala
1102 1545 1295 1600 merita
1324 1542 1672 1608 sententiam,
1702 1550 1865 1612 atque

259 1639 549 1711 prtamium
578 1647 670 1695 aut
700 1652 911 1708 poenam
939 1653 969 1693 a
1004 1638 1113 1693 Deo
1146 1637 1432 1708 accipiant.

331 1730 438 1787 Sed
466 1732 569 1786 hoc
612 1741 985 1802 argumentum
1024 1732 1224 1784 Auctor
1266 1737 1453 1782 noster
1491 1727 1651 1797 longe
1694 1725 1862 1780 fusius

1984 523 2056 613 Ita
2097 539 2227 581 sane
2249 568 2264 591 ,
2296 525 2503 597 inquiet
2559 525 2751 597 aliquis
2776 568 2793 595 ,
2823 527 3145 598 opinabatur
3190 527 3572 584 Tertullianus.

1980 617 2112 673 Nam
2140 619 2246 674 alio
2270 619 2360 675 ille
2386 620 2439 674 in
2472 618 2612 675 libro
2656 622 2887 674 animam
2928 619 3014 675 his
3062 619 3393 690 totidemque
3420 633 3573 676 com-

1980 712 2143 781 pellat
2179 713 2356 769 verbis
2380 713 2399 782 (
2424 712 2597 779 Idem,
2629 713 2719 768 lib.
2761 713 2824 768 de
2857 712 3066 769 Testim.
3114 713 3271 768 anim.
3312 728 3429 784 cap.
3460 714 3517 783 4)
3553 728 3568 769 :

1978 805 2298 876 Aﬁirmamus
2343 813 2391 859 te
2438 820 2642 861 manere
2694 816 2806 875 post
2853 806 2968 861 vita:
3031 806 3435 876 dispunctionem
3463 845 3480 870 ,
3523 814 3573 860 et

1975 906 2269 968 exspectare
2295 897 2427 951 diem
2457 897 2655 964 iudicii,
2698 912 2891 969 proque
2918 899 3097 953 merito
3141 908 3231 952 aut
3256 898 3573 953 excruciatui

1974 989 2252 1055 destinari,
2295 1000 2383 1044 aut
2424 990 2690 1061 refrigerio
2713 1031 2729 1058 ,
2760 1000 2977 1061 utroque
2997 991 3323 1061 sempiterno.
3373 990 3570 1056 Quibus

1970 1080 2284 1134 sustinendis
2318 1082 2605 1137 necessario
2627 1081 2714 1136 tibi
2740 1082 3078 1136 substantiam
3105 1082 3375 1152 pristinam
3393 1122 3410 1149 ,
3432 1068 3571 1152 ejus-

1972 1172 2186 1242 demque
2224 1173 2445 1230 hominis
2497 1175 2763 1229 materiam
2791 1185 2839 1229 et
2886 1174 3184 1228 memoriam
3226 1188 3565 1239 reuersurum,

1968 1265 2106 1332 quod
2126 1272 2172 1317 et
2203 1264 2336 1318 nihil
2386 1266 2508 1319 ntali
2532 1281 2593 1320 ac
2634 1265 2755 1319 boui
2802 1266 2989 1319 sentire
3016 1266 3177 1333 possis
3203 1305 3217 1329 ,
3263 1265 3373 1319 sine
3397 1266 3566 1321 carnis

1968 1357 2276 1427 passionalis
2297 1357 2544 1428 facultate
2567 1401 2583 1426 ,
2612 1369 2659 1412 et
2682 1358 2827 1412 nulla
2844 1360 2909 1413 sit
2930 1359 3062 1413 ratio
3082 1359 3263 1430 iudicii
3284 1358 3392 1413 sine
3406 1360 3567 1429 ipsius

1968 1451 2275 1505 exhibitione
2296 1491 2312 1519 ,
2361 1453 2448 1520 qui
2489 1453 2669 1506 meruit
2693 1452 2879 1523 judicii
2927 1452 3230 1521 passionem.
3262 1451 3372 1506 Nec
3397 1451 3566 1507 semel

1968 1544 2166 1614 igitur,
2199 1560 2300 1600 nec
2355 1546 2696 1609 dubitanter,
2747 1545 2843 1601 sed
2887 1553 3258 1600 asseveranter
3299 1543 3560 1611 afﬁrmat,

1886 1633 1899 1650 '
1966 1645 2021 1690 et
2049 1639 2246 1706 repetit
2282 1637 2513 1691 animam
2560 1636 2691 1691 nihil
2736 1652 2894 1706 posse
2934 1637 3153 1691 omnino
3200 1635 3401 1691 sentire
3445 1635 3564 1692 sine

1964 1726 2049 1781 sui
2103 1731 2363 1784 societate
2402 1729 2668 1799 corporis.
2701 1728 2831 1782 Tam
2874 1743 3059 1783 verum
3109 1737 3288 1783 autem
3344 1727 3396 1783 id
3441 1742 3564 1785 esse

257 1833 416 1893 urget
446 1824 497 1877 in
523 1838 621 1878 suo
649 1823 713 1877 de
733 1821 1125 1877 Resurrectione
1144 1821 1316 1873 carnis
1340 1818 1497 1882 libro,
1527 1818 1615 1872 ubi
1648 1817 1727 1871 sic
1746 1816 1862 1871 dis-
1889 1826 1939 1887 Β
1967 1818 2254 1875 arbitratus
2280 1829 2394 1885 est,
2428 1829 2487 1875 ut
2532 1820 2656 1876 inde
2697 1820 2983 1875 concludat
3010 1819 3130 1875 ideo
3172 1821 3405 1875 futurum
3442 1835 3564 1878 esse

255 1925 449 1988 putat:
486 1913 613 1970 Hcce
652 1917 748 1969 erit
768 1925 873 1969 tota
900 1930 1079 1969 caussa
1127 1914 1229 1967 imo
1275 1911 1550 1967 necessitas
1597 1926 1858 1965 resurrec—

256 2008 411 2062 tionis
434 2048 451 2074 ,
476 2001 931 2078 congruentissima
972 2006 1163 2060 scilicet
1196 2003 1300 2057 Deo
1331 2003 1603 2056 destinatio
1642 2001 1855 2071 judicii,

256 2100 323 2154 de
345 2102 491 2171 cujus
516 2100 847 2169 dispositione
866 2097 1121 2167 despicias
1145 2111 1211 2149 an
1244 2095 1416 2165 utique
1433 2092 1731 2157 substantia
1759 2092 1857 2146 ltu—

253 2210 422 2250 mants
448 2193 801 2267 diiudicanda:
820 2206 1035 2246 censura
1059 2190 1232 2244 divina
1264 2187 1529 2257 praesideat
1547 2228 1563 2255 ,
1594 2196 1697 2240 tam
1750 2186 1859 2240 ani-

253 2303 355 2342 ma:
395 2303 548 2359 quam
593 2286 737 2340 carni
778 2283 974 2351 (Idem,
1024 2284 1114 2338 lib.
1162 2283 1227 2336 de
1267 2289 1531 2335 resurrect.
1554 2296 1706 2334 ται-η.
1734 2294 1851 2349 cap.

257 2380 396 2448 14).
432 2372 606 2433 Homo
656 2377 800 2432 enim
867 2390 974 2431 non
1042 2374 1157 2453 sola
1212 2373 1451 2445 proiecto
1511 2374 1726 2435 anima,
1757 2370 1851 2426 sed

251 2486 354 2527 suo
380 2475 539 2528 etiam
573 2483 801 2542 corpore
829 2469 964 2524 bene
992 2478 1083 2523 aut
1102 2468 1241 2523 male
1265 2466 1389 2537 agit.
1422 2465 1493 2520 Ea
1518 2478 1749 2534 namque
1771 2471 1853 2519 est
1882 2486 1887 2491 ·

250 2563 448 2618 anima:
478 2577 599 2617 cum
637 2576 867 2632 corpore
906 2562 1169 2625 societas,
1215 2566 1270 2612 ut
1306 2560 1360 2611 in
1412 2573 1602 2621 carne,
1650 2566 1695 2609 et
1736 2571 1852 2608 cunt

251 2669 407 2708 carne
426 2664 475 2708 et
496 2670 584 2724 per
612 2669 815 2708 carnem
839 2663 1025 2725 agatur
1041 2695 1055 2718 ,
1081 2652 1217 2721 quod
1243 2651 1415 2722 agitur
1432 2650 1485 2703 in
1502 2647 1654 2701 corde
1683 2645 1847 2719 (Ibid.

249 2761 367 2818 cap.
443 2746 595 2818 15),
655 2746 706 2801 id
771 2754 890 2812 est,
968 2743 1166 2799 anima.
1233 2743 1596 2811 Quin-ctiam
1648 2742 1693 2795 si
1745 2740 1848 2794 ali-

248 2839 464 2909 quando
501 2840 676 2895 anima
720 2839 830 2894 sola
867 2839 1069 2909 cogitet
1103 2880 1117 2902 ,
1153 2838 1266 2891 hsce
1296 2836 1437 2894 illius
1461 2835 1712 2906 cogitatio
1761 2835 1847 2889 vix

249 2948 483 3004 unquam
534 2934 650 2989 sine
694 2935 872 3004 aliquo
911 2932 1156 3003 corporis
1203 2931 1528 2989 commercio
1574 2929 1844 2984 habetur:

251 3027 389 3082 Nam
409 3030 454 3082 si
486 3024 673 3084 volutet
699 3029 822 3099 quid
866 3029 1072 3092 anima,
1104 3028 1177 3080 ait
1220 3026 1584 3080 Tertullianus
1605 3065 1620 3088 ,
1673 3024 1846 3079 uultus

248 3131 486 3191 operatur
508 3123 751 3176 intlicium
778 3163 792 3185 ,
837 3121 996 3193 facies
1019 3120 1355 3175 intentionum
1404 3122 1628 3174 omnium
1661 3135 1844 3190 specu-

245 3216 354 3270 lum
383 3229 454 3272 est
478 3216 640 3289 (Ibid.
656 3216 698 3287 ).

313 3308 431 3365 Jam
465 3326 590 3364 vero
618 3307 970 3378 investigandi
1001 3321 1108 3362 non
1133 3315 1216 3361 est
1240 3306 1398 3359 locus
1426 3313 1608 3359 utrum
1639 3304 1729 3360 ille
1759 3319 1847 3359 re-

246 3415 375 3456 vera
404 3401 656 3470 opinatus
685 3400 757 3454 sit
787 3398 917 3453 nihil
945 3412 1164 3468 prorsus
1210 3411 1371 3465 posse
1399 3395 1633 3449 animam
1682 3390 1863 3464 agerc"

245 3493 366 3549 sine
390 3493 638 3561 corporis
662 3491 989 3546 commercio
1013 3531 1030 3554 ,
1055 3498 1108 3544 et
1130 3490 1249 3545 sine
1277 3488 1419 3542 illius
1464 3487 1736 3544 sensibus.
1769 3486 1843 3543 De

242 3584 344 3639 hac
380 3584 523 3639 enim
553 3584 806 3653 opinione
829 3582 1027 3653 aliquid
1056 3580 1447 3650 praemisimus,
1500 3589 1557 3637 et
1599 3582 1843 3649 proxime

241 3681 310 3737 de
335 3695 395 3736 ea
418 3680 721 3736 disserendi
749 3679 964 3734 dabitur
983 3679 1215 3735 occasio.
1251 3678 1404 3737 Nunc
1452 3678 1632 3749 itaque
1684 3677 1840 3733 sufﬁ-

241 3775 348 3829 ciat
372 3782 661 3829 annotasse
685 3773 946 3843 plurimos
971 3812 988 3837 ,
1009 3772 1167 3827 sicuti
1195 3787 1355 3826 nemo
1399 3781 1560 3841 negat
1585 3812 1598 3836 ,
1645 3772 1840 3827 anima:

241 3878 391 3922 actus
417 3884 524 3924 non
547 3868 664 3927 sine
692 3867 936 3938 corporis
966 3882 1331 3937 sensuumque
1379 3868 1675 3922 ministerio
1714 3884 1840 3938 pcr-

242 3958 347 4014 ﬁci.
382 3957 628 4014 Hominis
649 3958 846 4031 quippe
893 3974 1090 4029 corpus
1122 3959 1192 4014 ita
1251 3958 1444 4013 anima:
1491 3959 1836 4030 conjunctum

238 4060 322 4108 est
347 4095 363 4119 ,
388 4061 450 4107 ut
480 4053 711 4123 plurium
734 4054 927 4109 saltem
958 4052 1095 4108 bene
1121 4062 1213 4107 aut
1241 4051 1381 4108 male
1422 4053 1739 4108 meritorum
1767 4054 1839 4108 sit

240 4145 421 4215 utique
451 4146 735 4216 particeps.
769 4146 936 4219 'l‘otus
965 4144 1123 4216 igitur
1150 4144 1312 4200 homo
1331 4185 1345 4206 ,
1381 4143 1481 4198 hoc
1505 4154 1619 4210 est,
1641 4160 1837 4215 corpus

239 4239 355 4306 ejus
376 4247 436 4294 et
458 4241 634 4294 anima
661 4223 849 4295 ultimo
869 4248 926 4294 et
950 4238 1261 4310 :equissimo
1286 4239 1377 4295 Dei
1402 4238 1607 4309 judicio
1634 4255 1836 4310 reprzc-

237 4331 437 4384 sentari
485 4329 727 4393 debent;
780 4338 838 4384 ut
868 4341 1197 4387 cunctorum
1237 4331 1288 4386 in
1332 4330 1435 4386 bac
1482 4331 1694 4386 mortali
1727 4332 1835 4388 vita

238 4430 477 4475 actorum
507 4429 601 4476 aut
627 4437 836 4491 pmmm
860 4424 1122 4493 recipiant
1140 4433 1234 4479 aut
1258 4426 1564 4495 praemium.

304 4511 493 4583 Neque
523 4512 627 4591 sibi
655 4517 857 4569 Auctor
885 4527 1070 4570 noster
1088 4517 1254 4585 obiici
1304 4518 1502 4585 patitur
1527 4517 1698 4573 solam
1732 4518 1830 4571 hn-

1964 1913 2161 1965 mortui
2192 1911 2411 1967 humani
2459 1913 2705 1982 corporis
2731 1913 2798 1968 ad
2849 1913 3008 1967 vitam
3053 1924 3395 1981 regressum,
3437 1913 3561 1982 quia

1960 2005 2138 2059 anima
2168 2005 2285 2059 sine
2310 2005 2403 2059 illo
2429 2005 2560 2060 nihil
2593 2006 2714 2061 boni
2743 2016 2835 2061 aut
2863 2006 2988 2061 mali
3016 2021 3178 2077 agere
3206 2007 3367 2062 valet.

2030 2097 2137 2153 Sed
2171 2108 2352 2165 tuum,
2394 2101 2439 2155 si
2472 2100 2678 2169 possis,
2730 2115 3010 2157 assensum
3049 2100 3320 2171 paulisper
3364 2099 3557 2157 retine.

1959 2191 2215 2247 Animum
2244 2199 2427 2248 autem
2457 2202 2614 2247 antea
2649 2193 2809 2248 velim
2836 2193 2902 2248 ad
2934 2208 2996 2247 ea
3022 2193 3272 2248 advertas
3294 2234 3308 2256 ,
3341 2207 3462 2264 quae
3490 2192 3559 2248 ab

1958 2283 2150 2339 eodem
2180 2283 2512 2340 Tertulliano
2535 2285 2586 2339 in
2617 2283 2770 2340 libris
2789 2285 2851 2339 de
2876 2286 3059 2339 Attium
3081 2327 3097 2352 ,
3129 2293 3175 2338 et
3199 2284 3556 2339 Resurrectio-

1957 2391 2022 2429 ne
2041 2377 2212 2430 carnis
2232 2375 2499 2446 disputata
2523 2386 2646 2432 sunt
2664 2419 2680 2444 ,
2710 2386 2768 2432 et
2797 2377 2885 2432 ubi
2923 2377 3044 2431 data
3068 2392 3233 2447 opera
3262 2376 3330 2432 de
3358 2377 3553 2433 mortui

1954 2470 2199 2540 corporis
2238 2469 2307 2525 ad
2348 2470 2511 2525 vitam
2544 2472 2718 2526 reditu
2741 2511 2756 2535 ,
2786 2480 2841 2525 et
2867 2471 3060 2525 aninuc
3102 2470 3169 2524 ad
3202 2469 3466 2541 agendum
3498 2479 3554 2524 et

1956 2562 2266 2631 patiendum
2317 2561 2570 2617 facultate
2610 2562 2829 2617 uberius
2875 2561 3111 2617 disserit.
3161 2563 3231 2615 At
3278 2563 3330 2614 in
3374 2561 3552 2630 priore

1956 2652 2467 2708 librodisertissime
2493 2668 2558 2708 ac
2597 2652 2904 2708 ﬁrmissime
2951 2661 3226 2708 asseverat
3279 2653 3552 2718 animam,

1952 2762 1982 2801 a
2010 2760 2240 2815 corpore
2278 2755 2617 2816 separatam,
2646 2744 2728 2799 vel
2783 2746 2889 2814 pati
2931 2744 3208 2811 dolorem,
3239 2743 3320 2798 vel
3355 2742 3551 2814 gaudio

1954 2837 2223 2908 perfundi.
2253 2837 2454 2893 Omnes
2479 2836 2747 2908 siquidem
2776 2835 3054 2890 hominum
3081 2836 3274 2890 anima:
3301 2844 3421 2906 post
3460 2850 3553 2891 eo-

1951 2947 2068 2986 rum
2099 2941 2326 2987 mortem
2353 2931 2494 3002 apud
2526 2930 2728 2985 inferos
2758 2938 2974 2986 manent
2996 2970 3012 2997 ,
3060 2939 3115 2985 et
3144 2928 3268 2984 velis
3287 2969 3303 2995 ,
3346 2929 3548 3000 inquit,

1950 3040 2011 3077 ac
2051 3024 2184 3078 nolis
2216 3035 2263 3078 et
2291 3024 2551 3095 supplicia
2564 3024 2681 3094 jam
2711 3023 2817 3077 illic
2841 3034 2888 3077 et
2914 3024 3203 3095 refrigeria.
3228 3022 3362 3076 Tum
3395 3022 3548 3077 dein-

1949 3121 2016 3171 de
2040 3116 2317 3186 obiicienti
2340 3117 2443 3172 sibi
2474 3115 2862 3186 opperiendam
2889 3098 3009 3172 esse
3029 3117 3223 3171 auium:
3246 3157 3261 3182 ,
3287 3124 3343 3169 ut
3369 3114 3551 3170 doleat

1871 3215 1916 3278 ρ
1946 3222 2040 3264 aut
2067 3210 2339 3281 gaudeat,
2367 3211 2580 3280 carnis“,
2613 3225 2839 3281 Operam
2867 3210 3133 3264 consortis
3157 3249 3173 3275 ,
3205 3208 3550 3263 resurrectio-

1949 3318 2072 3358 nem
2097 3344 2112 3367 ,
2144 3303 2284 3358 haud
2311 3302 2617 3358 dubitanter
2663 3301 2955 3372 respondet
2982 3299 3038 3355 id
3074 3315 3181 3355 non
3211 3313 3332 3355 esse
3357 3313 3545 3353 neces-

1946 3395 2169 3449 sarium.
2215 3395 2347 3449 Nam
2394 3396 2457 3447 de
2495 3410 2626 3458 suo,
2671 3393 2748 3448 uti
2799 3393 2887 3449 ille
2936 3392 3204 3462 loquitur,
3251 3391 3433 3461 stt/ﬁcit
3477 3390 3545 3444 ad

1948 3496 2218 3555 utrumque
2259 3486 2462 3540 titulum
2505 3486 2779 3557 passionis.
2829 3485 2896 3540 Et
2935 3494 3091 3540 certe
3132 3483 3248 3554 ipsa
3275 3484 3389 3539 sola
3426 3484 3545 3539 sine

1946 3580 2188 3647 corporis
2222 3579 2524 3635 ministerio
2561 3579 2645 3635 vel
2673 3581 2781 3645 ira,
2814 3577 2900 3633 vel
2947 3578 3074 3634 odio
3113 3575 3406 3648 aliquando
3435 3585 3545 3633 tor-

1946 3681 2139 3742 quetur
2162 3713 2178 3739 ,
2207 3672 2495 3742 aliquando
2534 3672 2694 3728 etiam
2723 3670 2927 3726 afﬂicto
2966 3684 3193 3740 corpore
3217 3711 3234 3737 ,
3266 3670 3341 3723 uti
3371 3668 3538 3735 Mutii,

1945 3764 2209 3829 Zenonis,
2258 3774 2313 3819 ct
2368 3765 2596 3818 aliorum
2656 3763 2904 3832 exetnplo
2941 3763 3259 3827 conﬁrmat,
3300 3763 3541 3831 furtivum

1942 3861 2039 3914 sibi
2094 3858 2341 3931 gaudium
2379 3860 2595 3931 exquirit
2654 3857 2841 3929 (Ibid.
2877 3857 2920 3928 ).
2956 3857 3154 3912 Contra
3218 3871 3346 3911 vero
3401 3870 3538 3910 non-

1945 3967 2215 4023 nunquam
2239 3993 2253 4015 ,
2284 3953 2452 4006 iltmso
2483 3965 2741 4020 corpore,
2772 3949 2955 4016 dolet,
2997 3948 3259 4018 premitur
3282 3988 3296 4011 ,
3342 3956 3397 4003 et
3437 3962 3538 4001 ex-

1940 4048 2232 4103 cruciatur.
2282 4043 2443 4116 Atqui
2487 4045 2531 4098 si
2581 4045 2632 4099 in
2678 4043 2780 4100 hac
2820 4045 2923 4099 vita
2968 4052 3024 4097 et
3061 4040 3275 4113 corpori
3328 4040 3539 4112 alligata

1895 4146 2133 4216 'gnudio
2180 4154 2270 4200 aut
2323 4159 2561 4201 maerore
2624 4145 2737 4199 sola
2794 4142 3067 4215 afﬁcitur,
3120 4151 3320 4214 quanto
3369 4140 3538 4211 magis

1938 4238 2154 4311 quando
2182 4247 2306 4309 post
2333 4249 2565 4293 mortem
2596 4237 2664 4291 ab
2714 4252 2781 4292 eo
2808 4237 3049 4308 sejuncta
3075 4277 3089 4300 ,
3129 4236 3374 4292 ultimum
3398 4236 3541 4306 judi-

1937 4333 2080 4388 cium
2136 4342 2432 4403 exspectat.
2494 4332 2737 4402 Denique
2785 4333 3001 4402 quidam
3065 4332 3180 4402 ejus
3243 4333 3359 4388 sine
3417 4346 3539 4388 car-

1938 4426 2024 4481 nis
2078 4425 2407 4482 commercio
2462 4434 2586 4479 sunt
2639 4435 2823 4489 actus,
2856 4425 2930 4478 uti
2986 4424 3087 4480 soli
3142 4425 3441 4495 cogitatus,
3483 4433 3539 4480 et

1939 4520 2095 4574 nuda:
2151 4522 2491 4580 Voluntati-8,
2546 4534 2661 4587 qua:
2721 4535 2940 4572 censura
2995 4518 3169 4572 divina
3215 4518 3537 4587 prosequitur

237 4605 395 4660 minis
424 4604 656 4660 animam
688 4606 862 4662 libero
892 4608 964 4661 uti
995 4608 1289 4662 voluntatis
1316 4610 1536 4663 arbitrio
1557 4652 1569 4673 ,
1609 4621 1663 4665 ct
1706 4628 1831 4666 cor-
1854 4607 1909 4667 D
1936 4611 2128 4684 (Idem,
2177 4611 2265 4665 lib.
2295 4612 2359 4664 de
2398 4612 2564 4665 Anim.
2595 4627 2710 4682 cap.
2754 4612 2815 4666 l7
2841 4610 2880 4682 ).
2916 4610 2993 4665 Ex
3023 4610 3216 4679 quibus
3266 4610 3356 4665 illo
3393 4608 3532 4662 hanc

235 4715 331 4769 pus
362 4708 613 4769 tanquam
652 4700 1071 4756 instrumentum
1121 4702 1175 4755 in
1205 4703 1384 4757 munia
1438 4702 1661 4773 impelli.
1708 4704 1827 4761 Non

237 4793 375 4849 enim
404 4793 531 4848 illud
560 4802 878 4850 extraneum
900 4795 1099 4850 animm
1129 4793 1546 4849 instrumentum
1573 4806 1659 4853 est
1684 4839 1699 4861 ,
1731 4797 1827 4853 sed

238 4888 367 4945 adeo
392 4887 601 4944 anima!
624 4888 914 4945 adunatum
942 4932 957 4953 ,
999 4898 1058 4944 ut
1081 4889 1221 4946 sicut
1259 4890 1531 4944 actionum
1570 4890 1720 4961 ejus,
1754 4891 1827 4948 ita

228 4987 286 5033 et
304 4981 614 5035 mcritormn
642 4983 714 5036 sit
737 4981 1025 5051 particeps.
1049 4981 1176 5037 Post
1202 4980 1385 5036 mundi
1413 4997 1547 5053 ergo
1568 4983 1729 5038 linem
1758 4984 1825 5039 ad

232 5070 394 5132 vitam
425 5070 587 5127 debet
612 5074 891 5141 revocari,
922 5085 983 5129 ut
1005 5075 1152 5143 justo
1178 5074 1275 5130 Dei
1302 5074 1508 5144 judicio
1535 5090 1632 5146 pro
1661 5077 1826 5132 meri-

235 5164 298 5218 tis
328 5165 575 5233 puniatur
603 5178 693 5221 aut
723 5178 1118 5224 remuneretur.

296 5254 675 5339 Tertiuman
698 5257 1060 5315 Tertullianus
1101 5261 1330 5315 futuram
1379 5261 1612 5316 hominis
1639 5278 1821 5318 resur-

218 5347 527 5402 rectionem
557 5348 784 5418 probare
813 5351 999 5407 nititur
1020 5393 1037 5419 ,
1061 5365 1433 5424 argumentum
1462 5369 1558 5408 sua
1588 5354 1821 5410 difﬁcul-

218 5446 331 5494 tate
361 5453 465 5494 non
492 5452 639 5495 caret
665 5482 679 5508 ,
731 5444 1080 5514 phtribusque
1109 5446 1300 5500 falsum
1342 5446 1631 5502 videbitur.
1664 5448 1820 5504 llunc

218 5531 360 5586 enim
384 5531 482 5587 ille
502 5535 980 5603 argumentabatur
1000 5536 1051 5590 in
1077 5537 1291 5590 modum
1314 5537 1510 5602 (Idem,
1542 5538 1812 5611 Apuloget.

228 5641 339 5695 cap.
366 5625 457 5691 48,
492 5642 616 5698 pag.
647 5627 774 5696 520)
807 5645 820 5683 :
850 5626 977 5684 Ideo
1023 5631 1519 5701 reprtzsentabuntur
1545 5633 1731 5690 animm
1767 5644 1815 5688 et

226 5734 469 5789 corpora;
497 5719 631 5789 quia.
644 5735 807 5792 neque
834 5721 943 5790 pati
969 5722 1250 5793 quidquam
1296 5732 1457 5794 potest
1500 5726 1673 5780 anima
1702 5726 1815 5781 sola

224 5812 323 5866 sine
344 5813 558 5867 nrateria
576 5813 747 5871 stabili
764 5856 779 5882 ,
810 5816 865 5869 id
888 5827 966 5873 cst
990 5859 1005 5886 ,
1036 5833 1208 5875 carne.
1238 5815 1506 5890 Numquid
1530 5834 1662 5891 ergo
1689 5823 1807 5878 ani-

1936 4705 2080 4759 clicit
2145 4704 2547 4758 conclusionem
2594 4723 2606 4758 :
2651 4702 2793 4775 Ergo
2861 4713 3066 4774 propter
3129 4701 3531 4774 congruentissi-

1934 4812 2072 4849 mum
2107 4805 2180 4849 est
2205 4796 2450 4861 animum,
2494 4796 2608 4850 licet
2652 4813 2752 4850 non
2783 4805 3073 4866 exspectata
3103 4812 3255 4850 carne
3277 4836 3289 4857 ,
3311 4793 3486 4865 puniri
3511 4837 3529 4864 ,

1930 4889 2069 4961 quod
2105 4905 2206 4943 non
2235 4889 2429 4943 sociata
2472 4906 2626 4944 carne
2650 4890 2948 4944 commisit:
2988 4890 3053 4943 sit
3078 4898 3124 4941 et
3172 4888 3235 4941 ob
3280 4887 3533 4958 cogitatus

1932 4983 2043 5050 pios
2076 4991 2137 5035 .et
2188 4981 2485 5046 benevolos.
2538 4982 2593 5035 in
2639 4981 2820 5051 quibus
2865 4996 3018 5035 carne
3061 4996 3165 5034 non
3215 4980 3391 5051 eguit,
3421 4978 3532 5036 sine

1928 5090 2081 5127 carne
2125 5075 2449 5129 recreabitur.
2483 5074 2684 5129 Eadem
2729 5089 2897 5137 vero,
2946 5081 2997 5128 et
3024 5072 3175 5142 plttl'a
3221 5072 3324 5127 alia
3372 5073 3424 5127 in
3458 5073 3526 5127 li-

1931 5165 2028 5220 bro
2049 5165 2117 5221 dc
2140 5166 2552 5223 Resurrectioue
2580 5167 2760 5223 carnis
2787 5165 3046 5229 tradidit,
3101 5166 3188 5220 ubi
3221 5181 3288 5221 ex
3321 5165 3529 5236 profes-

1929 5275 1990 5314 so
2041 5260 2379 5316 demonstrat
2425 5260 2492 5315 ad
2540 5261 2700 5316 vitam
2742 5258 3081 5315 revocandos
3129 5274 3253 5316 esse
3302 5260 3523 5315 omnino

1928 5352 2195 5410 homines.
2546 5372 2551 5375 ·

1995 5447 2134 5517 Quid
2191 5462 2354 5517 ergo,
2400 5446 2643 5517 inquies,
2696 5446 2952 5518 numquid
2998 5437 3526 5503 Tertullianus’tatn
3566 5485 3571 5489 ς

1923 5538 2155 5596 absurde
2182 5539 2285 5594 sibi
2342 5538 2711 5594 contradixit?
2740 5536 2845 5594 Sed
2889 5538 2934 5593 si
2976 5553 3295 5608 suspensum
3342 5537 3519 5594 adhuc

1920 5635 2156 5688 animum
2182 5631 2381 5687 habere
2410 5632 2574 5696 velis,
2604 5632 2865 5688 sublatam
2896 5633 2966 5688 ab
2993 5632 3109 5703 ipso
3137 5632 3344 5688 videbis
3376 5632 3515 5688 hanc

1917 5725 2128 5781 tametsi
2167 5741 2274 5782 non
2300 5724 2574 5781 minimam
2604 5725 3047 5783 contradictionis
3074 5725 3332 5796 speciem.
3372 5724 3510 5781 Nam

1914 5820 1970 5881 in
1998 5819 2190 5877 eodem
2219 5817 2287 5876 de
2304 5818 2733 5879 .Resurrectione
2762 5819 2900 5878 libro
2925 5834 2988 5876 ea
3022 5819 3246 5896 repetit,
3278 5834 3398 5892 quas
3422 5818 3519 5873 di-
