4092 6352
521 269 631 330 895

524 393 713 454 serat,
777 384 986 443 animas
1048 398 1185 441 nunc
1242 383 1470 456 torqueri
1520 383 1774 469 foverique
1830 399 1982 456 penes
2035 384 2117 439 in-

529 483 702 553 feros,
743 481 858 537 licet
881 479 1081 549 nudas,
1106 479 1222 537 licet
1258 480 1429 537 adhuc
1467 481 1665 536 exsules
1709 481 1878 535 carnis
1919 478 2114 550 (Idem,

531 574 618 631 lib.
663 574 728 629 de
763 572 1053 629 Resurrect.
1108 590 1252 630 earn.
1297 591 1415 646 cap.
1464 575 1533 631 l7
1571 573 1613 647 ).
1663 572 1799 641 Quia
1839 588 1965 629 vero
2024 588 2119 644 op-

532 683 735 740 ponere
786 678 972 724 contra
1000 668 1226 740 quidam
1265 678 1512 742 poterant
1566 669 1691 725 inde
1729 667 1920 725 confici
1960 681 2122 739 posse

532 762 766 818 animam
829 761 930 819 sibi
996 762 1075 819 sic
1138 762 1389 820 sufficere
1452 765 1521 818 ad
1583 764 1926 836 facultatem,
1984 763 2123 820 sicut

532 854 650 925 ipse
694 854 963 926 loquitur,
1012 855 1267 926 passionis
1316 866 1363 910 et
1410 872 1618 920 sensus,
1660 864 1715 910 ut
1744 872 1845 910 non
1876 863 2016 927 egeat
2044 870 2125 910 re-

537 948 930 1018 praesentatione
956 948 1154 1015 carnis,
1188 949 1270 1005 his
1300 949 1389 1004 ille
1428 948 1715 1019 reswndet
1748 946 1937 1020 (Ibid.)
1965 967 1977 1003 :
2007 947 2125 1004 Ima

440 1057 443 1059 ‘
536 1046 746 1095 eatenus
790 1039 949 1112 egebit
987 1057 1089 1095 non
1140 1057 1241 1111 qua
1287 1042 1472 1096 sentire
1499 1042 1622 1115 quid
1666 1041 1776 1096 sine
1817 1057 1971 1096 carne
2024 1057 2127 1096 non

536 1118 733 1201 possit,
763 1131 853 1187 sed
875 1149 974 1204 qua
995 1140 1193 1190 necesse
1226 1143 1299 1189 est
1338 1134 1479 1189 illam
1506 1135 1657 1189 etiant
1697 1151 1812 1189 cum
1833 1151 1988 1190 carne
2013 1151 2128 1190 sen-

535 1228 647 1282 tire.
680 1226 939 1296 Quantum
960 1229 1093 1283 enim
1122 1230 1190 1283 ad
1210 1230 1463 1301 agendum
1483 1230 1546 1285 de
1569 1247 1662 1285 suo
1682 1231 1874 1302 sufﬁcit
1892 1271 1907 1297 ,
1932 1239 2130 1285 tantum

535 1320 607 1375 ad
634 1322 948 1391 patiendum.
979 1323 1059 1377 Ad
1083 1324 1335 1394 agendum
1361 1325 1493 1379 enim
1522 1324 1688 1379 minus
1712 1324 1775 1379 de
1798 1341 1889 1379 suo
1913 1324 2127 1396 sufﬁcit.

540 1413 707 1469 Habet
730 1415 861 1470 enint
886 1415 947 1471 de
972 1433 1066 1471 suo
1091 1418 1408 1472 solummodo
1433 1418 1651 1488 cogitare
1675 1459 1691 1485 ,
1731 1418 1858 1473 velle
1880 1461 1895 1487 ,
1926 1435 2128 1489 cupere,

541 1507 809 1579 disponere
829 1551 844 1575 ,
873 1508 942 1562 ad
968 1510 1331 1580 perﬁciendum
1382 1522 1551 1565 autem
1590 1528 1797 1582 operam
1821 1511 1991 1566 carnis
2010 1527 2132 1566 exs-

543 1610 728 1670 pectat.
754 1600 846 1657 Sic
883 1603 1053 1673 itaque
1091 1604 1160 1657 ad
1183 1604 1479 1674 patiendum
1523 1622 1729 1677 Operam
1775 1606 1943 1661 carnis
1972 1622 2133 1677 expo-

541 1693 701 1749 stulat
723 1708 743 1758 ;
772 1696 829 1747 u't
861 1704 963 1750 tam
993 1696 1139 1767 plene
1160 1713 1250 1767 per
1273 1714 1386 1751 eam
1416 1698 1521 1766 pati
1553 1698 1740 1767 possit,
1770 1711 1922 1766 quam
1943 1697 2052 1752 sine
2075 1712 2136 1751 ea

544 1789 692 1859 plene
710 1806 860 1859 agere
885 1806 985 1844 non
1013 1790 1195 1860 potuit.
1234 1789 1296 1844 Et
1321 1790 1432 1845 ideo
1472 1791 1523 1845 in
1549 1806 1664 1863 quae
1684 1790 1748 1845 de
1770 1807 1862 1845 suo
1905 1790 2132 1862 sufﬁcit,

543 1897 722 1936 eorum
764 1882 967 1936 interim
1018 1882 1319 1936 sententiam
1371 1882 1547 1953 pendit
1596 1883 2040 1953 concupiscentiae,
2086 1892 2138 1937 et

545 1975 795 2046 cogitatus
815 2015 831 2039 ,
881 1984 926 2029 et
956 1976 1249 2030 voluntatis.
1296 1975 1464 2031 Porro
1493 1977 1537 2031 si
1564 1978 1672 2029 lucc
1715 1977 1841 2032 satis
1867 1984 2029 2032 essent
2070 1975 2140 2031 ad

547 2068 915 2139 plenitudinem
937 2068 1233 2124 meritorum
1257 2110 1270 2133 ,
1295 2079 1349 2123 ut
1378 2087 1478 2124 non
1504 2070 1877 2141 requirerentur
1903 2079 1950 2123 et
1978 2073 2136 2140 facta,

546 2159 802 2231 sufﬁceret
829 2161 883 2215 in
923 2171 1081 2216 totum
1121 2162 1295 2216 anima
1327 2162 1395 2215 ad
1434 2163 1789 2233 perfectionem
1810 2161 2036 2233 judicii,
2078 2161 2142 2217 de

548 2252 627 2308 Itis
671 2251 988 2324 iudicanda,
1039 2254 1096 2307 in
1137 2269 1251 2324 qua:
1296 2254 1493 2325 agenda
1532 2254 1643 2309 sola
1685 2252 1973 2321 suffecerat.
2014 2251 2143 2308 Cum

549 2360 667 2400 vero
698 2346 851 2401 etiam
893 2347 1032 2417 facta
1073 2345 1306 2400 devincta
1350 2347 1449 2400 sint
1495 2347 1685 2402 meritis
1715 2388 1730 2413 ,
1790 2349 1927 2417 facta
1974 2354 2141 2399 autem

551 2453 644 2507 per
688 2453 894 2492 carnem
937 2437 1389 2505 administrentur,
1415 2439 1525 2509 iam
1570 2454 1671 2492 non
1700 2438 1893 2509 sufﬁcit
1919 2437 2144 2491 animam

551 2529 661 2583 sine
687 2545 839 2584 carne
876 2531 1033 2603 foveri
1057 2574 1071 2598 ,
1112 2532 1216 2587 sive
1262 2532 1482 2585 cruciari
1521 2548 1617 2602 pro
1657 2531 1893 2602 operibus
1932 2530 2102 2585 carnis
2125 2570 2143 2597 ,

553 2622 646 2677 etsi
671 2622 817 2677 habet
843 2623 1066 2677 membra
1092 2665 1107 2692 ,
1151 2640 1264 2694 qua:
1312 2623 1524 2693 proinde
1550 2623 1628 2677 illi
1656 2640 1757 2677 non
1785 2622 2050 2692 sufﬁciunt
2078 2619 2147 2674 ad

553 2718 868 2773 sentiendum
922 2718 1068 2786 plene
1094 2757 1110 2784 ,
1167 2717 1592 2788 quemadmodum
1639 2733 1728 2771 nec
1774 2715 1843 2770 ad
1893 2714 2149 2786 agendum

559 2811 796 2881 perfecte.
825 2808 1030 2864 Idcirco
1060 2826 1152 2880 pro
1176 2826 1377 2879 quoquo
1406 2808 1556 2863 modo
1587 2808 1686 2879 egit
1711 2850 1724 2872 ,
1755 2824 1847 2877 pro
1878 2823 1935 2861 eo
1961 2814 2008 2860 et
2057 2821 2150 2876 pa-

560 2902 686 2956 titur
712 2901 851 2972 apud
892 2902 1122 2972 inferos,
1173 2903 1329 2972 prior.
1360 2900 1634 2972 degustans
1674 2899 1972 2969 judicium,
2021 2896 2151 2951 sicut

562 2994 704 3065 prior
731 2992 930 3047 induxit
955 2993 1273 3057 admissum;
1299 3002 1594 3059 exspectans
1623 3001 1788 3044 tamen
1815 3000 1862 3043 et
1904 3004 2149 3055 carnem,

558 3095 615 3139 ut
645 3101 734 3156 per
764 3085 907 3139 illam
933 3085 1083 3139 etiam
1112 3088 1248 3156 facta
1288 3092 1574 3154 compenset
1594 3126 1607 3149 ,
1640 3084 1722 3137 cui
1746 3082 1967 3155 cogitata
2008 3098 2156 3135 man-

563 3176 721 3231 davit.
753 3174 941 3231 Totam
993 3175 1132 3231 banc
1155 3177 1405 3253 Auctoris
1426 3176 1594 3230 nostri
1636 3175 2151 3246 argumentationem

558 3279 613 3326 et
641 3268 1044 3341 responsionem
1066 3311 1082 3335 ,
1109 3270 1318 3325 tametsi
1348 3244 1504 3339 paulo
1534 3242 1824 3338 longiorem
1858 3267 2151 3337 transcrip—
2178 3242 2224 3306 Ο

561 3363 770 3429 simus,
835 3362 1266 3435 quandoquidem
1318 3377 1381 3418 ea
1434 3379 1540 3417 non
1609 3371 1813 3417 tantum
1867 3361 2156 3431 propositae

564 3457 722 3513 nobis
749 3455 1084 3513 difficultatis
1110 3456 1285 3513 nodus
1307 3458 1464 3527 plane
1490 3446 1715 3512 solvitur
1735 3498 1750 3525 ,
1777 3456 1873 3512 sed
1901 3455 2155 3512 nonnulla

563 3563 778 3620 quoque
814 3548 883 3603 de
919 3548 1111 3603 animm
1143 3559 1329 3603 natura
1376 3550 1500 3605 inde
1549 3558 1832 3615 eruuntur,
1880 3565 2001 3620 qua:
2042 3548 2158 3605 sine

564 3638 740 3710 aliqua
762 3637 1138 3695 observatione
1193 3640 1641 3710 przntermittcuda
1666 3657 1772 3696 non
1795 3648 1940 3695 sunt.

642 3730 810 3786 Docet
841 3732 1020 3803 itaque
1049 3729 1281 3786 animam
1305 3732 1500 3786 nudam
1526 3747 1591 3786 ac
1619 3734 1736 3786 sine
1764 3732 2005 3801 Corporis
2025 3746 2160 3787 con-

569 3822 738 3879 sortio
763 3822 901 3893 apud
926 3824 1128 3878 inferos
1171 3838 1357 3878 revera
1396 3834 1487 3878 aut
1538 3826 1802 3895 torqueri,
1845 3832 1937 3878 aut
1966 3821 2158 3878 foveri.

569 3914 705 3985 Quia
731 3931 858 3971 vero
890 3916 1015 3971 binc
1038 3916 1199 3987 objici
1232 3917 1332 3985 ipsi
1364 3927 1568 3987 poterat
1598 3933 1715 3972 eam
1749 3931 1853 3972 non
1885 3932 2006 3973 esse
2032 3916 2163 3973 sub-

571 4010 822 4064 stantiam
847 4025 996 4066 ruere
1024 4010 1353 4080 spiritalem,
1396 4010 1492 4066 sed
1523 4026 1838 4082 corpoream
1860 4052 1876 4074 ,
1919 4024 2052 4078 aut,
2104 4019 2165 4067 ut

575 4099 691 4169 ipse
728 4100 803 4156 ait
824 4143 840 4169 ,
872 4103 1245 4171 corpulentiam
1276 4103 1540 4171 prapriam
1565 4142 1580 4166 ,
1630 4102 1804 4158 noluit
1835 4102 1975 4158 hanc
1999 4143 2013 4167 ,
2044 4118 2164 4174 quae

574 4192 890 4250 difﬁcilioris
935 4210 1113 4266 operte
1154 4207 1304 4262 erat,
1353 4204 1605 4251 excutere
1649 4197 2041 4267 quaestionem,
2097 4211 2167 4253 ne

579 4287 780 4344 diutius
807 4305 837 4344 a
866 4292 1144 4362 propin-tito
1184 4293 1477 4348 aberraret.
1510 4291 1729 4348 Interim
1758 4293 1989 4348 concidit
2017 4334 2031 4359 ,
2067 4307 2168 4349 nec

579 4391 756 4438 tamen
787 4382 1005 4450 fatetur,
1031 4385 1248 4457 aliquod
1278 4401 1396 4441 esse
1417 4386 1611 4461 anitum
1638 4402 1855 4457 corpus,
1874 4395 1928 4441 et
1956 4385 2166 4457 propria

579 4473 823 4545 quaedam
852 4476 1066 4546 generis
1092 4478 1172 4531 sui
1215 4477 1481 4534 membra.
1513 4479 1585 4534 At
1626 4478 1985 4534 disertissime
2023 4493 2168 4535 asse-

578 4577 730 4623 verat
761 4566 1007 4639 proprios
1033 4584 1154 4624 esse
1183 4571 1376 4624 anima:
1405 4581 1588 4639 actus,
1620 4588 1649 4627 a
1680 4587 1907 4643 corpore
1948 4572 2170 4628 minime

1608 266 1675 326 IN
1714 262 2175 327 TEBTUBLIANI
2210 265 2738 328 APOLOGETICUM

2220 385 2462 455 corporis
2510 384 2772 454 vinculis,
2819 384 2950 455 pati,
2997 383 3268 456 torqueri,
3318 384 3568 445 cruciari.
3616 384 3833 444 Verum

2220 477 2343 548 quia
2372 476 2534 532 etiam
2564 477 2618 534 in
2642 477 2743 534 bac
2765 476 2871 532 vita
2898 491 2995 533 sua
3025 490 3146 532 eum
3175 491 3406 541 corpore
3434 476 3599 535 multa
3626 492 3837 549 pecca-

2224 568 2334 638 vit,
2382 568 2586 626 idcirco
2636 578 2695 625 ut
2746 584 2844 640 pro
2874 569 3081 626 meritis
3117 569 3369 642 puniatur
3407 578 3466 628 et
3507 572 3823 637 crucietur,

2227 675 2328 717 suo
2393 662 2648 732 corpori,
2702 661 2771 719 ad
2817 661 2985 718 vitam
3048 671 3303 720 revocato
3335 705 3350 730 ,
3411 662 3573 721 debet
3625 663 3828 720 iterum

2225 752 2500 824 conjungi.
3168 738 3171 745 ι
3532 746 3559 751 ”

2299 845 2395 901 His
2424 855 2600 902 autem
2629 846 2710 902 sic
2737 846 3041 915 explieatis,
3071 848 3344 904 evanescit
3369 847 3578 920 objecta
3601 848 3831 906 Termi-

2228 939 2355 996 liani
2385 939 2761 996 contradictio.
2788 939 2955 996 [tecte
2985 940 3128 995 enim
3155 939 3291 996 dixit
3311 941 3545 997 animam
3571 941 3692 997 sine
3712 954 3834 995 oor-

2231 1046 2359 1100 pore
2375 1030 2573 1102 aliquid
2597 1046 2780 1086 revera
2797 1032 2924 1101 pati,
2948 1040 3003 1087 et
3026 1031 3153 1086 nihil
3175 1034 3279 1101 pati
3302 1046 3479 1103 posse.
3504 1031 3606 1088 Ubi
3626 1032 3835 1102 quippe

2229 1124 2304 1179 ait
2333 1123 2462 1179 nihil
2489 1138 2647 1195 posse
2668 1125 2773 1195 pati
2795 1165 2810 1189 ,
2840 1124 2911 1180 ibi
2932 1124 3436 1197 subiutelligendum
3462 1133 3547 1180 est
3572 1124 3724 1195 plene
3771 1140 3839 1177 ae

2233 1222 2483 1291 perfecte,
2512 1218 2625 1273 sive
2652 1228 2908 1285 quantmn
2952 1218 3065 1287 ipsa
3105 1232 3227 1272 cum
3277 1231 3508 1288 corpore
3554 1214 3840 1286 peccando

2233 1309 2546 1380 promeruit.
2578 1307 2714 1363 Cum
2748 1324 2855 1380 quo
2881 1310 3022 1365 enim
3053 1309 3293 1378 peccavit
3314 1351 3328 1374 ,
3383 1323 3503 1364 cum
3532 1323 3601 1364 eo
3644 1308 3842 1378 utique

2235 1402 2411 1473 puniri
2437 1399 2614 1457 debet.
2668 1400 2795 1457 iure
2838 1415 2970 1471 ergo
3018 1400 3379 1456 Tertullianus
3430 1400 3555 1457 inde
3600 1400 3844 1455 futuram

2236 1493 2425 1566 probat
2445 1492 2690 1564 corporis
2721 1494 2918 1549 mortui
2943 1493 3010 1549 ad
3040 1493 3203 1547 vitam
3235 1493 3637 1549 revocationem
3659 1533 3677 1559 ,
3710 1491 3845 1561 quia

2237 1587 2414 1641 anima
2441 1585 2556 1640 sola
2588 1585 2694 1657 pati
2728 1600 2834 1641 non
2876 1593 3055 1657 potest
3083 1599 3298 1655 penam
3327 1582 3574 1639 videlicet
3619 1582 3848 1652 plenam

2238 1693 2303 1735 ac
2329 1677 2626 1750 perfectam
2646 1720 2661 1747 ,
2690 1687 2745 1736 et
2773 1678 2985 1750 qualem
3006 1693 3126 1735 cum
3146 1693 3375 1751 corpore
3396 1676 3667 1750 peccando
3688 1692 3850 1734 corn-

2239 1772 2455 1829 meruit.

2163 1849 2212 1910 Β
2312 1866 2368 1923 Si
2390 1834 2517 1937 quid
2550 1880 2709 1936 porro
2732 1864 2814 1920 bis
2837 1864 3074 1934 adjicere
3104 1863 3259 1920 nobis
3305 1878 3402 1934 per
3445 1872 3498 1919 te
3518 1863 3710 1929 liceat,
3742 1830 3852 1918 ob-

2242 1958 2575 2016 servabimus
2599 1956 2704 2013 hoc
2732 1958 2849 2026 ipso
2877 1956 3068 2013 eodem
3095 1963 3412 2027 argumento
3441 1969 3508 2011 ex
3530 1953 3706 2024 poenis
3754 1961 3857 2009 aut

2244 2053 2500 2125 praemiis,
2529 2052 2667 2107 bene
2691 2060 2782 2104 aut
2808 2050 2948 2106 male
2979 2050 3030 2105 in
3060 2048 3163 2105 hac
3185 2049 3294 2104 vita
3318 2048 3496 2118 agenti
3524 2046 3731 2104 homini
3754 2047 3857 2104 de-

2243 2146 2369 2202 bitis
2398 2146 2560 2215 petito
2588 2143 2887 2198 luculenter
2917 2141 3130 2213 probari
3159 2141 3304 2199 hunc
3329 2139 3566 2196 futurum
3597 2139 3853 2212 ejusdem

2246 2237 2478 2294 hominis
2502 2235 2569 2292 ad
2598 2236 2757 2290 vitam
2808 2249 3113 2306 regressum
3165 2232 3234 2288 ab
3278 2232 3565 2289 Ambrosio
3589 2272 3605 2301 ,
3650 2240 3711 2314 ut
3750 2245 3857 2287 suo

2245 2330 2364 2387 loco
2384 2370 2400 2397 ,
2429 2337 2593 2401 atque
2622 2327 2964 2401 Athenagora
2983 2369 2999 2396 ,
3030 2326 3261 2382 Minucio
3288 2324 3471 2381 Felice
3491 2366 3507 2392 ,
3534 2332 3591 2381 et
3618 2324 3858 2380 Lactan—

2248 2424 2352 2491 tio,
2383 2420 2835 2493 quemadmodum
2867 2420 2918 2475 in
2953 2421 3150 2475 nostris
3174 2418 3240 2474 de
3271 2417 3485 2472 illorum
3536 2415 3689 2472 libris
3730 2414 3857 2470 dis-

2247 2517 2630 2573 sertationibus
2657 2514 3028 2579 ostendimus;
3075 2513 3203 2583 quin
3236 2512 3345 2566 imo
3388 2518 3444 2566 et
3471 2508 3597 2565 inde
3645 2509 3715 2564 ab
3767 2523 3842 2564 eo

2249 2609 2373 2664 dem
2405 2607 2682 2663 Lactantio
2705 2606 3066 2662 demonstrari
3095 2604 3290 2660 anima:
3333 2611 3539 2658 nostra:
3568 2602 3858 2656 immorta-

2251 2701 2454 2757 litatum
2482 2699 2742 2773 (Ambros.
2775 2700 2892 2754 libr.
2920 2699 2976 2765 2,
3007 2700 3071 2752 de
3102 2696 3236 2752 Fide
3254 2704 3522 2752 resurrect.
3547 2693 3576 2766 ᾗ
3606 2694 3694 2761 12,
3725 2711 3854 2767 pag.

2253 2794 2390 2849 ΜΗ
2415 2809 2430 2858 ;
2463 2803 2585 2847 tom.
2617 2790 2638 2845 Ι
2692 2791 2944 2860 Appurat.
2978 2807 3096 2861 pag.
3124 2789 3270 2853 475;
3317 2786 3590 2843 Dissertat.
3637 2787 3691 2842 in
3720 2785 3861 2841 Lac-

2252 2894 2379 2940 tant.
2413 2902 2528 2955 cap.
2552 2884 2623 2940 Si
2645 2926 2660 2953 ,
2694 2896 2794 2940 art.
2820 2886 2877 2953 ὅ,
2906 2894 2952 2940 et
2969 2901 3085 2956 cap.
3109 2883 3205 2952 29,
3235 2892 3336 2937 art.
3358 2881 3417 2948 5,
3441 2881 3643 2938 dissert.
3668 2882 3721 2936 in
3741 2879 3857 2935 ﬂi-

2255 2987 2365 3033 nut.
2395 2994 2511 3048 cap.
2538 2978 2593 3046 7,
2617 2987 2719 3032 urt.
2742 2976 2778 3032 2
2806 2977 2849 3049 ).

2862 3084 3157 3127 Αιιτιουιυε
3197 3085 3253 3124 Il.

2263 3186 2460 3255 Quibus
2487 3185 2763 3257 exemplis,
2791 3199 2949 3254 quove
2997 3162 3206 3255 Pylltite
3230 3179 3471 3247 oraculo,
3520 3195 3581 3235 ac
3624 3178 3864 3250 philoso-

2330 3279 2550 3349 phorum
2633 3277 2698 3331 de
2764 3276 3053 3330 animarum
3116 3274 3562 3346 transmigrtttione
3613 3272 3866 3327 sententia

2334 3370 2687 3427 Tertullianus
2740 3370 2973 3425 ostendat
3000 3383 3340 3439 quoscumque
3364 3376 3590 3421 mortuos
3627 3364 3864 3419 homines

2330 3464 2385 3519 in
2413 3466 2686 3534 pristinum
2729 3464 2846 3517 vita:
2880 3462 3075 3517 'statum
3122 3459 3495 3526 restituendos,
3529 3468 3579 3513 et
3622 3457 3865 3529 apposita

2334 3565 2635 3628 arguntenta
2654 3554 2838 3608 diluat.

2334 3650 2649 3721 Quanquam
2708 3648 3076 3719 superioribus
3126 3645 3457 3717 argumentis
3497 3642 3868 3700 Tertullianus

2264 3743 2668 3800 evidentissime
2695 3739 3146 3796 demonstraverit
3167 3737 3434 3809 quoslibet
3451 3735 3700 3791 homines
3727 3748 3866 3803 pos-

2271 3851 2331 3891 se
2357 3833 2739 3904 omnipotentis
2786 3832 2882 3887 Dei
2911 3830 3185 3885 voluntate
3226 3827 3540 3885 essuscitari
3582 3842 3610 3879 a
3638 3833 3823 3881 morte
3846 3863 3867 3891 ,

2266 3928 2453 4000 quovis
2481 3926 2639 3981 modo
2677 3925 2950 3995 oppetita;
2979 3921 3222 3994 pluribus
3245 3931 3421 3975 tamen
3462 3916 3725 3987 exemplis
3750 3916 3872 3972 hac

2267 4017 2587 4075 eonfirmare
2609 4016 2811 4071 nititur.
2834 4016 2938 4071 Sed
2973 4013 3315 4069 dissimulare
3361 4010 3442 4067 fas
3466 4009 3619 4064 nobis
3639 4023 3752 4064 non
3784 4016 3874 4064 est

2270 4113 2385 4180 bis,
2420 4121 2478 4168 ut
2510 4120 2635 4183 pote
2679 4127 2787 4166 non
2816 4110 3038 4166 omnino
3070 4108 3316 4180 paribus,
3339 4103 3530 4162 confici
3565 4119 3673 4158 non
3705 4116 3873 4173 posse

2232 4246 2241 4251 ι
2269 4207 2560 4280 perfectam
2586 4246 2602 4272 ,
2630 4212 2684 4258 et
2712 4202 2951 4257 numeris
2995 4200 3247 4256 omnibus
3289 4197 3587 4253 absolutam
3615 4192 3875 4255 humana:

2271 4298 2679 4357 resurrectionis
2715 4295 3249 4352 demonstrationem.
3278 4294 3369 4347 vAt
3394 4291 3459 4346 iis
3513 4288 3702 4346 saltem
3759 4301 3875 4344 non

2271 4392 2453 4462 inepte
2497 4364 2803 4446 confirmari
2841 4396 3016 4458 potest
3060 4386 3255 4441 frustra
3293 4397 3324 4438 a
3350 4380 3637 4455 gentilibus
3686 4378 3878 4451 negari

2274 4483 2520 4539 homines
2545 4480 2612 4537 ad
2642 4480 2926 4553 pristinum
2954 4477 3200 4535 revocari
3225 4490 3386 4549 posse
3431 4482 3721 4531 transacta:
3749 4472 3880 4530 vita:

2275 4587 2495 4634 statum.

580 4659 947 4732 dependellles
966 4702 983 4727 .
1028 4662 1211 4732 (ιιιίιιεε
1235 4671 1361 4716 sum
1390 4663 1656 4743 ευεῖιειιυξ
1675 4706 1690 4731 ,
1745 4639 2081 4725 Vltimum“.
2114 4672 2169 4719 el-
2194 4639 2249 4699 D
2348 4670 2647 4727 Prmmissis
2674 4676 2850 4725 autem
2870 4663 3474 4743 adversusmorosiores
3489 4660 3701 4718 critieos
3724 4658 3881 4716 hisce

581 4753 1050 4826 concupiscentiae.
1083 4752 1143 4807 lli
1185 4763 1364 4808 autem
1389 4764 1571 4821 actus,
1602 4763 1663 4810 ut
1702 4754 1753 4809 id
1801 4754 1976 4810 obiter
2023 4754 2170 4809 dica-

579 4864 731 4916 mus,
766 4849 810 4905 si
836 4849 1055 4904 omnino
1084 4848 1395 4920 spirituales
1417 4859 1575 4916 sunt,
1610 4850 1779 4921 ipsam
1810 4850 1980 4905 multo
2002 4850 2170 4921 magis

579 4940 811 4996 animam
834 4941 1165 5012 spiritualem
1188 4956 1309 4996 csse
1337 4956 1531 5012 negare
1554 4955 1657 4996 non
1690 4949 1917 5011 poterat.

651 5031 832 5089 Solius
861 5048 1022 5104 porro
1047 5034 1241 5089 animae
1268 5049 1389 5090 cum
1421 5033 1475 5089 bi
1527 5035 1636 5090 siut
1679 5043 1832 5090 actus
1855 5075 1871 5102 ,
1900 5034 2061 5091 habet
2106 5035 2176 5091 de

584 5140 684 5183 suo
726 5141 832 5183 non
880 5128 1055 5184 solum
1104 5128 1247 5199 quod
1296 5137 1453 5199 agat,
1499 5138 1556 5185 et
1593 5129 1863 5200 patiatur,
1920 5128 2016 5184 sed
2069 5144 2177 5199 quo

583 5219 862 5290 possitaut
892 5221 1167 5291 przrmium
1199 5220 1391 5277 mereri
1423 5228 1515 5276 aut
1542 5235 1774 5291 poenam.
1812 5217 2050 5292 Corpore
2078 5221 2176 5292 igi-

584 5319 672 5367 tur
701 5312 875 5367 soluta
907 5322 1085 5382 potest
1113 5322 1168 5369 et
1207 5313 1369 5369 debet
1417 5328 1517 5385 pro
1544 5312 1751 5368 meritis
1779 5323 1873 5368 aut
1905 5328 2061 5384 paena
2088 5322 2182 5369 aut

562 5402 808 5473 .prannio
837 5402 1001 5459 affici.
1055 5404 1320 5473 Quamdiu
1368 5403 1648 5461 enimvero
1694 5407 1907 5476 corpori
1950 5405 2179 5461 adunata

584 5505 708 5563 est,
741 5496 888 5567 prior
942 5511 1160 5568 semper
1202 5507 1294 5551 aut
1346 5506 1567 5567 peccat,
1608 5504 1702 5552 aut
1751 5505 2008 5553 meretur.
2055 5497 2184 5552 Post

587 5598 815 5647 mortem
848 5590 1007 5660 igitur
1057 5589 1252 5646 debitis
1295 5590 1571 5661 suppliciis
1596 5598 1687 5644 aut
1711 5588 1947 5661 praemiis
1985 5588 2099 5644 sola
2129 5596 2187 5645 et

589 5690 715 5740 ante
742 5682 985 5753 corporis
1029 5668 1257 5738 reditum
1293 5682 1553 5741 afficiatur
1575 5723 1591 5749 ,
1648 5696 1870 5739 necesse
1907 5689 2007 5739 est.
2053 5679 2187 5736 Per-

590 5790 812 5834 suasum
859 5776 1040 5848 itaque
1076 5773 1434 5834 Tertullianus
1472 5773 1969 5851 habuitauimam,
2016 5773 2187 5847 ruptis

2275 4760 2743 4817 observationibus
2762 4801 2777 4825 ,
2806 4757 3108 4815 audiendus
3137 4766 3220 4812 est
3245 4755 3473 4828 ipsemet
3512 4751 3882 4809 Tertullianus

2274 4851 2603 4926 (Tertullian.
2649 4851 2917 4924 Apologet.
2963 4866 3079 4920 cap.
3114 4848 3184 4905 L8
3207 4891 3222 4915 ,
3255 4848 3355 4903 col.
3376 4843 3506 4917 520)
3545 4863 3558 4899 :
3599 4843 3881 4914 Signaturn

2275 4955 2347 5000 est
2373 4987 2386 5012 ,
2416 4944 2626 5016 inquit,
2658 4954 2704 4998 et
2726 4961 2815 5015 per
2843 4944 3010 5013 ipsum
3036 4984 3051 5010 ,
3085 4938 3332 4996 videlicet
3381 4938 3581 5005 Deum,
3627 4938 3875 4992 humane:

2278 5037 2663 5093 resurrectionis
2721 5035 3011 5106 exemplum
3060 5034 3115 5088 in
3166 5031 3506 5088 testimoniunt
3551 5028 3708 5082 vobis.
3761 5025 3885 5082 Lua;

2279 5131 2502 5211 quotidie
2525 5128 2786 5198 interfecta
2812 5127 3117 5198 resplendet,
3143 5136 3189 5181 et
3219 5124 3434 5179 tenebrte
3459 5121 3572 5190 pari
3601 5120 3704 5175 vice
3732 5118 3887 5175 dece-

2281 5222 2448 5277 dendo
2475 5222 2750 5276 succedunt
2785 5236 2799 5275 :
2826 5219 2996 5275 sidera
3016 5218 3258 5288 defuncta
3297 5215 3621 5270 reviviscunt.
3675 5211 3730 5266 In
3761 5226 3885 5267 ma-

2283 5315 2577 5384 nuscriptis
2606 5311 2807 5367 nostris
2852 5308 3254 5382 exemplaribus
3279 5348 3294 5373 ,
3326 5315 3383 5362 et
3432 5294 3593 5361 editis
3648 5303 3887 5375 Rigaltio

2283 5405 2676 5477 antiquioribus
2705 5421 2719 5458 :
2749 5402 3015 5459 l’ivescunt
3035 5445 3050 5467 ,
3076 5402 3127 5457 id
3148 5409 3251 5467 est,
3284 5400 3356 5456 uti
3379 5416 3447 5455 ex
3476 5397 3648 5454 Plinio
3670 5398 3841 5469 liquet
3861 5438 3883 5469 ,

2289 5501 2404 5555 viva
2433 5500 2567 5554 fiunt
2592 5496 2757 5569 (Plin.
2788 5497 2875 5553 lib.
2910 5496 3095 5564 XVII,
3125 5505 3296 5551 natur.
3338 5495 3460 5550 hist.
3488 5509 3607 5566 Cap.
3637 5492 3725 5555 l0,
3757 5509 3886 5565 pag.

2286 5590 2447 5665 544).
2477 5591 2657 5663 Pergit
2685 5599 2874 5647 auctor
2899 5597 3119 5647 noster:
3149 5587 3402 5660 Tempora
3449 5584 3536 5642 ubi
3565 5585 3784 5657 ﬁniunt,
3805 5585 3889 5640 in-

2286 5685 2531 5757 cipiunt;
2584 5686 2783 5758 fructus
2830 5691 3197 5753 consumuntur
3241 5699 3257 5738 :
3312 5681 3475 5737 iidem
3532 5678 3887 5750 manuscripti

2291 5774 2462 5836 nostri
2504 5782 2560 5833 et
2595 5775 2727 5835 editi
2764 5775 3022 5836 codices:
3063 5772 3504 5843 consummantur,
3548 5779 3596 5827 et
3647 5768 3881 5825 redeunt.
