4092 6352
223 338 342 401 897

228 569 453 630 surgunt
480 575 500 613 :
530 558 702 613 omnia
729 559 986 630 pereunda
1035 568 1340 627 servantur,
1391 561 1563 614 omnia
1595 560 1656 614 de
1696 560 1827 615 inte-

233 651 344 704 ritu
388 650 734 720 reformantur
786 639 1028 724 (Tertull.
1084 651 1174 706 lib.
1225 652 1289 706 de
1332 649 1630 707 Resurrect.
1682 669 1826 706 caru.

231 757 356 811 cap.
412 742 526 812 12).
583 741 691 797 Sed
750 742 869 799 hinc
913 743 1001 798 ille
1047 744 1234 813 majori
1291 743 1580 799 verborum
1635 758 1828 814 pompa

229 833 344 888 alio
402 834 458 888 in
517 833 656 890 libro
714 836 1102 906 prosequitur,
1173 845 1228 891 et
1294 834 1513 890 brevius
1577 835 1830 892 Minutius

229 925 389 982 Felix
413 969 429 995 ,
457 936 618 998 alque
645 929 862 984 uberius
894 928 1226 998 Theophilus
1257 929 1626 984 Antiochenus
1650 970 1666 992 ,
1693 945 1829 1000 que-

228 1019 584 1075 madmodum
636 1019 766 1075 alibi
806 1019 1155 1091 patefecimus
1201 1018 1496 1091 (Dissertat.
1537 1021 1590 1075 in
1635 1019 1827 1076 .‘lIinut.

228 1128 352 1185 cap.
379 1112 430 1177 7,
462 1122 560 1167 art.
593 1113 674 1184 2).

305 1205 472 1262 Suam
502 1215 681 1262 autem
711 1207 1230 1278 argumentationem
1255 1216 1439 1263 noster
1467 1207 1831 1264 Tertullianus

231 1297 322 1354 his
348 1297 577 1353 absolvit
601 1297 779 1353 verbis
800 1297 1130 1373 (Tertullian.
1162 1300 1433 1371 Apologet.
1464 1316 1579 1369 cap.
1605 1300 1697 1366 48,
1727 1300 1825 1354 col.

231 1392 308 1448 45
339 1392 358 1461 )
391 1412 404 1448 :
438 1391 516 1446 Tu
541 1393 691 1447 homo
711 1435 726 1461 ,
758 1401 952 1447 tantum
978 1409 1194 1460 nomen,
1218 1394 1262 1447 si
1281 1393 1536 1466 intelligas
1559 1403 1638 1461 te,
1665 1408 1830 1464 quan-

235 1493 328 1541 tus
371 1485 620 1540 nimirum
647 1486 722 1540 sis
745 1527 760 1552 ,
790 1486 868 1540 vel
896 1487 959 1540 de
1003 1488 1147 1541 titulo
1179 1486 1385 1559 Pythia:
1427 1489 1656 1555 discens,
1687 1487 1830 1559 quod

231 1578 315 1633 sis
343 1577 578 1633 dominus
628 1579 853 1633 omnium
882 1580 1202 1634 morientium
1244 1590 1292 1635 et
1328 1581 1694 1652 resurgentium
1716 1623 1729 1646 ,
1765 1581 1833 1634 ad

233 1673 335 1726 hoc
377 1673 651 1740 morieris,
690 1683 744 1726 ut
785 1674 1002 1744 pereas?
1032 1673 1167 1728 Dicit
1211 1672 1392 1744 itaque
1437 1689 1543 1728 non
1590 1673 1829 1744 pejorem

235 1780 363 1822 esse
393 1765 652 1845 hominis,
685 1781 843 1836 quam
873 1765 1095 1820 aliarum
1127 1781 1307 1820 rerum
1329 1808 1344 1832 ,
1391 1781 1612 1837 quarum
1655 1765 1830 1820 domi-

1356 341 1801 406 russeum-uo
1839 346 1903 406 ι).
1944 345 2032 407 LE
2067 328 2372 411 Novnnv.

231 458 388 516 Certe
410 458 602 516 semina
640 459 844 517 nonnisi
874 467 1115 533 corrupta
1136 501 1150 527 ,
1180 470 1225 516 et
1270 461 1520 518 dissoluta
1546 464 1830 535 fmcunditts
1857 467 1910 526 Α
1933 469 2206 538 reformari
2254 469 2527 547 videretur.
2616 469 2693 526 Ita
2773 470 2988 542 quidem
3047 470 3310 545 Rigaltius

3424 359 3528 419 898

3357 491 3371 530 :
3425 475 3520 531 sed

1932 561 1986 616 in
2017 561 2213 616 nostris
2241 562 2515 619 codicibus
2539 565 2915 636 manuscriptis
2945 573 2998 620 et
3021 566 3179 622 editis
3205 567 3295 622 illo
3340 577 3527 623 vetus.

1935 656 2158 712 tioribus
2189 656 2418 713 habetur
2448 675 2462 712 :
2514 657 2694 714 Multis
2725 661 2874 714 etiam
2896 661 3022 715 locis
3043 704 3056 724 ,
3089 676 3156 716 ex
3197 661 3393 733 quibus
3434 677 3527 717 ar-

1932 760 2187 821 gumenta
2217 750 2282 805 ad
2315 751 2455 807 hunc
2483 767 2721 807 errorem
2751 753 3101 808 refellendum
3134 753 3375 825 depromi
3404 769 3529 825 pos-

1933 853 2057 896 sunt
2085 883 2098 906 ,
2128 828 2194 897 ear
2211 843 2314 897 otio
2337 886 2351 909 ,
2375 845 2487 900 sive
2513 845 2616 898 otio
2636 887 2651 911 ,
2685 844 3134 915 quemadmodum
3166 847 3380 918 scripsit
3422 847 3526 902 Pli-

1933 937 2055 992 nius
2075 980 2090 1004 ,
2119 955 2182 992 ea:
2209 938 2392 1008 facili,
2421 955 2516 1008 pro
2541 939 2691 1010 facile
2710 983 2725 1008 ,
2754 957 2880 1011 apus
2917 943 3010 995 erit
3055 942 3074 1012 (
3106 940 3203 995 libr
3254 924 3339 1007 Ill,
3375 943 3526 1011 epist.

1935 1028 2013 1098 5).
2047 1029 2298 1084 Pluribus
2354 1039 2529 1085 tamen
2567 1029 2848 1102 legendum
2877 1033 3015 1086 haud
3055 1032 3216 1089 dubie
3263 1033 3530 1091 videbitur

1932 1122 2061 1189 iocis
2086 1164 2101 1188 ,
2135 1121 2328 1198 quibus
2355 1122 2533 1192 potius
2559 1163 2572 1187 ,
2606 1141 2762 1194 quam
2807 1125 3134 1195 argumentis
3180 1125 3528 1182 validioribus

1935 1216 2270 1286 explodeuda
2297 1228 2414 1272 erat
2445 1216 2558 1272 haec
2599 1233 2816 1289 prorsus
2844 1219 3064 1273 ridicula
3091 1211 3406 1291 Pythagorae
3431 1235 3526 1276 se-

1935 1317 2308 1380 ctatorumque
2351 1309 2466 1379 ejus
2517 1310 2717 1380 opinio.
2774 1310 2979 1366 Nomen
3035 1312 3176 1366 enirn
3219 1311 3358 1382 jocis
3405 1327 3526 1367 cum

1935 1401 2099 1457 verbo
2145 1401 2376 1456 lascivire
2421 1405 2623 1473 magis,
2672 1417 2829 1473 quam
2877 1418 2998 1458 cum
3055 1403 3179 1458 locis
3231 1418 3527 1475 congruere

1936 1491 2078 1548 haud
2102 1492 2370 1548 immerito
2397 1493 2606 1548 videtur
2635 1493 2962 1565 (Ter.'ullian.
2999 1481 3264 1567 Apologet.
3291 1513 3407 1568 cap.
3429 1495 3524 1563 48,

1941 1587 2040 1642 col.
2087 1587 2224 1658 12).
2266 1587 2646 1644 Verumtamen
2703 1589 2863 1660 paulo
2913 1599 3038 1644 ante
3087 1589 3298 1645 dixerat
3341 1605 3530 1662 quem-

1935 1695 2163 1752 cumque
2185 1681 2560 1752 philosophum
2605 1683 2869 1738 imtnenso
2916 1695 3352 1755 argumentorum
3391 1701 3524 1756 pon-

1935 1773 2064 1830 dere
2089 1791 2248 1846 posse
2276 1776 2428 1830 obrui
2459 1819 2474 1842 ,
2507 1778 2597 1848 qui
2644 1779 2902 1849 affirmet,
2950 1787 3004 1831 ut
3039 1779 3111 1832 ait
3138 1778 3419 1845 Laberius,
3465 1777 3530 1834 de

234 1874 341 1914 MS
378 1868 460 1916 εει
480 1900 496 1925 ο
538 1859 879 1914 moriemini“
926 1869 980 1914 θῑ
1011 1859 1402 1930 resurgentium
1448 1861 1828 1914 CO'NIiliO'Wm-
1861 1867 1909 1927 Β
1937 1872 2182 1925 sententia
2209 1870 2517 1943 Pythagora:
2538 1873 2790 1927 hominem
2819 1873 2931 1941 ﬁeri
2981 1889 3044 1926 ea:
3068 1875 3242 1941 mulo,
3270 1872 3529 1927 colubram

236 1951 414 2009 Homo
445 1968 576 2024 ergo
616 1953 772 2024 longe
799 1948 991 2024 potiori
1012 1953 1134 2023 jure
1161 1995 1175 2019 ,
1220 1968 1380 2023 quam
1425 1953 1526 2008 illa:
1552 1995 1566 2020 ,
1596 1953 1754 2008 debet
1781 1963 1835 2008 et

232 2047 373 2104 mori
404 2056 458 2103 et
486 2062 784 2119 resurgere.

309 2139 419 2196 Sed
449 2140 660 2211 rogabit
705 2139 898 2210 aliquis
949 2139 1216 2210 quodnam
1266 2139 1336 2195 sit
1381 2141 1656 2196 oraculum
1708 2140 1832 2196 illud

234 2232 475 2304 Pythia},
525 2232 593 2287 ah
623 2246 703 2288 .eo
757 2233 1018 2287 citatum?
1056 2232 1410 2305 BeSpoudent
1458 2234 1698 2288 nonnulli
1733 2239 1834 2290 hoc

238 2338 360 2379 esse
389 2366 404 2390 ,
437 2323 577 2392 quod
606 2323 671 2377 ab
703 2323 791 2376 illo
819 2322 1012 2377 ibidem
1037 2323 1264 2378 relatum
1291 2333 1372 2378 est
1406 2342 1417 2377 :
1451 2322 1702 2380 Dominus
1727 2342 1836 2380 om-

237 2419 380 2472 nium
410 2418 730 2471 morientium
774 2427 819 2470 et
845 2419 1238 2488 resurgentium.
1269 2415 1465 2471 Verum
1498 2418 1638 2472 nulla
1667 2419 1833 2472 ratio-

238 2527 308 2567 ne
334 2511 385 2566 id
418 2527 449 2566 a
478 2511 664 2583 Pythia
697 2511 1096 2582 pronuntiatum
1128 2510 1444 2579 probavere.
1477 2511 1681 2567 Deinde
1705 2527 1834 2568 vero

240 2603 332 2660 ille
359 2617 468 2658 non
500 2602 631 2657 dixit
665 2602 748 2657 his
777 2601 957 2658 verbis
980 2601 1276 2657 renuntiari
1306 2602 1509 2674 Pythia:
1531 2603 1830 2658 oraculum:

238 2695 334 2751 sed
380 2694 519 2765 quod
551 2693 712 2748 homo
753 2709 817 2748 cx
868 2693 1077 2766 Pythia:
1127 2694 1348 2749 oraculo
1376 2693 1584 2749 discere
1625 2703 1836 2764 poterat

237 2801 299 2843 se
323 2801 444 2842 esse
487 2785 725 2842 omnium
758 2786 1100 2840 morientium
1130 2796 1183 2841 et
1211 2787 1606 2856 resurgentium
1653 2787 1835 2842 dotui-

238 2894 367 2935 num
416 2879 592 2950 (tom.
649 2878 668 2932 l
718 2879 970 2948 Apparat.
1025 2895 1142 2949 pag.
1196 2877 1394 2950 1170).
1445 2877 1611 2933 Nobis
1657 2878 1836 2950 itaque

237 2972 368 3030 illud
395 2970 596 3044 Pythia:
625 2971 895 3026 oraculum
928 2985 1036 3025 non
1065 2969 1227 3024 alliud
1279 2970 1518 3039 videtur,
1553 2969 1654 3026 nisi
1695 2973 1836 3028 cele-

238 3063 336 3120 bre
363 3063 464 3120 hoc
494 3063 760 3134 Apollinis
807 3061 1024 3118 clintum
1055 3081 1068 3118 :
1099 3060 1270 3117 Nosce
1297 3071 1343 3116 te
1369 3063 1538 3132 ipsum
1580 3079 1592 3114 :
1635 3061 1701 3118 de
1731 3053 1860 3134 quo.

238 3156 364 3212 alibi
403 3156 811 3226 disputavimus.
841 3153 1100 3210 Consulto
1140 3163 1320 3208 autem
1351 3152 1716 3209 Tertullianns
1742 3155 1836 3209 ad-

1937 1980 2000 2019 ea:
2052 1965 2262 2020 muliere
2290 1964 2506 2038 (Idem,
2554 1966 2645 2020 lib.
2678 1966 2740 2020 de
2783 1959 3136 2038 Palliofcap.
3187 1963 3264 2038 1).
3303 1965 3370 2021 Et
3411 1965 3530 2021 lucc

1937 2056 2151 2127 quidem
2223 2057 2382 2127 hujus
2446 2057 2800 2130 mimographi
2885 2068 3089 2127 poclm,
3173 2059 3323 2129 cujus
3400 2059 3526 2114 alibi

1938 2148 2176 2203 meminit
2195 2147 2412 2216 (Disser.
2433 2150 2485 2202 in
2507 2147 2815 2204 Minut.0ct.
2862 2167 2908 2204 c.
2944 2152 2974 2204 7
2997 2193 3012 2217 ,
3032 2159 3134 2203 art.
3155 2151 3241 2220 1),
3261 2161 3384 2204 sunt
3412 2165 3530 2206 car-

1937 2240 2101 2307 mina,
2132 2239 2382 2296 aCrinito
2404 2241 2595 2296 utalibi
2619 2241 2945 2307 monuimus,
2976 2243 3321 2312 publicijuris
3348 2240 3483 2298 facta
3514 2261 3528 2300 :

2062 2353 2124 2404 Et
2147 2369 2274 2405 nunc
2295 2355 2359 2405 de
2375 2355 2507 2405 mulo
2526 2356 2792 2414 hominem,
2811 2356 3059 2406 colubram
3081 2357 3146 2408 de
3169 2356 3377 2408 muliere

2063 2417 2284 2478 Faciunt,
2311 2424 2364 2468 et
2387 2433 2449 2468 ex
2475 2419 2682 2469 diversis
2704 2420 2899 2469 diversa
2919 2419 3032 2470 alia.

1938 2521 2214 2594 Frequens
2241 2534 2418 2580 autem
2454 2525 2594 2593 apud
2627 2525 2804 2580 varios
2839 2509 3164 2596 Scriptores,
3193 2541 3257 2582 ac
3301 2541 3530 2598 prmser-

1939 2617 2032 2672 tim
2084 2617 2422 2686 Ciceronem,
2493 2616 2834 2684 Suetonium,
2895 2629 3179 2689 utrumque
3242 2619 3525 2687 Senecam,

1938 2711 2134 2766 Aulum
2157 2711 2409 2776 Gellium,
2439 2725 2501 2765 ac
2523 2710 2848 2766 Macrobium
2877 2709 3036 2781 hujus
3057 2710 3266 2768 Laberii
3304 2712 3526 2783 mentio,

1939 2807 2006 2865 de
2035 2823 2140 2879 quo
2175 2817 2370 2880 praeter
2394 2814 2622 2867 cmtcros
2654 2806 2903 2861 Horatius
2931 2805 3124 2861 cecinit
3158 2823 3172 2858 :

2065 2919 2171 2971 Nec
2193 2926 2359 2970 tamen
2383 2921 2472 2970 hoc
2495 2921 2718 2971 tribuens
2731 2918 2955 2970 dederim
2975 2931 3172 2982 quoque
3195 2925 3409 2982 caetera;

2063 3043 2127 3095 Et
2147 3043 2327 3095 Laberi
2344 3045 2517 3095 mimos
2539 3051 2590 3095 et
2615 3043 2815 3108 pulchra
2836 2994 3233 3108 ροθῐὲξὲῗὲίῗει·
3248 3044 3273 3094 ?

2012 3151 2211 3208 Verum
2244 3152 2358 3206 haec
2380 3161 2493 3206 erat
2519 3150 2854 3206 ethnicorum
2883 3147 3109 3215 insania,
3142 3149 3292 3220 isque
3320 3149 3485 3206 adver
3505 3179 3528 3193 -

235 3248 430 3318 jecisse
459 3248 666 3302 videtur
692 3265 704 3304 :
747 3246 836 3300 Vel
866 3245 1011 3299 titulo
1037 3244 1270 3315 Pythitv,
1295 3245 1418 3315 quia
1444 3245 1642 3314 templo
1672 3246 1837 3315 Apol-
1866 3257 1911 3321 ρ
1943 3260 2036 3301 sus
2064 3246 2384 3300 christianos
2413 3245 2581 3313 furor;
2609 3253 2667 3299 ut
2687 3245 2860 3313 opinio
2889 3244 3191 3311 christiana,
3219 3245 3358 3298 sicut
3385 3251 3534 3300 recte

239 3338 376 3394 louis
424 3327 634 3409 r‘yuiii,
667 3339 782 3393 sive
813 3336 1087 3406 Delphici,
1117 3329 1257 3391 sicut
1302 3335 1502 3391 ibidem
1551 3337 1836 3392 annotavi-

239 3445 359 3486 mus
380 3472 395 3498 ,
423 3427 954 3500 inscriptum‘l'nerat.
982 3427 1092 3484 Cur
1127 3443 1290 3499 ergo,
1322 3429 1527 3498 inquies
1555 3470 1570 3496 ,
1621 3428 1838 3484 Tertul-

238 3524 414 3579 lianus
463 3513 678 3592 scripsit
728 3521 981 3592 Pythite,
1031 3530 1083 3576 et
1130 3536 1235 3574 non
1282 3519 1492 3592 Pythii,
1561 3537 1667 3590 quo
1723 3523 1840 3576 solo

241 3613 466 3670 nomine
513 3613 705 3683 Apollo
755 3626 1138 3683 nonnunquam
1199 3612 1525 3666 vocabatur?
1574 3613 1644 3667 At
1687 3613 1732 3668 si
1785 3614 1839 3670 iu

242 3709 360 3780 ejus
387 3717 536 3763 textu
565 3705 803 3779 Pythiae,
831 3721 938 3761 non
987 3715 1168 3761 autem
1210 3704 1384 3776 Pythii
1416 3704 1700 3776 legendum
1730 3707 1836 3774 sit,

243 3802 685 3873 respondebimus
725 3801 847 3858 ideo
888 3800 1148 3872 appellari
1195 3799 1430 3871 Pythice,
1479 3801 1600 3870 quia
1647 3801 1840 3874 Pythia

244 3905 394 3952 vates
432 3897 638 3952 solebat
693 3895 835 3950 illius
877 3895 926 3949 in
969 3894 1168 3964 templo
1220 3893 1517 3949 vaticinari.
1568 3893 1736 3958 Nam,
1785 3906 1842 3952 ut

245 3992 381 4046 alios
406 3993 716 4047 omittamus
737 4032 752 4058 ,
784 3990 835 4045 id
866 3990 967 4044 hoc
994 3989 1226 4045 Lucretii
1258 3989 1498 4045 carmine
1520 3989 1841 4060 exprimitur

261 4083 487 4154 (Lucret.
522 4085 610 4138 lib.
638 4083 705 4151 ν,
738 4099 785 4136 υ.
811 4081 936 4153 115)
972 4099 985 4136 :

314 4173 323 4186 ’
366 4195 539 4260 Pythia
556 4208 666 4258 qute
685 4171 873 4258 tripode
893 4195 919 4243 Ξι
942 4193 1114 4243 Phoebi
1135 4191 1368 4256 lauroque
1393 4191 1622 4256 profatur.

318 4279 665 4350 Prosequitur
719 4279 1084 4335 Tertullianus
1133 4288 1294 4349 atque
1344 4278 1410 4333 ad
1457 4278 1838 4349 frangendam,

245 4388 309 4429 ac
337 4373 505 4443 magis
533 4374 808 4444 magisque
840 4371 1220 4427 revincendam
1270 4371 1550 4442 gentilium
1604 4373 1840 4426 obstina-

247 4471 448 4525 tionem
471 4510 486 4535 ,
517 4468 638 4522 illos
663 4467 766 4521 hoc
793 4466 857 4521 ad
882 4466 1184 4528 hominem,
1219 4475 1275 4520 ut
1312 4466 1495 4532 aiunt,
1527 4474 1842 4536 argumento

247 4563 323 4618 sic
349 4570 520 4631 urget.
551 4560 766 4615 Certum
786 4569 890 4624 est,
919 4559 1111 4628 inquit,
1138 4558 1258 4613 illos
1297 4559 1486 4623 cuivis,
1521 4559 1840 4629 philosopho

1943 3339 2162 3416 Auctor
2186 3349 2368 3392 noster
2399 3338 2502 3392 alio
2535 3339 2587 3392 in
2623 3337 2762 3392 libro
2790 3335 3172 3390 animadvertit
3217 3336 3310 3389 etsi
3341 3335 3533 3389 hones-

1945 3432 2043 3485 tior
2083 3430 2451 3503 Pythagorica,
2479 3447 2593 3502 qua:
2622 3441 2668 3485 te
2691 3431 2744 3485 in
2767 3430 2953 3485 bestias
2983 3431 3266 3500 transfert;
3307 3429 3397 3484 etsi
3424 3429 3530 3499 ple-

1943 3524 2057 3577 nior
2086 3522 2373 3587 Platonica,
2403 3539 2517 3593 qua:
2558 3523 2645 3576 tibi
2675 3523 2828 3576 etiam
2856 3526 3025 3577 dotem
3049 3523 3276 3593 corporis
3323 3522 3532 3587 reddit;

1944 3617 2036 3670 etsi
2065 3613 2320 3686 Epicurea
2345 3617 2564 3686 gravior,
2597 3633 2711 3687 qua:
2759 3627 2806 3670 te
2837 3617 2900 3670 ttb
2926 3617 3128 3670 interitu
3156 3616 3419 3686 defendit;
3453 3626 3536 3670 ta-

1943 3724 2057 3761 men
2088 3717 2294 3779 propter
2311 3724 2490 3762 nomen
2511 3707 2675 3760 solum
2703 3707 3093 3762 Christianorum
3118 3709 3330 3761 vanitati
3350 3720 3394 3762 et
3423 3720 3531 3762 stu-

1945 3800 2079 3871 pori,
2103 3811 2149 3853 et
2172 3810 2225 3853 ut
2251 3799 2436 3853 dicitur
2460 3799 2847 3871 prwsumptioni
2869 3800 3165 3870 deputatur.
3181 3798 3324 3856 Satis
3349 3809 3529 3856 autem

1943 3894 2233 3966 gentilibus
2264 3910 2370 3949 non
2388 3894 2484 3949 luit
2511 3895 2645 3950 hanc
2663 3893 3082 3950 Christianorum
3112 3893 3321 3951 caeteris
3346 3892 3536 3950 melio-

1943 4003 2056 4044 rem
2099 3990 2418 4045 sentcntiam
2466 3989 2710 4060 rejiccre,
2743 3997 2902 4058 atque
2941 3988 3275 4059 adspernari,
3324 3987 3419 4042 sed
3465 3979 3534 4043 ab

1943 4082 2023 4138 eis
2051 4083 2375 4149 christianus,
2422 4081 2562 4138 illius
2620 4080 2897 4147 defensor,
2929 4081 3182 4149 lapidibus
3219 4081 3402 4152 magis,
3429 4079 3534 4137 alia

1943 4174 2254 4230 Tertulliani
2300 4177 2350 4230 iu
2394 4175 2742 4246 Apologetico
2789 4175 2950 4230 verba
3000 4183 3160 4239 sunt,
3219 4190 3310 4228 nec
3357 4173 3536 4228 saltem

1943 4267 2173 4323 cwstibus
2191 4287 2221 4322 a
2248 4269 2436 4339 populo
2457 4269 2683 4340 exigetur
2719 4266 2891 4331 (Idem
2911 4309 2926 4334 ,
2959 4267 3252 4338 Apologet.,
3283 4283 3400 4338 cap.
3425 4269 3499 4324 48
3517 4311 3532 4336 ,

1943 4363 2042 4417 col.
2089 4362 2199 4431 42).
2235 4365 2330 4414 .-\st
2373 4376 2472 4431 pro
2510 4360 2742 4415 aestibus
2791 4359 2846 4414 in
2897 4359 3098 4414 nostris
3143 4359 3422 4414 codicibus
3458 4362 3539 4416 leo

1943 4454 2121 4524 gitur,
2173 4453 2420 4518 coetibus,
2476 4453 2528 4508 id
2582 4461 2696 4517 est,
2751 4451 3142 4518 conventibus,
3184 4460 3240 4506 et
3305 4466 3538 4522 congre-

1942 4547 2246 4617 gationibus
2296 4545 2615 4617 expelletur.
2665 4543 3026 4600 Tertulliauus
3073 4542 3393 4615 siquidema
3422 4557 3532 4596 ma-

247 4653 406 4710 ﬁdem
439 4653 727 4717 habuisse,
759 4651 848 4722 qui
876 4651 1431 4722 argumentationibus
1479 4652 1836 4721 quibusdam,
1865 4638 2076 4717 1)]οτίν
2126 4647 2183 4692 ut
2223 4639 2405 4702 ειίιιηι»
2453 4637 2518 4692 ad
2566 4637 2778 4702 minus:
2831 4651 2930 4691 nec
2977 4634 3117 4690 male
3170 4635 3385 4706 ηιιῖάθιη
3441 4649 3534 4718 διξ-

249 4758 356 4804 tam
412 4746 690 4818 ingeniose
733 4761 892 4815 quam
947 4744 1224 4814 eleganter
1272 4745 1600 4814 propositis,
1647 4760 1836 4800 vanam

1944 4740 2306 4802 gumeutatur.
2363 4728 2737 4796 Christianus,
2793 4729 3001 4800 inquit,
3057 4729 3195 4782 illius
3243 4726 3313 4782 de
3356 4725 3538 4782 futuro

247 4840 561 4912 Pythagora:
589 4839 656 4894 de
701 4838 1003 4892 animarqu
1041 4836 1482 4907 transmigatione
1533 4837 1838 4906 Opinionem
1946 4823 2178 4879 hominis
2236 4823 2304 4878 ad
2355 4823 2518 4878 Vim“
2570 4823 2745 4878 τθάίιη
2794 4821 3064 4892 ἀοεηιθιὶε
3106 4827 3385 4886 θεεθηοΐν
3426 4833 3535 4912 ηοη

246 4945 582 5002 propugnare
630 4927 982 4985 conabantur.
1015 4926 1154 4995 Quin
1198 4927 1358 4980 etiam
1408 4925 1586 4981 nullus
1633 4942 1705 4981 ex
1736 4926 1844 4983 illis

250 5023 514 5079 mordacis
542 5021 793 5089 Laberii,
841 5036 960 5076 eam
1003 5018 1277 5075 irridentis
1298 5060 1313 5085 ,
1337 5018 1556 5074 dicteria
1597 5021 1802 5074 veritus
1825 5060 1842 5088 ,

250 5115 315 5171 ab
358 5115 562 5171 edenda
592 5115 738 5169 omni
781 5113 1095 5168 animalium
1155 5127 1320 5168 carne
1386 5111 1734 5176 abstinebat;
1781 5128 1844 5167 ne

252 5212 380 5283 {arte
399 5209 639 5263 bubulam
657 5249 672 5271 ,
702 5209 777 5263 ait
800 5206 976 5262 adhuc
995 5205 1363 5261 'l'ertullianus
1385 5246 1398 5272 ,
1428 5204 1492 5258 de
1517 5205 1686 5273 aliquo
1720 5221 1841 5275 pra-

251 5318 342 5357 avo
369 5317 460 5357 suo
481 5301 778 5368 obsonaret,
806 5299 860 5355 id
880 5309 1003 5367 est,
1033 5314 1101 5355 ne
1130 5298 1386 5354 lntbulam
1417 5312 1632 5353 carnem
1664 5311 1844 5354 come-

250 5395 430 5453 dendo
455 5439 469 5463 ,
510 5395 788 5468 cujusdam
847 5395 1032 5465 proavi
1074 5395 1156 5450 sui
1209 5393 1518 5449 comederet
1565 5394 1796 5448 animam
1823 5435 1838 5460 ,

251 5507 406 5562 quam
439 5490 492 5546 in
525 5489 678 5544 bovis
706 5502 903 5570 corpus
930 5491 1192 5558 migrasse
1220 5485 1564 5542 existimabat
1612 5485 1840 5554 (Tertulo

258 5585 381 5640 lian.
413 5585 678 5656 Apologet.
736 5599 853 5653 cap.
905 5581 1013 5646 48,
1063 5580 1162 5635 col.
1205 5580 1330 5651 4‘2).
1373 5581 1503 5636 Tam
1563 5580 1840 5636 ridiCulam

249 5693 379 5733 vero
396 5678 704 5747 opinionem
733 5675 820 5730 hic
841 5671 1188 5730 refellendam
1210 5672 1302 5728 ille
1319 5689 1423 5728 non
1455 5673 1604 5728 duxit
1627 5661 1838 5746 (Ibid.):

251 5766 389 5825 Nam
418 5769 591 5822 multis
623 5767 772 5822 etiam
801 5807 818 5834 ,
853 5765 1025 5836 inquit
1049 5806 1065 5832 ,
1102 5763 1239 5836 jacis
1265 5775 1313 5819 et
1339 5767 1442 5820 otio
1461 5781 1592 5836 opus
1621 5767 1715 5820 erit
1740 5807 1754 5830 ,
1798 5765 1844 5820 si

248 5861 454 5922 velimus
479 5861 547 5916 ad
573 5855 704 5917 hanc
725 5868 926 5933 partem
960 5857 1225 5929 lascivire,
1254 5857 1366 5930 quis
1390 5858 1445 5912 in
1462 5873 1616 5930 quam
1630 5857 1840 5914 bestiam

1946 4918 2107 4974 modo
2151 4917 2449 4988 expelletur
2501 4918 2568 4972 ab
2615 4916 2951 4971 ctlmicorum
3005 4911 3391 4981 conventibus,
3440 4911 3536 4968 sed

1943 5010 2086 5081 quod
2134 5010 2288 5081 pejus
2329 5018 2447 5076 est,
2498 5008 2754 5080 lapidibus
2798 5007 3055 5061 obruetur.
3103 5005 3174 5059 At
3221 5003 3267 5058 si
3315 5019 3420 5059 non
3462 5002 3537 5059 ita

1926 5099 2082 5159 'bene
2113 5103 2164 5156 iu
2201 5101 2410 5172 ltigaltii
2438 5100 2673 5156 editione
2698 5097 2963 5164 aestibus,
2998 5095 3167 5151 multo
3202 5103 3349 5151 certe
3388 5095 3538 5166 pejus

1947 5198 1999 5254 in
2026 5196 2416 5268 antiquioribus
2447 5195 2700 5265 scriptum
2721 5233 2737 5260 ,
2761 5192 2984 5246 cmdibus
3004 5231 3019 5255 ,
3056 5205 3176 5260 qute
3212 5187 3539 5261 lapidatione

1944 5289 2275 5346 crudeliores
2307 5297 2451 5344 sunt.
2489 5286 2568 5342 De
2603 5285 2708 5340 illis
2747 5297 2928 5355 porro,
2963 5283 3160 5336 notatis
3196 5280 3265 5335 ab
3305 5282 3541 5336 Auctore

1945 5394 2131 5440 noSIro
2153 5425 2168 5449 ,
2197 5381 2542 5454 Pythagorte,
2575 5377 2812 5433 Platonis
2831 5417 2846 5441 ,
2876 5384 2932 5429 et
2958 5373 3172 5444 Epicuri
3199 5373 3541 5445 Opinionibus

1947 5479 2152 5549 egimus
2192 5476 2244 5530 in
2284 5474 2481 5529 nostris
2513 5471 2583 5527 de
2607 5469 2810 5526 Minutii
2842 5469 3055 5536 Felicis,
3088 5479 3144 5524 et
3177 5467 3438 5524 Lactantii
3473 5467 3540 5522 li-

1947 5571 2060 5628 bris
2111 5567 2574 5626 dissertationibus
2629 5562 2949 5634 (Dissertat.
3001 5563 3055 5617 in
3102 5562 3294 5618 tlIinut.
3355 5560 3536 5616 Octav.

1946 5681 2063 5736 cap.
2092 5663 2147 5731 7,
2177 5671 2275 5715 art.
2311 5660 2364 5726 1,
2392 5670 2439 5713 et
2467 5659 2519 5712 in
2552 5655 2813 5724 Lactant.,
2844 5672 2962 5726 cap.
2991 5655 3084 5721 ὃὸ,
3114 5664 3216 5709 art.
3259 5652 3335 5724 1).

2017 5756 2280 5825 Quoniam
2311 5768 2438 5810 vero
2471 5750 2832 5809 Tertullianus
2875 5748 3109 5806 hominis
3148 5748 3215 5803 ad
3256 5745 3420 5802 vitam
3447 5759 3538 5803 re-

1946 5831 2188 5928 gressum
2225 5846 2512 5924 propositis
2541 5847 2674 5904 lucis
2701 5853 2756 5903 et
2784 5844 3124 5902 tenebrarum
3153 5881 3170 5913 ,
3206 5841 3444 5899 siderum
3483 5849 3540 5900 et
