4092 6352
562 317 671 380 899

1626 311 1693 369 IN
1731 304 2200 371 TERTULLIANI
2233 303 2767 369 APOLOGETICUM

3757 306 3873 364 900

563 446 902 508 temporum,
946 431 1212 489 fructuum
1257 438 1312 486 et
1355 429 1623 485 seminum
1666 428 1927 499 exemplis
1966 440 2153 483 corro-
2184 422 2237 487 A
2262 421 2456 478 mortui
2492 420 2726 477 hominis
2754 419 2821 478 ad
2855 420 3019 478 vitam
3065 434 3403 493 regressum,
3451 428 3563 478 tum
3604 421 3873 478 continuo

564 528 758 585 borare
783 536 1006 583 conatus
1033 525 1206 582 fuerat
1231 522 1587 595 (Tertullian.,
1612 522 1900 594 Apologet.,
1920 538 2036 589 cap.
2061 520 2154 587 48,

564 618 663 674 col.
719 618 865 689 65),
911 617 1036 674 inde
1086 615 1383 687 arguebant
1430 613 1629 670 ethnici
1685 631 1696 667 :
1754 613 1897 685 Ergo
1941 626 2159 682 semper

561 710 902 766 moriendum
953 707 1103 774 erit,
1159 716 1213 763 et
1261 720 1473 776 semper
1531 703 1939 775 resurgendum.
1996 703 2157 774 Atqui

563 802 665 859 hoc
692 801 848 871 plane
874 799 1164 856 absurdum
1197 806 1301 857 est.
1333 796 1437 854 Sed
1468 796 1675 868 primo,
1706 795 1997 868 respondet
2020 793 2154 850 Ter-

560 894 816 951 tullianus
839 936 854 961 ,
885 894 929 948 si
958 893 1030 947 ita
1069 907 1239 947 rerum
1275 888 1524 945 Dominus
1564 889 1899 956 destinasset,
1940 888 2156 961 ingratis

559 988 863 1060 experireris
893 986 1199 1043 conditionis
1226 994 1326 1040 tua:
1346 984 1508 1056 legem
1525 981 1741 1054 (Ibid.),
1759 982 1860 1037 hoc
1886 989 2003 1051 est,
2030 982 2155 1054 quia

559 1096 720 1137 verus
770 1087 828 1136 et
876 1062 1218 1149 omnipotens
1282 1078 1422 1131 Deus
1483 1074 1724 1129 omnium
1794 1088 2023 1137 rerum,
2091 1088 2155 1129 ac

559 1172 785 1243 proinde
825 1172 1012 1228 mortis
1054 1180 1108 1229 ct
1152 1173 1273 1226 vitae
1321 1169 1571 1225 dominus
1613 1178 1732 1235 est,
1771 1177 1948 1239 potest
1972 1167 2155 1238 utique

557 1282 666 1322 non
693 1264 861 1322 semel
891 1272 1098 1320 tantum
1117 1306 1133 1330 ,
1172 1262 1269 1319 sed
1300 1262 1457 1317 toties
1484 1260 1755 1316 hominem
1789 1269 2059 1315 tuortnum
2086 1258 2154 1316 ad

557 1357 721 1413 vitam
753 1355 989 1412 excitare
1012 1397 1027 1422 ,
1058 1355 1279 1424 quoties
1307 1352 1556 1409 voluerit.
1588 1351 1642 1409 Si
1667 1366 1796 1423 ergo
1835 1350 2037 1408 homini
2067 1367 2154 1407 va-

552 1451 667 1505 rios
709 1449 775 1504 ad
816 1450 977 1503 vitam
1023 1447 1227 1503 reditus
1262 1445 1624 1512 decrevisset,
1674 1443 1812 1501 hanc
1853 1444 1943 1500 ille
1980 1444 2151 1516 legem

554 1543 770 1612 ingratis
813 1540 1169 1612 experiretur.
1223 1540 1367 1595 Dixit
1410 1550 1589 1594 autem
1638 1539 1888 1610 ingratis,
1930 1538 1981 1594 id
2033 1548 2152 1608 est,

554 1634 742 1701 invite,
781 1648 843 1688 ac
872 1641 1058 1689 contra
1090 1632 1440 1688 voluntatem.
1475 1631 1553 1686 Eo
1581 1630 1728 1686 enim
1758 1645 1920 1686 sensu
1952 1632 2154 1686 Auctor

554 1728 669 1797 ipse
708 1736 889 1783 neSter
932 1724 1033 1781 hoc
1076 1724 1243 1779 verbo
1286 1739 1432 1794 saspe
1478 1738 1602 1777 usus
1641 1732 1760 1790 est,
1807 1723 1913 1777 itno
1954 1733 2005 1778 ct
2038 1716 2165 1793 ipse

2262 514 2499 570 ostendit
2527 512 2740 586 quando
2766 528 2955 571 omnes
2994 512 3243 573 homines
3271 529 3549 588 resurgere
3578 513 3813 571 debeant
3851 534 3867 570 :

2262 606 2515 663 Mandant
2538 650 2553 675 ,
2586 606 2794 679 inquit,
2834 623 2947 680 qua:
2979 608 3112 664 ratio
3132 650 3152 675 ,
3196 608 3250 664 id
3289 618 3375 666 cst
3395 650 3410 675 ,
3442 609 3604 667 dubio
3633 602 3820 680 procul
3848 650 3869 677 ,

2260 702 2481 757 verbum
2524 708 2578 758 et
2605 715 2786 758 sermo
2817 701 2945 768 Dei,
2974 702 3255 771 composuit
3282 702 3484 758 tantulis
3509 701 3528 771 (
3553 700 3867 759 Tertullian.

2266 793 2571 865 Apologet.,
2597 810 2713 866 cap.
2746 793 2816 851 48
2835 836 2847 858 ,
2878 794 2979 849 col.
3012 794 3147 865 43),
3177 809 3272 850 seu
3293 836 3309 862 ,
3338 794 3436 851 sibi
3469 794 3701 851 invicem
3724 809 3869 851 con-

2257 892 2469 957 trariis,
2513 892 2598 948 vel
2653 892 2810 949 sicuti
2860 891 2913 948 in
2959 891 3066 948 alio
3109 892 3248 948 libro
3293 891 3466 959 dixit,
3520 908 3586 947 ea:
3646 892 3871 949 diversis

2256 984 2591 1051 substantiis;
2630 995 2686 1041 ut
2724 986 2817 1042 sub
2860 986 3052 1041 unitate
3094 994 3381 1042 constarent
3426 983 3636 1058 (Idem,
3667 983 3760 1040 lib.
3798 986 3870 1043 de

2266 1077 2460 1133 Pallio.
2490 1095 2606 1148 cap.
2634 1077 2741 1150 2);
2788 1074 2905 1134 hmc
2936 1078 3122 1135 eadem
3174 1078 3310 1133 ratio
3359 1078 3427 1134 ab
3473 1077 3635 1147 hujus
3664 1075 3856 1133 mundi

2270 1169 2491 1225 exordio
2535 1183 2746 1242 tempus
2775 1169 2943 1226 liuere
2971 1169 3169 1237 voluit,
3211 1168 3354 1242 quod
3394 1184 3563 1241 usque
3595 1169 3663 1227 ad
3690 1184 3865 1240 oppo-

2258 1260 2418 1315 sitam
2492 1260 2591 1331 ipsi
2648 1262 3002 1319 mternitatcm
3052 1276 3268 1333 semper
3306 1259 3525 1319 deﬂuat.
3587 1262 3656 1318 At
3720 1262 3867 1319 inter

2257 1353 2519 1411 inﬁnitam
2548 1356 2972 1427 immensamque
2998 1356 3351 1413 mtcrnitatem
3391 1370 3455 1412 ac
3484 1355 3692 1439 ﬁnitum
3723 1363 3865 1413 tem-

2256 1463 2357 1518 pus
2380 1449 2698 1521 interposuit
2720 1450 2956 1507 medium
2983 1450 3229 1519 limitem,
3253 1466 3358 1521 quo
3379 1467 3539 1508 rerum
3561 1450 3861 1525 (Apologet.

2257 1540 2356 1596 loc.
2389 1539 2538 1614 cit.),
2569 1542 2685 1599 sive
2716 1549 2883 1598 totum
2914 1542 3046 1600 illud
3074 1541 3256 1598 mundi
3288 1551 3497 1614 tempus
3527 1542 3775 1610 ﬁniatur,
3804 1552 3863 1599 et

2258 1631 2462 1689 infinita
2500 1635 2775 1691 mtcrnitas
2819 1635 3079 1706 incipiat:
3112 1635 3177 1690 In
3205 1653 3264 1692 eo
3297 1646 3467 1692 autem
3506 1636 3687 1694 ultimo
3723 1647 3855 1692 tem-

2258 1727 2396 1796 poris
2417 1769 2431 1794 ,
2463 1737 2509 1781 rt
2541 1729 2705 1795 primo
2739 1729 3037 1784 wternitatis
3072 1729 3230 1784 limite
3249 1772 3265 1795 ,
3287 1730 3612 1797 restituetur,
3641 1728 3856 1800 inquit,

562 1817 773 1881 Cicero,
802 1817 1192 1887 extorquendem
1219 1826 1310 1883 est,
1346 1816 1536 1886 inquit.
1569 1815 1723 1870 invito
1750 1826 1899 1886 atque
1934 1816 2146 1887 ingratis
2175 1821 2224 1883 B
2253 1836 2399 1873 omne
2445 1819 2723 1875 humanum
2760 1838 2918 1891 genus
2956 1821 3023 1875 ad
3057 1820 3462 1893 expungendum.
3491 1822 3628 1892 quod
3665 1821 3719 1877 in
3756 1822 3863 1877 isto

548 1910 685 1983 quod
714 1928 815 1972 non
836 1910 1006 1964 debet.
1043 1910 1107 1966 Et
1138 1908 1265 1964 alibi
1297 1927 1311 1964 ε
1342 1909 1636 1964 Reticebunt
1663 1925 1778 1981 gnte
1805 1918 2040 1979 poterunt
2076 1910 2142 1962 li-

550 2006 741 2071 benter,
769 2005 938 2061 dicent
962 2021 1074 2076 quw
1101 2018 1301 2058 necesse
1323 2002 1414 2057 erit
1440 2002 1656 2074 ingratis
1680 2004 1697 2071 (
1726 2000 1872 2055 Idem
1891 2044 1903 2066 ,
1939 2018 2055 2072 cap.
2086 2002 2141 2068 -1,

549 2096 648 2151 col.
696 2096 750 2151 5.
792 2097 881 2151 lib.
923 2096 1125 2153 advers.
1161 2093 1437 2167 Ilermoge.
1459 2136 1476 2161 ,
1502 2111 1617 2165 cap.
1651 2094 1718 2152 19
1740 2135 1756 2162 ,
1786 2105 1834 2150 et
1881 2094 1968 2150 lib.
2022 2095 2140 2149 adv.

556 2187 814 2245 Valentia.
868 2205 987 2259 cap.
1035 2187 1141 2254 26,
1192 2203 1313 2260 pag.
1363 2186 1488 2243 500.
1531 2187 1638 2242 Cic.
1679 2198 1810 2243 orat.
1857 2194 2022 2259 prima
2052 2204 2143 2259 pro

551 2280 781 2347 Quinct.,
813 2298 933 2352 pag.
971 2279 1006 2337 9
1025 2322 1038 2345 ,
1072 2279 1163 2334 lin.
1191 2278 1247 2347 2,
1275 2287 1323 2333 et
1351 2278 1437 2333 lib.
1469 2275 1537 2333 IV
1565 2280 1619 2333 in
1658 2276 1836 2343 Verr.,
1860 2295 1980 2351 pag.
2017 2280 2139 2342 165,

557 2374 651 2429 lin.
691 2373 756 2429 l5
780 2374 819 2441 ).
851 2372 1112 2431 Cernisne
1155 2370 1373 2429 nomina
1405 2370 1615 2428 libenter
1652 2371 1785 2429 etin
1812 2372 1974 2444 gratis
1994 2414 2010 2439 ,
2040 2372 2142 2427 sibi

544 2468 774 2524 invicem
806 2466 1005 2539 opponi
1026 2467 1050 2521 ?

616 2558 928 2630 Respondet
974 2557 1213 2615 secundo
1260 2555 1623 2613 Tertullianus
1665 2574 1678 2611 :
1720 2557 1781 2612 At
1824 2573 1957 2612 nunc
2006 2555 2144 2613 Deus

543 2667 644 2704 non
688 2650 836 2705 aliter
881 2649 1181 2717 destinavit,
1227 2664 1378 2716 quam
1429 2648 1722 2720 praedicavit
1772 2647 2140 2720 (Tertullian.,

542 2742 818 2813 Apologet.
844 2783 859 2808 ,
892 2741 995 2796 col.
1024 2740 1134 2806 b8,
1168 2757 1288 2813 pag.
1322 2740 1443 2809 I3),
1474 2740 1525 2795 in
1558 2741 1729 2796 sacris
1775 2739 2025 2795 nimirum
2048 2784 2061 2807 ,
2088 2751 2143 2797 ut

541 2849 706 2904 supra
749 2833 1048 2890 notaiimus
1069 2876 1085 2901 ,
1116 2832 1435 2905 Scripturis,
1465 2833 1554 2888 ubi
1582 2849 1612 2888 a
1654 2848 1712 2891 se
1734 2843 1989 2888 Statntmn
2021 2849 2143 2891 esse

539 2928 796 2998 praedicat
853 2926 1056 2983 homini
1108 2926 1274 2985 semel
1327 2925 1702 2991 moriendum,
1748 2925 2021 2997 semelque
2052 2942 2141 2983 re-

541 3020 885 3093 surgendum.

614 3113 856 3184 Denique
896 3111 1187 3184 respondet
1227 3111 1475 3168 homines
1506 3109 1629 3167 ideo
1655 3125 1935 3182 resurgere
1960 3152 1975 3178 ,
2006 3119 2065 3166 ut
2089 3113 2141 3167 in

2248 1927 2387 1975 levo,
2435 1913 2676 1967 mortalis
2719 1912 2838 1968 vita:
2878 1929 3030 1980 smn,
3077 1913 3195 1969 boni
3241 1931 3329 1970 seu
3375 1914 3497 1969 mali
3536 1914 3755 1982 meruit,
3808 1924 3861 1970 et

2249 2004 2431 2056 exinde
2457 2003 2849 2074 dependendum
2877 2006 2928 2058 in
2955 2006 3251 2059 immensam
3272 2006 3567 2061 (sternitatis
3593 2007 3857 2078 perpetui-

2249 2103 2401 2148 tatem
2424 2092 2636 2166 (Ibid.).
2665 2094 2742 2151 Ita
2772 2096 2824 2152 in
2848 2095 3059 2167 Rigaltii
3092 2106 3147 2154 et
3164 2097 3396 2169 antiquis
3417 2097 3766 2164 editionibus,
3789 2113 3856 2154 ac

2247 2187 2625 2257 manuscriptis
2654 2189 2853 2244 nostris
2878 2189 3175 2246 codicibus.
3206 2190 3275 2244 At
3313 2190 3364 2245 in
3406 2190 3553 2246 cusis
3582 2190 3855 2263 aliquibus

2247 2279 2460 2351 legitur,
2493 2281 3020 2352 deprehendendum,
3061 2299 3159 2353 pro
3198 2283 3626 2353 dependendum,
3660 2292 3751 2338 aut
3793 2283 3855 2341 in

2245 2372 2365 2427 aliis
2403 2373 2585 2428 exinde
2621 2374 3029 2445 dependendum.
3074 2373 3134 2430 In
3163 2374 3283 2430 aliis
3311 2390 3470 2446 porro
3491 2374 3596 2431 hoc
3626 2374 3853 2431 verbum

2246 2466 2457 2537 penitus
2487 2467 2755 2523 sublatum
2782 2478 2883 2525 est.
2915 2467 3096 2540 Neque
3136 2469 3264 2525 illud
3301 2469 3455 2526 valde
3483 2470 3848 2526 necessarium

2246 2556 2457 2613 videtur
2480 2599 2496 2624 ,
2534 2559 2579 2614 si
2626 2558 2790 2616 verbo
2830 2559 3223 2632 expungendum
3247 2602 3264 2628 ,
3296 2559 3369 2617 ibi
3408 2575 3438 2616 a
3475 2560 3839 2629 Tertulliano,

2244 2648 2383 2705 sicut
2409 2649 2533 2705 alibi
2559 2689 2577 2717 ,
2608 2660 2663 2706 et
2700 2651 2768 2707 ab
2794 2650 2915 2707 aliis
2941 2652 3305 2723 Seriptoribus
3333 2663 3573 2709 sumatur
3599 2669 3694 2723 pro
3721 2671 3844 2725 per-

2244 2740 2561 2797 soluendum.
2603 2742 2709 2799 Sed
2747 2743 2791 2798 si
2830 2743 2899 2799 ab
2934 2758 3001 2800 eo
3026 2745 3317 2815 accipiatur
3345 2760 3445 2816 pro
3470 2744 3746 2802 reddenda
3768 2744 3842 2802 ab

2246 2831 2557 2890 hominibus
2599 2850 2824 2907 operum
2875 2849 3095 2891 suorum
3140 2850 3386 2904 summa,
3434 2837 3842 2908 rationibusque

2249 2927 2624 2997 computandis
2644 2968 2661 2994 ,
2689 2938 2850 2999 atque
2876 2928 3248 2999 abmlvendis,
3280 2929 3502 2986 retineri
3527 2929 3688 2988 debet
3715 2946 3839 2987 ver-

2244 3020 2373 3075 bum
2439 3020 2571 3075 illud
2646 3020 3078 3091 dependendum;
3136 3024 3205 3078 ita
3282 3032 3341 3079 ut
3405 3022 3494 3079 hic
3554 3025 3624 3080 sit
3695 3024 3839 3081 illius

2246 3125 2438 3167 sensus
2478 3127 2492 3165 :
2528 3112 2878 3168 restituentur
2935 3128 3127 3170 omnes
3166 3098 3388 3171 omnino
3440 3116 3685 3173 homines
3709 3160 3726 3185 ,
3781 3125 3843 3174 ut

541 3206 837 3260 immensam
880 3205 1189 3273 ceteraitatis.
1215 3203 1598 3275 perpetuitatem
1622 3244 1638 3269 ,
1686 3203 1950 3273 accipiant
1995 3202 2139 3274 quod
2166 3218 2212 3283 ο
2246 3211 2660 3273 computentur,
2701 3205 3112 3272 examinentur,
3155 3216 3210 3262 et
3250 3206 3595 3263 absolvantur
3631 3217 3840 3266 cunctae

538 3299 665 3355 mali
708 3308 803 3356 aut
846 3298 969 3355 boni
1014 3299 1069 3354 in
1118 3297 1220 3354 hac
1248 3299 1356 3354 vita
1383 3303 1698 3353 meruerunt
1725 3294 1920 3369 (ibid.).
1961 3297 2139 3355 Semel

538 3393 701 3464 igitur
737 3392 937 3450 debent
979 3392 1046 3447 ad
1092 3392 1253 3448 vitam
1305 3392 1565 3448 revocari.
1617 3392 1807 3447 I’oswa
1854 3391 1999 3447 enim
2041 3408 2140 3449 nec

537 3499 685 3542 mors
732 3485 837 3541 erit
862 3527 875 3550 ,
912 3499 1012 3540 nec
1041 3485 1362 3541 resurrectio
1381 3523 1397 3551 ,
1424 3482 1520 3539 sed
1545 3494 1744 3540 interna
1772 3484 1900 3540 vita.

610 3578 815 3634 Dehinc
842 3594 970 3634 vero
1000 3580 1064 3634 iis
1092 3579 1251 3636 etiam
1278 3579 1512 3635 occurrit
1535 3620 1550 3646 ,
1583 3579 1671 3650 qui
1699 3578 1972 3650 objectare
1995 3579 2139 3636 sole.

536 3668 667 3727 bant
705 3670 820 3727 ﬁeri
870 3686 974 3726 non
1023 3686 1183 3742 posse
1207 3713 1222 3739 ,
1272 3681 1330 3727 ut
1368 3686 1565 3743 corpus
1611 3671 1842 3729 hominis
1873 3670 2141 3743 profundo

536 3765 908 3835 immensoque
936 3764 1070 3821 mari
1092 3764 1430 3822 submersum
1456 3804 1473 3833 ,
1504 3763 1779 3821 redactum
1809 3765 1860 3820 in
1888 3765 2099 3823 cineres
2118 3806 2134 3831 ,

535 3874 565 3911 a
615 3857 836 3925 bestiis,
890 3869 942 3914 et
983 3857 1270 3928 aliquando
1314 3857 1384 3913 ab
1422 3856 1730 3913 hominibus
1778 3857 2092 3915 devoratum
2118 3900 2134 3925 ,

539 3952 716 4022 ipsum
750 3951 891 4008 idem
929 3951 1218 4022 aliquando
1256 3962 1499 4022 resurgat
1530 3968 1545 4005 :
1575 3950 1713 4005 Nam
1757 3950 1892 4019 Dei,
1924 3952 2095 4022 inquit
2120 3992 2134 4016 ,

536 4054 607 4100 est
648 4045 865 4099 nihilum
886 4046 1051 4115 ipsum
1072 4086 1085 4108 ,
1113 4044 1260 4114 cujus
1284 4053 1330 4098 et
1361 4053 1519 4098 totum
1546 4043 1565 4116 (
1599 4042 1735 4099 Ibid.
1759 4042 1800 4116 ).
1830 4044 1964 4098 Cum
1991 4042 2135 4098 enim

537 4134 684 4191 Deus
722 4137 900 4191 omnia
931 4151 996 4193 ex
1029 4135 1198 4192 nihilo
1222 4135 1526 4204 creaverit,
1577 4151 1643 4192 ac
1685 4145 1790 4190 tam
1839 4138 1914 4191 rei
1960 4136 2135 4191 exsis-

538 4228 722 4294 tentis,
752 4245 913 4299 quam
944 4245 1049 4285 nou
1075 4229 1384 4286 exsistentis
1406 4270 1420 4293 ,
1452 4237 1509 4284 et
1544 4228 1696 4283 nihili
1734 4228 1804 4284 sit
1847 4227 2096 4292 dominus
2116 4268 2132 4295 ,

534 4330 712 4392 potest
785 4331 931 4376 certe
1012 4321 1429 4393 quodcumque,
1489 4335 1597 4391 quo
1659 4320 1756 4389 ipsi
1835 4320 2133 4391 placuerit,

534 4412 694 4470 modo
736 4421 791 4469 et
839 4412 1016 4469 facere
1056 4422 1113 4469 et
1156 4413 1399 4471 reﬁcere.
1452 4413 1620 4469 Recte
1667 4413 1826 4484 igitur
1870 4412 1997 4470 hinc
2044 4413 2134 4469 ille

533 4505 806 4563 concludit
855 4503 1214 4578 :Ubicumgue
1265 4506 1515 4561 resolutus
1566 4504 1753 4576 fueris,
1805 4522 2134 4577 quiscumque

2246 3294 2371 3351 boni
2400 3296 2634 3367 malique
2676 3311 2866 3353 eorum
2899 3298 3074 3353 meriti
3102 3298 3341 3354 rationes
3363 3341 3378 3368 ,
3417 3314 3481 3355 ac
3512 3298 3705 3356 deinde
3741 3315 3841 3371 per

2252 3396 2421 3444 totam
2445 3391 2798 3447 mternitatem
2841 3390 2971 3447 illud
3006 3374 3311 3462 depettdant
3337 3407 3401 3449 ac
3424 3391 3667 3461 solvant,
3696 3392 3839 3466 quod

2240 3495 2340 3552 per
2387 3480 2528 3538 hanc
2578 3483 2739 3538 vitam
2790 3494 3122 3540 meruerunt.
3174 3486 3244 3541 At
3290 3484 3578 3542 Suetonius
3618 3487 3840 3543 verbum

2240 3589 2498 3645 expango,
2552 3574 2655 3631 hac
2696 3576 2930 3634 secunda
2978 3576 3371 3648 signiﬁcatione
3412 3578 3722 3638 adhibuisse
3763 3582 3844 3637 vi-

2241 3665 2398 3721 detur
2422 3707 2438 3732 ,
2470 3666 2557 3721 ubi
2589 3667 2658 3722 de
2683 3667 2907 3724 Claudio
2931 3667 3144 3724 Cmsare
3170 3670 3423 3740 scripsit:
3457 3668 3584 3726 Cum
3609 3672 3843 3728 decurias

2240 3774 2410 3813 rerum
2438 3768 2554 3813 acta
2577 3769 2883 3831 expungeret
2913 3760 3154 3830 (Sueten.
3187 3762 3240 3816 in
3283 3759 3381 3817 Vit.
3401 3759 3620 3827 Claudii,
3652 3760 3682 3834 §
3708 3763 3842 3836 I5),

2241 3849 2293 3906 id
2323 3861 2428 3918 est,
2462 3862 2519 3906 ιιι
2544 3851 2761 3920 quidam
2791 3852 3165 3918 observarunt,
3198 3853 3504 3920 ordinaret,
3532 3868 3596 3909 ac
3618 3868 3846 3926 compu-

2241 3952 2378 3999 taret
2422 3944 2639 4014 quinam
2682 3961 2747 4001 ex
2793 3946 3025 4002 decuriis
3070 3948 3123 4001 in
3165 3946 3404 4017 judicum
3451 3962 3678 4004 numero
3717 3963 3843 4006 ser-

2244 4034 2402 4093 vandi
2450 4045 2651 4091 essent.
2698 4034 2814 4092 IIuc
2868 4053 3084 4108 quoque
3139 4052 3331 4095 vocant
3383 4039 3498 4096 haec
3553 4041 3845 4113 Papiniani

2242 4127 2403 4182 verba
2436 4148 2447 4183 :
2479 4126 2560 4182 Ea:
2588 4145 2741 4183 causa
2767 4129 3063 4186 dcsertionis
3088 4140 3294 4187 notatus
3317 4149 3377 4187 ac
3399 4134 3684 4203 restitutusl,
3711 4145 3846 4213 tent-

2238 4221 2377 4292 poris
2403 4262 2420 4289 ,
2458 4223 2592 4292 quod
2643 4224 2697 4277 in
2744 4223 3026 4279 desertione
3074 4224 3264 4294 fuerit,
3314 4226 3585 4297 impendiis
3641 4245 3844 4297 expun-

2235 4314 2375 4386 gitur
2401 4314 2621 4387 (Digest.
2648 4316 2736 4371 lib.
2766 4314 2953 4384 XLIX,
2987 4319 3067 4372 tit.
3100 4318 3190 4384 16,
3218 4319 3319 4391 leg.
3348 4319 3439 4387 15,
3472 4319 3536 4375 de
3558 4337 3615 4376 re
3638 4321 3840 4393 milit.).

2308 4406 2578 4479 Quidquid
2617 4423 2777 4478 porro
2814 4410 2887 4466 sit
2920 4410 2988 4466 de
3016 4412 3267 4468 Auctoris
3291 4412 3462 4469 nostri
3491 4429 3618 4471 vera
3649 4416 3843 4488 genui-

2238 4513 2414 4571 naque
2438 4500 2688 4565 lectione.
2712 4509 2866 4559 certo
2893 4502 3111 4574 quidem
3136 4503 3337 4559 certius
3365 4518 3487 4560 esse
3506 4503 3697 4573 docet,
3714 4504 3843 4573 lore

531 4611 583 4657 te
608 4601 823 4656 materia
850 4600 1185 4665 destruxerit,
1218 4600 1472 4664 hauserit,
1503 4598 1810 4668 aboleverit,
1838 4600 1889 4654 in
1917 4599 2132 4654 nihilum
2156 4612 2213 4675 Ῑ)
2237 4603 2297 4650 ut
2333 4594 2705 4665 expcndantur
2727 4637 2743 4661 ,
2775 4605 2831 4652 et
2870 4605 3119 4654 accurate
3147 4598 3521 4654 examinentur
3546 4600 3608 4663 in
3650 4598 3844 4653 ultimo

532 4694 861 4767 prodegerit,
891 4692 1063 4748 reddet
1093 4703 1139 4747 te
1168 4690 1349 4763 (Ibid.
1382 4694 1426 4763 ).
1453 4691 1560 4749 Sed
1587 4708 1685 4749 nos
1728 4694 1879 4763 plura
1910 4693 1965 4748 in
1996 4692 2132 4748 hanc

530 4802 650 4844 rem
693 4788 745 4843 in
773 4785 1144 4859 superioribus
1171 4787 1373 4843 nostris
1397 4786 1864 4845 dissertationibus
1896 4788 2136 4860 disputa-

532 4880 705 4937 vimus
736 4879 1031 4952 (Dissertat.
1062 4880 1117 4934 in
1147 4878 1337 4935 Minut.
1378 4877 1560 4934 Octav.
1603 4896 1720 4950 cap.
1751 4880 1803 4949 7,
1834 4891 1936 4936 art.
1968 4880 2005 4935 2
2026 4922 2041 4949 ,
2086 4890 2136 4936 et

532 4971 801 5029 Dissertat.
831 4974 885 5029 in
911 4972 1146 5029 Lactant.
1169 5014 1182 5039 ,
1213 4989 1329 5044 cap.
1360 4972 1433 5028 28
1456 5015 1470 5039 ,
1498 4980 1598 5029 art.
1624 4973 1702 5043 4).

1141 5103 1436 5147 Ακτιειιιιυε
1462 5104 1540 5143 III.

535 5200 648 5272 Quo
675 5212 896 5274 tempore
935 5204 1122 5258 mortui
1164 5202 1391 5257 homines
1438 5201 1507 5255 ad
1545 5201 1699 5255 vitam
1742 5201 2126 5271 excitabuntur,

600 5297 874 5363 sistentque
899 5312 953 5351 se
979 5290 1197 5350 extremo
1224 5294 1323 5350 Dei
1351 5294 1546 5360 iudicio
1566 5334 1579 5359 ,
1623 5304 1670 5348 et
1717 5295 1968 5365 quomodo
2002 5294 2127 5349 Ter-

600 5388 846 5443 tullianus
884 5389 1198 5442 ethnicorum
1231 5388 1293 5442 de
1328 5385 1504 5442 Minoe
1536 5396 1582 5442 ct
1623 5386 1984 5441 Rhadamanto
2012 5386 2127 5457 api-

600 5481 831 5535 nionibus
859 5480 1121 5551 conﬁrmet
1148 5482 1371 5536 omnium
1398 5480 1534 5536 mala
1557 5480 1786 5553 bonaque
1814 5481 1992 5537 merita
2019 5490 2125 5535 tum

597 5571 958 5629 examinanda.

597 5711 883 5783 Postquam
909 5709 1265 5768 Tertollianus
1300 5708 1382 5768 his
1403 5752 1419 5780 ,
1449 5727 1571 5785 quae
1604 5711 1954 5783 exposuimus
1977 5753 1992 5779 ,
2021 5727 2111 5768 ra-

526 5801 730 5862 tionum
781 5796 1069 5862 momentis
1115 5803 1487 5875 comprobavit
1539 5803 1775 5863 futurum
1830 5802 2126 5876 cujuslibet

2240 4687 2437 4746 Christi
2476 4688 2679 4759 judicio
2729 4689 3061 4761 singulorum
3118 4689 3396 4746 hominum
3443 4690 3652 4747 merita.
3692 4689 3846 4746 Ven-

2238 4788 2392 4837 turus
2430 4781 2573 4837 enim
2618 4790 2704 4839 est
2745 4781 2836 4839 ille
2880 4783 2995 4854 ipse
3023 4780 3270 4839 Christus
3295 4798 3415 4838 cum
3443 4784 3624 4852 omni,
3669 4792 3729 4840 ut
3764 4783 3847 4841 ait

2238 4873 2633 4940 Tcrtullianus,
2684 4874 2977 4930 divinitatis
3036 4873 3208 4946 gloria
3258 4884 3314 4932 et
3371 4875 3687 4947 majestate,
3736 4892 3843 4934 nec

2238 4982 2345 5022 non
2389 4982 2504 5021 cum
2532 4968 2684 5021 totius
2727 4966 2901 5021 mundi
2931 4976 3100 5034 motu,
3144 4982 3251 5038 quo
3293 4982 3425 5023 sane
3460 4968 3841 5037 subvertetur,

2237 5075 2351 5114 cum
2382 5058 2591 5114 horrore
2621 5058 2755 5115 orbis
2776 5102 2790 5126 ,
2823 5076 2938 5115 cum
2978 5060 3185 5130 planctu
3223 5061 3489 5128 omnium,
3536 5059 3840 5118 inﬁdelium

2234 5160 2288 5208 et
2315 5151 2732 5218 sceleratorum,
2773 5152 2864 5208 sed
2903 5167 3004 5208 non
3050 5153 3442 5217 christianorum
3486 5150 3837 5227 (Tertullian.

2235 5245 2497 5316 Apologet.
2529 5261 2644 5316 cap.
2685 5246 2758 5303 25
2779 5286 2792 5309 ,
2832 5245 2931 5303 col.
2960 5245 3052 5317 9.5)
3072 5287 3086 5314 ,
3122 5245 3356 5303 ﬁdelium
3382 5287 3395 5310 .
3427 5244 3712 5315 videlicet,
3743 5247 3839 5318 qtti

2235 5340 2318 5409 pie
2349 5340 2638 5407 sancteque
2670 5337 2937 5392 vixerunt.
2974 5338 3048 5393 De
3088 5335 3191 5393 hoc
3223 5346 3403 5393 autem
3429 5346 3674 5393 extremo
3690 5337 3841 5408 judi-

2233 5430 2317 5486 cio
2343 5428 2455 5501 jam
2478 5428 2603 5484 alibi
2631 5427 2984 5486 disseruimus
3001 5427 3218 5499 (Disser.
3240 5429 3294 5483 in
3322 5427 3443 5484 Lac.
3463 5445 3508 5483 c.
3526 5427 3619 5494 47,
3639 5445 3690 5500 p.
3716 5428 3835 5502 ΑΞ).

2311 5521 2417 5577 Sed
2442 5521 2509 5577 ab
2534 5520 2768 5576 ethnicis
2788 5521 3032 5587 ridemur,
3058 5522 3228 5594 inquit
3252 5521 3428 5577 adlmc
3448 5519 3834 5589 Tertullianus,

2234 5614 2434 5682 Deum,
2476 5629 2635 5686 quem
2673 5623 2829 5672 antea
2876 5614 3155 5672 Christum
3196 5613 3596 5687 appellaverat,
3640 5615 3838 5685 prtedi-

2232 5718 2404 5765 cantes
2437 5708 2791 5783 judicaturum
2835 5706 3188 5781 (Tertullum.
3235 5707 3504 5780 Apologet.
3559 5722 3675 5778 cap.
3718 5704 3837 5775 47,

2232 5802 2331 5861 col.
2356 5802 2467 5876 ἃ).
2488 5803 2557 5863 At
2589 5817 2722 5864 sane
2745 5801 2886 5863 hanc
2912 5799 3158 5878 frigidam
3177 5801 3482 5865 irrisionem
3505 5815 3614 5863 non
3633 5801 3842 5876 aptius,
