4092 6352
228 305 333 369 9οὶ

1377 302 1824 365 υιεεεῐιτιηιο
1858 304 1925 365 D.
1961 302 2052 365 LE
2086 304 2396 368 NOURRY.

3426 309 3534 371 902

229 440 390 498 quam
440 423 651 481 traditis
698 424 936 496 ipsorum
993 423 1208 497 placitis
1258 423 1655 495 esplodendam
1709 437 1830 479 esse
1856 425 1910 487 Α
1932 425 2186 483 suscitatis
2213 427 2445 483 omnibus
2471 424 2534 481 ab
2563 425 2708 482 initia
2736 423 2986 498 defunctis
3004 468 3018 493 ,
3054 431 3097 481 el
3126 424 3417 497 reformatis
3439 468 3453 492 ,
3486 435 3536 481 et

231 518 442 574 censuit
473 536 484 572 :
517 520 607 575 Sic
628 518 762 574 enim
788 528 834 573 et
864 528 1055 589 poetic,
1086 519 1183 585 ait,
1213 526 1259 573 et
1293 518 1582 589 philosophi
1611 518 1836 572 tribunal

230 610 371 681 apud
401 611 590 681 inferas
622 617 825 680 ponunt
845 607 1052 683 (Ibid).
1082 608 1235 677 Quod
1262 617 1443 666 autem
1469 610 1541 665 sit
1577 607 1706 665 illud
1738 607 1835 663 tri-

231 702 397 758 bonal
418 746 432 769 ,
474 702 622 759 hisce
645 746 660 762 .
691 702 888 774 quibus
914 703 1142 774 gentiles
1166 702 1460 774 alloquitur
1482 744 1497 768 ,
1527 700 1708 758 verbis
1735 699 1835 757 de—

233 794 534 850 clamverat
573 814 585 848 :
617 793 855 863 Ridetis,
891 795 1093 849 rideant
1135 804 1183 849 et
1226 793 1341 862 illi,
1387 793 1702 855 daemones.
1744 807 1834 847 vo-

234 885 445 941 biscum.
475 928 489 941 .
518 926 531 940 .
560 924 573 939 .
596 884 783 943 Dicant
814 887 908 941 hoc
933 903 1027 958 pro
1054 886 1294 942 tribunali
1321 929 1335 952 ,
1384 887 1429 941 si
1469 888 1598 958 forte
1626 884 1838 940 Minaen

238 985 285 1033 et
340 975 762 1033 Rhadamantum
824 978 1100 1035 secundum
1148 994 1448 1034 consensum
1500 975 1737 1032 Platonis
1792 985 1839 1031 et

237 1078 501 1141 poetarum
563 1086 669 1125 esse
733 1070 940 1124 sortitas
980 1068 1163 1141 (Ibid.
1217 1087 1334 1139 cap.
1392 1067 1486 1135 23,
1546 1069 1646 1124 cal.
1693 1066 1767 1124 25
1794 1065 1837 1139 ).

242 1162 378 1231 Quia
414 1176 542 1218 vero
571 1162 912 1221 notissimum
941 1163 1190 1220 omnibus
1218 1170 1337 1219 erat
1365 1161 1561 1219 Minois
1598 1172 1652 1218 et
1690 1160 1839 1217 Rha-

240 1254 480 1311 damauti
535 1255 809 1323 tribunal,
865 1263 1030 1312 testes
1077 1255 1377 1327 generatim
1424 1256 1552 1311 citat
1613 1262 1838 1325 poetas,

239 1361 468 1419 quorum
507 1345 722 1419 plurimi
761 1354 817 1403 et
859 1348 1020 1418 graeci
1058 1357 1112 1402 et
1154 1348 1302 1403 latini
1334 1346 1466 1402 illud
1500 1347 1836 1402 cecinerunt.

242 1436 325 1493 Ex
372 1435 704 1509 philosophis
733 1452 862 1494 vero
903 1438 1218 1493 nominatim
1254 1437 1488 1511 appellat
1525 1437 1842 1493 Platonem:

243 1530 368 1602 quia
394 1531 606 1585 illorum
634 1531 871 1585 omnium
902 1528 1060 1587 facile
1090 1531 1345 1602 princeps
1370 1530 1641 1587 audiebat.
1669 1528 1844 1587 Simili

246 1623 410 1677 etiam
439 1620 598 1677 modo
628 1621 874 1681 Justinus
902 1632 1107 1696 martyr
1134 1623 1396 1681 adversus
1426 1622 1643 1679 eosdem
1668 1622 1846 1679 ethni-

244 1729 341 1772 cos
383 1725 785 1786 argumentatus
826 1713 1002 1773 fuerat
1032 1733 1044 1771 :
1078 1723 1274 1773 Πλάτων
1307 1720 1357 1771 δι
1398 1710 1721 1797 ϋαδάμιντογ
1760 1718 1845 1769 ιιι)

1936 520 2193 587 recensitis
2221 520 2289 574 ad
2313 521 2575 590 utriusque
2602 519 2798 583 meriti,
2832 521 2945 574 sive
2976 518 3099 574 boni
3127 518 3242 574 sive
3272 517 3394 573 mali
3422 517 3533 574 dis-

1938 614 2281 683 punctionem.
2304 611 2456 667 Nunc
2483 610 2615 667 dicit
2636 610 2703 666 ad
2730 610 3179 681 dispunctionem,
3205 609 3347 665 haud
3371 609 3535 666 dubie

1938 705 2127 762 eodem
2160 720 2359 773 sensu,
2389 720 2497 775 quo
2535 713 2694 761 antea
2723 703 2792 759 ab
2830 719 2895 759 eo
2926 703 3128 760 dictum
3170 702 3400 758 vidimus
3421 743 3439 771 ,
3465 701 3536 757 ad

1939 800 2349 871 expungendum.
2375 798 2510 854 Nam
2544 799 2613 853 ab
2654 799 2772 869 ipso
2800 796 2925 853 alibi
2969 798 3228 867 scriptum
3260 796 3489 852 vidimus
3520 813 3535 851 :

1940 891 2056 947 Nos
2084 893 2172 964 qui
2199 891 2289 947 sub
2322 891 2429 947 Dea
2458 892 2683 946 omnium
2712 890 3031 961 speculatore
3056 889 3415 961 dispungimur
3437 928 3454 954 ,
3486 886 3541 945 id

1940 992 2043 1051 est,
2073 967 2463 1050 examinamur,
2494 992 2549 1038 et
2573 980 2876 1051 judicamur
2903 996 2933 1036 a
2965 980 3099 1048 Deo,
3128 980 3217 1051 qui
3249 979 3424 1034 omnia
3449 994 3541 1034 co-

1938 1076 2149 1148 gnoscit
2172 1116 2187 1142 ,
2243 1085 2487 1130 aeternam
2529 1074 2592 1129 ab
2640 1090 2698 1130 ea
2738 1089 2940 1145 plenam
2986 1071 3304 1143 providemus
3348 1069 3539 1142 (Ibid,

1941 1187 2057 1242 cap.
2088 1170 2176 1236 45,
2207 1170 2307 1225 cal.
2336 1169 2451 1240 39),
2482 1183 2579 1249 seu
2627 1180 2992 1238 pra-cavemus
3016 1205 3032 1230 ,
3061 1174 3151 1219 aut
3182 1162 3545 1238 prtevidemus

1944 1262 2100 1328 fore,
2154 1272 2211 1317 ut
2255 1262 2425 1319 malos
2472 1270 2671 1317 aeterna
2715 1275 2871 1333 paena
2917 1257 3137 1314 alliciat.
3183 1258 3541 1325 Quamobrem

1944 1354 2251 1412 innocentia
2291 1369 2343 1411 et
2391 1370 2600 1411 morum
2644 1354 2950 1426 integritate
2980 1353 3030 1408 ci
3080 1352 3422 1418 occurrimus,
3476 1364 3545 1407 ne

1944 1459 2175 1504 asternas
2227 1448 2559 1519 perieramus
2612 1448 2896 1517 impiorum
2956 1459 3183 1517 pteuas,
3238 1454 3547 1515 aeternaque

1944 1541 2223 1613 supplicia.
2258 1542 2311 1595 In
2342 1541 2530 1597 ultimo
2559 1540 2741 1611 itaque
2778 1538 2975 1594 Christi
3011 1538 3213 1610 judicio
3254 1536 3549 1608 unusquis-

1944 1652 2051 1706 que
2087 1651 2306 1691 suorum
2354 1635 2616 1691 bonorum
2665 1634 2750 1689 vel
2800 1634 3060 1689 malorum
3104 1632 3422 1687 meritorum
3463 1626 3564 1686 ra?

1947 1731 2122 1786 tiones
2153 1729 2370 1793 reddet,
2403 1736 2461 1785 et
2485 1729 2550 1783 iis
2584 1738 2693 1782 tum
2721 1725 3037 1782 examinatis
3059 1768 3074 1794 ,
3113 1725 3405 1795 ultimaque
3441 1721 3550 1778 lata

245 1812 386 1861 Μίνω
413 1814 626 1863 κθλᾶοσειν
657 1815 765 1870 τοὺς
791 1810 978 1869 ἀδίκους
1003 1807 1119 1880 παρ’
1156 1811 1333 1870 abuit:
1373 1812 1603 1869 ἐλθόντες·
1638 1812 1775 1876 ἡμεῖς
1799 1811 1847 1864 δὴ

1964 1823 2216 1880 sententia
2240 1865 2254 1890 ,
2302 1822 2532 1894 improbi
2564 1822 2853 1893 punientur
2882 1821 3003 1891 igne
3029 1830 3233 1875 aeterno
3256 1859 3271 1883 ,
3299 1817 3428 1889 justi
3457 1831 3551 1871 au-

245 1907 303 1954 ire)
329 1903 448 1954 αὐτὸ
473 1905 674 1971 πρᾶγμά
717 1923 868 1970 purpur
903 1908 1204 1972 μνήσεσθαι,
1233 1900 1337 1957 ἀλλ’
1369 1886 1460 1956 ιιδό
1499 1909 1587 1958 τοῦ
1613 1907 1848 1973 Χριστοῦ,

248 2002 331 2044 καὶ
367 1995 469 2052 τοῖς
507 1995 671 2052 niani;
708 2001 895 2061 σώμισι
932 2000 1060 2062 μετὰ
1088 2004 1247 2063 ψυχῶν
1288 2002 1559 2065 γινομένων,
1596 1996 1679 2048 καὶ
1727 1996 1852 2047 εἰω-

248 2094 349 2136 νειν
382 2087 574 2139 xilem
612 2092 1038 2155 κολωθησομινων.
1087 2084 1238 2140 Plato
1281 2101 1395 2141 vero
1434 2083 1855 2140 thadamantum

250 2187 298 2231 et
351 2177 558 2233 Minaen
595 2179 773 2233 itidem
821 2180 1038 2251 injustas
1078 2178 1146 2231 ad
1187 2194 1242 2233 se
1286 2180 1536 2233 venientes
1580 2178 1853 2248 plexurum

252 2286 363 2325 esse
387 2269 576 2326 docuit.
610 2269 721 2327 Nos
751 2281 922 2325 autem
952 2271 1009 2325 id
1034 2272 1203 2343 ipsum
1232 2272 1383 2326 etiam
1414 2272 1609 2343 factum
1635 2271 1698 2325 iri
1726 2270 1857 2326 dici-

254 2378 398 2429 mus,
427 2362 518 2417 sed
545 2380 576 2418 a
605 2362 827 2429 Christo,
867 2363 1162 2433 corporibus
1208 2363 1396 2419 eisdem
1436 2379 1554 2431 cum
1590 2364 1857 2421 animabus

254 2456 360 2510 suis
384 2450 636 2522 uniendis,
666 2465 817 2527 atque
836 2457 1039 2511 (sternis
1059 2455 1363 2510 cruciatibus
1393 2454 1683 2526 tarquendis
1711 2453 1856 2529 (Jus-

258 2549 378 2615 tin.,
409 2549 626 2620 Apolog.
658 2550 701 2605 1-
739 2548 807 2602 ad
852 2548 1122 2615 Antonin.,
1154 2565 1275 2620 pag.
1315 2547 1450 2619 57).
1481 2546 1686 2605 Eodem
1723 2561 1857 2618 quo-

226 2657 363 2713 -que
390 2642 551 2698 modo
576 2642 942 2714 Athenagoras
970 2648 1155 2697 contra
1187 2640 1432 2698 ethnicos
1462 2650 1647 2712 postea
1674 2640 1857 2712 dispu-

260 2734 405 2789 tavit.
459 2734 660 2790 Citatos
710 2750 869 2805 porro
908 2735 978 2790 ab
1023 2733 1113 2790 illo
1155 2732 1395 2789 Platonis
1436 2733 1581 2790 locos
1617 2734 1670 2788 iu
1715 2733 1860 2791 illius

259 2824 455 2897 Gorgia
502 2834 557 2882 et
601 2824 844 2881 Axiocho
885 2825 1127 2881 invenies
1168 2824 1517 2896 (Athenagar.
1562 2824 1716 2896 legat.
1764 2841 1859 2895 pro

261 2920 523 2977 christian.
558 2918 679 2994 pag.
706 2921 810 2989 ης
854 2921 999 2978 Plat.
1029 2919 1186 2994 Garg.
1233 2930 1360 2978 tam.
1400 2919 1457 2990 Ι,
1504 2938 1625 2995 pag.
1659 2922 1785 2990 124,
1813 2931 1861 2979 et

261 3013 411 3069 Asia.
436 3025 557 3071 tant.
590 3014 675 3083 lli,
710 3031 832 3088 pag.
862 3016 1013 3087 371).

335 3106 393 3165 Si
415 3107 532 3178 quis
562 3122 688 3165 vero
718 3108 951 3189 aliquem
987 3106 1176 3162 saltem
1224 3120 1292 3163 ex
1338 3106 1514 3164 citatis
1557 3107 1627 3163 ab
1647 3105 1862 3163 Tertul-

1954 1926 2061 1973 tem
2101 1916 2444 1986 sempiternae
2486 1916 2708 1985 praemio
2745 1912 3014 1969 fclicitatis
3042 1911 3402 1968 donabuntur.
3444 1908 3553 1966 Sed

1953 2008 2022 2064 de
2054 2008 2155 2064 hoc
2182 2018 2391 2062 aeterno
2418 2015 2472 2063 et
2506 2007 2627 2077 igne
2653 2014 2709 2062 et
2735 2006 2956 2077 pl'tl‘tlllo
2992 2005 3118 2077 quid
3144 2004 3334 2063 doceat
3367 2013 3555 2061 auctor

1957 2112 2140 2159 noster
2157 2143 2173 2170 ,
2198 2101 2308 2172 jam
2335 2098 2722 2172 eitplorandum
2747 2114 2778 2153 a
2806 2097 2960 2155 nobis
2983 2107 3084 2154 est.

2553 2227 2845 2271 ητιευιυε
2868 2227 2944 2268 ιν.

1960 2326 2041 2382 De
2065 2312 2254 2383 (eterna
2279 2328 2391 2400 igua
2411 2368 2428 2395 ,
2458 2343 2557 2399 qua
2590 2326 2808 2397 improbi
2832 2335 2880 2381 et
2916 2323 3064 2397 impii
3092 2325 3321 2382 [contines
3353 2325 3555 2381 crucia-

2031 2424 2264 2488 buntur;
2303 2438 2403 2492 qua
2442 2422 2639 2476 ratione
2684 2419 3038 2476 Tertullianus
3074 2419 3186 2490 ejus
3226 2420 3557 2475 teternitatem

2036 2524 2230 2572 asserat
2259 2556 2274 2579 ,
2304 2525 2457 2587 atque
2480 2514 2746 2583 conﬁrmet
2794 2515 3059 2585 igneorum
3087 2511 3383 2583 ﬂuviorum,
3414 2527 3561 2567 mons

2031 2608 2159 2662 tium
2201 2622 2399 2678 semper
2441 2606 2731 2661 ardentium
2756 2643 2773 2670 ,
2819 2603 3039 2659 hominis
3084 2603 3299 2675 fulmine
3338 2603 3561 2674 percussi

2031 2688 2299 2771 exeniplis,
2322 2713 2382 2753 ac
2408 2713 2500 2752 cur
2523 2694 2656 2769 ignis
2674 2696 2763 2751 ille
2785 2703 3006 2752 teternus
3030 2693 3253 2759 dicatur.

2032 2832 2184 2903 Quod
2226 2838 2290 2891 ex
2343 2835 2512 2890 sacris
2556 2831 2850 2905 Scripturis
2892 2830 3200 2888 didicerunt
3241 2831 3559 2900 christiani,
3660 2886 3679 2893 κ

1961 2926 2063 2983 hoc
2094 2926 2266 2999 palam
2294 2925 2663 2997 przedicabaut
2687 2924 2880 2996 impios
2900 2922 3281 2995 improbosque
3308 2922 3560 2982 homines

1960 3031 2164 3076 eterna
2193 3028 2312 3090 post
2335 3028 2563 3075 mortem
2591 3033 2742 3074 suam
2772 3018 2892 3089 igne
2921 3015 3241 3073 cruciandos
3268 3031 3283 3070 :
3315 3016 3424 3073 Sed
3467 3033 3560 3089 ge-

1963 3114 2185 3168 hennam
2209 3154 2225 3180 ,
2254 3113 2330 3167 ait
2375 3110 2739 3169 Tertullianus
2767 3152 2782 3179 ,
2816 3111 2859 3166 si
2897 3109 3298 3177 comminemur,
3340 3125 3456 3181 quo:
3491 3116 3569 3166 est

263 3198 407 3254 liauo
437 3201 609 3271 poetis
638 3200 866 3271 proferri
896 3200 1189 3267 desiderat,
1219 3198 1357 3255 duos
1379 3215 1675 3271 graecorum
1700 3211 1754 3256 et
1780 3202 1857 3256 la—
1882 3213 1929 3279 ρ
1960 3204 2098 3277 ignis
2122 3205 2298 3259 (sterni
2323 3203 2646 3259 subterranea
2664 3201 2734 3255 ad
2774 3217 2974 3274 plenam
3018 3201 3305 3268 thesaurus,
3351 3200 3566 3273 proinde

264 3294 497 3350 tiuorum
551 3297 869 3367 coryphaios
927 3295 1223 3351 Homerum
1276 3306 1331 3352 et
1382 3295 1661 3367 Virgilium
1723 3297 1861 3355 cita-

266 3387 464 3445 bimus.
494 3387 556 3444 in
580 3387 819 3459 Odyssea
845 3387 987 3444 etiiin
1014 3388 1104 3444 ille
1130 3389 1246 3444 haec
1273 3387 1342 3443 de
1372 3388 1536 3445 erebo
1561 3389 1756 3447 cecinit
1784 3408 1798 3445 :

519 3499 603 3553 ίνν
627 3508 711 3561 {rei
733 3515 862 3553 lim
884 3508 980 3559 l8»,
1002 3513 1083 3558 Διὸς
1105 3511 1242 3563 ἀγλαὸν
1262 3512 1354 3558 υἱὸν.

514 3598 680 3649 Χρὺσιον
696 3602 879 3651 σκῆπτρον
901 3596 1047 3651 Itone,
1069 3599 1330 3648 Οιμιστώονκ
1346 3599 1533 3639 misum
1566 3600 1569 3603 ’

482 3716 489 3722 ,
520 3669 682 3731 ἥμενον
706 3680 742 3719 oi
765 3677 809 3721 δι
830 3695 889 3731 μιν
908 3682 1000 3733 ἀμφὶ
1016 3678 1123 3728 δίης
1146 3677 1286 3734 ιῐρθντο
1302 3678 1459 3728 ἄνακτι,

522 3754 658 3816 ipsum
679 3766 851 3813 ιστίότις
867 3780 909 3806 τι
931 3768 1012 3805 κατ’
1036 3765 1224 3817 εὐρυπυλὲς
1248 3754 1360 3813 situlos
1378 3761 1443 3806 δῦ.

843 3840 1062 3909 (Harmar.
1092 3838 1269 3904 Odyss.
1295 3857 1344 3901 Α,
1367 3837 1501 3889 circa
1520 3835 1635 3902 ﬁn.)

398 3945 471 3999 Ibi
494 3946 691 3999 Minoeu
712 3946 807 3997 vidi
831 3946 965 3998 Jovis
994 3943 1303 4008 splendidum
1327 3943 1496 4008 lilium,

398 4010 620 4074 Aureum
641 4016 890 4074 sceptrum
900 4004 1194 4074 gestantem,
1209 4004 1353 4068 leges
1373 4004 1619 4074 ferentem
1630 4004 1867 4074 mortuis,

397 4071 671 4124 Sedentem
698 4068 817 4122 :‘alii
845 4068 966 4123 vero
987 4072 1116 4120 circa
1140 4069 1300 4132 ipsum
1319 4080 1493 4120 causas
1512 4068 1748 4118 dicebant
1782 4080 1871 4118 re-

400 4196 667 4260 Sedentes,
696 4166 862 4250 statuti
882 4210 973 4260 per
996 4194 1143 4247 latam
1162 4193 1389 4248 Plutonis
1408 4144 1663 4246 domgtfil?’

281 4324 533 4398 Virgilius
554 4340 685 4381 vero
714 4343 730 4379 :

402 4434 511 4507 [fec
532 4447 651 4507 vero
672 4436 747 4507 ba;
768 4438 876 4486 sine
898 4442 1034 4486 sorte
1054 4434 1333 4507 detracto?
1534 4431 1716 4506 sedes:

404 4497 648 4610 ggtzesitor
672 4496 828 4547 Minos
858 4510 1029 4549 urnam
1059 4502 1242 4556 movet,
1267 4495 1607 4546 ille'silentum
1637 4495 1647 4506 '

472 4558 771 4610 nclliumuue
796 4567 952 4610 vocat.
978 4562 1217 4610 vitasque.
1237 4564 1290 4607 et
1312 4558 1512 4606 crimina
1532 4556 1647 4607 disci

472 4558 771 4622 nclliumque
796 4567 952 4619 vocat,
978 4562 1217 4622 vitasque,
1237 4564 1290 4607 et
1312 4558 1512 4606 crimina
1532 4557 1689 4607 discit.

684 4640 889 4710 (Virgil.
911 4640 996 4693 lib.
1024 4656 1069 4692 vi
1096 4640 1291 4694 ﬁneid.
1318 4655 1367 4692 ν.
1393 4640 1482 4693 4⁸51
1506 4646 1552 4693 et
1566 4641 1721 4706 seqq.)

279 4750 418 4809 Tum
449 4749 645 4808 deinde
674 4769 690 4806 :

406 4871 642 4923 Gnossius
659 4871 769 4921 haec
786 4869 1146 4933 Rbadamantus
1173 4868 1322 4920 habet
1341 4868 1585 4919 dirissima
1602 4881 1781 4933 regna,

326 4944 329 4947 '
405 4934 718 4998 Castigatque
734 4933 967 4998 auditque
991 4931 1146 4998 dolos,
1170 4933 1454 4998 subigitque
1471 4932 1614 4998 fateri

407 5000 526 5061 Quae
538 4994 658 5061 'quis
680 4997 805 5061 apud
830 4994 1054 5061 superos,
1076 4994 1204 5061 furto
1221 4994 1420 5061 laetatus
1442 4995 1569 5043 inani
1585 5032 1598 5054 ,

406 5056 609 5111 Distulit
626 5061 677 5110 in
697 5056 859 5111 seram
881 5056 1137 5110 conmissa
1160 5056 1351 5121 piacula
1372 5065 1601 5108 mortem.

1122 5138 1300 5203 (Ibid,
1322 5152 1373 5191 ν.
1396 5139 1486 5190 561
1510 5144 1557 5190 et
1577 5138 1733 5205 seqq.)

287 5246 363 5302 At
408 5244 455 5300 si
498 5242 730 5312 ethnici,
778 5246 918 5301 sicut
962 5253 1109 5301 recte
1148 5244 1324 5315 arguit
1366 5242 1767 5310 Tertullianus,
1799 5242 1883 5299 his

289 5337 462 5409 poetis
489 5346 544 5392 et
574 5335 906 5409 philowphis
940 5335 1287 5394 crediderunt
1310 5378 1327 5404 ,
1361 5335 1534 5391 multo
1561 5335 1731 5405 magis
1759 5349 1878 5391 cre-

285 5430 523 5488 dandum
559 5430 727 5487 sacris
765 5430 963 5487 nostris
978 5429 1376 5500 scriptoribus,
1408 5427 1499 5499 qui
1540 5426 1726 5482 divino
1768 5428 1878 5498 spi-

230 5576 233 5577 ν
285 5524 395 5581 ritu
418 5523 643 5594 repleti,
675 5531 988 5580 mactantur
1019 5519 1307 5593 praedicant
1339 5520 1512 5592 ipsum
1539 5533 1665 5577 esse
1690 5518 1876 5593 Chris-

190 5622 195 5627 ’
289 5628 440 5683 tum,
469 5619 565 5695 qui
588 5616 837 5688 producto
861 5656 877 5683 ,
903 5630 998 5671 seu
1026 5622 1242 5684 peracto
1265 5653 1281 5680 ,
1309 5621 1364 5669 et
1384 5621 1706 5684 consumpto
1728 5653 1745 5678 ,
1772 5627 1879 5669 leva

286 5710 383 5764 ista
403 5750 417 5776 ,
446 5709 769 5780 judicaturus
793 5717 867 5763 est
893 5723 1010 5762 suos
1037 5705 1254 5761 cultores
1281 5706 1335 5760 in
1364 5708 1477 5760 vitta
1504 5716 1706 5761 tutetute
1728 5705 1878 5761 retri-

288 5799 560 5868 butionem,
584 5798 875 5871 prophanos
899 5798 952 5853 in
975 5797 1142 5868 ignem
1164 5811 1303 5868 teque
1327 5806 1599 5868 perpetem,
1622 5806 1668 5853 et
1677 5795 1877 5869 jugera,

1967 3297 2399 3352 decachinnamur
2453 3294 2780 3367 (Tertullian.
2829 3293 3097 3365 Apalaget.
3149 3310 3266 3364 cap.
3312 3293 3404 3358 47,
3459 3293 3562 3349 cal.

1966 3389 2082 3459 62).
2115 3389 2179 3443 Et
2206 3389 2277 3444 ita
2304 3387 2520 3460 quidem
2553 3388 2605 3442 in
2631 3386 2907 3444 codicibus
2937 3385 3160 3453 nostris,
3179 3395 3234 3442 et
3264 3384 3565 3456 Rigaltiana

1968 3484 2195 3554 aliisque
2233 3481 2620 3553 posterioribus
2660 3478 3025 3546 editionibus;
3076 3478 3129 3535 in
3172 3476 3567 3550 antiquioribus

1970 3590 2099 3631 vero
2126 3574 2513 3639 subterraneus,
2537 3573 2687 3645 quasi
2719 3571 2769 3627 id
2802 3569 2988 3627 referri
3034 3570 3230 3627 debeat
3257 3570 3323 3626 ad
3369 3586 3564 3629 nomen

1972 3671 2258 3726 thesaurus.
2291 3669 2363 3723 At
2389 3668 2575 3723 referri
2600 3667 2760 3722 etiam
2793 3674 2967 3737 potest
2992 3664 3057 3719 ad
3087 3679 3283 3721 nomen
3312 3664 3564 3737 gehenna,

1971 3763 2066 3820 sed
2096 3761 2286 3819 eodem
2318 3774 2531 3829 semper
2560 3774 2741 3815 sensu.
2771 3758 2933 3813 Docet
2955 3758 3134 3829 itaque
3158 3758 3357 3813 Auctor
3385 3766 3569 3814 noster

1971 3854 2269 3928 gehennam
2299 3866 2421 3908 esse
2446 3850 2755 3906 thesaurum
2789 3850 2924 3919 ignis
2947 3848 3145 3905 interni
3162 3848 3565 3916 inexhaustum,

1974 3964 2081 4020 quo
2108 3946 2317 4004 scelesti
2350 3945 2596 4000 homines
2626 3953 2747 4014 post
2777 3942 2913 3999 hanc
2954 3943 3114 3998 vitam
3156 3942 3565 4014 torquebantur.

1975 4040 2173 4096 Verum
2220 4037 2421 4094 ethnici
2474 4023 2583 4093 hoc
2617 4035 2995 4091 documentum
3046 4050 3152 4092 non
3201 4048 3357 4092 secus
3408 4042 3571 4107 atque

1974 4133 2170 4190 anilem
2208 4130 2440 4187 tabulam
2466 4127 2743 4186 cachinnis
2769 4128 2987 4200 risuque
3009 4128 3267 4185 solutiore
3310 4127 3572 4199 eXplode-

1976 4227 2125 4285 bant.

2047 4317 2189 4374 Vera
2246 4325 2423 4371 tamen
2472 4323 2591 4372 erat
2638 4315 2755 4371 lucc
2799 4312 3215 4370 christianorum
3255 4314 3569 4369 sententia:

1979 4420 2069 4467 aut
2096 4410 2309 4482 ipsimct
2333 4407 2561 4480 gentiles
2586 4407 2787 4478 pariter
2828 4404 3142 4471 deridendi,
3174 4420 3205 4460 a
3227 4405 3421 4478 quibus
3455 4404 3571 4478 Py-

1978 4501 2355 4573 riphlegethon,
2384 4509 2439 4555 ut
2467 4498 2541 4553 ait
2571 4500 2775 4554 Auctor
2797 4510 2978 4553 noster
3014 4495 3226 4571 (Ibid),
3259 4499 3399 4567 apud
3430 4511 3575 4551 mar-

1901 4606 1956 4670 Ῑ)
1983 4604 2095 4649 tuos
2137 4594 2301 4647 amnis
2341 4589 2749 4662 praedicabatur.
2786 4591 2961 4661 Atque
3003 4589 3074 4646 ita
3106 4590 3230 4657 ille,
3278 4603 3342 4644 ac
3388 4597 3576 4660 postea

1986 4683 2275 4750 Arnobius,
2293 4683 2591 4754 conjectum
2610 4682 2677 4737 ab
2704 4682 2807 4737 illis
2843 4681 3005 4737 telum
3029 4689 3301 4752 retorquet
3328 4680 3576 4752 (Arnab.,
3614 4702 3615 4705 η

1981 4779 2069 4834 lib.
2103 4775 2188 4832 lll.
2208 4775 2406 4831 advers.
2436 4784 2571 4849 gent.
2613 4792 2733 4848 pag.
2777 4774 2887 4847 52).
2920 4773 3089 4844 Hujus
3112 4782 3287 4829 autem
3313 4774 3427 4829 haec
3452 4780 3579 4829 sunt

1983 4872 2145 4929 verba
2177 4889 2190 4925 :
2222 4870 2431 4945 Audetis
2457 4869 2625 4925 ridere
2644 4886 2736 4925 nos
2754 4911 2769 4938 ,
2805 4885 2920 4924 cum
2946 4869 3199 4942 gehennas
3225 4867 3442 4923 dicimus
3471 4909 3487 4934 ,
3527 4874 3580 4924 et

1984 4964 2419 5037 inexstinguibiles
2444 4963 2691 5035 quasdam
2718 4963 2860 5035 ignes
2886 5005 2902 5032 ,
2930 4963 2986 5017 in
3009 4977 3133 5034 quas
3176 4961 3375 5017 animos
3426 4960 3578 5034 dejici

1986 5059 2049 5114 ab
2077 5074 2251 5113 eorum
2277 5056 2503 5113 hostibus
2528 5055 2844 5125 inimicisque
2861 5054 3186 5127 cognovimus
3204 5054 3230 5108 ?
3261 5052 3400 5121 Quid
3422 5051 3578 5109 Plato

1988 5150 2045 5203 in
2073 5166 2129 5204 ea
2162 5148 2419 5204 volumine
2438 5191 2451 5213 ,
2480 5147 2618 5219 quod
2649 5147 2712 5201 de
2737 5145 3327 5202 animmiinmartalitate
3366 5162 3579 5218 compa-

1984 5245 2118 5311 snit,
2147 5259 2248 5298 non
2279 5243 2639 5307 Acherontem,
2683 5257 2787 5296 non
2816 5239 3025 5313 Stygem
3050 5283 3063 5306 ,
3096 5256 3198 5294 non
3224 5239 3468 5312 Cocytum
3486 5284 3499 5305 ,
3532 5249 3581 5296 et

1983 5334 2523 5409 Pgriphlegethantem
2553 5333 2782 5388 nominat
2806 5375 2821 5401 ,
2848 5333 2901 5386 in
2927 5331 3109 5403 quibus
3141 5344 3332 5388 asserat
3376 5334 3579 5389 animas

1982 5427 2115 5483 calvi
2138 5470 2152 5496 ,
2182 5427 2372 5498 mergi,
2400 5425 2588 5481 exuri?
2614 5423 2758 5480 Bene
2783 5433 2962 5479 autem
2984 5422 3164 5480 abillo
3193 5424 3343 5480 Plato
3363 5425 3577 5493 citatur,

1984 5521 2074 5593 qui
2124 5520 2176 5576 in
2219 5517 2495 5575 Pluedone
2542 5516 2825 5586 descripsit
2851 5515 2940 5570 illa
2993 5527 3116 5573 nota
3164 5517 3293 5572 satis
3317 5516 3570 5573 omnibus

1984 5623 2214 5683 quatuor
2239 5612 2359 5668 llcta
2407 5610 2476 5666 ab
2522 5609 2749 5667 ethnicis
2803 5607 3097 5666 inferorum
3142 5608 3359 5665 flumina
3402 5607 3572 5682 (Plat.

1985 5702 2241 5761 Phardon.
2271 5715 2396 5760 tam.
2424 5701 2475 5772 l,
2507 5719 2629 5777 pag.
2674 5700 2800 5760 ΗΞ.
2832 5710 2879 5758 et
2912 5703 3089 5776 seqq.)
3119 5702 3569 5775 Pyriphlegethon

1986 5810 2117 5854 vero
2137 5812 2164 5853 a
2187 5793 2439 5868 Virgilio,
2468 5794 2695 5868 aliisque
2723 5796 2894 5868 poetis
2920 5793 3100 5854 latinis
3125 5792 3456 5867 Phlegethon
3481 5809 3583 5854 vo-
