4082 6356
522 273 631 330 905

1554 264 1622 322 IN
1658 261 2118 324 TERTULLIANI
2154 261 2686 331 APOLOGETICUM

3723 263 3830 326 θαι

525 397 696 444 catur.
729 385 834 444 Sed
858 385 907 441 in
931 397 990 442 re
1017 382 1148 441 satis
1171 389 1296 441 nota
1319 378 1551 438 sufﬁciat
1572 380 1833 453 quosdam
1858 381 2025 438 citare
2053 381 2118 436 il-
2143 388 2196 448 Α
2220 391 2424 439 ctorem
2450 395 2692 440 nostrum
2714 381 2780 444 ad
2827 381 2956 439 illud
2983 381 3311 455 respexisse,
3341 381 3487 455 quod
3526 381 3607 440 his
3647 384 3828 441 verbis

527 480 631 538 lius
660 496 849 537 versus
881 497 893 532 :

649 589 713 640 Di
751 590 930 652 quibus
973 588 1234 652 imperium
1271 595 1350 638 est
1383 589 1668 658 .animarum
1711 586 2008 658 umbraeque
2034 586 2124 658 isi-

651 713 712 766 Et
735 713 897 778 chaos,
926 721 978 765 et
997 713 1296 776 Phlegeton,
1312 712 1415 762 loca
1439 720 1580 764 nocte
1605 712 1794 766 silentia
1821 650 2126 762 late[.lentes,

892 795 1100 865 (Virgil.
1125 795 1207 848 lib.
1235 804 1287 845 γι
1305 795 1495 849 ίΕηείά.
1522 810 1566 847 v.
1591 795 1684 847 εει
1707 802 1751 846 et
1772 795 1928 859 seqq.)

536 907 743 967 Rursus
772 917 948 964 autem
980 918 1160 979 postea
1204 922 1218 960 :
1434 912 1436 914 '

653 1018 877 1081 Bestiicit
893 1017 1072 1069 Encas
1093 1018 1274 1081 subito,
1298 1021 1352 1066 et
1375 1016 1468 1067 sub
1490 1029 1612 1080 rupe
1632 1015 1826 1064 sinislra

659 1080 838 1132 Maenia
857 1081 954 1130 lata
982 1081 1134 1143 videt,
1150 1080 1325 1142 triplici
1343 1081 1639 1143 circumdata
1661 1090 1817 1133 muro,

657 1145 778 1203 Quae
801 1144 999 1206 rapidus
1022 1138 1227 1192 ﬂammis
1248 1144 1398 1191 ambit
1422 1141 1723 1189 torrentibus
1744 1138 1901 1206 amnis

656 1203 929 1258 Tartareus
951 1206 1299 1269 Pblcgetbon,,
1316 1211 1611 1266 torquetque
1635 1203 1852 1250 sonantia
1870 1211 2004 1249 saxa.

1375 1283 1553 1350 (Ibid,
1569 1299 1615 1336 v.
1639 1285 1734 1336 545
1756 1290 1799 1334 et
1822 1285 1976 1350 seqq.)

535 1395 888 1454 Prudentium
914 1395 1156 1465 aliosque
1178 1433 1192 1459 ,
1220 1393 1266 1447 si
1313 1391 1456 1446 lubet
1479 1433 1496 1457 ,
1542 1391 1694 1446 adire
1740 1388 1944 1459 poteris
1972 1385 2136 1455 (Prn-

536 1489 676 1545 dent.
709 1488 1028 1560 Hamartig.,
1051 1489 1142 1542 sub
1172 1487 1312 1557 βω).
1344 1485 1567 1555 Quoque
1610 1493 1789 1539 autem
1834 1481 1993 1537 modo
2021 1480 2136 1534 haec

537 1583 738 1640 ethnici
781 1590 872 1638 aut
899 1581 1186 1643 finxerint,
1211 1590 1305 1635 aut
1333 1577 1703 1644 crediderint,
1738 1592 1845 1631 non
1893 1582 2139 1646 poterant

538 1675 724 1746 utique
749 1673 972 1729 irridere
998 1672 1324 1728 christianos
1348 1713 1364 1738 ,
1392 1671 1484 1742 qui
1513 1685 1544 1724 a
1570 1661 1766 1724 divinis
1797 1667 1907 1723 suis
1951 1665 2137 1736 Scrip-

2229 473 2432 531 Plinins
2459 483 2753 532 memorat:
2801 472 3074 530 Hominem
3118 476 3190 529 ita
3216 475 3560 530 monimntum
3609 477 3829 531 creatori

2229 565 2310 636 fas
2354 585 2454 622 non
2484 579 2579 636 est,
2601 568 2754 623 condi
2775 567 2830 621 in
2857 577 2992 622 terra
3011 568 3188 640 religio
3214 568 3426 622 tradidit
3451 567 3644 641 (Plin.,
3679 569 3768 624 lib.
3787 568 3828 624 ll

2233 660 2370 716 Hist.
2424 672 2554 728 nat.,
2613 679 2731 733 cap.
2776 663 2867 731 54,
2911 679 3032 733 pag.
3084 661 3233 734 909).
3269 662 3468 718 Verum
3509 663 3636 734 quid
3697 663 3827 731 lucc,

2231 771 2435 828 qumso,
2485 755 2550 811 ad
2602 755 2901 812 institutum
2951 755 3151 812 faciunt
3196 755 3544 821 Tertulliani,
3583 757 3679 827 qui
3735 757 3831 814 hoc

2231 850 2479 923 exemplo
2501 851 2820 907 confirmare
2863 850 3052 906 nititur
3079 849 3435 920 quorumdam
3476 865 3709 921 corpora
3740 852 3831 906 hoc

2193 997 2211 1006 ,
2233 944 2458 1010 mininn,
2486 944 2586 999 icta
2613 944 2857 1013 fulmine,
2885 947 2964 1000 sic
2989 945 3133 1001 salva
3159 958 3303 1011 esse,
3337 952 3394 998 ut
3422 942 3568 1000 nullo
3603 943 3832 1016 amplius

2234 1035 2357 1108 igne
2393 1037 2762 1092 det-increscant
2782 1038 2806 1091 1’

2308 1131 2565 1200 Expende
2603 1132 2764 1202 igitur
2791 1147 2858 1187 an
2885 1130 2977 1188 ille
3025 1132 3200 1203 petius
3243 1130 3448 1188 alludat
3483 1129 3551 1186 ad
3581 1145 3647 1188 ea
3672 1174 3689 1199 ,
3719 1147 3832 1202 qua

2235 1224 2554 1282 Plutarchus
2576 1225 2851 1281 memoria:
2877 1226 3134 1296 prodidit.
3163 1234 3495 1296 compertum
3519 1223 3698 1280 ferme
3725 1238 3835 1279 om-

2237 1319 2394 1374 nibus
2421 1333 2541 1374 esse
2570 1333 2794 1389 corpora
2837 1318 2906 1375 de
2952 1319 3090 1374 caelo
3121 1328 3279 1381 taeta.
3302 1333 3333 1373 a
3360 1317 3542 1373 multis
3571 1332 3677 1373 nec
3719 1332 3833 1374 ere—

2238 1413 2396 1479 mari,
2426 1427 2527 1469 nec
2571 1413 2809 1483 sepeliri,
2859 1412 2956 1469 sed
2997 1412 3225 1485 relinqui
3271 1413 3574 1482 sepimento
3603 1412 3834 1467 circnm-

2239 1502 2399 1571 data;
2456 1512 2516 1559 ut
2557 1504 2797 1574 expertia
2870 1504 3204 1575 putredinis,
3251 1513 3510 1574 perpetuo
3557 1502 3836 1560 videantur

2239 1595 2562 1670 (Platore/1.,
2588 1595 2750 1653 [ων
2766 1595 3033 1668 ngpos.,
3054 1606 3232 1669 quast.
3251 1596 3305 1660 2,
3326 1614 3445 1668 pag.
3467 1595 3622 1665 665).
3648 1596 3834 1652 Postea

2241 1699 2420 1745 autem
2451 1707 2465 1744 ε
2497 1694 2630 1760 ὁρᾷς,
2658 1690 2750 1754 ait,
2776 1695 2852 1745 ὃτι
2874 1695 2955 1744 καὶ
2993 1699 3048 1746 τὸ
3072 1697 3298 1760 κεριὺνων
3331 1697 3427 1760 πῦρ
3457 1697 3575 1759 lepis
3606 1692 3837 1759 ἡγώμεθα

541 1766 747 1822 toribus
774 1766 972 1839 edocti,
1000 1765 1380 1820 asseverabant
1424 1762 1694 1834 profanos,
1721 1772 1774 1817 et
1819 1759 2137 1816 criminibus

2246 1788 2323 1839 ui
2347 1789 2484 1842 θεῖον.
2517 1791 2592 1839 ὅτι
2640 1789 2703 1838 τὰ
2740 1790 2940 1852 σώματα
2966 1798 3056 1837 τῶν
3081 1786 3336 1843 διοϐλήτων
3357 1789 3555 1842 ἄσηπτα,
3597 1789 3712 1851 πρῦς
3759 1803 3840 1835 πο·

537 1859 932 1915 contaminatos
974 1859 1250 1920 homines,
1306 1866 1428 1927 post
1487 1855 1625 1910 hanc
1672 1853 1834 1908 vitam
1904 1851 2136 1922 plecten-

539 1951 640 2008 dos
691 1951 833 2023 jugis
885 1952 1017 2022 ignis
1060 1949 1320 2022 supplicio
1353 1947 1682 2021 (Tertullion.
1714 1946 1983 2017 Apologet.
2017 1961 2132 2014 cap.

537 2043 644 2108 45,
676 2060 796 2115 pag.
843 2042 1019 2115 A97).
1065 2041 1121 2096 ln
1179 2043 1350 2112 prima
1406 2055 1534 2096 vero
1573 2040 1799 2109 hujusce
1847 2039 1976 2094 tomi
2021 2037 2135 2092 dis-

539 2137 831 2193 sertatione
852 2135 1142 2191 Minucium
1168 2133 1405 2190 Felicem
1432 2132 1733 2188 audivimus
1759 2131 1948 2187 eodem
1975 2130 2138 2186 modo

540 2228 796 2284 adversus
810 2228 1036 2300 gentiles
1048 2227 1411 2299 disputantem
1435 2224 1734 2296 (Dissertat.
1751 2225 1805 2279 in
1831 2222 2024 2278 Minut.
2044 2222 2138 2277 0c-

541 2328 641 2376 lav.
674 2337 790 2392 cap.
818 2321 873 2386 7,
899 2329 1002 2376 art.
1025 2320 1104 2392 3).

615 2418 685 2472 At
711 2416 1049 2488 postulabant
1070 2414 1269 2470 ethnici
1299 2429 1406 2486 quo
1433 2413 1648 2469 tandem
1677 2411 1838 2468 modo
1865 2411 2001 2483 ignis
2024 2425 2142 2482 pos-

543 2510 615 2566 sit
640 2524 760 2566 esse
785 2520 1039 2575 internus,
1071 2524 1169 2565 nec
1197 2523 1432 2579 unquam
1461 2507 1747 2578 exstingui.
1776 2504 2139 2574 Quamobrem

545 2598 909 2656 Tertullianus
936 2600 1226 2670 reSpondet
1267 2597 1410 2654 hunc
1437 2599 1614 2654 divina
1667 2596 1906 2669 potentia
1943 2597 2142 2652 habere

547 2693 1059 2750 subministrationem
1083 2690 1578 2763 incorruptibilitatis
1593 2689 1944 2762 (Tertullian.,
1963 2686 2115 2759 ibid.)
2127 2726 2140 2741 .

547 2785 735 2858 Neque
763 2788 814 2842 id
866 2802 1064 2857 negare
1101 2795 1348 2856 poterant
1388 2785 1617 2856 gentiles
1667 2782 2012 2854 philosophi,
2052 2781 2144 2852 qui

512 2939 520 2948 ,
549 2878 822 2950 duplicem
853 2878 1026 2950 ignem
1053 2879 1316 2950 planeque
1343 2878 1614 2934 diversum
1648 2885 1998 2948 agnoverunt.
2032 2873 2145 2929 Pri-

551 2989 673 3032 mus
706 2975 886 3041 enim,
917 2974 992 3028 uti
1016 2973 1224 3028 aiebant
1248 3014 1264 3040 ,
1298 2973 1435 3044 ignis
1476 2972 1745 3027 terrestris
1794 2967 2097 3025 communis
2125 3009 2141 3036 ,

553 3076 613 3125 et
653 3067 900 3139 publicus
941 3107 955 3132 ,
1003 3065 1314 3137 quotidi-ano
1368 3063 1676 3119 hominibus
1715 3063 1834 3118 usui
1863 3071 1966 3116 est.
1996 3061 2146 3115 Alter

2241 1887 2320 1936 ἱὺν
2347 1884 2603 1946 ἀντέχοντα
2648 1879 2808 1947 χρὸνον
2852 1882 3048 1946 ὁρῶμεν.
3083 1874 3235 1931 Νοειί
3279 1876 3443 1946 ignem
3485 1876 3722 1946 fulminis
3767 1891 3839 1932 ω-

2240 1988 2382 2028 crum
2411 1971 2534 2040 dici,
2562 1981 2608 2024 et
2639 1971 2884 2036 divinum,
2913 1970 3048 2041 quod
3074 1986 3288 2042 corpora
3333 1970 3397 2026 de
3439 1971 3565 2026 caelo
3592 1981 3838 2025 tectorum

2242 2080 2334 2136 per
2387 2065 2600 2118 multum
2647 2063 2884 2134 temporis
2929 2063 3289 2134 putrefactioui
3337 2063 3558 2117 risistere
3619 2064 3839 2118 uidemus

2244 2155 2544 2231 (lbid.,lib.
2586 2154 3003 2227 Vi,quaest.10,
3049 2174 3168 2227 pag.
3198 2157 3346 2226 685).
3397 2159 3466 2212 At
3514 2157 3620 2212 hoc
3665 2170 3840 2212 exeat.

2242 2250 2413 2321 plum,
2455 2247 2556 2303 etsi
2603 2263 2711 2304 non
2739 2247 2914 2322 plane
2961 2249 3279 2319 perfectum,
3310 2263 3338 2300 a
3386 2246 3726 2302 Tertulliano
3749 2244 3839 2302 ad-

2241 2340 2365 2396 duci
2413 2341 2621 2413 potuit;
2661 2349 2718 2396 ut
2779 2339 3090 2396 ostenderet
3162 2340 3617 2410 confirmaretque
3670 2339 3836 2394 homi-

2242 2449 2372 2491 num
2411 2447 2637 2504 corpora
2685 2446 2844 2503 posse
2885 2443 3088 2487 auerno
3134 2431 3255 2502 igne
3293 2431 3470 2500 exuri,
3516 2446 3628 2503 quo
3668 2440 3837 2488 tamen

2243 2539 2518 2595 nunquam
2563 2524 2932 2579 absumentur.

2315 2616 2372 2675 Si
2393 2617 2514 2689 quis
2528 2627 2708 2673 autem
2731 2619 2871 2673 scire
2891 2627 3044 2673 aveat
3067 2632 3163 2674 cur
3183 2616 3270 2673 hic
3292 2617 3430 2690 ignis
3451 2617 3520 2672 ab
3550 2619 3672 2689 ipso
3697 2632 3839 2674 arca-

2247 2730 2348 2771 nus
2375 2716 2693 2785 appelletur,
2733 2713 2855 2769 huic
2887 2714 3331 2784 rezpondebinius
3356 2756 3370 2782 ,
3402 2714 3527 2786 quia
3561 2715 3714 2770 illum
3750 2730 3837 2770 oc-

2246 2809 2470 2875 cultum,
2503 2818 2556 2864 et
2583 2809 2634 2863 in
2679 2808 2976 2864 visceribus
3008 2819 3166 2864 terra:
3195 2808 3569 2864 absolinditum
3603 2809 3838 2881 putabat.

2248 2903 2368 2958 Alio
2398 2916 2630 2972 namque
2662 2901 2714 2956 in
2743 2903 2880 2955 libro
2909 2911 2962 2956 et
2993 2901 3230 2956 Platonis
3279 2911 3333 2956 et
3381 2916 3533 2955 suam
3581 2902 3657 2956 de
3707 2901 3836 2966 loco,

2249 2995 2338 3050 ubi
2361 2995 2516 3050 inferi
2541 2995 2696 3066 positi
2720 3005 2862 3058 sunt,
2896 2996 3216 3050 sententiam
3241 2996 3320 3050 sic
3347 2995 3578 3064 explicat
3605 3013 3620 3048 :
3647 2993 3842 3065 Inferos

2253 3089 2405 3144 Plato
2430 3088 2561 3144 velut
2584 3090 2830 3161 gremium
2871 3098 3017 3142 teme
3043 3089 3277 3143 describit
3323 3089 3376 3142 in
3427 3086 3712 3153 Plucdone,
3752 3102 3850 3162 quo~

550 3174 679 3217 vero
702 3173 931 3215 arcanus
953 3201 969 3226 ’
1000 3170 1055 3214 et
1091 3159 1245 3229 longe
1276 3172 1455 3251 minus
1492 3157 1828 3251 “nmmum!
1879 3154 1942 3251 ἀς
1985 3152 2110 3208 ίωιθ
2129 3193 2144 3218 '
2174 3185 2220 3250 C
2252 3198 2424 3237 omnes
2456 3181 2591 3236 labes
2619 3182 2955 3235 mundialium
2985 3181 3214 3234 sordium
3234 3181 3556 3251 con/luenda,
3581 3191 3631 3234 et
3662 3180 3732 3233 ibi
3753 3152 3836 3233 de-

552 3251 728 3324 inquit
760 3255 960 3308 Auctor
986 3261 1170 3307 noster
1187 3291 1204 3319 ,
1234 3249 1448 3320 fulmina
1468 3249 1719 3320 stringens
1738 3288 1755 3314 ,
1778 3249 1879 3303 sive
1898 3247 1961 3301 de
1989 3257 2145 3313 terra,

553 3361 658 3420 quo
687 3357 929 3414 montes,
958 3345 1120 3402 Etna
1150 3343 1398 3400 videlicet
1435 3352 1488 3398 ct
1532 3341 1799 3398 Vesuvius
1845 3349 2064 3396 uruntur
2101 3349 2149 3393 et

555 3440 760 3507 durant,
791 3454 889 3495 nec
917 3439 1286 3494 absumuntur.
1328 3434 1463 3492 Nam
1493 3435 1594 3490 iste
1622 3435 1775 3506 ignis,
1818 3434 1892 3489 uti
1940 3433 2029 3488 ille
2053 3432 2148 3496 ait,

555 3552 659 3591 non
689 3535 905 3590 absumit
929 3533 1064 3605 quod
1080 3534 1267 3597 exurit,
1291 3531 1378 3586 sed
1399 3530 1522 3584 dum
1547 3539 1740 3602 erogat,
1783 3537 2010 3597 reparat,
2031 3525 2153 3581 ideo

555 3638 769 3686 montes
795 3642 1008 3697 semper
1031 3626 1283 3682 ardentes
1308 3632 1546 3680 manent.
1581 3624 1654 3677 De
1690 3621 1793 3676 hoc
1823 3629 2000 3675 autem
2032 3619 2153 3689 igne

557 3721 682 3777 alibi
703 3719 1053 3776 disseruimus
1080 3716 1375 3792 (Dissertat.
1407 3717 1460 3770 in
1492 3714 1680 3769 Minut.
1720 3712 1922 3781 0ctav.,
1953 3727 2070 3780 cap.
2095 3711 2150 3777 7,

558 3823 659 3870 art.
685 3813 740 3879 5,
771 3823 818 3868 et
844 3814 896 3866 in
920 3811 1180 3878 Lactant.,
1209 3826 1326 3880 cap.
1349 3807 1442 3875 29,
1474 3815 1573 3861 art.
1610 3804 1690 3877 7).

630 3911 746 3966 Duo
773 3907 951 3978 itaque
976 3914 1180 3960 tantum
1209 3909 1500 3973 supersunt
1537 3915 1567 3955 a
1600 3899 1752 3955 nobis
1785 3894 2154 3960 observanda;

560 4016 624 4060 ac
661 4002 835 4073 primo
865 3999 1078 4072 quidem
1105 3998 1217 4052 lure
1248 3995 1530 4050 fulminum
1572 4007 1636 4048 ac
1661 3991 1922 4046 montium
1949 3989 2160 4044 arden-

564 4097 697 4153 tium
724 4093 968 4164 exempla
997 4107 1026 4146 a
1051 4089 1401 4150 Tertulliano,
1432 4094 1488 4141 et
1516 4085 1634 4139 aliis
1654 4083 2006 4153 scriptoribus
2037 4094 2160 4134 nos-

564 4187 663 4243 tris
691 4200 796 4241 non
824 4183 985 4249 sumi,
1019 4193 1271 4252 tanquam
1306 4178 1449 4234 idem
1479 4176 1549 4231 sit
1577 4190 1789 4240 eorum,
1815 4182 1977 4244 atque
2003 4182 2163 4228 mter-

503 4293 508 4298 '
567 4294 668 4335 nus
697 4277 992 4348 inferorum
1043 4276 1200 4345 ignis,
1233 4271 1327 4328 sed
1357 4273 1408 4326 in
1435 4267 1797 4332 testimonium,
1829 4265 1997 4335 inquit
2044 4264 2157 4330 ille,

565 4373 700 4447 ignis
726 4372 923 4435 teterni,
953 4380 1000 4423 et
1025 4367 1312 4436 exemplum
1329 4363 1474 4436 jugis
1489 4359 1677 4432 judicii
1704 4373 1902 4428 penam
1932 4356 2164 4411 nutrien-

569 4469 633 4524 tis
681 4462 1035 4539 (Tertullian.,
1098 4459 1195 4513 loc.
1246 4458 1362 4522 cit.,
1403 4471 1524 4526 pag.
1569 4452 1724 4521 49η.
1755 4451 1840 4506 Ab
1877 4465 1944 4504 eo
1991 4449 2167 4518 itaque

569 4561 687 4617 haec
725 4558 1072 4630 proferuntur
1101 4552 1156 4607 in
1187 4548 1552 4607 testimonium
1582 4545 1871 4610 duntaxat,
1899 4550 1954 4596 et
1980 4556 2165 4594 excin-

570 4653 718 4726 plnm
764 4646 986 4704 alterius
1028 4643 1186 4716 ignis,
1230 4643 1321 4713 qui
1346 4639 1526 4696 divina
1574 4645 1834 4709 potestate
1879 4632 2165 4697 excitatus,

571 4755 892 4814 semperque
943 4733 1384 4798 conservandus,
1435 4745 1532 4803 per
1588 4737 1755 4784 totam
1809 4726 2166 4783 aeternitatem

572 4843 693 4892 uret
717 4833 932 4903 impios,
954 4843 1054 4886 nec
1083 4842 1180 4884 eos
1207 4839 1435 4895 unquam
1483 4828 1785 4876 consumet.

643 4924 912 4987 Secundo,
934 4919 1076 4976 aliud
1099 4919 1213 4986 ille,
1241 4914 1335 4972 sed
1379 4912 1658 4968 obscurius
1685 4909 1996 4980 exemplum
2024 4907 2174 4965 hisce

573 5019 754 5077 verbis
800 5015 996 5073 ibidctn
1027 5011 1320 5085 proponit:
1356 5007 1456 5074 Qui
1493 5007 1555 5060 de
1585 5005 1711 5060 calo
1738 5004 1984 5076 tangitur,
2014 5002 2175 5057 nimi-

574 5128 696 5170 rum
724 5110 966 5172 fulmine,
994 5107 1164 5163 salvus
1189 5114 1285 5171 est,
1309 5112 1364 5157 ut
1400 5102 1544 5156 nullo
1566 5101 1679 5172 jam
1708 5099 1813 5171 igni
1839 5098 2179 5152 decinerescat

578 5207 788 5281 (Ibid).
831 5204 948 5260 Non
975 5201 1196 5258 minima
1221 5208 1400 5254 autem
1432 5195 1485 5251 in
1532 5193 1638 5258 his,
1667 5190 1973 5246 difﬁcilibus
2000 5190 2181 5260 utique

576 5302 756 5358 verhis
775 5297 1105 5370 explicandis
1127 5303 1209 5350 est
1237 5293 1594 5362 interpretum
1620 5286 1853 5340 varietas
1873 5292 1927 5338 et
1956 5283 2169 5338 dissen-

578 5395 678 5452 sio.
699 5391 947 5449 Nonnulli
997 5387 1260 5459 siquidem
1308 5385 1596 5454 opinantur
1651 5378 1735 5432 his
1786 5374 2059 5431 collineari
2107 5373 2176 5430 ad

580 5497 816 5544 veterem
841 5481 1114 5555 gentilium
1148 5479 1339 5547 legem,
1365 5490 1468 5545 qua
1495 5479 1710 5527 cautum
1765 5475 1902 5533 erat,
1948 5481 2015 5520 ne
2057 5465 2178 5534 quis

579 5580 804 5636 fulmine
834 5587 1139 5647 percussus,
1185 5568 1295 5623 ullo
1340 5565 1596 5632 deinceps
1641 5558 1907 5630 supplicio
1950 5557 2180 5611 mulcta-

582 5684 750 5732 retur.
795 5669 854 5738 in
909 5668 1056 5723 illum
1100 5663 1265 5723 enim,
1297 5656 1643 5731 quantumvis
1698 5651 1943 5724 impium,
1971 5649 2182 5720 Jupiter

581 5766 713 5827 satis
761 5756 1203 5819 animadvertisse
1242 5750 1537 5809 ferebatur.
1569 5745 1674 5803 Alii
1699 5760 1828 5802 vero
1859 5749 2047 5813 putant
2083 5755 2183 5796 au-

2251 3274 2461 3331 sitiendo
2511 3274 2769 3338 exhalent,
2801 3284 2846 3327 et
2874 3275 3019 3344 quasi
3068 3289 3210 3328 como
3252 3273 3697 3327 immunditiarum
3737 3288 3838 3328 sua-

2251 3388 2363 3425 rum
2402 3371 2702 3424 crassiorem
2729 3369 2986 3435 haustnm,
3028 3377 3074 3422 et
3117 3369 3367 3439 privatum
3419 3368 3524 3422 illic
3563 3383 3734 3422 aerem
3761 3366 3844 3420 sti-

2254 3475 2390 3536 pent.
2450 3461 2611 3518 Nobis
2651 3463 2802 3532 inferi
2833 3479 2932 3516 non
2983 3461 3122 3516 nuda
3147 3463 3416 3528 cavositas,
3449 3477 3539 3514 nec
3575 3459 3842 3516 subdivalis

2255 3559 2428 3626 aliqua
2457 3557 2631 3610 mundi
2660 3555 2858 3610 sentina
2887 3553 3164 3608 creduntur
3196 3572 3209 3608 :
3241 3555 3330 3608 sed
3357 3556 3408 3607 in
3439 3555 3576 3625 fossa
3599 3563 3769 3619 terrte,
3803 3561 3845 3606 ct

2255 3650 2312 3704 in
2357 3651 2462 3703 alto
2512 3651 2740 3715 vastitas,
2777 3658 2822 3701 et
2861 3649 2912 3701 in
2962 3647 3088 3715 ipsis
3136 3646 3408 3702 uisceribus
3457 3648 3567 3715 ejus
3625 3646 3846 3700 abstrusa

2260 3745 2579 3816 profunditas
2602 3742 2841 3815 (Tertull.
2867 3743 2954 3796 lib.
2983 3741 3046 3796 de
3069 3743 3261 3806 Anim.,
3285 3759 3400 3812 cap.
3417 3741 3532 3812 54).
3555 3739 3710 3796 Unde
3734 3752 3846 3794 vero

2260 3836 2398 3892 hanc
2432 3836 2737 3907 opinionem
2765 3833 3113 3899 delibaverit,
3157 3835 3200 3888 si
3231 3835 3351 3904 quis
3387 3833 3564 3888 adhuc
3589 3833 3844 3904 requiret,

2262 3929 2364 3986 hoc
2416 3930 2555 3984 illius
2595 3928 2792 3984 ibidem
2839 3943 3154 3997 responsum
3187 3927 3294 3981 cito
3334 3927 3516 3982 audiet
3556 3923 3846 3995 :Siquidcm

2261 4020 2464 4078 Christo
2479 4023 2532 4075 in
2551 4024 2702 4076 corde
2713 4032 2861 4075 term
2876 4020 2940 4072 tri
2945 4020 2976 4072 d
2981 4035 3101 4072 unm
3119 4019 3295 4072 mortis
3311 4018 3520 4089 legimus
3529 4025 3846 4087 expunctum,

2263 4117 2319 4172 id
2345 4127 2438 4184 est,
2465 4117 2519 4170 in
2546 4131 2744 4171 recessu
2767 4115 2946 4169 intimo
2972 4124 3017 4167 et
3042 4115 3260 4180 interno,
3289 4115 3404 4167 etin
3431 4112 3542 4183 ipsa
3555 4123 3692 4166 terra
3719 4125 3850 4180 oper-

2265 4221 2336 4277 to,
2355 4211 2400 4265 ei
2421 4210 2558 4264 intra
2583 4210 2750 4278 ipsum
2786 4209 2984 4274 clauso,
3004 4217 3048 4262 et
3070 4210 3121 4261 in
3146 4207 3467 4279 inferioribus
3486 4206 3660 4260 adhuc
3674 4203 3850 4276 abyssis

2265 4312 2612 4370 superstructo
2629 4340 2742 4368 ,....
2773 4311 2828 4356 ut
2871 4301 2978 4355 illic
3005 4301 3322 4369 patriarchas
3349 4307 3393 4352 et
3423 4299 3699 4369 prophetas
3722 4311 3846 4350 com-

2269 4405 2406 4467 potes
2425 4394 2504 4449 sui
2544 4394 2752 4464 faceret.
2785 4390 2957 4446 Habes
2985 4400 3033 4445 et
3072 4391 3330 4462 regionem
3359 4390 3644 4460 inferorum
3671 4388 3849 4443 subter-

2268 4503 2476 4542 raneam
2518 4486 2721 4541 credere
2746 4483 2934 4557 (lbid.,
2968 4500 3087 4552 cap.
3121 4481 3234 4554 55).
3269 4482 3543 4538 Platonem
3586 4490 3760 4536 autem
3789 4477 3850 4532 ibi

2191 4579 2246 4640 D
2275 4593 2484 4634 rursum
2508 4578 2558 4632 in
2581 4577 2690 4648 jam
2716 4578 2880 4633 citato
2907 4592 2936 4629 a
2965 4575 3120 4630 nobis
3145 4574 3416 4630 Phaedone
3444 4574 3645 4642 laudat,
3677 4583 3730 4627 ut
3752 4568 3852 4626 eth-

2272 4673 2422 4730 nieos
2453 4672 2552 4727 hac
2575 4671 2828 4743 principis
2858 4669 3298 4742 philosophorum
3319 4682 3537 4724 suorum
3557 4665 3852 4724 auctoritate

2273 4766 2448 4821 adhuc
2491 4763 2809 4821 revinceret.

2882 4895 3174 4938 ARTICULUS
3214 4893 3270 4936 ν.

2280 5025 2359 5082 De
2383 5035 2574 5082 (eterna
2593 5031 2882 5080 sanctorum
2899 5021 3242 5088 beatitudine;
3258 5035 3358 5093 quo
3385 5019 3436 5073 in
3462 5019 3572 5074 loco
3589 5015 3854 5073 resideaat:

2353 5131 2526 5176 utrum
2551 5136 2612 5174 ea
2631 5118 2800 5174 statim
2850 5126 2960 5188 post
3002 5123 3211 5169 mortem
3241 5115 3511 5182 fruantur,
3539 5111 3616 5164 rel
3638 5107 3777 5164 illam
3800 5100 3858 5156 ad

2352 5222 2636 5268 extremum
2661 5225 2818 5280 usque
2837 5206 3025 5278 judicii
3053 5207 3184 5259 diem
3204 5204 3506 5276 quibusdam
3535 5203 3588 5256 in
3609 5193 3858 5254 domiciliis

2349 5310 2657 5374 exspectent,
2677 5317 2737 5354 ac
2756 5316 2856 5370 qua
2877 5299 3074 5352 ratione
3115 5295 3463 5353 Tertullianus
3496 5295 3667 5364 probet
3689 5299 3859 5344 memo-

2350 5406 2464 5452 rata
2495 5395 2738 5448 hactenus
2765 5391 3060 5445 christiana
3104 5389 3368 5460 religionis
3393 5385 3582 5458 placita
3603 5398 3706 5438 non
3731 5389 3859 5452 posse

2352 5486 2415 5544 ob
2473 5486 2684 5541 etlmicis
2728 5483 2891 5552 refici,
2947 5493 3035 5536 aut
3087 5491 3294 5552 propter
3322 5495 3495 5535 eorum
3537 5473 3860 5547 defensionem

2355 5579 2658 5635 christianos
2682 5592 2784 5630 non
2808 5573 2987 5629 debere
3015 5573 3190 5628 vexari
3216 5580 3260 5626 et
3290 5569 3558 5627 trucidari.

2358 5735 2473 5804 Qua
2511 5732 2717 5791 ratione
2746 5731 2936 5800 malos,
2976 5731 3053 5788 ait
3073 5728 3457 5798 Tertullianus,
3501 5723 3860 5799 improbosqnc
