4082 6356
315 278 428 338 905

1462 281 1912 343 DISSERTATIO
1951 281 2014 339 Ι).
2053 280 2143 340 LE
2179 281 2482 342 NOURRY.

3506 286 3613 344 906

319 396 568 454 homines
617 403 876 454 aeternum
927 397 1062 470 ignis
1125 397 1467 470 supplicium,
1517 399 1705 456 eadem
1744 400 1916 457 bonos
1941 403 1994 463 Α
2020 398 2217 472 lingua,
2245 411 2293 454 el
2321 400 2384 454 de
2403 399 2562 471 digito
2600 399 2786 455 anima
2808 398 3050 472 felicioris
3074 399 3313 471 implorat
3361 400 3614 456 auxilium

314 489 595 563 justosque
617 491 942 562 sempiterna
966 501 1146 548 manet
1160 491 1419 548 bonorum
1439 508 1661 564 operum
1686 509 1912 550 merces.

319 583 673 656 Posteaquam
721 585 863 640 enim
917 593 1185 640 mortuum
1229 600 1426 657 corpus
1469 595 1714 642 nostrum
1745 586 1812 642 ad
1838 586 1917 642 vi-

319 684 426 733 tam
473 675 652 731 denuo
693 675 984 732 excitatum
1015 675 1222 734 fuerit:
1262 676 1492 743 Erimus,
1542 678 1734 749 inquit,
1762 678 1916 732 iidem

318 768 405 839 qui
442 784 598 835 nunc,
630 783 722 822 nec
746 768 838 822 alii
860 778 974 839 post
1004 767 1332 839 (Tertullian.
1359 770 1651 842 Apologet.,
1681 787 1796 840 cap.
1821 770 1913 840 48,

317 881 372 935 p.
425 860 592 933 520);
635 863 760 934 quia
791 862 931 919 idem
966 863 1162 935 ipsum,
1191 864 1266 919 uti
1305 865 1549 936 superius
1579 864 1779 921 dictum
1810 875 1912 932 cst,

317 963 562 1011 nostrum
609 971 809 1027 corpus
860 967 1123 1029 resurget.
1173 957 1311 1014 Tum
1340 957 1436 1013 Dei
1464 959 1702 1026 cultores,
1747 961 1918 1032 pergit

317 1049 428 1117 ille,
460 1049 604 1119 apud
627 1047 792 1104 Deum
822 1067 1040 1122 semper.
1083 1051 1403 1122 superinduti
1457 1051 1737 1107 substantia
1792 1069 1915 1124 pro-

212 1147 226 1157 '
317 1142 434 1210 pria
454 1142 751 1196 (eternitatis
779 1139 990 1215 (Ibid),
1015 1143 1065 1197 id
1088 1152 1190 1212 est,
1215 1143 1668 1214 snperinduentur
1692 1145 1916 1199 immor-

317 1232 538 1288 talitatis
564 1232 707 1288 dono
736 1233 878 1304 quod
903 1244 1165 1289 aeternum
1195 1234 1451 1290 subsistet
1469 1250 1531 1290 ac
1557 1235 1914 1306 permanebit.

316 1323 460 1379 Dixit
481 1333 662 1380 autent
689 1324 972 1381 substantia
1009 1328 1218 1397 propria
1247 1328 1542 1382 (eternitatis
1580 1326 1767 1400 (Ibid.,
1796 1344 1914 1398 cap.

313 1415 407 1483 49,
456 1434 510 1487 p.
542 1415 708 1490 528).
739 1433 840 1488 qua
874 1417 1003 1488 justi
1032 1419 1278 1475 homines
1301 1434 1408 1474 non
1435 1419 1608 1474 solum
1635 1421 1916 1475 immorta-

319 1509 488 1578 litate,
518 1512 612 1568 sed
640 1511 897 1568 felicitate
926 1523 1204 1586 perpetua,
1238 1514 1320 1569 vel
1346 1514 1486 1570 sicut
1511 1514 1624 1586 ipse
1653 1516 1913 1587 loquitur,

319 1615 510 1660 aeterno
539 1606 824 1678 refrigerio,
851 1614 900 1660 et
929 1607 1100 1662 divina
1135 1608 1424 1663 antmnitate
1451 1608 1697 1666 fruentur
1719 1610 1908 1684 (Ibid.,

319 1713 438 1769 cap.
461 1698 550 1764 47,
571 1715 691 1770 pag.
723 1697 881 1771 515).

2024 494 2212 566 (Ibid.,
2262 511 2378 568 cap.
2427 492 2522 567 7),
2568 510 2760 566 nempe
2801 495 3048 567 pauperis
3090 495 3295 551 Lazari.
3327 494 3436 552 Nec
3489 497 3618 552 sinit

2018 589 2118 645 sibi
2136 589 2294 661 objici
2343 589 2485 645 hanc
2511 603 2633 645 esse
2675 589 3003 665 parabolam.
3055 587 3307 644 Additum
3338 592 3616 646 enimvero

2018 697 2215 739 nomen
2258 681 2445 738 Lazari
2473 697 2588 738 rem
2631 697 2812 737 veram
2859 681 3090 750 indicat;
3133 691 3190 738 et
3216 683 3462 754 quamvis
3515 698 3616 752 pa-

2018 774 2204 830 rabola
2254 785 2418 842 esset,
2463 775 2577 845 ipsa
2607 774 2859 846 Iveritatis
2912 783 2996 830 est
3038 775 3423 830 testimonium.
3479 774 3617 831 Tum

2019 867 2212 924 deinde
2237 868 2432 938 adjecit
2464 885 2478 921 :
2513 867 2650 936 Quid
2677 877 2751 922 est
2777 876 2944 922 autem
2971 866 3101 922 illud
3119 910 3134 933 ,
3161 868 3296 940 quod
3315 869 3384 923 ad
3414 870 3618 940 inferna

2021 965 2326 1034 transfertur
2373 972 2488 1034 post
2536 963 2809 1018 divortium
2849 946 3098 1034 corporis,
3155 963 3292 1032 quod
3343 963 3617 1030 detinetur,

2019 1057 2156 1126 quod
2199 1057 2254 1110 in
2302 1054 2436 1111 diem
2470 1056 2663 1125 judicii
2693 1065 3014 1122 reservatur;
3042 1055 3111 1109 ad
3135 1055 3271 1125 quod
3308 1064 3354 1108 et
3383 1054 3616 1112 Christus

2020 1148 2282 1203 moriendo
2310 1147 2610 1204 descendit?
2654 1146 2794 1202 Puto
2822 1148 2890 1202 ad
2917 1148 3114 1202 animas
3160 1147 3572 1220 patriarcharum
3597 1164 3619 1202 :

2019 1239 2108 1294 sed
2131 1239 2475 1312 quamobrem,
2509 1241 2554 1296 si
2593 1239 2722 1294 nihil
2747 1240 2920 1294 anima
2945 1239 3036 1294 sub
3062 1239 3389 1296 terris
3418 1243 3471 1295 in
3499 1257 3620 1295 car-

2021 1348 2133 1387 cere
2164 1332 2255 1387 sub
2281 1333 2559 1388 diversorio
2585 1334 2830 1404 inferum,
2862 1333 2914 1386 in
2942 1333 3070 1404 igni.
3101 1334 3179 1386 vel
3203 1332 3256 1386 in
3285 1333 3400 1387 sinu
3448 1333 3618 1386 Abra-

2021 1422 2342 1498 lue(1bid.).
2373 1427 2537 1483 Docet
2581 1427 2742 1496 igitur
2778 1425 2979 1481 inferos
3041 1440 3161 1481 esse
3211 1425 3618 1481 subterraneum

2022 1519 2222 1584 locum,
2254 1531 2306 1576 et
2336 1520 2512 1576 sinum
2540 1519 2793 1585 Abrahae,
2834 1521 2921 1575 ubi
2971 1519 3150 1574 divitis
3177 1519 3402 1590 improbi
3433 1521 3612 1574 anima

2021 1611 2392 1682 torquebatur,
2424 1612 2476 1666 in
2507 1626 2667 1683 quem
2696 1611 2943 1667 Christus
2987 1621 3107 1682 post
3136 1621 3362 1666 mortem
3391 1611 3618 1668 descen-

2020 1701 2132 1772 dit,
2177 1712 2234 1758 et
2275 1705 2362 1760 ubi
2423 1703 2739 1774 patriarcha:
2794 1703 2944 1758 illum
2991 1703 3364 1774 expectabant.
3426 1703 3620 1760 Postea

386 1790 556 1859 Quam
573 1800 723 1846 certo
747 1802 926 1848 autem
955 1802 1010 1849 et
1043 1809 1171 1850 vere
1200 1793 1252 1850 id
1281 1805 1588 1864 asseverat,
1625 1805 1732 1852 tam
1763 1798 1916 1857 facile
1946 1806 1995 1866 B
2023 1811 2174 1863 vero,
2207 1797 2279 1852 sic
2306 1807 2351 1851 et
2382 1796 2548 1863 diviti,
2595 1795 2789 1867 inquit,
2822 1795 2964 1866 apud
2997 1795 3189 1866 inferos
3232 1795 3408 1867 lingua
3447 1803 3540 1862 est,
3571 1806 3618 1850 et

314 1885 482 1957 ipsius
502 1885 728 1954 deloco,
770 1886 859 1942 ubi
883 1887 1095 1943 illorum
1125 1889 1338 1955 animm,
1362 1892 1679 1962 corporibus
1701 1893 1912 1962 soluttn,

313 1977 379 2032 ad
409 1989 708 2033 estremum
747 1979 1192 2050 uSquejudicium
1215 1981 1562 2053 recipientur,
1592 1984 1813 2041 dubium
1851 2001 1916 2042 ac

312 2070 657 2128 ﬂuctuantem
703 2072 944 2129 animum
992 2073 1468 2145 deprehendimus.
1526 2077 1764 2133 Primum
1798 2089 1915 2136 eteo

313 2167 424 2222 nim
453 2165 509 2220 in
534 2181 633 2222 suo
682 2165 1022 2237 apologetico
1048 2184 1061 2221 :
1091 2165 1426 2234 Paradisum,
1460 2169 1647 2240 inquit,
1679 2172 1916 2225 nomina-

313 2276 426 2314 mus
455 2260 624 2315 locum
667 2259 854 2315 divina.-
897 2260 1228 2330 amaenitatis,
1270 2263 1576 2334 recipiendis
1622 2275 1918 2319 sanctorum

310 2353 571 2423 spiritibus
597 2352 929 2420 destinatum,
959 2355 1180 2409 maceria
1203 2355 1427 2426 quadam
1457 2357 1622 2429 ignem
1649 2355 1792 2412 illius
1819 2356 1920 2413 Zo-

310 2461 415 2512 nw,
439 2463 471 2500 a
513 2446 695 2500 notitia
742 2445 881 2502 orbis
934 2448 1220 2504 communis
1261 2460 1580 2522 segregatum
1610 2448 1818 2523 (Ibid.).
1849 2453 1919 2507 At

312 2538 558 2595 nonnulli
585 2538 898 2595 existimant
919 2541 990 2596 ibi
1020 2556 1143 2596 eum
1175 2543 1480 2612 respexisse
1499 2541 1566 2598 ad
1594 2543 1710 2598 haec
1735 2542 1918 2600 Gene-

312 2649 434 2690 seos
477 2633 642 2690 verba
675 2651 691 2692 :
722 2633 989 2706 Ejecitquc
1017 2636 1206 2702 Adam,
1237 2646 1283 2690 et
1312 2637 1575 2692 collocavit
1615 2647 1735 2693 ante
1763 2655 1918 2709 para-

315 2728 483 2783 disum
509 2729 783 2799 voluptatis
832 2730 1114 2793 cherubim,
1157 2740 1204 2785 et
1231 2730 1524 2800 ﬂammeum
1550 2731 1802 2804 gladium,
1834 2740 1918 2786 at-

318 2837 416 2892 que
435 2821 739 2887 versatilem,
774 2822 842 2875 ad
863 2821 1243 2878 custodiendam
1260 2824 1391 2877 uiam
1419 2823 1546 2894 ligni
1571 2824 1684 2879 vita
1707 2824 1917 2896 (lienes.

317 2912 540 2985 lli,cap.
586 2931 634 2969 υ.
693 2913 915 2982 ultimo).
955 2915 1061 2970 Alii
1105 2931 1234 2970 vero
1288 2915 1340 2970 id
1383 2926 1598 2986 negant.
1628 2916 1744 2972 Non
1774 2918 1918 2973 enim

323 3007 378 3064 in
408 3009 646 3064 animum
697 3008 953 3066 inducere
987 3024 1142 3065 suum
1193 3021 1420 3081 possunt
1463 3014 1698 3067 maceria
1744 3013 1914 3084 ignea:

314 3100 474 3158 Zona:
505 3101 645 3158 idem
669 3111 830 3174 atque
858 3102 1108 3159 ﬂammeo
1153 3104 1334 3174 gladio
1376 3104 1688 3173 significari.
1723 3105 1921 3161 Putant

2028 1890 2241 1961 pauperi
2284 1889 2494 1960 digitus,
2546 1897 2594 1942 et
2623 1890 2764 1944 sinus
2808 1888 3045 1943 Abrahae.
3084 1887 3190 1943 Per
3235 1889 3329 1943 has
3375 1888 3535 1944 lineas
3570 1900 3620 1944 et

2023 1980 2209 2035 animle
2232 1991 2514 2052 martyrum
2541 1980 2632 2035 sub
2659 1980 2813 2034 altari
2834 1980 3185 2052 intelliguntur
3207 1979 3392 2052 (Ibid.,
3450 1999 3496 2036 c.
3535 1980 3616 2052 9).

2023 2073 2288 2145 Numquid
2321 2089 2450 2146 ergo
2489 2075 2560 2130 ibi
2591 2075 2752 2131 etiam
2784 2084 2839 2130 et
2883 2074 3071 2131 iisdem
3099 2073 3283 2129 inferis
3310 2074 3410 2131 sub
3438 2075 3616 2140 altari,

2023 2168 2232 2240 degunt
2283 2168 2476 2223 anima:
2515 2167 2848 2240 martyrum?
2887 2167 2992 2224 Sed
3043 2177 3166 2238 post
3195 2166 3412 2223 modum
3462 2169 3620 2240 paulo

2025 2260 2359 2317 enucleatius
2387 2259 2763 2330 explicabitur.

2095 2351 2317 2409 Interim
2348 2352 2500 2408 illum
2529 2352 2816 2408 audiamus
2844 2351 3019 2407 adhuc
3048 2351 3373 2422 loquentem.
3407 2352 3495 2408 Ait
3524 2366 3621 2408 an-

2027 2453 2134 2501 tem
2163 2445 2436 2501 Christum
2468 2445 2522 2502 in
2562 2443 2813 2501 inferiora
2866 2453 3129 2500 terrarum
3169 2443 3533 2512 descendisse,
3563 2456 3621 2500 ut

2022 2538 2132 2593 illic
2175 2538 2495 2611 patriarchas
2519 2547 2567 2592 et
2597 2537 2871 2610 prophetas
2897 2544 3156 2605 compotes
3171 2537 3251 2589 sui
3268 2537 3474 2607 faceret.
3507 2535 3626 2592 Ila-

2025 2633 2109 2689 bes
2136 2643 2183 2688 et
2211 2635 2466 2704 regionem
2490 2635 2712 2706 inferum
2743 2631 3131 2687 subterraneam
3175 2629 3396 2694 credere,
3431 2639 3478 2685 et
3507 2630 3626 2686 illos

2025 2727 2192 2781 cubito
2214 2727 2418 2797 pellere,
2445 2725 2533 2797 qui
2551 2725 2675 2780 satis
2702 2724 2924 2794 superbe
2965 2738 3066 2777 non
3113 2731 3293 2792 putant
3319 2723 3517 2777 animas
3565 2724 3627 2792 ﬁ-

2025 2820 2217 2876 delium
2242 2822 2420 2893 inferis
2440 2821 2621 2893 dignas
2639 2835 2659 2885 ;
2679 2821 2807 2875 servi
2830 2833 2985 2888 super
3001 2817 3035 2870 d
3045 2816 3292 2882 ominum,
3321 2827 3366 2870 et
3388 2816 3630 2888 discipuli

2025 2930 2179 2985 super
2214 2914 2549 2986 magistrum,
2577 2913 2836 2983 aspernati
2881 2913 2924 2965 si
2969 2911 3104 2980 forte
3149 2910 3202 2963 in
3247 2910 3466 2966 Abralta:
3504 2915 3621 2966 sinu

2025 3007 2352 3076 expectanda:
2403 3005 2782 3060 resurrectionis
2853 3003 3094 3058 solatium
3165 3022 3346 3077 capere
3405 3003 3620 3075 (Ibid.,

2025 3115 2073 3154 c.
2115 3101 2232 3172 55).
2255 3098 2514 3156 Cernisne
2529 3099 2704 3156 adhuc
2728 3098 2946 3157 eosdem
2973 3100 3170 3156 inferos
3201 3103 3374 3157 sinum
3397 3099 3625 3154 Abraha:

316 3195 495 3266 itaque
512 3195 757 3252 denotari
778 3196 939 3252 alium
957 3197 1134 3267 ignem
1152 3196 1462 3252 ammnioris
1494 3197 1597 3252 loci
1624 3197 1910 3253 arbitrum.
1943 3206 1988 3271 ρ
2027 3194 2249 3259 vocari,
2303 3202 2356 3247 et
2395 3192 2816 3264 patriarcharum
2871 3193 3362 3264 prophetarnmqne
3418 3191 3622 3247 habita-

316 3287 515 3345 Verum
543 3289 660 3344 haec
687 3288 873 3359 opinio
918 3289 1126 3345 ratione
1149 3288 1342 3345 saltem
1369 3288 1549 3361 aliqua
1593 3288 1767 3345 fulciri
1821 3290 1914 3346 de-

314 3378 496 3435 bebat.
525 3368 707 3450 Itaque
729 3379 902 3436 donec
921 3396 1040 3436 eam
1062 3379 1357 3451 proferant,
1383 3395 1492 3436 non
1520 3381 1762 3438 videmus
1787 3382 1914 3454 quid

316 3473 598 3544 prohibeat
626 3473 914 3542 quominus
952 3473 1314 3530 Tertullianns
1338 3475 1488 3531 illum
1516 3477 1790 3532 vocaverit
1829 3478 1912 3532 di-

291 3567 448 3621 -oiua:
483 3565 790 3620 amoenitatis
829 3565 1035 3634 locum,
1070 3567 1161 3638 qni
1213 3567 1389 3623 citatis
1415 3567 1690 3626 Geneseos
1742 3569 1917 3624 verbis

318 3657 600 3730 paradisus
636 3657 926 3729 voluptatis
951 3659 1285 3729 appellatur?
1306 3659 1444 3727 Quid
1470 3661 1613 3716 enim
1653 3669 1920 3732 repugnat

318 3752 363 3806 si
395 3752 551 3822 igneo
580 3749 758 3822 gladio
804 3748 1004 3806 Zonam
1035 3752 1243 3822 igneam
1285 3752 1574 3823 significari
1625 3753 1915 3810 arbitratus

321 3842 436 3898 cst?
462 3841 567 3897 Sed
598 3841 666 3898 de
693 3841 796 3898 hoc
825 3839 1140 3900 Tertulliani
1171 3845 1290 3902 loco
1316 3845 1516 3918 aliquid
1549 3847 1600 3901 in
1649 3847 1918 3917 superiori

319 3932 698 3990 dissertatione
722 3937 1215 4008 praeoccupavimus
1244 3936 1538 4010 (Dissertat.
1567 3938 1622 3994 in
1645 3937 1912 4008 Lactant.,

321 4042 436 4096 cap.
463 4027 554 4094 29,
584 4038 684 4084 art.
718 4031 810 4102 6).

391 4121 603 4179 Certins
640 4133 820 4181 autem
850 4140 910 4180 ea
936 4125 1004 4181 de
1038 4141 1098 4183 re
1139 4126 1267 4184 ferri
1313 4137 1496 4200 posset
1530 4129 1814 4201 judicium,
1865 4131 1910 4186 si

321 4226 555 4272 exataret
580 4217 723 4274 illius
759 4218 826 4275 de
865 4219 1115 4290 paradiso
1145 4221 1388 4290 libellus,
1415 4239 1574 4295 quem
1605 4240 1636 4280 a
1667 4240 1727 4281 se
1766 4241 1920 4281 com-

323 4311 556 4379 positum
584 4310 922 4367 testificatur.
961 4313 1041 4368 Ad
1073 4329 1196 4370 eum
1221 4318 1416 4387 quippe
1447 4319 1526 4374 sic
1554 4334 1652 4374 nos
1679 4320 1793 4389 ipse
1822 4321 1924 4374 mi-

321 4401 437 4455 sit:
472 4399 642 4457 Habes
671 4404 824 4457 etiam
863 4405 926 4458 de
977 4408 1215 4476 paradiso
1265 4426 1298 4463 a
1342 4410 1485 4466 nobis
1531 4411 1776 4475 libellum,
1823 4431 1922 4486 quo

331 4496 683 4551 constituimus
725 4513 921 4552 onmem
959 4501 1181 4554 animam
1219 4504 1358 4573 apud
1387 4506 1577 4574 inferos
1624 4511 1924 4578 sequestrari

2023 3285 2220 3339 tionem
2242 3326 2257 3351 ,
2289 3284 2380 3340 ubi
2409 3285 2605 3339 animas
2657 3298 2754 3355 spe
2793 3285 3205 3342 resurrectionis
3252 3285 3499 3340 solatium
3530 3298 3626 3337 ca-

2020 3377 2197 3450 piunt?

2093 3468 2204 3525 Sub
2245 3467 2484 3539 ejusdem
2537 3467 2753 3525 demum
2794 3468 2916 3524 libri
2968 3468 3128 3524 linem
3184 3467 3471 3538 quemdam
3521 3467 3624 3523 sibi

2021 3558 2364 3631 objicientem
2398 3560 2620 3616 indicit:
2656 3559 2846 3615 Omnes
2867 3577 2987 3632 ergo
3016 3561 3202 3614 (minue
3227 3576 3378 3631 penes
3409 3559 3624 3631 inferos.

2022 3652 2118 3708 Cui
2148 3653 2328 3708 statim
2359 3651 2651 3724 reSpondet
2675 3670 2688 3707 :
2730 3651 2868 3707 Veiis
2887 3669 2947 3706 ac
2976 3652 3140 3728 nolis.
3168 3663 3216 3708 et
3235 3653 3486 3724 supplicia
3505 3654 3622 3723 jam

2021 3743 2128 3799 illic
2165 3754 2211 3800 et
2239 3745 2521 3818 refrigeria.
2559 3742 2734 3799 Habes
2762 3761 3056 3816 pauperem,
3091 3755 3137 3800 et
3177 3745 3380 3799 divitem
3426 3743 3626 3817 (Ibid.,

2023 3857 2138 3914 cap.
2157 3840 2273 3915 58).
2303 3841 2526 3897 Omnem
2550 3841 2710 3912 igitur
2733 3856 2855 3896 cum
2871 3840 3013 3896 dicat
3033 3841 3290 3906 animam,
3313 3839 3510 3895 nullam
3537 3855 3633 3896 ex-

2024 3935 2172 4006 cipit.
2743 3929 2750 3938 ’

2100 4029 2284 4101 Neque
2313 4029 2405 4086 illo
2432 4037 2636 4084 tantum
2666 4028 2720 4083 in
2774 4027 2912 4083 libro
2965 4027 3036 4083 ita
3067 4042 3127 4084 se
3174 4029 3373 4086 sentire
3405 4027 3631 4099 profite-

2027 4133 2138 4192 tur,
2198 4125 2292 4180 sed
2324 4125 2375 4180 in
2427 4125 2535 4178 alio
2578 4123 2737 4178 etiam
2783 4121 2834 4176 id
2877 4121 3016 4176 haud
3069 4122 3297 4178 obscure
3329 4123 3409 4177 his
3445 4124 3628 4178 verbis

2027 4217 2311 4273 conﬁrmat
2342 4235 2356 4271 :
2391 4213 2532 4270 Nam
2579 4224 2624 4269 et
2665 4229 2800 4268 nunc
2852 4215 3050 4267 animas
3102 4216 3324 4284 torqueri
3373 4216 3632 4287 fooerique

2029 4326 2181 4382 penes
2213 4309 2424 4378 inferos,
2459 4307 2572 4361 licet
2596 4306 2784 4371 nudas,
2817 4304 2931 4359 licet
2974 4305 3142 4359 adhuc
3191 4308 3389 4362 exsules
3429 4309 3623 4374 carnis,

2030 4400 2259 4472 probavit
2310 4399 2497 4452 Lazari
2535 4397 2822 4468 exemplum
2865 4394 3058 4464 (Idem,
3097 4396 3184 4451 lib.
3242 4397 3305 4451 de
3336 4399 3624 4454 Iiesurrect.

2029 4495 2221 4560 carnis,
2279 4510 2396 4560 cap.
2435 4491 2538 4563 i7).
2575 4493 2649 4547 De
2679 4491 2923 4562 ipsismet
2967 4506 3128 4562 porro
3167 4492 3489 4563 martyribus
3519 4492 3634 4550 haec

321 4587 378 4641 in
439 4587 572 4642 diem
635 4587 1103 4662 Domini(Tertul.
1161 4595 1248 4648 lib.
1299 4595 1363 4650 de
1403 4597 1574 4652 Anim.
1622 4611 1772 4672 caput
1811 4600 1921 4675 55),

2036 4590 2088 4644 in
2147 4588 2440 4656 Scorpiaco
2474 4586 2712 4642 scribere
2741 4601 2848 4641 non
2902 4584 3209 4641 dubitavit:
3261 4585 3482 4650 Quinam
3530 4587 3634 4651 isti,

333 4679 387 4735 id
426 4690 510 4735 est
539 4722 554 4746 ,
601 4681 851 4751 generale
879 4692 934 4738 et
963 4685 1204 4740 ultimum
1253 4687 1534 4758 judicium.
1580 4691 1686 4748 Sed
1723 4708 1789 4748 ex
1846 4695 1932 4751 his

259 4792 282 4803 ι
328 4770 456 4826 licet
497 4772 831 4842 paucissimis
859 4774 1036 4831 verbis
1065 4792 1169 4831 non
1197 4780 1413 4835 minima
1445 4792 1591 4839 certe
1616 4786 1788 4840 oritur
1825 4787 1930 4842 dif-

329 4862 560 4919 ﬁcultas.
641 4864 772 4920 Nam
826 4856 1034 4922 tametsi
1091 4870 1394 4937 paradisum
1450 4874 1518 4926 ab
1570 4875 1755 4931 inferis
1819 4876 1934 4932 dis-

331 4957 556 5013 tinxisse
620 4957 925 5025 diceretur;
985 4962 1321 5030 apcrtissitnc
1375 4963 1724 5022 nihilominus
1780 4968 1938 5026 docet

332 5063 546 5104 omnem
574 5050 805 5104 anitnam
831 5059 937 5106 tam
956 5052 1225 5122 justurutn
1255 5055 1522 5121 videlicet,
1547 5075 1706 5129 quam
1739 5061 1935 5132 impio-

330 5156 452 5195 rum
479 5141 530 5196 itt
560 5141 708 5198 hisce
738 5143 924 5200 inferis
948 5145 1016 5201 ad
1049 5146 1295 5202 ultimum
1329 5163 1499 5220 usque
1539 5150 1800 5222 judicium
1846 5170 1938 5210 se-

335 5234 598 5303 questrari
626 5244 681 5290 et
708 5239 994 5293 reservari.
1031 5239 1136 5295 Sed
1178 5239 1299 5297 luce
1328 5241 1569 5312 pluribus
1608 5243 1748 5300 haud
1775 5245 1937 5303 dubie

332 5327 559 5381 obscura
604 5341 706 5382 nec
751 5330 1023 5386 intellectu
1077 5331 1248 5388 facilia
1324 5333 1664 5391 videbuntur.
1731 5337 1936 5406 Quam-

333 5417 520 5474 obrem
547 5418 673 5490 quid
719 5421 772 5475 in
803 5421 941 5485 aliis,
969 5437 1090 5492 qua:
1127 5432 1357 5494 restant,
1387 5425 1528 5482 illius
1574 5427 1827 5499 operibus
1869 5430 1940 5485 de

336 5510 420 5567 his
445 5514 717 5582 statuerit,
743 5515 1169 5585 investigandum
1199 5529 1302 5574 est.

411 5605 470 5661 In
498 5621 598 5662 suo
641 5616 817 5662 autem
872 5606 941 5662 de
962 5607 1152 5664 Anima
1207 5609 1344 5667 libro
1383 5612 1500 5667 haec
1543 5629 1609 5669 ex
1650 5613 1942 5686 Evangelio

342 5698 559 5754 tradidit
589 5717 604 5754 :
636 5698 782 5754 Dolet
813 5699 952 5770 apud
973 5701 1164 5771 inferos
1192 5703 1382 5770 _anima
1410 5705 1700 5776 cujusdam,
1747 5706 1939 5762 famosi

343 5790 594 5848 videlicet
637 5792 825 5856 divitis,
855 5799 901 5845 et
948 5793 1158 5862 partitur
1200 5794 1255 5847 in
1303 5796 1536 5870 flamma,
1597 5800 1848 5856 cruciatur
1885 5802 1940 5856 in

793 5885 1259 5948 Temenum.
1295 5887 1348 5950 Ι.

2034 4680 2276 4736 Zebedtni
2307 4679 2418 4746 lilii,
2456 4687 2561 4733 lant
2611 4680 2740 4733 beati
2782 4679 3012 4745 victores,
3047 4679 3145 4732 nisi
3201 4679 3405 4749 proprie
3443 4690 3637 4751 marty-

2035 4775 2156 4829 res?
2203 4771 2423 4829 lllorunt
2475 4773 2658 4826 etenim
2707 4772 2930 4826 victoria:
2960 4814 2976 4840 ,
3029 4787 3241 4844 quorum
3293 4781 3337 4827 et
3403 4787 3589 4842 pugna:
3617 4815 3633 4838 ,

2039 4883 2212 4923 eorum
2256 4883 2373 4920 vero
2427 4881 2612 4938 pugna:
2647 4881 2864 4935 quorum
2890 4874 2935 4918 et
2961 4865 3210 4935 sanguis?
3235 4864 3324 4917 sed
3360 4873 3406 4916 et
3434 4865 3637 4918 interim

2019 4962 2134 5015 .sub
2160 4958 2314 5013 altari
2341 4967 2625 5029 martyrum
2667 4957 2853 5011 anima:
2883 4956 3139 5026 placidum
3178 4955 3462 5025 quiescunt,
3485 4965 3531 5010 et
3576 4955 3641 5023 [i-

2045 5053 2196 5109 ducia
2248 5055 2457 5108 ultionis
2510 5051 2808 5121 patientiam
2849 5059 3082 5120 pascunt,
3137 5057 3182 5102 et
3230 5049 3425 5104 induite
3471 5049 3636 5113 stolis,

2042 5146 2316 5212 candidati:
2361 5145 2609 5200 claritatis
2647 5153 2918 5214 usurpant,
2947 5143 3107 5196 donec
3133 5151 3178 5194 et
3219 5143 3309 5196 alii
3327 5144 3638 5197 consortium

2040 5239 2248 5294 illarum
2291 5238 2473 5310 gloriae
2496 5235 2741 5307 impleant
2785 5232 2995 5307 (Idem,
3037 5234 3304 5304 Scorpiac.
3356 5252 3470 5305 cap.
3523 5235 3637 5304 1‘2).

2041 5332 2230 5389 Nonne
2304 5331 2464 5402 igitur
2527 5328 2835 5384 Tertulliani
2874 5328 3056 5398 opinio
3121 5327 3218 5382 fuit
3269 5344 3458 5384 omnes
3506 5343 3638 5399 quo—

2043 5425 2300 5481 rumlibet
2353 5431 2682 5478 mortuorum
2714 5420 2986 5475 hominum
3028 5421 3254 5484 animas,
3279 5435 3507 5491 corpore
3536 5435 3634 5475 suo

2043 5527 2250 5584 exutas,
2285 5516 2349 5571 ad
2382 5517 2623 5570 ultimum
2656 5529 2825 5584 usque
2876 5513 3062 5584 judicii
3114 5515 3252 5569 diem
3285 5517 3546 5569 reservari
3580 5518 3635 5569 in

2043 5612 2248 5677 inieris,
2281 5609 2526 5680 paradiso
2557 5607 2787 5663 Abraha:
2833 5607 2974 5670 sinu,
3016 5617 3069 5662 et
3113 5608 3212 5662 sub
3240 5607 3416 5670 altari,
3446 5608 3638 5678 quibus

2043 5705 2167 5762 licet
2193 5704 2422 5759 diversis
2451 5702 2763 5758 nominibus
2816 5699 3065 5758 eumdem
3117 5701 3291 5755 locum
3330 5700 3642 5773 designasse

2045 5796 2232 5870 procul
2262 5794 2425 5852 dubio
2474 5795 2720 5851 videtur?

2964 5888 3416 5969 (Vingl-neu/Z)
