4092 6352
476 289 582 349 907

1545 289 1614 347 IN
1647 284 2108 383 mammam
2145 284 2683 348 APOLOGE'HCUM

3675 278 3823 347 σω

544 406 655 465 Sed
681 408 951 482 exspecta,
1001 420 1205 482 quaso,
1261 410 1555 483 paulisper,
1610 421 1772 484 teque
1823 411 2065 483 aliquan-
2093 410 2145 472 Α
2171 409 2407 479 Patrem,
2459 411 2564 468 nisi
2613 416 2913 467 ututernte
2941 406 3213 467 felicitatis
3260 407 3544 481 praemium
3592 409 3813 465 station

476 508 588 557 tum
615 503 839 559 sustine.
868 501 990 559 uox
1017 505 1161 559 enim
1191 503 1379 561 audies
1405 505 1475 562 ab
1516 504 1631 574 illo,
1677 506 1817 561 sicut
1871 500 2071 576 triplex

471 607 642 665 genus
676 595 998 664 animarum,
1028 596 1144 653 sive
1174 605 1507 663 mortuorum
1536 598 1844 665 hominum,
1876 595 2073 668 impio-

472 704 592 744 rum
621 689 884 758 videlicet,
923 692 1211 766 iustorum,
1260 699 1315 748 et
1340 700 1659 765 martyrum,
1690 692 1765 748 ita
1799 692 2070 763 triplicem

471 780 685 838 illorum
716 783 915 853 locum,
963 790 1122 856 atque
1151 785 1351 841 inferiis
1383 785 1452 840 ab
1478 784 1709 841 Abraine
1730 786 1849 841 sinu
1876 783 2071 840 distin-

468 878 579 947 gui.
610 876 894 934 Marcionis
940 879 1138 952 quippe
1162 879 1234 936 de
1276 876 1592 937 eartnndem
1630 880 1931 935 animatum
1984 893 2070 935 re-

470 970 760 1041 ceptaculis
786 985 1029 1031 errorem
1054 986 1226 1031 sses-se
1270 973 1468 1032 refellit
1514 979 1834 1031 auctoritate
1876 973 2066 1044 Scrip-

470 1071 625 1131 tum,
655 1078 770 1136 qua:
808 1065 871 1120 ab
895 1066 1095 1137 inferis,
1143 1068 1332 1139 inquit,
1387 1067 1627 1123 discernit
1653 1068 1823 1123 sinum
1848 1065 2071 1122 »ιω-κήκ

466 1160 703 1228 pauperi.
755 1158 911 1213 Aliud
949 1160 1083 1214 enim
1130 1160 1318 1231 inferi,
1366 1168 1426 1214 ut
1479 1167 1632 1231 puto,
1690 1158 1838 1214 aliud
1870 1173 2068 1230 quoque

465 1247 687 1305 Atr-Ine
714 1251 880 1307 sinus.
915 1250 1052 1307 Nam
1077 1262 1125 1307 et
1153 1267 1394 1326 mgnum
1434 1253 1506 1306 ait
1543 1251 1853 1307 intercedere
1891 1251 2065 1324 regio-

463 1356 555 1396 nes
579 1340 708 1396 istas
742 1344 1058 1413 profundum
1077 1385 1092 1407 ,
1122 1353 1170 1399 et
1197 1345 1466 1399 transitum
1494 1344 1748 1414 utrimque
1776 1342 2060 1412 prohibere.

465 1433 574 1490 Sed
601 1450 692 1489 nec
732 1436 997 1492 allevasset
1018 1437 1160 1492 diues
1190 1438 1385 1505 oculos,
1416 1445 1466 1492 et
1519 1437 1721 1509 quidem
1770 1438 1836 1491 de
1864 1436 2066 1508 longin-

463 1541 586 1594 quo,
615 1527 713 1583 nisi
750 1529 807 1582 in
849 1529 1132 1599 superiora,
1162 1539 1211 1584 et
1239 1530 1303 1585 de
1326 1529 1617 1584 altitudinis
1652 1528 1935 1601 longinquo
1972 1544 2066 1601 per

464 1617 762 1672 immensam
787 1619 931 1674 illam
958 1620 1257 1675 distantiam
1293 1619 1617 1677 sublimitatis
1644 1630 1693 1674 et
1729 1620 2063 1692 profundita-

468 1708 673 1765 tis......
703 1709 835 1764 Eam
863 1711 1034 1783 itaque
1052 1713 1313 1785 regionem
1337 1714 1507 1767 sinunt
1533 1713 1648 1768 dico
1677 1710 1918 1780 Abrahae,
1968 1711 2064 1767 etsi

2177 512 2296 575 post
2318 512 2548 559 mortem
2580 511 2999 575 consequantur.

2246 594 2537 667 Utriusque
2589 604 2767 652 autem
2820 594 3061 667 opinioni
3128 594 3422 666 discipulus
3458 593 3808 650 Tertulliani

2173 689 2473 762 Cyprianus
2503 690 2653 746 hisce
2673 687 3011 761 totidemque
3058 688 3238 746 verbis
3269 695 3453 756 postea
3503 687 3805 759 subscrip—

2173 781 2280 838 sit:
2312 783 2444 837 beati
2473 785 2617 850 satis,
2674 783 2761 853 qui
2808 798 2870 838 ra:
2915 782 3056 838 vobis
3095 799 3187 854 per
3233 782 3515 853 gloriarum
3566 781 3803 853 uestigia

2173 887 2531 942 commeantes,
2551 878 2666 947 jam
2682 877 2746 931 de
2770 879 2957 933 stet:qu
2984 885 3319 940 recesserunt,
3345 877 3674 947 confectoque
3698 876 3801 931 iti-

2180 982 2301 1024 nere
2314 970 2513 1025 uirtutis
2534 985 2595 1024 ac
2621 970 2762 1040 fidei,
2793 970 2862 1025 ad
2881 972 3198 1042 complexum
3218 980 3266 1025 et
3289 970 3518 1026 osculum
3547 968 3792 1035 Domini,

2174 1059 2397 1117 Domino
2422 1063 2537 1134 ipso
2564 1062 2836 1135 gaudente,
2872 1074 3109 1119 uenerunt
3144 1063 3436 1135 (Cyprium,
3486 1063 3631 1134 epist.
3685 1062 3791 1117 '57.

2182 1170 2306 1227 pag.
2332 1153 2446 1228 73).
2478 1156 2614 1213 Alibi
2643 1171 2773 1213 vero
2796 1155 2996 1213 diserte
3034 1157 3265 1213 afﬁrmat
3296 1158 3609 1231 martyrium
3652 1172 3794 1214 esse

2172 1247 2470 1303 secundum
2494 1247 2780 1321 baptisma,
2804 1250 2941 1320 quod
2960 1265 3052 1304 nos
3067 1249 3129 1305 de
3143 1248 3336 1306 mundo
3361 1249 3645 1306 recedentes
3669 1261 3788 1305 sta-

2180 1340 2271 1393 tim
2300 1338 2411 1395 Deo
2436 1341 2661 1411 copulat.
2692 1339 2859 1397 Suum
2892 1340 3091 1398 dehinc
3119 1342 3313 1399 librum
3342 1342 3427 1399 his
3475 1342 3653 1399 verbis
3680 1344 3785 1399 ab-

2169 1432 2330 1488 solvit
2357 1450 2371 1487 :
2404 1433 2467 1488 Si
2493 1432 2645 1488 talem
2675 1438 2955 1505 persecutio
2975 1434 3221 1490 invenerit
3250 1433 3349 1490 Dei
3384 1433 3612 1503 militem,
3639 1434 3786 1489 uinci

2168 1539 2270 1579 non
2298 1524 2480 1595 poterit
2509 1525 2667 1581 virtus
2705 1528 2773 1580 ad
2804 1528 3036 1597 pretium
3064 1536 3322 1598 prompta.
3366 1524 3460 1582 Vel
3483 1531 3530 1583 si
3550 1528 3782 1582 accersio

2167 1626 2286 1673 ante
2311 1621 2627 1689 prwoenerit,
2657 1620 2766 1675 sine
2792 1621 3004 1691 praemio
3028 1635 3131 1675 non
3172 1621 3267 1674 erit
3310 1619 3460 1690 ﬁdes,
3506 1632 3621 1690 qua:
3662 1628 3783 1675 erat

2168 1712 2235 1765 ad
2277 1714 2578 1785 martyrium
2620 1724 2932 1785 praeparata.
2962 1714 3086 1771 Sine
3119 1716 3306 1771 damno
3335 1715 3576 1787 temporis
3631 1731 3779 1769 mer-

464 1822 566 1861 non
582 1807 860 1875 caelestem;
883 1808 1226 1865 sublimiorem
1255 1819 1424 1883 tamen
1450 1808 1631 1880 inferis
1664 1849 1680 1874 ,
1732 1808 1937 1863 interim
1975 1823 2060 1862 re-
2091 1814 2140 1878 3
2169 1824 2270 1874 ces,
2291 1808 2472 1879 judice
2499 1806 2627 1874 Deo,
2681 1808 2948 1875 redtﬁtur;
2976 1810 3033 1864 in
3064 1810 3406 1879 persecutione
3450 1808 3654 1875 militia,
3717 1810 3778 1863 in

462 1900 1082 1972 frigert’um-pmbituram
1120 1902 1390 1958 animabus
1426 1904 1707 1975 iustorum,
1732 1905 1895 1958 donec
1930 1917 2059 1957 cono

459 1995 729 2048 summatis
773 2010 945 2049 rerum
994 1996 1412 2051 resurrectionem
1472 1996 1697 2051 omnium
1743 1995 2062 2069 plenitudine

459 2087 703 2143 mercedis
728 2095 1108 2161 expunget"...
1139 2104 1232 2143 cur
1259 2105 1364 2145 non
1390 2088 1563 2160 capiat
1614 2089 1782 2144 sinum
1840 2089 2059 2145 Abrahte

460 2177 563 2232 dici
592 2180 869 2251 temporale
892 2180 1105 2251 aliquod
1148 2180 1437 2236 animarum
1477 2180 1709 2250 fidelium
1755 2189 2059 2251 receptacu-

458 2272 586 2341 lum,
612 2273 666 2327 in
707 2290 807 2343 quo
852 2274 959 2339 iam
986 2274 1267 2330 delineetur
1296 2274 1458 2346 futuri
1501 2274 1693 2346 imago,
1739 2288 1800 2328 ac
1838 2273 2061 2328 candida

456 2365 691 2434 φιωάσηι
718 2366 982 2433 utriusque
1015 2365 1208 2437 judicii
1246 2365 1590 2437 prospiciatur
1621 2363 1817 2438 (Idem,
1846 2365 1935 2420 lib.
1965 2364 2055 2421 iV.

459 2460 658 2517 adem.
694 2459 949 2516 Marcion.
982 2475 1101 2531 cap.
1127 2458 1268 2530 34)?

528 2597 720 2654 Nonne
763 2598 872 2668 jam
922 2597 1074 2655 vides
1120 2612 1280 2670 quam
1329 2597 1612 2670 perspicue
1658 2596 1861 2654 inferos
1890 2637 1909 2664 ,
1963 2596 2055 2653 ubi

461 2691 655 2748 anima:
685 2692 1051 2763 improborum
1078 2691 1355 2747 hominum
1385 2690 1587 2764 degunt
1642 2701 1694 2747 et
1726 2691 2055 2756 cruciantur,

459 2793 706 2841 secernat
750 2799 780 2838 a
826 2784 946 2840 sinu
991 2782 1222 2840 Abrahae
1269 2784 1382 2839 sive
1430 2783 1699 2854 justorum
1728 2782 2057 2850 habitacula,

461 2875 551 2931 ubi
604 2875 661 2932 hi
705 2885 921 2932 {clerate
966 2875 1231 2932 felicitatis
1281 2875 1590 2933 mercedem
1638 2886 2056 2948 praegnsmntcs,

462 2969 743 3040 temporali
780 2983 843 3025 ac
882 2968 1077 3040 praevia
1114 2970 1428 3026 amoenitate
1453 2976 1508 3025 et
1532 2956 1890 3034 beatitudine,
1918 2970 2058 3037 sive,

461 3071 523 3118 ut
553 3061 642 3118 ille
662 3062 757 3129 ait,
786 3060 1065 3133 refrigerio
1095 3061 1395 3134 potiuntur?
1438 3062 1568 3117 Eam
1596 3076 1725 3117 vero
1758 3052 2057 3133 regionem,

463 3155 564 3212 etsi
594 3170 701 3211 non
728 3154 799 3225 sit
821 3156 1078 3221 caelestis,
1107 3155 1265 3227 longe
1312 3164 1489 3210 tamen
1512 3155 1579 3208 ab
1612 3140 1816 3210 inferis
1848 3152 2051 3210 distare

461 3257 754 3319 asseverat,
786 3257 842 3306 et
868 3249 932 3305 iis
957 3248 1128 3305 multo
1146 3262 1271 3306 esse
1296 3247 1690 3305 sublimiorem.

531 3383 686 3453 Quod
711 3398 837 3440 vero
860 3384 928 3441 ad
974 3393 1273 3457 martyrum
1324 3385 1531 3441 animas
1561 3384 1815 3455 pertinet,
1842 3384 2062 3441 tertium

464 3476 544 3533 eis
562 3477 764 3544 locum,
794 3478 972 3549 ipsum
996 3477 1206 3534 scilicet
1231 3476 1538 3549 paradisum
1568 3475 1877 3534 adscribere
1905 3475 2061 3532 vide-

463 3577 570 3625 tur.
602 3567 739 3625 Nam
767 3568 882 3625 haec
909 3578 1034 3625 sunt
1060 3568 1129 3627 de
1154 3569 1308 3625 hisce
1336 3578 1635 3641 martyrum
1664 3568 1945 3624 animabus
1975 3575 2061 3623 to-

464 3661 629 3718 tidem
659 3662 779 3733 ejus
808 3664 974 3720 verba
1004 3682 1016 3718 :
1050 3663 1323 3732 Quomodo
1352 3660 1547 3719 Joanni
1576 3664 1633 3718 in
1684 3663 1868 3733 spiritu
1907 3678 2063 3733 para-

464 3755 562 3810 disi
586 3757 726 3828 τερ*ἱο
761 3756 1003 3823 revelata,
1035 3772 1150 3828 qut:
1187 3758 1461 3828 subjicitur
1509 3756 1662 3812 altari
1687 3797 1700 3821 ,
1730 3756 1904 3811 nullas
1928 3756 2064 3810 alias

464 3849 664 3905 animus
710 3850 853 3922 apud
885 3867 941 3906 se
982 3859 1166 3921 praeter
1188 3861 1473 3923 ntartyrum
1499 3849 1760 3907 ostendit?
1792 3849 2063 3916 Quomodo

468 3937 747 4011 Perpetua,
779 3943 1057 4014 fortissima
1077 3954 1292 4015 martyr,
1311 3943 1401 3999 sub
1422 3943 1505 3999 die
1535 3942 2063 4011 passionisinrevela-

465 4034 602 4090 tione
654 4036 882 4105 paradisi
922 4037 1058 4092 solos
1094 4038 1204 4092 illic
1242 4046 1606 4110 commartyres
1628 4052 1751 4092 suos
1778 4035 1935 4103 vidit;
1965 4037 2066 4091 nisi

466 4126 587 4194 quia
612 4127 770 4183 nullis
806 4130 1071 4199 romphaa
1097 4129 1328 4198 paradisi
1350 4129 1575 4200 janitria:
1593 4130 1746 4193 cedit,
1774 4129 1881 4185 nisi
1902 4128 1990 4199 qui
2006 4128 2066 4183 in

467 4217 670 4274 Christo
698 4220 1031 4286 decesserint,
1054 4222 1230 4277 nonin
1253 4222 1459 4278 Adam?
1483 4221 1536 4277 Ν
1540 4238 1633 4277 ova
1651 4237 1788 4276 mors
1815 4236 1909 4293 pro
1931 4219 2068 4286 Deo;

468 4320 516 4365 et
544 4314 952 4369 extraordinaria
978 4331 1071 4386 pro
1119 4314 1343 4383 Christo,
1374 4316 1475 4371 alio
1504 4325 1552 4372 el
1596 4316 1792 4387 privato
1817 4316 2068 4388 excipitur

471 4402 712 4476 hospitio.
742 4409 971 4478 Agnosce
1008 4409 1177 4480 itaque
1204 4406 1541 4477 differentiam
1570 4408 1776 4475 ethnici,
1810 4418 1857 4463 et
1896 4406 2068 4477 ﬁdelis

466 4496 521 4549 in
543 4508 723 4554 morte.
766 4497 829 4555 Si
854 4516 948 4570 pro
974 4498 1084 4555 Deo
1112 4502 1381 4557 occumbas
1400 4543 1415 4567 ,
1454 4510 1507 4555 ut
1539 4500 1840 4557 Paracletus
1860 4509 2029 4556 monet
2049 4538 2063 4565 ,

2165 1917 2290 1973 pace
2357 1901 2665 1957 conscientia
2719 1910 2993 1957 coronatur
3044 1899 3230 1974 (Idan,
3266 1899 3483 1957 Exhort.
3530 1908 3774 1972 mat-tyn,

2169 2009 2291 2067 pag.
2324 1992 2449 2061 168;
2482 1992 2648 2063 Ibid.,
2680 2010 2802 2066 pag.
2836 1992 2986 2066 188).
3010 1992 3127 2049 Non
3171 1992 3385 2049 dilatam
3430 1992 3589 2065 igitur
3610 2003 3776 2062 puta-

2171 2086 2262 2142 bat
2283 2097 2543 2143 mternam
2572 2095 2867 2158 martyrum
2896 2084 3121 2157 gloriam
3147 2095 3198 2141 et
3223 2084 3553 2142 felicitatem.
3579 2082 3777 2139 Nonne

2165 2187 2344 2235 autem
2368 2179 2485 2235 hinc
2510 2178 2686 2234 adhuc
2715 2174 3044 2235 deiibaverat
3073 2192 3140 2234 ex
3185 2178 3443 2250 magism»
3470 2186 3570 2235 suo
3595 2182 3652 2232 et
3674 2189 3777 2230 au-

2162 2280 2313 2329 ctore
2334 2281 2518 2328 nostro
2548 2269 2900 2339 Tertulliano,
2928 2270 3017 2342 qni
3047 2270 3298 2327 similiter
3317 2269 3529 2326 dixerat
3555 2274 3771 2340 marty-

2163 2366 2302 2421 rium
2328 2380 2451 2422 esse
2494 2364 2791 2421 secundum
2837 2365 3124 2435 baptisma,
3166 2378 3273 2436 quo
3310 2374 3576 2437 martyres
3621 2370 3772 2418 recta

2163 2460 2432 2517 ducuntur
2458 2460 2526 2517 ad
2555 2460 2790 2516 divinam
2826 2459 3055 2516 sedem?
3095 2458 3341 2516 Asseruit
3369 2458 3514 2516 enim
3546 2456 3666 2512 illos
3686 2454 3768 2511 iu-

2167 2554 2309 2610 victa
2335 2555 2592 2625 patientia
2639 2562 2694 2609 et
2731 2551 3070 2619 fortitudine,
3104 2552 3320 2623 produci
3348 2551 3417 2604 ad
3447 2549 3767 2617 experimu-

2167 2658 2273 2702 tum
2302 2647 2583 2721 felicitatis,
2615 2645 2684 2700 ad
2713 2645 3032 2702 occasionem
3064 2644 3301 2700 secundm
3339 2641 3675 2706 intinctionis,
3698 2640 3767 2693 ad

2163 2738 2326 2810 ipsius
2348 2738 2535 2793 divina
2554 2737 2688 2794 sedis
2727 2738 3026 2794 adscensum
3057 2734 3276 2807 (Tertul.
3322 2734 3413 2791 lib.
3444 2733 3509 2790 de
3538 2733 3762 2788 Patient.

2164 2848 2285 2905 pag.
2335 2832 2447 2902 l3).
2481 2832 2650 2899 Quam
2702 2845 2831 2887 vero
2881 2828 3170 2887 secundum
3215 2826 3608 2891 intinctionem,
3639 2822 3764 2879 alibi

2166 2926 2240 2979 uti
2271 2923 2592 2989 videbimus,
2625 2921 2919 2979 secundum
2966 2930 3117 2979 vocat
3148 2921 3418 2976 lavacrum
3460 2933 3570 2990 quo
3586 2914 3766 2973 omnia

2163 3014 2432 3071 donantur
2472 3014 2693 3079 delicta,
2726 3021 2782 3070 et
2810 3021 2921 3070 tota
2947 3012 3042 3069 Dei
3069 3014 3241 3084 gratia
3266 3010 3550 3069 redimitur
3574 3006 3761 3081 (lnfr.,

2163 3122 2280 3178 cap.
2310 3105 2400 3173 16,
2430 3115 2529 3161 art.
2558 3107 2640 3177 '5).
3158 3150 3159 3153 η
3687 3122 3693 3128 ·

2088 3214 2134 3278 ρ
2238 3202 2310 3254 At
2356 3199 2497 3254 sicut
2541 3198 2706 3267 illius,
2738 3198 2809 3253 ita
2852 3206 2911 3254 et
2958 3195 3144 3253 lrsenei
3179 3212 3286 3254 non
3331 3195 3523 3253 eadem
3546 3194 3760 3250 videtur

2167 3290 2336 3348 fuisse
2359 3290 2427 3347 de
2455 3289 2683 3346 aliorum
2718 3290 2983 3361 iustorum
3013 3288 3298 3345 animabus
3347 3285 3639 3344 animus.
3690 3286 3767 3342 De

2129 3378 2133 3383 ’
2167 3386 2276 3456 illis
2301 3385 2501 3456 quippe
2528 3383 2764 3440 lrzeneus
2786 3382 2901 3439 haec
2930 3381 3179 3439 tradidit.
3204 3382 3332 3438 Post
3357 3382 3602 3453 corporis
3628 3394 3768 3435 mor-

2168 3486 2297 3543 tem,
2328 3476 2571 3544 Abt’bmtt,
2604 3475 2797 3546 inquit,
2840 3474 2898 3529 in
2938 3473 3240 3529 inuisibilem
3277 3473 3469 3539 locum,
3500 3471 3766 3542 deﬁnitum

2166 3574 2240 3629 eis
2255 3589 2287 3627 a
2307 3570 2437 3638 Deo,
2463 3579 2509 3626 et
2527 3570 2597 3625 ibi
2613 3585 2773 3641 usque
2785 3569 2853 3623 ad
2867 3571 3286 3624 resurrectionem
3298 3565 3762 3631 somniet-abutitur,

2167 3666 2472 3721 sustinentes
2509 3663 2958 3729 resurrectionem,
2992 3671 3270 3733 postquam
3324 3660 3521 3715 venient
3546 3658 3618 3714 ad
3646 3674 3770 3714 con-

2167 3768 2397 3830 spectum
2420 3755 2519 3812 Dei
2546 3756 2738 3830 (Iren..
2759 3756 2849 3813 lib.
2883 3756 2949 3824 V,
2980 3773 3096 3828 cap.
3120 3757 3212 3823 5i,
3247 3773 3365 3828 pag.
3396 3755 3547 3828 531).
3588 3753 3770 3826 Neque

2168 3852 2387 3917 mirum,
2413 3863 2622 3921 quaeso,
2650 3849 2747 3904 tibi
2768 3849 2860 3915 sit,
2881 3849 2924 3904 si
2948 3847 3305 3904 Tertullianes
3332 3857 3519 3903 noster
3536 3888 3553 3915 ,
3582 3860 3769 3917 quem-

2176 3941 2464 3999 admodum
2508 3939 2744 3998 lrenaeus
2792 3941 2979 3998 incerti
3026 3943 3394 4013 ancipitequ
3422 3942 3474 3996 in
3495 3941 3771 4012 assignan-

2173 4035 2258 4091 dis
2285 4035 2583 4091 animarum
2608 4048 2835 4106 corpore
2862 4034 3158 4090 solutarum
3199 4032 3485 4089 domiciliis
3504 4033 3765 4100 hmani,

2170 4143 2270 4184 nec
2315 4127 2508 4183 eodem
2536 4141 2753 4198 semper
2791 4126 2953 4184 modo
2980 4126 3288 4199 loquantur.
3316 4126 3436 4183 Non
3466 4126 3637 4199 magis
3663 4133 3770 4182 ete-

2170 4221 2282 4276 nim
2302 4226 2468 4276 certe
2506 4227 2923 4291 metantesque
2952 4217 3188 4285 luerunt,
3223 4220 3363 4276 sicut
3386 4218 3513 4275 alibi
3542 4226 3766 4274 annota-

2169 4315 2367 4380 vimus,
2407 4313 2636 4369 aliorum
2681 4322 2924 4370 veterum
2958 4314 3213 4371 Ecclesiae
3238 4315 3459 4370 Patrum
3489 4314 3767 4370 sententias

2173 4405 2456 4477 (Adntonit.
2500 4406 2556 4460 in
2592 4404 2683 4461 lib.
2725 4405 2961 4463 Ambros.
3003 4407 3068 4462 de
3119 4405 3265 4463 Bono
3305 4410 3501 4476 mortis,
3556 4416 3680 4463 tom.
3722 4406 3764 4478 l,

2172 4514 2293 4572 pag.
2322 4499 2473 4573 585).

468 4605 570 4645 non
599 4591 653 4645 in
671 4591 908 4647 mallibus
924 4592 1165 4663 febribus,
1201 4603 1249 4649 et
1269 4595 1324 4649 in
1349 4595 1562 4662 lectulis,
1592 4595 1681 4650 sed
1710 4596 1764 4650 in
1784 4594 2065 4666 martyriis;
2090 4611 2146 4672 Β
2242 4592 2586 4665 Qua-cunque
2637 4602 2819 4651 autem
2869 4593 3027 4651 fuerit
3068 4596 3304 4653 auctoris
3359 4597 3525 4652 noStri
3591 4596 3658 4652 de
3703 4596 3766 4651 iis

466 4683 512 4737 si
557 4698 758 4739 crucem
799 4694 940 4740 luant
986 4684 1136 4742 tollas
1178 4696 1223 4742 et
1252 4688 1480 4759 sequaris
1510 4688 1807 4757 Dominum,
1843 4699 1899 4743 ut
1948 4690 2062 4760 ipse

466 4776 729 4846 pracepit,
762 4785 868 4831 tota
908 4777 1135 4849 paradisi
1163 4779 1318 4835 clavis
1363 4789 1479 4836 tuus
1524 4783 1732 4853 sanguis
1756 4791 1828 4837 est
1868 4780 2062 4853 (Idem,

469 4867 559 4925 lib.
605 4869 670 4927 de
719 4869 915 4940 Anim,
964 4887 1080 4943 cap.
1112 4873 1224 4946 55).
1257 4874 1496 4931 Tertium
1547 4876 1727 4948 itaque
1770 4877 1949 4933 locum
1997 4879 2066 4934 ab

469 4967 716 5032 utroque,
766 4963 878 5034 jam
923 4978 954 5020 a
994 4964 1149 5023 nobis
1190 4977 1509 5035 memorato,
1540 4982 1729 5041 separa
1784 4977 1893 5025 tum
1925 4970 2066 5027 indi-

470 5058 577 5119 cat,
608 5053 750 5123 quod
791 5055 1055 5125 privatum
1104 5068 1421 5132 martyrum,
1480 5058 1550 5117 de
1587 5060 1781 5132 quibus
1824 5061 1961 5117 infra
1988 5063 2070 5119 di-

471 5156 677 5213 cemus,
722 5146 1011 5219 hospitium
1055 5151 1287 5223 appellat
1333 5150 1540 5224 (Infr.,
1584 5168 1701 5226 cap.
1738 5154 1832 5225 15,
1864 5166 1962 5211 art.
1985 5155 2066 5228 4).

540 5301 837 5361 Praeiverat
865 5304 966 5378 ipsi
995 5306 1136 5364 haud
1156 5308 1318 5367 dubie
1338 5308 1598 5380 lrenteus,
1616 5311 1705 5383 qui
1721 5311 1973 5370 similiter
1996 5312 2066 5370 de

372 5407 385 5413 ‘
471 5397 797 5469 martyribus
821 5412 976 5455 suam
1002 5402 1233 5473 explicat
1261 5405 1583 5461 sententiam
1608 5422 1620 5459 :
1650 5404 1880 5461 Ecclesia
1900 5408 2060 5478 astuti,

471 5489 662 5561 inquit,
690 5491 744 5547 in
784 5492 896 5549 loco
939 5493 1002 5550 ob
1045 5510 1178 5562 eam,
1205 5513 1362 5569 quam
1398 5498 1547 5556 habet
1571 5516 1693 5573 erga
1720 5500 1886 5558 Deum
1909 5500 2065 5558 dilec-

468 5585 677 5653 tionem,
705 5585 1083 5644 multitudinem
1112 5599 1393 5663 martyrum
1419 5594 1475 5648 in
1505 5594 1644 5649 omni
1672 5603 1896 5667 tempore
1918 5611 2059 5666 prato

428 5713 445 5721 ν
466 5679 617 5733 mittit
639 5679 708 5733 ad
753 5678 960 5736 Patrem
985 5680 1169 5754 (Iren.,
1196 5682 1283 5739 lib.
1307 5684 1397 5754 IV,
1426 5697 1590 5744 contr.
1610 5687 1791 5745 hteres.
1820 5705 1935 5762 cap.
1963 5690 2062 5754 55.

460 5767 489 5842 §
519 5770 573 5840 9,
606 5788 719 5827 nov.
761 5773 881 5829 edit.
929 5790 1051 5847 pag.
1106 5774 1260 5834 ετξ).
1313 5777 1417 5836 Sed
1444 5781 1836 5855 cur,jobsecro
1858 5768 1955 5854 'te,
1983 5783 2053 5841 ad

2171 4685 2388 4758 Opinio,
2420 4695 2565 4744 recte
2610 4688 2923 4755 contendit,
2969 4702 3089 4746 eam
3128 4704 3235 4745 non
3269 4689 3522 4748 debuisse
3558 4689 3706 4761 rejici
3734 4706 3768 4747 a

2171 4778 2481 4850 gentilibus,
2506 4795 2731 4852 quorum
2760 4782 2935 4851 ﬁdem,
2965 4782 3158 4854 inquit,
3190 4792 3558 4857 occupaverunt
3601 4781 3769 4856 Elysii

2170 4872 2340 4942 campi
2374 4870 2699 4944 (Tertullian.
2726 4873 3018 4946 Apologet.',
3067 4892 3185 4948 cap.
3212 4877 3303 4945 47,
3330 4894 3449 4951 pag.
3479 4878 3630 4951 5l5),
3679 4878 3769 4936 ubi

2171 4964 2549 5022 defunctorum
2576 4970 2785 5023 animas
2807 4969 3014 5024 deliciis
3064 4968 3168 5026 frui
3197 4955 3613 5027 arbitrabantur.
3659 4968 3765 5027 Ve-

2172 5074 2293 5114 rum
2316 5061 2590 5117 enimvero
2618 5075 2741 5117 cum
2772 5060 2887 5118 hinc
2910 5063 3173 5119 sententia
3200 5064 3272 5131 ei,
3304 5079 3463 5136 quam
3494 5064 3764 5137 proponit,

2173 5166 2280 5207 non
2308 5152 2377 5207 sit
2407 5151 2707 5217 dissimilis,
2743 5152 2858 5210 haec
2886 5164 3063 5225 suam,
3109 5155 3302 5228 inquit,
3358 5172 3426 5213 ex
3478 5157 3565 5212 illa
3619 5156 3769 5214 duxit

2172 5244 2356 5315 procul
2378 5244 2541 5301 dubio
2566 5243 2847 5316 originem.
2880 5245 3013 5302 Nam
3053 5247 3208 5315 illud,
3242 5257 3298 5305 et
3320 5248 3425 5304 alia
3445 5247 3766 5306 documenta

2169 5338 2607 5406 christianornm,
2662 5341 2802 5396 sicut
2857 5352 3015 5397 antea
3078 5342 3359 5414 probatum
3409 5352 3492 5400 est
3542 5342 3758 5415 (Supr.,

2167 5449 2284 5505 cap.
2306 5435 2363 5503 4,
2395 5445 2498 5490 art.
2541 5437 2619 5507 4).
2643 5435 2983 5494 ethnicon
3044 5439 3255 5511 placitis
3294 5439 3451 5514 longe
3476 5439 3766 5498 vetustiora

2166 5538 2312 5584 sunt.
2345 5527 2556 5585 Ethnici
2606 5544 2737 5601 ergo
2768 5545 2796 5585 a
2827 5532 3157 5600 christianis,
3190 5550 3298 5591 non
3325 5549 3459 5592 vero
3487 5531 3762 5593 christiani

2170 5622 2239 5678 ab
2266 5620 2517 5689 ethnicis,
2549 5609 2741 5692 placita
2785 5637 2880 5678 sua
2915 5625 3223 5694 hauserant,
3279 5626 3494 5700 illisque
3537 5626 3759 5699 proinde

2168 5729 2276 5771 non
2305 5715 2778 5793 minoremtquain
2806 5718 2918 5774 suis
2949 5716 3109 5775 iidem
3140 5718 3341 5777 habere
3366 5716 3656 5778 debebant.

2251 5808 2515 5866 Cancrum
2549 5812 2757 5868 tametsi
2785 5810 2912 5868 illud
2940 5820 2994 5870 et
3036 5813 3136 5871 alia
3191 5813 3369 5872 omnia
3420 5831 3538 5888 quin
3582 5816 3759 5873 hacte-
