4082 6356
269 330 378 394 909

1405 308 1855 383 oisseurs'no
1890 314 1953 378 ι).
1993 316 2083 377 LE
2119 314 2432 377 NOURRY.

3459 321 3581 382 910-

272 465 376 507 nus
414 446 809 513 recensuimus,
839 442 1146 502 christiana.-
1190 439 1469 513 religionis
1515 438 1709 513 placita
1750 434 1862 509 api-
1891 437 1945 499 Α
1968 435 2129 493 Juvat
2155 435 2335 507 itaque
2361 432 2509 489 illum
2538 431 2609 488 de
2649 445 2710 488 se
2757 431 2875 502 ipso
2902 430 3130 506 aliisque
3155 433 3351 493 Christi
3377 449 3557 497 secta.

275 543 527 600 nionibus
556 540 833 612 gentilium
880 535 1321 609 philosophorum
1348 534 1566 589 omnino
1588 530 1867 588 dissimilia

279 644 335 692 et
365 633 636 691 contraria
664 632 805 698 sint;
839 631 894 686 in
921 629 1004 685 his
1029 625 1377 684 nihilominus
1407 620 1764 697 philosophis,
1796 623 1870 677 ait

278 728 661 794 Tertullianus,
686 724 1016 790 vocabantur
1042 736 1252 777 summa:
1279 719 1518 785 scientiar,
1547 725 1605 774 et
1650 714 1872 788 insignia

274 819 480 894 ingenia
509 817 840 891 (Tertullian.
865 816 1130 887 Apologet.
1158 830 1273 885 cap.
1292 811 1381 879 49,
1412 813 1465 883 p.
1494 811 1624 883 5‘28)
1649 827 1662 863 :
1693 824 1873 865 nonne

274 914 486 987 potius,
518 912 740 984 insignia
768 910 978 983 ingenii,
1006 909 1119 965 sive
1156 909 1444 978 conspicua
1488 905 1687 975 ingenii
1722 906 1871 975 signa

290 1015 346 1063 et
374 1005 566 1062 indicia
587 1048 601 1073 ,
632 1003 723 1060 sed
774 1002 915 1059 idem
957 1002 1115 1072 plane
1155 1016 1341 1057 eorum
1372 1000 1475 1056 erit
1503 1010 1714 1054 sensus.
1744 996 1874 1066 Quis

288 1116 416 1173 ergo
444 1116 549 1156 non
580 1098 861 1155 mirabitur
885 1096 1002 1153 haec
1028 1096 1303 1152 verissima
1326 1090 1545 1150 ebristia
1569 1107 1756 1147 normn
1781 1090 1877 1147 do-

262 1184 549 1260 "Cumcnta.
580 1192 647 1247 ab
668 1190 920 1259 ethnicis,
949 1194 1049 1246 n‘ec
1071 1189 1301 1253 ratione,
1332 1202 1431 1243 nec
1451 1185 1666 1258 ingenio
1695 1198 1876 1240 careo.

280 1288 446 1354 tibus,
482 1286 613 1343 falsa
643 1285 770 1353 dici.
812 1294 864 1342 et
894 1285 1121 1355 ineptas,
1154 1281 1229 1338 uti
1274 1280 1448 1337 adhuc
1490 1290 1676 1335 auctor
1697 1287 1877 1334 noster

286 1382 541 1452 loquitur.
582 1378 996 1449 prtesumptiones
1021 1374 1133 1445 (lib.
1165 1373 1228 1429 de
1246 1372 1451 1429 Testint.
1476 1372 1639 1427 anim.
1662 1387 1777 1441 cap.
1796 1368 1874 1442 4),

287 1473 389 1528 hoc
416 1482 531 1539 est,
563 1485 729 1526 vanas
773 1484 1028 1542 prorsus.
1083 1477 1138 1523 et
1183 1465 1446 1522 absurdos
1499 1466 1552 1520 in
1606 1479 1666 1520 re
1717 1462 1875 1519 dubia

289 1564 680 1631 divinationes,
723 1573 884 1634 atque
925 1559 1313 1632 conjecturas?

340 1658 455 1714 'Fnc
483 1667 682 1721 tamen,
712 1655 853 1727 quod
884 1653 1225 1709 falsissimum
1253 1661 1357 1717 est,
1387 1666 1479 1707 eas
1505 1650 1723 1722 penitus
1770 1647 1876 1703 lal-

274 1764 366 1806 sas
394 1749 560 1805 fuisse
587 1768 599 1803 :
632 1748 726 1804 sed
756 1747 887 1803 nulli
931 1744 1173 1818 profecto
1198 1746 1375 1800 noxia:
1404 1753 1576 1807 erant,
1611 1742 1720 1796 imo
1747 1756 1877 1796 vero

1973 529 2176 585 toribus
2197 528 2502 599 loquentem
2529 525 2715 582 audire
2745 542 2761 581 :
2789 525 3007 599 Corpus,
3035 526 3207 599 inquit
3228 529 3561 605 (Tertullian.

1974 620 2266 693 Apotoget..
2301 636 2418 691 cap.
2443 617 2535 687 39,
2567 634 2685 690 pag.
2704 615 2859 692 451),
2889 635 3083 687 unus,
3109 623 3560 692 quemadmodum

1974 723 2129 771 antea
2170 713 2463 783 scripserat
2495 711 2783 783 Apostolus
2812 729 2826 767 :
2860 711 3017 767 liciti
3052 731 3211 771 unum
3234 734 3419 790 corpus
3471 738 3564 777 su-

1974 826 2086 865 ntas
2123 809 2178 863 in
2231 806 2433 865 Christo
2487 805 2683 877 (Epist.
2730 805 2798 860 ad
2862 808 3021 864 Rom.
3077 810 3196 879 XII,
3249 814 3324 883 5),
3378 812 3430 870 id
3480 824 3568 872 est

1978 919 2079 958 una
2131 904 2416 958 multormn
2470 901 2627 957 simul
2682 914 3126 975 congregatarum
3159 908 3409 977 societas,
3439 920 3571 967 con-

1975 997 2236 1067 gregatio,
2265 1005 2318 1051 et
2344 995 2720 1051 communitas.
2746 995 2863 1065 Quo
2885 1005 3062 1053 autem
3091 998 3250 1054 modo
3283 1010 3454 1072 quave
3480 1014 3567 1059 ra-

1979 1090 2124 1145 tione
2176 1088 2479 1159 congregati
2517 1085 2735 1155 fuerint,
2767 1090 2810 1143 si
2837 1104 3013 1160 roges,
3045 1090 3137 1146 tibi
3168 1090 3515 1163 respondebit
3548 1113 3563 1151 :

1979 1180 2057 1236 De
2084 1181 2389 1236 conscientia
2414 1181 2674 1252 religionis
2707 1180 3034 1253 (Tertullian.
3084 1184 3185 1240 loc.
3213 1182 3352 1256 cil.),
3383 1187 3432 1240 id
3466 1196 3570 1254 est,

1981 1275 2165 1330 intima
2191 1274 2596 1346 certissimaque
2633 1272 2799 1329 animi
2840 1275 3191 1345 persuasione
3217 1258 3447 1334 convicti
3478 1294 3570 1335 ve-

1978 1384 2093 1424 ram
2116 1383 2237 1424 esse
2264 1368 2601 1438 religionem,
2634 1380 2794 1439 quam
2821 1380 3014 1423 omnes
3044 1367 3453 1440 profitebantur.
3492 1374 3572 1430 Ad

1981 1463 2097 1518 hzrc
2124 1477 2251 1518 vero
2272 1461 2543 1533 conjuncti
2578 1462 2864 1532 disciplina:
2884 1462 3078 1516 unitate
3105 1460 3313 1535 (Μία),
3346 1478 3439 1520 seu
3469 1474 3577 1521 tra-

1980 1556 2087 1611 dita
2120 1572 2147 1609 a
2179 1553 2392 1609 Christo
2409 1569 2510 1607 una
2540 1553 2855 1623 eademque.
2902 1553 2998 1609 sed
3040 1556 3373 1610 sanctissima
3413 1557 3578 1612 docu-

1981 1657 2285 1704 mentorum
2315 1646 2669 1711 institutione,
2701 1660 2764 1701 ac
2812 1661 3020 1701 morum
3057 1645 3360 1717 disciplina.
3416 1648 3578 1703 Deni-

1982 1758 2085 1813 que
2106 1740 2336 1810 copulati
2370 1741 2477 1809 spei
2517 1738 2703 1809 findere
2744 1736 2958 1809 (lbid.),
2988 1739 3103 1794 sive
3128 1738 3372 1795 lmdcrati
3402 1756 3465 1796 ac
3490 1757 3579 1797 so-

278 1844 529 1900 omnihus
568 1842 727 1898 utiles
756 1850 810 1897 et
828 1839 1168 1896 necessariae.
1197 1838 1384 1894 Cuncti
1406 1838 1713 1902 enimvero,
1747 1845 1876 1889 metu
1904 1840 1954 1900 B
1981 1836 2103 1889 εἰςιιί
2130 1849 2226 1905 Spe
2254 1831 2554 1888 certissima
2578 1833 2700 1886 vita:
2730 1842 2970 1898 alternae,
2991 1848 3149 1904 quam
3174 1834 3284 1891 illis
3304 1849 3467 1889 verus
3491 1850 3580 1889 so-

282 1937 458 1993 tcterni
484 1935 745 2007 supplicii,
769 1943 815 1989 et
834 1949 924 2005 spe
944 1930 1058 1987 vita!
1076 1941 1280 1987 teterntc
1297 1931 1409 2000 ﬁeri
1434 1930 1666 1985 meliores
1683 1945 1880 2000 cogun-

276 2028 564 2100 tnr(ldem,
588 2028 852 2099 Apologct.
885 2043 933 2082 c.
964 2026 1054 2101 49,
1083 2044 1133 2096 p.
1159 2022 1305 2098 529).
1338 2022 1591 2095 Quisquis
1630 2036 1875 2092 namque,

274 2121 414 2177 sicut
440 2128 587 2176 recte
614 2118 772 2175 docet
798 2118 1189 2188 Athenagoras,
1224 2126 1533 2185 persuasum
1562 2113 1723 2169 habet
1763 2114 1880 2166 ani-

275 2226 413 2267 mam
447 2228 561 2265 cum
603 2224 847 2282 corpore,
900 2208 1054 2264 simul
1092 2208 1413 2263 interituram
1439 2248 1454 2273 ,
1508 2210 1882 2261 συνιπὸλλυσοιιι

272 2316 345 2375 τῷ
380 2312 571 2373 caput
597 2306 679 2357 ui
708 2312 797 2357 om
831 2310 1006 2372 dozen,
1044 2300 1091 2354 is
1137 2299 1334 2353 nullum
1362 2314 1460 2351 non
1484 2296 1683 2368 facinus
1707 2296 1880 2361 audet,

274 2401 473 2467 μηδενὸς
514 2398 570 2450 ἂν
595 2397 859 2464 ἀπέχεσθιι
883 2402 1191 2463 τολμτζμιτος
1227 2390 1561 2463 (Athenagor.
1585 2385 1761 2459 Legat.
1790 2402 1883 2458 pro

275 2491 542 2547 christian.
572 2506 689 2561 pag.
724 2488 853 2559 ‘59).
899 2488 1000 2558 Qui
1048 2500 1177 2543 vero
1241 2483 1413 2541 credit
1455 2482 1591 2548 fore,
1631 2492 1687 2537 ut
1717 2480 1782 2537 ad
1806 2480 1883 2536 νίς

278 2594 387 2638 tam
402 2583 685 2648 excitatus,
708 2582 947 2638 omnium
969 2589 1309 2652 peccatorum
1335 2579 1385 2633 in
1406 2588 1652 2635 extremo
1682 2575 1772 2631 Dei
1799 2576 1885 2646 ju-

277 2674 419 2733 dicio
450 2676 641 2733 reddat
668 2676 953 2741 rationem,
978 2674 1073 2730 ille
1100 2672 1184 2729 vel
1210 2673 1263 2729 in
1294 2670 1533 2728 minimis
1558 2669 1876 2740 delinquere

281 2778 515 2824 veretur.

352 2860 682 2933 iniquissimi
735 2860 897 2931 igitur
937 2867 1090 2915 erant
1117 2856 1369 2930 gentiles,
1409 2856 1499 2928 qui
1537 2853 1883 2924 christianos,

293 2952 554 3009 horumce
594 2952 904 3024 dogmatum
939 2951 1273 3018 defensores,
1303 2964 1409 3005 non
1440 2963 1597 3005 secus
1626 2962 1689 3004 ac
1717 2948 1888 3003 scele-

299 3045 621 3113 ratissimos,
648 3053 704 3101 et
727 3043 1164 3116 gravissimorum
1195 3041 1478 3099 criminum
1496 3055 1620 3098 reos
1640 3039 1890 3097 condem-

286 3138 505 3195 nabant.
537 3139 896 3208 Quamobrem
926 3147 1114 3194 auctor
1160 3147 1345 3193 noster
1383 3136 1463 3191 sic
1491 3150 1585 3191 eos
1628 3144 1785 3207 urget
1834 3143 1889 3191 et

1988 1928 2175 1997 Iusque
2216 1928 2556 1996 omnipotens
2597 1924 2738 1980 Deus
2769 1936 2888 1996 post
2919 1924 3054 1981 hanc
3096 1927 3374 1984 mortalem
3420 1928 3579 1984 vitam

1987 2020 2250 2092 promisit.

2057 2113 2228 2181 Quam
2260 2110 2669 2182 multiplicatum
2701 2121 2876 2167 autem
2910 2111 3092 2179 fuerit,
3124 2112 3235 2182 ipsa
3268 2113 3580 2169 Tertulliani

1988 2208 2159 2262 nostri
2205 2216 2383 2268 relate.
2436 2207 2561 2261 illud
2611 2205 3027 2263 christianorum
3076 2222 3293 2279 corpus.
3324 2210 3583 2265 certiores

1988 2318 2086 2358 nos
2114 2301 2354 2373 profecto
2392 2303 2504 2372 ipse
2532 2300 2656 2358 fecit
2700 2300 2888 2372 (Ibid,
2920 2318 2969 2357 c.
3012 2302 3064 2367 i,
3093 2321 3212 2374 pag.
3243 2303 3394 2374 263).
3429 2303 3581 2360 Tuuc

1990 2397 2134 2451 enim
2166 2395 2366 2463 omnia,
2397 2406 2453 2451 ut
2484 2394 2870 2467 narrat(lbid.,
2892 2412 3010 2467 cap.
3040 2397 3200 2467 37,3).
3224 2395 3377 2465 ιω).
3409 2398 3584 2467 reple-

1989 2499 2177 2542 verant
2208 2486 2392 2543 mundi
2422 2488 2536 2543 loca
2564 2505 2578 2541 :
2609 2487 2789 2556 urbes,
2828 2486 3052 2553 insulas,
3084 2488 3327 2557 castella,
3355 2476 3585 2544 munici-
3636 2493 3641 2498 ’

1989 2582 2107 2651 pia.
2132 2579 2508 2646 conciliabula,
2530 2586 2732 2646 castra,
2759 2579 2947 2646 tribus,
2972 2578 3243 2649 decurias,
3270 2583 3461 2645 lorum,
3493 2594 3584 2635 se-

1990 2685 2196 2740 natum,
2225 2673 2496 2745 palatium,
2527 2672 2766 2744 nihilque
2794 2671 3040 2743 privatim
3066 2661 3321 2736 ethnicis.
3353 2672 3453 2728 nisi
3472 2674 3588 2729 sola

1990 2782 2175 2822 eorum
2217 2767 2412 2835 templa
2442 2766 2765 2838 reliquerant
2796 2764 2984 2836 (Ibid,
3012 2784 3130 2838 cap.
3160 2766 3251 2834 42,
3280 2785 3403 2840 pag.
3431 2766 3582 2839 491).

1988 2860 2123 2917 Cum
2157 2861 2224 2915 iis
2251 2861 2411 2932 igitur
2437 2861 2631 2937 ubique
2671 2861 3044 2928 versabantur,
3080 2864 3131 2917 in
3167 2861 3306 2929 foro,
3339 2864 3587 2932 macello,

1991 2953 2231 3020 balneis,
2295 2952 2557 3018 tabernis,
2613 2952 2862 3019 ollicinis,
2915 2953 3161 3016 stabulis.
3210 2955 3479 3021 nundinis,
3538 2965 3594 3013 et

1990 3045 2354 3113 commerciis,
2388 3045 2456 3102 de
2478 3046 2667 3116 quibus
2700 3045 2835 3102 infra
2865 3047 3174 3121 dicendum.
3208 3048 3377 3104 Simul
3408 3051 3590 3120 itaque

1989 3140 2248 3213 permixti
2300 3138 2703 3205 cohabitabant,
2771 3139 3111 3211 militabant,
3154 3143 3583 3208 rusticabuntur.

287 3231 585 3287 insectatur
611 3248 625 3284 :
654 3230 761 3287 Sed
782 3226 834 3284 in
855 3229 1106 3302 ejusmodi
1128 3230 1262 3284 enim
1295 3229 1371 3300 (in
1402 3227 1720 3299 quihusdam
1769 3225 1883 3283 cdi-
1911 3261 1954 3321 η
1993 3232 2402 3299 mercahantur,
2472 3243 2764 3299 mutuoque
2809 3248 2902 3288 usu
2948 3243 3092 3289 artes
3157 3234 3493 3299 miscebant.
3535 3245 3592 3291 et

288 3322 522 3377 tionibus
550 3321 764 3378 additur
788 3338 932 3375 error
962 3321 1153 3376 melius
1199 3321 1425 3376 forsitan
1474 3322 1666 3389 errore)
1706 3321 1749 3374 si
1780 3320 1886 3374 ati-
1916 3312 1954 3321 ”
1990 3312 2201 3395 opeia:.

287 3432 383 3487 quc
408 3416 597 3481 irrisa,
629 3429 728 3469 seu
772 3414 1021 3469 irrisione
1045 3413 1265 3484 dignum
1308 3411 1507 3483 aliquid
1542 3410 1887 3484 jadicandum

287 3517 383 3574 est,
406 3522 508 3560 non
536 3506 741 3576 gladiis,
781 3515 827 3560 et
853 3505 1069 3577 ignibus,
1094 3514 1142 3560 et
1180 3505 1433 3573 crucibus,
1468 3512 1515 3558 et
1541 3504 1709 3559 bestiis
1732 3501 1887 3574 (Ter-

300 3600 508 3657 tallian.
537 3601 637 3654 loc.
660 3599 806 3672 cit.),
850 3600 1049 3654 idcirco
1069 3597 1347 3655 christiani
1372 3597 1741 3654 crudelissime
1777 3607 1890 3653 tru-

291 3693 704 3751 cidandierant.
756 3694 822 3750 At
853 3702 999 3749 certe
1027 3703 1237 3749 tantum
1270 3692 1422 3749 abest
1469 3700 1527 3748 ut
1572 3694 1623 3747 in
1678 3691 1888 3748 illorum

292 3788 537 3844 doctrina
594 3786 765 3843 subsit
820 3786 938 3841 falsi
967 3785 1207 3858 aliquid;
1239 3785 1367 3858 quin
1398 3783 1637 3840 miranda
1672 3792 1891 3855 prorsus

293 3883 507 3939 illorum
538 3883 590 3938 in
623 3892 700 3938 tot
731 3881 997 3953 tantisque
1026 3883 1306 3937 tormentis
1331 3870 1583 3951 patientia
1610 3881 1891 3936 veritatem

295 3976 535 4047 ejusdem
566 3976 849 4044 doctrinae,
881 3985 933 4032 et
959 3976 1128 4031 totius
1158 3974 1467 4031 christiana:
1492 3974 1790 4045 religionis.
1817 3972 1893 4028 uti

296 4068 441 4125 haud
471 4070 638 4126 semel
681 4069 1023 4125 observatum
1051 4077 1153 4137 est,
1188 4067 1538 4125 invictissime
1564 4067 1918 4124 demonstrar

301 4168 407 4215 ret.
456 4158 562 4217 Sed
612 4159 740 4216 illud
772 4160 931 4232 plane
978 4159 1330 4215 confirmatur
1357 4176 1423 4216 ex
1454 4160 1654 4215 sanctis
1682 4172 1896 4214 eorum-

299 4253 423 4310 dem
453 4252 872 4310 christianorum
902 4252 1162 4321 moribus,
1183 4251 1410 4325 legibus,
1441 4259 1496 4308 et
1520 4251 1798 4319 institutis,
1829 4249 1897 4308 de

299 4345 492 4419 quibus
520 4360 663 4401 nunc
691 4344 957 4417 agendum
980 4355 1083 4401 est.

864 4502 1089 4559 CAPUT
1143 4501 1260 4557 XII.

307 4661 626 4731 Ostenditur,
651 4663 737 4733 qui
778 4662 1012 4734 qualesve
1038 4661 1221 4734 fuerint
1244 4659 1539 4725 Christiani,
1568 4658 1820 4731 quomodo
1840 4657 1902 4713 ab
1926 4661 1982 4722 D

383 4756 595 4812 ethnicis
617 4755 878 4822 distincti;
903 4771 963 4809 ac
983 4770 1133 4827 quam
1155 4755 1302 4826 longe
1327 4753 1556 4826 puriores
1578 4753 1765 4826 fuerint
1788 4752 1904 4809 illo-

387 4867 523 4919 rum,
553 4866 705 4921 quam
745 4849 1059 4905 ethnicorum
1106 4865 1290 4916 mores,
1322 4848 1553 4921 legesque
1595 4847 1756 4904 multo
1802 4863 1903 4902 me-

380 4945 531 5000 liores
549 4961 609 5000 ac
636 4944 932 5001 sanctiores.
1306 4936 1312 4955 '

842 5091 1138 5135 ARTICULUS
1165 5091 1287 5133 PRIII
1294 5090 1377 5133 US.

316 5238 435 5310 Qui,
471 5239 666 5313 quales,
700 5245 746 5293 et
794 5252 948 5309 quam
999 5235 1325 5307 multiplicati
1370 5232 1563 5307 fuerint
1600 5231 1910 5289 Tertulliani

384 5343 609 5404 tempore
646 5331 934 5397 christiani,
958 5336 1034 5383 'ac
1068 5326 1324 5400 quomodo
1348 5326 1411 5382 ab
1440 5327 1675 5394 ethnicis,
1704 5324 1912 5397 quibus-

387 5443 503 5481 cum
535 5424 781 5492 rivcbant,
811 5433 930 5478 tunc
954 5422 1382 5478 discernerentur.

391 5561 793 5633 Postesplicata
822 5574 850 5613 a
880 5556 1035 5613 nobis
1066 5567 1270 5613 asserta
1311 5572 1342 5612 a
1380 5555 1712 5613 Tertulliano
1736 5556 1911 5613 chris-

322 5655 477 5712 tianae
520 5650 790 5725 religionis
839 5650 1178 5717 documenta,
1204 5649 1313 5720 jam
1345 5665 1466 5706 cum
1499 5650 1591 5730 illo
1621 5649 1912 5721 exploran-

321 5751 446 5807 dum
476 5762 557 5807 est
578 5753 796 5824 quinam
826 5757 882 5806 et
919 5746 1109 5821 quales
1159 5746 1359 5803 fuerint
1404 5746 1616 5803 illorum
1669 5745 1921 5803 defenso-

321 5855 412 5900 res
461 5840 759 5912 christiani,
795 5853 872 5914 ac
903 5835 1173 5912 quomodo
1215 5854 1339 5898 cum
1392 5838 1620 5898 ethnicis
1669 5839 1919 5899 vixerint.

2062 3414 2424 3483 Quamobrem
2447 3416 2553 3471 alio
2581 3416 2668 3471 ille
2692 3416 2742 3470 in
2768 3414 2902 3471 libro
2932 3417 3212 3484 Sc.tpulam
3242 3418 3319 3472 sic
3345 3417 3539 3472 affatur
3574 3436 3588 3473 :

1997 3508 2135 3575 Quid
2166 3507 2320 3579 facies
2359 3506 2422 3561 de
2460 3517 2530 3561 tot
2569 3506 2790 3563 millibus
2835 3508 3085 3579 (veteres
3124 3507 3386 3564 editiones
3422 3509 3593 3564 decem

1996 3600 2250 3672 millibus)
2274 3601 2552 3668 hominum,
2580 3610 2651 3656 tot
2673 3601 2794 3656 viris
2827 3617 2886 3655 ac
2908 3601 3128 3673 fluminis
3152 3641 3166 3666 ,
3197 3603 3360 3657 omnis
3400 3618 3550 3657 sexus
3576 3644 3593 3669 ,

1995 3694 2159 3749 omnis
2182 3692 2366 3760 wtatis,
2390 3692 2552 3747 omnis
2574 3692 2833 3764 dignitatis
2862 3690 3186 3760 offerentibus
3208 3710 3259 3747 se
3279 3694 3395 3747 tibi?
3417 3693 3593 3760 Quan-

1998 3786 2062 3842 tis
2099 3785 2299 3858 ignibus
2322 3825 2338 3850 .
2381 3787 2583 3857 quantis
2612 3786 2797 3856 gladiis
2828 3802 2956 3856 opus
2985 3787 3124 3839 erit?
3156 3786 3293 3854 Quid
3320 3787 3432 3856 ipsa
3468 3785 3595 3842 Car-

2000 3883 2155 3955 thago
2182 3899 2402 3954 passura
2426 3892 2536 3948 est,
2567 3882 2870 3936 decimanda
2895 3900 2926 3936 a
2954 3893 3001 3937 te
3018 3924 3032 3949 ,
3060 3900 3174 3937 cum
3211 3884 3595 3940 contubernales

1998 3990 2117 4029 suos
2141 3975 2249 4029 illic
2279 3974 2620 4045 unusquisque
2646 3978 2933 4046 cognoverit
2952 4018 2966 4041 ,
3000 3991 3116 4029 cum
3143 3976 3320 4030 viderit
3349 3976 3455 4031 illic
3482 3976 3596 4045 for-

2000 4076 2130 4123 tasse
2163 4077 2209 4142 et
2241 4069 2312 4121 tui
2342 4067 2536 4122 ordinis
2575 4068 2704 4121 viros
2728 4108 2744 4134 ,
2785 4078 2831 4121 et
2871 4076 3127 4122 matronas
3149 4108 3164 4135 ,
3207 4080 3252 4123 et
3287 4068 3596 4139 principales

1999 4177 2221 4231 quasque
2249 4176 2492 4232 personas
2512 4202 2526 4226 ,
2552 4170 2598 4214 et
2627 4160 2906 4215 amicorum
2931 4170 3133 4214 tuorum
3159 4162 3235 4216 vel
3258 4161 3595 4233 propinquos,

2000 4254 2079 4308 vel
2140 4254 2328 4308 amicos
2372 4251 2579 4323 (Idem,
2621 4253 2709 4307 lib.
2760 4252 2827 4306 ad
2878 4252 3037 4324 Scap.
3091 4270 3208 4324 cap.
3264 4253 3419 4325 IV)?
3457 4252 3597 4323 Quid

2005 4346 2201 4417 plura?
2232 4346 2435 4401 Tantus
2467 4355 2593 4401 tunc
2620 4344 2858 4416 profecto
2883 4355 3000 4400 erat
3025 4362 3132 4401 non
3161 4346 3336 4400 solum
3368 4346 3595 4400 Cartha-

2003 4436 2127 4509 gine
2152 4477 2167 4501 ,
2197 4436 2290 4491 sed
2332 4436 2527 4506 ubique
2565 4445 2827 4491 terrarum
2856 4435 3267 4492 christianormn
3299 4452 3594 4502 numerus;

2005 4540 2059 4585 ut
2085 4531 2130 4585 si
2158 4539 2301 4584 tanta
2330 4530 2401 4584 vis
2431 4530 2690 4584 hominum
2711 4572 2726 4598 ,
2760 4530 2870 4600 ipsa
2902 4529 3141 4602 ejusdem
3164 4529 3479 4586 Tertulliani
3504 4531 3600 4586 ad-

2009 4624 2111 4678 huc
2135 4630 2262 4677 sunt
2285 4622 2447 4677 verba
2471 4663 2485 4684 .
2525 4622 2579 4676 in
2614 4622 2833 4691 aliquem
2871 4621 3006 4677 orbis
3044 4623 3223 4677 remoti
3251 4624 3423 4677 sinum
3449 4621 3601 4677 abra-

2007 4715 2253 4786 pissentus
2279 4731 2311 4768 a
2338 4714 2473 4768 vobis
2493 4757 2508 4782 ,
2535 4713 2826 4781 suffudisset
2865 4716 3034 4784 utique
3065 4716 3460 4771 dominationem
3490 4731 3602 4770 vcs~

2010 4815 2142 4860 tram
2175 4813 2246 4859 tot
2269 4806 2695 4877 qualiumcunque
2739 4806 2945 4862 amissio
2983 4806 3208 4873 civium,
3243 4807 3345 4860 imo
3375 4806 3525 4861 etiam
3553 4815 3604 4861 et

2008 4900 2123 4972 ipsa
2146 4899 2469 4954 destitutione
2488 4899 2747 4970 punisset,
2778 4899 2958 4969 procul
2994 4899 3145 4954 dubio
3179 4898 3505 4969 expavissetis
3533 4899 3603 4953 ad

2010 4994 2331 5049 solitudinem
2361 5004 2605 5060 vestram,
2638 4993 2708 5048 ad
2751 4994 3007 5049 silentium
3055 5011 3223 5048 rerum
3262 5004 3309 5049 et
3343 5006 3605 5066 stuporem

2010 5086 2277 5159 quemdam
2302 5088 2452 5157 quasi
2490 5086 2675 5142 mortui
2704 5088 2837 5143 orbis
2867 5104 2885 5142 :
2910 5089 3213 5161 qutcsissctis
3237 5087 3414 5160 quibus
3440 5092 3605 5162 impeé

2009 5180 2211 5234 raretis.
2254 5177 2439 5235 Plures
2485 5180 2649 5235 hostes
2693 5179 2858 5247 vobis,
2899 5197 3053 5252 quam
3092 5183 3223 5236 cives
3251 5183 3607 5237 remansissent

2013 5269 2204 5344 (Idem,
2236 5270 2524 5345 Apologet.,
2555 5289 2671 5343 cap.
2704 5271 2793 5339 57,
2825 5289 2947 5344 pug.
2974 5268 3127 5347 463).

2086 5362 2192 5420 Sed
2218 5368 2518 5434 quempiam
2551 5360 2733 5419 audire
2759 5364 2913 5418 nobis
2944 5363 3215 5432 videmur,
3244 5364 3330 5437 qui
3364 5365 3415 5420 in
3446 5379 3606 5421 aures

2016 5458 2317 5514 insusurret
2356 5457 2425 5512 ibi
2467 5457 2697 5529 aliquam
2734 5474 2853 5513 esse
2882 5455 3197 5514 Tertulliani
3241 5460 3611 5532 exaggeratio-

2018 5566 2163 5608 nem.
2210 5551 2305 5607 Cui
2347 5551 2526 5620 enim,
2576 5550 2820 5623 inquiet,
2870 5552 3081 5623 probari
3127 5570 3357 5625 unquam
3423 5554 3619 5625 poterit

2023 5655 2221 5701 tantam
2258 5655 2381 5702 tunc
2407 5645 2570 5702 fuisse
2596 5645 3008 5703 Christianorum
3040 5648 3470 5705 multitudinem?
3502 5646 3613 5706 Ve-

2024 5761 2142 5800 rum
2173 5758 2294 5813 qua,
2318 5757 2519 5812 qutuso,
2548 5743 2719 5798 fronte
2744 5740 2832 5799 hic
2856 5742 2970 5815 ipse
2995 5743 3353 5800 Tertullianus
3381 5744 3606 5817 publicis

2027 5838 2081 5896 in
2104 5835 2252 5895 libris
2277 5877 2292 5906 ,
2319 5849 2454 5908 quos
2480 5851 2583 5892 non
2614 5837 2702 5892 tmi
2730 5843 2931 5893 tantum
2960 5834 3202 5907 Scapula:
3225 5876 3241 5905 ,
3274 5834 3613 5910 Carthaginis
