4092 6352
503 284 606 342 911

1589 280 1656 337 lN
1685 275 2158 354 TERTULLIANI
2193 273 2723 336 APOLOGETICUM

3697 275 3809 333 ΜΞ

501 419 715 492 βπ·ωεὶἀὶ
737 461 753 488 ,
779 419 874 478 sed
903 417 1161 476 Romanis
1183 461 1198 487 ,
1230 418 1336 485 vel,
1369 417 1416 474 si
1439 416 1598 483 velis,
1630 415 1824 472 Africa:
1850 414 2096 471 antistiti-
2125 392 2182 454 Α
2204 393 2653 492 ηιίξῼίξξξοδείίξίίξε
2672 435 2688 461 9
2718 407 2871 492 (Nam
2895 391 2958 446 άε
2982 390 3327 492 εξιξεηάαιίοηε
3353 389 3588 446 vniam”!
3623 389 3797 463 (Τετ-

503 513 607 570 bus
633 516 741 570 imo
763 523 816 569 et
835 512 1141 569 nationibus
1164 552 1180 579 ,
1208 510 1311 566 hoc
1342 519 1424 567 est
1450 552 1465 576 ,
1491 509 1780 582 gentilibus
1811 508 2058 564 omnibus
2081 547 2101 575 ,

501 603 1302 661 infestissimis‘christianorum
1331 602 1593 668 hostibus,
1624 601 1750 657 illud
1775 609 1881 656 tam
1909 601 2106 656 audac-

500 709 616 767 ter,
672 700 772 754 nisi
837 697 890 754 id
933 699 1272 754 verissimum
1317 705 1492 771 esset,
1539 711 1848 752 asseverare
1895 693 2104 766 potuit?

498 793 690 850 Nonne
732 791 1029 849 timendum
1076 793 1178 864 ipsi
1221 800 1372 860 erat,
1406 807 1474 848 ne
1501 791 1764 848 mendacii
1794 790 2100 855 convictus,

500 900 691 942 caussa
719 900 827 941 non
851 884 969 941 sine
995 885 1106 940 risu
1130 894 1184 940 ct
1209 884 1380 941 sibilis
1405 884 1664 940 caderet?
1693 884 1747 940 Si
1777 882 1896 954 quis
1923 891 2101 938 tamen

497 979 750 1050 pertinax
775 978 997 1035 credere
1026 978 1124 1050 ipsi
1157 977 1292 1035 nolit
1316 1021 1330 1045 ,
1362 978 1526 1034 ﬁdem
1557 987 1702 1034 certe
1727 977 1856 1034 dare
1883 994 1988 1032 non
2012 993 2100 1033 re-

499 1080 631 1126 nuet
662 1070 836 1126 Plinio
860 1071 1099 1126 secundo
1123 1111 1138 1136 ,
1179 1070 1269 1141 qui
1307 1069 1375 1126 de
1420 1069 1608 1126 iisdem
1653 1069 1959 1125 christianis
1988 1069 2103 1125 hare

498 1171 659 1218 antea
702 1163 771 1218 ad
815 1161 1108 1233 Trajanum
1157 1163 1539 1234 Imperatorem
1582 1163 1910 1231 scripserat:
1946 1162 2103 1217 Multi

499 1257 666 1310 omnis
691 1256 856 1310 aetatis
875 1297 892 1324 ,
919 1257 1085 1310 omnis
1113 1256 1308 1310 ordinis
1327 1297 1342 1322 ,
1376 1255 1634 1326 utriusque
1658 1271 1808 1310 sexus
1836 1256 1984 1309 etiam
2010 1271 2100 1310 vo-

495 1356 680 1401 cantur
705 1347 757 1401 in
785 1346 1064 1418 periculum
1086 1388 1122 1416 ,,
1147 1355 1195 1400 et
1220 1347 1549 1401 vocabuntur.
1583 1344 1761 1417 Neque
1806 1346 1937 1399 enim
1977 1345 2101 1400 civi-

500 1449 628 1494 tates
658 1448 886 1504 tantum,
920 1441 1008 1494 sed
1043 1439 1176 1494 vicos
1200 1439 1349 1494 etiam
1375 1451 1526 1508 atque
1551 1457 1701 1511 agros
1730 1440 2102 1510 superstitionis

495 1531 644 1586 istius
676 1531 909 1603 contagio
945 1540 1217 1602 pervagata
1243 1539 1317 1585 est
1340 1529 1511 1600 (Plin.
1540 1531 1686 1601 epist.
1711 1531 1836 1597 101,
1860 1549 1915 1602 p.
1943 1530 2095 1603 376).

569 1645 739 1714 Quam
767 1660 898 1701 sane
934 1645 1003 1700 ob
1044 1660 1156 1700 rem
1195 1645 1392 1700 ethnici
1432 1645 1772 1710 maerebant,
1805 1647 1880 1700 ait
1925 1645 2099 1701 adhuc

495 1739 856 1796 Tertullianns
877 1781 891 1806 ,
938 1748 1142 1795 tantum
1180 1755 1302 1795 esse
1329 1739 1540 1794 illorum
1570 1756 1851 1795 numerum
1874 1782 1888 1807 ,
1938 1755 2001 1795 ac
2029 1740 2096 1797 de

497 1834 590 1891 illo
617 1835 791 1906 palam
820 1834 1290 1906 conquerebantur
1314 1852 1325 1888 :
1360 1833 1662 1900 Obsessam,
1692 1835 1882 1904 inquit,
1911 1834 2096 1906 vocife-

494 1937 678 1982 rantur
705 1928 956 1982 civitatem
983 1944 1000 1992 ,°
1027 1927 1079 1980 in
1106 1927 1245 1997 agris
1265 1969 1278 1992 ,
1306 1927 1360 1980 in
1386 1925 1607 1981 castellis
1628 1967 1642 1990 ,
1671 1928 1723 1980 in
1754 1928 1935 1982 insulis
1957 1927 2098 1980 chri-

495 2023 688 2076 stianos
715 2064 728 2088 ,
761 2037 960 2076 omnem
1001 2037 1210 2086 sexmn,
1253 2029 1448 2075 aetatem
1473 2063 1488 2087 ,
1533 2020 1872 2074 conditionem
1906 2030 1953 2074 et
1983 2021 2100 2091 jam

501 2113 800 2183 dignitatem
829 2113 1114 2183 transgredi
1139 2112 1208 2165 ad
1242 2112 1336 2164 Itoc
1363 2127 1541 2174 nomen
1565 2153 1579 2177 ,
1619 2112 1763 2179 quasi
1797 2111 2094 2166 detrimento

499 2213 710 2259 mcerent
735 2203 1100 2275 (Tertullian.,
1133 2203 1422 2275 Apologet.,
1457 2219 1572 2274 cap.
1605 2203 1656 2268 1,
1690 2202 1912 2273 p.263).
1933 2203 2099 2258 Num-

496 2297 625 2368 quid
649 2313 777 2368 ergo
804 2296 953 2353 dices
978 2296 1155 2351 adhuc
1184 2297 1358 2351 fictam
1391 2296 1458 2350 ab
1486 2295 1578 2350 illo
1607 2304 1699 2350 aut
1725 2307 2097 2368 exaggeratam

492 2388 660 2446 fuisse
697 2389 832 2445 hanc
868 2388 1146 2459 gentilium
1184 2387 1619 2459 querimoniam?
1673 2387 1778 2443 Sed
1827 2403 1945 2444 eam
1995 2389 2101 2444 alio

493 2482 554 2536 in
611 2482 749 2537 libro
777 2523 793 2548 ,
865 2481 1124 2551 ipsosmct
1171 2480 1416 2535 ethnicos
1462 2479 1828 2550 alloqucndo,
1877 2480 2099 2537 totidem

508 2590 648 2648 pene
676 2575 855 2631 verbis
885 2574 1079 2644 repetit
1101 2571 1274 2644 (Idem
1298 2615 1313 2641 ,
1372 2571 1460 2628 lib.
1491 2572 1507 2627 Ι
1553 2571 1621 2625 ad
1651 2570 1812 2640 Nat.,
1862 2589 1977 2644 cap.
2021 2573 2098 2644 1).

566 2689 750 2761 Itaque
787 2703 908 2744 cum
950 2686 1088 2743 adeo
1128 2686 1460 2757 multiplicati
1508 2685 1735 2742 fuissent
1777 2685 2096 2754 christiani,

495 2783 675 2838 nullus
713 2789 861 2838 certe
901 2778 1181 2836 dubitandi
1217 2779 1367 2834 locus
1409 2787 1525 2846 est,
1555 2780 1683 2849 quin
1710 2793 1832 2834 cum
1871 2780 2100 2836 ethnicis

495 2876 750 2947 permixti
777 2889 1068 2930 commune
1093 2889 1214 2929 cum
1248 2874 1354 2928 illis
1385 2874 1596 2929 vivendi
1622 2889 1790 2946 genus
1814 2874 2094 2930 haberent.

495 2970 630 3026 Cum
663 2969 767 3025 illis
795 2969 1027 3041 quippe,
1055 2978 1111 3023 ut
1139 2969 1213 3023 ait
1244 2968 1626 3036 Tertullianus,
1650 2969 1884 3040 degentes
1906 3011 1922 3035 ,
1954 2970 2094 3039 ejus-

502 3067 618 3121 dem
665 3064 842 3131 victus,
872 3062 1094 3127 habitus,
1121 3062 1173 3116 id
1196 3071 1296 3128 est,
1325 3061 1500 3117 victus
1525 3071 1578 3117 et
1605 3061 1849 3126 vestitus,
1873 3061 2098 3114 instruc-

2206 485 2345 552 tull.,
2369 485 2454 540 lib.
2487 485 2555 539 ad
2585 485 2823 557 Scapul.,
2848 502 2965 557 cap.
2997 484 3078 556 2).

2279 575 2434 632 Tales
2464 576 2624 648 igitur
2664 587 2775 632 tum
2819 586 2974 633 erant
3003 576 3316 643 christiani,
3357 593 3584 649 quorum
3630 579 3803 649 major

2205 677 2352 737 erat,
2383 686 2541 742 quam
2572 671 2849 739 gentilium
2893 686 3168 728 numerus.
3196 670 3306 727 Nec
3336 673 3530 728 mirum
3557 687 3722 740 sane,
3751 673 3806 729 si

2206 771 2314 818 tam
2386 762 2530 834 pium
2584 772 2933 836 sanctumque
2983 763 3200 819 vivendi
3263 780 3475 836 genus,
3525 768 3624 821 etsi
3672 781 3802 821 cum

2205 855 2431 910 ethnicis
2480 856 2768 926 permixti,
2820 865 3307 924 consectarentur;
3355 856 3792 928 quandoquidem

2206 949 2334 1003 nihil
2378 950 2649 1020 antiquius
2687 950 2971 1022 uariasque
3010 950 3317 1018 habebant,
3347 967 3509 1022 quam
3538 951 3602 1007 iis
3633 967 3802 1008 sanc-

2207 1041 2426 1096 tissimis
2455 1041 2676 1114 obsequi
2704 1043 2928 1114 legibus,
2957 1059 3095 1114 quas
3122 1052 3390 1100 noverant
3413 1043 3514 1099 sibi
3544 1059 3574 1098 a
3603 1043 3710 1100 Deo
3741 1053 3803 1100 et

2203 1131 2420 1189 Christo
2463 1133 2682 1190 domino
2726 1134 2915 1200 datas,
2965 1144 3019 1191 et
3062 1136 3309 1192 omnibus
3349 1135 3594 1192 humanis
3643 1137 3807 1208 longe

2204 1225 2626 1295 praestantiores.
2659 1226 2810 1294 Quod
2839 1227 3053 1298 quidem
3095 1228 3204 1299 jam
3239 1228 3397 1284 nobis
3425 1243 3548 1285 cum
3577 1239 3801 1286 auctore

2204 1329 2388 1376 nostro
2427 1319 2759 1392 probandum
2801 1320 3078 1377 incumbit.

2823 1454 3114 1495 ARTICULUS
3150 1455 3210 1495 11.

2208 1551 2462 1621 Quantum
2482 1551 2888 1609 Christianorum
2916 1555 3047 1624 leges
3070 1554 3374 1626 perfectione
3393 1571 3488 1608 sua
3509 1563 3660 1627 atque
3683 1571 3805 1610 assc-

2274 1648 2474 1701 toritate
2501 1647 2630 1701 alias
2660 1664 2833 1702 omnes
2871 1665 2902 1700 a
2931 1647 3197 1716 gentilibus
3229 1648 3360 1701 latas
3388 1657 3624 1719 superent
3645 1691 3660 1715 ,
3695 1663 3803 1722 qua

2273 1741 2540 1797 sedulitate
2569 1743 2950 1796 observarentur
2984 1742 3046 1795 ab
3078 1742 3254 1796 iisdem
3290 1741 3579 1796 cln‘istianis
3606 1744 3692 1808 qui
3715 1742 3806 1797 id-

2276 1834 2409 1888 circo
2436 1834 2632 1888 botulos
2655 1850 2832 1888 cruore
2857 1833 3122 1900 distentos,
3147 1834 3242 1888 sibi
3262 1835 3324 1888 ab
3345 1835 3561 1890 ethnicis
3585 1834 3804 1904 oblatos,

2273 1928 2383 1998 ipso
2410 1929 2524 1982 rita:
2552 1928 2807 1998 periculo,
2834 1928 2980 1983 edere
3007 1930 3321 1984 recusabant.

2277 2063 2409 2117 Cum
2455 2062 2644 2133 religio
2674 2061 2965 2118 christiana
2996 2079 3025 2119 a
3059 2080 3189 2121 vero
3222 2065 3336 2120 Deo
3361 2109 3375 2133 ,
3415 2065 3638 2138 ejusque
3665 2066 3804 2122 Filio

2206 2153 2424 2211 fundata
2465 2156 2863 2226 constitutaque
2893 2157 2962 2210 sit
2988 2198 3000 2221 ,
3041 2173 3232 2212 omnes
3261 2159 3442 2229 procul
3471 2159 3634 2214 dubio
3662 2159 3806 2218 illius

2206 2248 2353 2318 leges
2380 2248 2782 2318 perfecdssinuc
2805 2264 2924 2303 esse
2954 2248 3170 2305 debent.
3196 2249 3557 2318 Quamobrem
3581 2251 3802 2307 Tertul-

2207 2339 2333 2394 liani
2367 2349 2608 2409 tempore
2647 2339 2753 2395 illis
2791 2339 3068 2395 christiani
3101 2357 3168 2396 eo
3195 2343 3383 2413 majori
3421 2358 3550 2398 cura
3590 2343 3806 2400 obtem—

2205 2430 2468 2502 perabant
2488 2474 2502 2497 ,
2535 2447 2640 2502 quo
2666 2433 2866 2487 certius
2898 2443 3158 2488 noverant
3177 2449 3268 2490 eas
3291 2450 3410 2490 esse
3437 2435 3574 2491 latas
3599 2437 3667 2492 ab
3691 2453 3808 2492 om-

2207 2523 2293 2578 nia
2336 2522 2581 2588 vidcnte,
2624 2534 2678 2579 et
2715 2525 3085 2594 omnipotente
3111 2569 3124 2590 ,
3167 2527 3257 2597 qni
3289 2526 3487 2583 idcirco
3522 2543 3552 2582 a
3592 2529 3808 2586 nemine

2207 2633 2426 2688 prorsus
2455 2633 2553 2674 nec
2575 2619 2705 2684 falli,
2735 2634 2834 2675 nec
2857 2620 3077 2690 impune
3106 2623 3377 2677 contemni
3407 2633 3599 2693 potest.
3626 2624 3806 2680 Palam

2206 2710 2384 2781 itaque
2429 2721 2616 2766 auctor
2654 2723 2838 2768 uoster
2868 2715 3134 2769 universis
3163 2714 3446 2770 denuntiat
3491 2736 3502 2771 :
3547 2715 3806 2773 Innoceno

2205 2805 2327 2858 tiam
2353 2821 2385 2858 a
2406 2804 2514 2859 Deo
2542 2807 2721 2871 edocti,
2753 2810 3031 2878 perfectam
3055 2824 3164 2862 eam
3188 2809 3434 2872 novimus,
3461 2821 3565 2863 uta
3587 2810 3807 2881 perfecto

2206 2900 2450 2971 magistro
2478 2900 2749 2954 revelatam
2771 2941 2784 2964 ,
2827 2910 2871 2954 et
2909 2901 3132 2970 ﬁdeliter
3169 2904 3512 2970 custodimus,
3547 2914 3600 2958 ut
3626 2904 3687 2958 ab
3727 2905 3808 2958 in-

2205 2992 2566 3064 contemptibili
2604 2993 2884 3063 dispectore
2922 2994 3214 3049 inandatam
3255 2994 3594 3068 (Tertullian.
3620 3037 3636 3063 ,
3665 2997 3806 3067 Apo-

2207 3085 2381 3156 loge:.,
2410 3100 2527 3155 cap.
2556 3085 2647 3151 45,
2675 3103 2728 3156 p.
2756 3085 2910 3150 498).
3290 3076 3294 3080 ’

499 3170 624 3227 tus,
663 3155 892 3229 ejusdem
927 3157 994 3210 ad
1032 3157 1184 3211 vitam
1229 3156 1538 3210 necessitatis
1578 3155 1774 3226 (Idem,
1805 3155 2097 3226 Apologet.,

2261 3155 2353 3234 iAt
2399 3179 2618 3241 sancitae
2662 3155 2692 3233 a
2737 3179 2867 3235 solis
2919 3165 3227 3237 hominibus
3270 3182 3418 3254 leges
3465 3183 3805 3240 ethnicorum

505 3267 624 3323 cap.
646 3250 742 3316 42,
769 3268 822 3321 p.
849 3247 1205 3321 490).Verum
1222 3263 1403 3303 nonne
1423 3248 1636 3314 melius,
1661 3247 1864 3318 inquiet
1889 3248 2102 3318 aliquis,

497 3344 714 3400 inlibro
751 3343 820 3398 ad
851 3340 1105 3398 Nationes
1139 3341 1272 3396 dixit
1308 3351 1564 3411 apparatu
1586 3383 1599 3406 ,
1629 3340 1682 3396 id
1725 3350 1828 3407 est,
1867 3341 2011 3396 cultu
2051 3350 2107 3396 et

504 3448 698 3494 ornatu
753 3434 964 3510 (Idem,
1009 3434 1098 3489 lib.
1149 3432 1170 3487 Ι
1209 3434 1278 3488 ad
1324 3432 1566 3498 Nation.,
1613 3451 1729 3503 cap.
1770 3433 1884 3503 10).
1929 3435 1998 3488 At
2059 3433 2103 3489 si

505 3531 623 3587 haec
661 3530 730 3586 sit
759 3527 993 3584 nominis
1021 3537 1305 3598 apparatus
1344 3527 1663 3597 significatio
1688 3569 1702 3594 ,
1737 3537 1794 3582 et
1828 3527 2106 3581 instructus

499 3623 570 3679 ab
597 3622 688 3677 illo
715 3622 853 3677 sicut
891 3635 921 3674 a
959 3619 1217 3675 Cicerone
1251 3617 1530 3690 (Ciceron.,
1555 3618 1644 3672 lib.
1691 3617 1755 3673 lll
1780 3661 1794 3683 ,
1826 3618 1887 3672 de
1929 3617 2100 3684 Orat,

499 3731 555 3784 p.
588 3714 713 3779 181,
755 3713 848 3768 lin.
872 3712 988 3783 37),
1019 3711 1310 3782 accipiatur
1342 3727 1438 3780 pro
1465 3722 1654 3766 ornatu
1679 3711 1995 3782 {quomodo
2017 3712 2105 3767 ille

502 3823 818 3865 asseverare
899 3807 1075 3878 potuit
1155 3804 1402 3860 eumdem
1484 3822 1606 3861 esse
1691 3805 2104 3860 Christianorum

497 3899 857 3956 instructum?
899 3896 1088 3952 Nonne
1133 3897 1324 3952 eodem
1372 3897 1423 3951 in
1471 3897 1818 3968 Apologetico
1861 3897 2103 3953 ethnico-

499 4008 618 4048 rum
649 3993 832 4048 luxum
871 3989 1145 4060 arguendo
1174 3989 1418 4045 dixerat:
1449 3989 1641 4044 Habitu
1662 4033 1677 4056 ,
1703 3992 1854 4056 victu,
1887 3991 2106 4045 instruc-

493 4095 577 4155 tu,
601 4101 753 4139 censu
779 4083 980 4153 proavis
1007 4083 1331 4136 renuntiastis
1355 4081 1547 4151 (Idem,
1576 4083 1865 4153 Apologet.,
1899 4099 2014 4153 cap.
2049 4082 2103 4151 6,

499 4197 558 4250 p.
592 4177 720 4248 305)
754 4178 778 4230 ?
814 4174 1036 4231 Constat
1079 4185 1279 4242 autem,
1314 4183 1370 4229 ut
1392 4176 1504 4245 ipsc
1527 4185 1772 4241 tcstatnr,
1802 4177 1957 4246 longe
1997 4191 2110 4230 ma-

489 4273 674 4340 jorem
714 4268 879 4324 fuisse
917 4267 1332 4324 Christianorum
1381 4268 1432 4321 in
1483 4268 1564 4323 his
1605 4268 1854 4322 omnibus
1892 4267 2107 4338 frugali-

497 4373 683 4418 tatem.
728 4359 893 4415 Nobis
925 4361 1104 4429 itaque
1147 4359 1287 4414 haud
1337 4375 1478 4430 (egre
1525 4358 1929 4430 persuadebitur
1955 4361 2103 4414 illum

499 4456 670 4528 priori
697 4455 813 4510 loco
836 4454 901 4509 de
935 4455 1094 4509 rebus
1123 4454 1358 4509 locutum
1388 4470 1506 4509 csse
1526 4496 1539 4518 ,
1574 4469 1690 4524 qua:
1713 4453 1777 4508 ad
1801 4463 2104 4508 sustentan-

502 4550 628 4604 dam
676 4549 842 4604 vitam
884 4547 1201 4602 necessaria:
1247 4556 1414 4614 sunt,
1460 4557 1514 4603 et
1554 4547 1748 4618 quibus
1785 4547 2098 4617 christiani,

2211 3272 2368 3344 plane
2407 3282 2531 3326 sunt
2560 3270 2884 3342 imperfectae
2907 3313 2922 3340 ,
2964 3283 3292 3344 possuntque
3317 3275 3385 3330 ab
3415 3277 3671 3333 omnibus
3698 3279 3808 3332 im-

2211 3379 2352 3434 pune
2404 3365 2623 3433 Sperni,
2679 3365 3024 3431 labefactari,
3076 3368 3264 3421 violari
3317 3387 3329 3422 :
3378 3367 3518 3422 Nam
3569 3380 3803 3440 quanta,

2210 3461 2382 3531 pergit
2408 3460 2768 3515 Tertullianus
2788 3501 2802 3523 ,
2833 3461 2945 3516 sive
2973 3471 3030 3516 ut
3057 3462 3109 3518 in
3142 3462 3341 3517 nostris
3365 3462 3640 3520 codicibus
3668 3465 3801 3536 legi-

2213 3562 2297 3608 tur
2319 3562 2460 3606 tanta
2480 3595 2495 3621 ,
2523 3551 2572 3607 id
2593 3562 2677 3608 est
2695 3593 2707 3616 ,
2735 3561 2844 3608 tam
2872 3569 3033 3625 parva
3061 3595 3076 3620 ,
3105 3565 3159 3610 et
3195 3555 3383 3625 exigua
3413 3565 3497 3611 est
3525 3557 3801 3611 auctoritas

2211 3644 2444 3699 hominis
2473 3645 2540 3698 ad
2563 3645 2862 3716 exigendum
2885 3644 3098 3718 (Ibid.),
3143 3645 3301 3702 ﬁdam
3348 3649 3523 3718 legum
3569 3665 3598 3701 a
3639 3664 3697 3704 se
3730 3649 3806 3704 la—

2211 3746 2382 3791 tarum
2410 3737 2741 3801 custodiam,
2771 3745 2829 3792 ut
2853 3747 2958 3792 tam
2991 3736 3144 3794 facile
3173 3738 3280 3792 falli
3309 3743 3478 3808 possit
3503 3782 3516 3804 ,
3541 3755 3699 3810 quam
3732 3741 3802 3796 ab

2210 3827 2457 3883 omnibus
2481 3827 2772 3883 contemni.
2801 3827 2873 3882 Ea
2892 3837 2974 3883 est
3001 3829 3144 3883 enim
3175 3829 3392 3884 humani
3428 3831 3625 3902 ingenii
3657 3832 3805 3887 infir-

2210 3925 2368 3980 mitas
2391 3966 2405 3990 ,
2432 3933 2487 3979 ut
2513 3923 2690 3978 nullus
2721 3923 2884 3978 homo
2924 3923 3013 3978 illa
3053 3925 3231 3978 omnia
3261 3926 3430 3994 possit
3465 3926 3758 3996 przevidere
3783 3969 3801 3994 ,

2211 4033 2330 4089 quae
2349 4017 2557 4073 caeteris
2583 4017 2831 4072 omnibus
2855 4017 2993 4073 bona
3025 4026 3079 4072 et
3109 4018 3270 4084 mala,
3295 4026 3386 4073 aut
3411 4033 3623 4089 semper
3651 4035 3804 4075 man-

2210 4124 2334 4165 sura
2370 4119 2513 4164 sunt.
2543 4109 2711 4164 Tanta
2758 4123 2886 4165 vero
2935 4109 3298 4179 improborum
3342 4120 3426 4166 est
3460 4113 3658 4166 malitia
3683 4153 3700 4178 ,
3745 4121 3802 4167 ut

2211 4201 2424 4272 plurimi
2465 4217 2650 4274 poenas
2698 4203 3196 4272 prazvaricatoribus
3221 4245 3236 4266 ,
3276 4218 3306 4258 a
3337 4219 3658 4275 quacunque
3702 4203 3802 4260 hu-

2210 4310 2366 4350 mana
2394 4294 2510 4365 lege
2532 4294 2756 4349 indictas
2781 4335 2796 4360 ,
2829 4293 2967 4348 haud
2999 4293 3286 4350 difﬁciliter
3315 4294 3603 4350 declinent.

2283 4385 2529 4441 Pluribus
2569 4395 2828 4455 pra~terea
2869 4386 3126 4455 exemplis
3162 4385 3518 4443 Tertullianns
3567 4387 3803 4444 ostendit

2209 4478 2366 4550 longe
2407 4479 2751 4550 perfectiores
2785 4487 2905 4536 esse
2941 4479 3391 4544 Christianorum,
3430 4496 3586 4551 quam
3622 4482 3799 4552 genti-

2211 4569 2339 4624 lium
2367 4571 2529 4641 lcgcs.
2559 4571 2795 4627 Primum
2819 4571 2979 4637 enim,
3005 4573 3126 4640 quid
3150 4573 3365 4642 plenius,
3395 4573 3564 4644 inquit
3589 4572 3798 4648 (Ibid.),

499 4639 951 4713 quemadmodum
1001 4638 1190 4711 plebeii
1237 4647 1328 4693 aut
1357 4641 1710 4696 modestiores
1745 4641 1946 4697 ethnici
1986 4653 2101 4698 ute-
2124 4646 2178 4707 D
2204 4673 2278 4718 εει
2306 4638 2473 4718 dicm,
2503 4679 2522 4717 ε
2545 4663 2667 4719 Non
2693 4664 2930 4731 occid“;
2961 4638 3026 4718 αὴ
3055 4638 3275 4718 άοεένεε
3307 4663 3387 4719 Ne
3416 4638 3654 4720 ,-,.,',,ca,'.,-s
3681 4638 3800 4737 (1ηῇ

497 4737 711 4790 bantur.

568 4849 639 4902 At
663 4853 807 4902 certe
831 4845 1073 4918 quamvis
1101 4844 1239 4901 idem
1267 4854 1412 4902 esset
1436 4845 1855 4902 Christianorum
1884 4857 1940 4904 et
1962 4865 2096 4921 gon-

495 4939 671 4996 tilium
711 4939 883 5000 victus
904 4980 918 5005 ,
966 4950 1021 4994 et
1067 4940 1292 4994 vestitus
1319 4981 1334 5007 ,
1364 4938 1658 5010 eademque
1685 4940 1735 4994 in
1770 4942 1982 5011 publico
2012 4943 2093 4997 vi-

495 5034 655 5090 vendi
680 5077 696 5101 ,
744 5044 905 5105 atque
945 5035 1133 5107 agendi
1176 5037 1350 5101 ratio;
1398 5035 1578 5091 abhis
1609 5047 1788 5094 tamen
1815 5038 2093 5096 christiani

487 5128 984 5199 distinguebantur,
1021 5138 1076 5184 et
1101 5130 1316 5200 agnosci
1348 5128 1503 5186 facile
1536 5141 1786 5201 poterant
1829 5134 2092 5204 singulari

490 5219 777 5286 modestia,
810 5220 1159 5290 patientia,et
1189 5221 1532 5292 pristinorum
1555 5225 1803 5280 vitiorum
1831 5228 2091 5283 emenda-

487 5314 652 5370 tione.
702 5313 885 5384 Neque
921 5312 972 5368 id
1013 5315 1403 5385 incompertum
1444 5326 1561 5372 erat
1585 5319 1878 5389 gentilibus
1901 5361 1916 5385 ,
1949 5335 2086 5390 quos

486 5404 691 5462 idcirco
721 5414 908 5460 auctor
940 5415 1124 5461 noster
1150 5407 1299 5463 hisce
1321 5409 1609 5480 compellat
1631 5411 1812 5466 verbis
1839 5429 1851 5466 :
1879 5410 1957 5466 Ea
1981 5412 2088 5468 dis-

487 5498 680 5570 ciplina
700 5497 958 5569 patientia:
981 5499 1165 5553 divina:
1184 5517 1336 5571 agere
1362 5517 1454 5555 nos
1477 5503 1602 5556 satis
1627 5503 1955 5574 manifestum
1980 5520 2088 5559 esse

489 5589 628 5644 vobis
657 5597 842 5660 potest,
874 5605 989 5642 cum
1019 5598 1160 5643 tanta
1187 5591 1447 5645 hominum
1476 5593 1747 5648 multitudo
1766 5637 1781 5662 ,
1812 5612 1934 5665 pars
1960 5613 2089 5665 pene

487 5685 656 5756 major
679 5683 893 5738 civitatis
921 5685 1182 5753 cujusque,
1210 5686 1264 5740 in
1291 5686 1490 5741 silentio
1516 5699 1564 5741 et
1589 5688 1838 5744 modestia
1863 5690 2084 5761 agimus,

489 5777 686 5849 singuli
729 5781 861 5849 forte
901 5780 1008 5834 noti
1055 5780 1250 5851 magis,
1301 5797 1450 5850 quam
1499 5799 1710 5838 omnes:
1739 5800 1827 5838 nec
1877 5783 2086 5840 aliunde

2203 4757 2317 4810 dem
2348 4755 2610 4826 (Matth.,
2663 4756 2818 4826 V,2l
2869 4767 2916 4810 et
2951 4759 3138 4829 seqq.).
3193 4759 3364 4828 Atque
3411 4758 3482 4814 ita
3528 4759 3580 4813 in
3625 4760 3802 4813 omni-

2198 4851 2298 4906 bus
2367 4851 2565 4905 nostris
2627 4851 2904 4906 codicibus
2957 4859 3013 4905 et
3081 4849 3410 4906 editiouihus
3480 4851 3712 4922 antiquis
3775 4868 3791 4907 :

2200 4944 2293 5000 sed
2328 4944 2501 5015 priora
2540 4943 2701 4999 verba
2732 4944 2962 5014 Rigaltio
2992 4960 3095 4998 non
3135 4944 3482 5014 placuerunt,
3525 4943 3795 5013 scribique

2194 5037 2355 5109 jussit
2388 5055 2400 5092 :
2438 5036 2573 5104 Quid
2600 5036 2798 5108 plenius
2836 5036 3029 5090 dictant
3071 5045 3163 5090 est.
3191 5035 3368 5090 Voluit
3409 5035 3591 5106 procul
3630 5035 3798 5091 dubio

2200 5130 2382 5201 purius
2410 5138 2463 5185 et
2487 5128 2820 5184 emendatius
2847 5129 3152 5199 loquentem
3181 5129 3356 5185 facere
3383 5128 3794 5183 Tcrtullianum.

2197 5225 2266 5279 At
2293 5224 2334 5278 si
2365 5224 2445 5278 lex
2476 5222 2731 5287 humana,
2765 5220 2938 5290 inquit
2980 5221 3109 5287 iste,
3143 5223 3392 5290 prohibet
3428 5220 3750 5276 adulterium
3771 5262 3788 5286 ,

2195 5315 2283 5371 lex
2324 5315 2500 5371 divina
2545 5326 2692 5369 arcet
2730 5315 2890 5369 etiam
2924 5313 2991 5368 ab
3030 5315 3308 5370 oculorum
3351 5315 3584 5370 solitaria
3609 5330 3796 5369 concu—

2195 5408 2438 5479 piscentia
2469 5404 2677 5481 (Ibid.).
2712 5406 2852 5461 Dixit
2875 5406 3134 5474 solitaria,
3165 5407 3218 5462 id
3249 5417 3364 5475 est,
3396 5409 3541 5474 sola,
3573 5416 3791 5464 secreta

2192 5511 2248 5557 et
2291 5501 2518 5556 occulta.
2550 5499 2640 5555 Sic
2666 5497 2854 5555 Cicero
2893 5500 3143 5556 virtutem
3179 5500 3472 5558 solitariam
3513 5516 3636 5558 esse
3673 5514 3785 5557 non

2192 5607 2352 5665 posse
2379 5593 2602 5660 asserit,
2627 5601 2683 5648 et
2710 5601 2953 5649 naturam
2977 5593 3108 5648 nihil
3139 5609 3322 5650 amare
3351 5593 3650 5650 solitarium
3679 5591 3794 5667 (Ci-

2188 5703 2316 5752 cer.,
2350 5686 2438 5742 lib.
2466 5687 2530 5741 de
2555 5685 2784 5754 Amicit.,
2809 5705 2863 5759 p.
2892 5686 2983 5754 45,
3004 5688 3097 5743 lin.
3124 5687 3156 5742 7
3173 5696 3218 5742 et
3243 5686 3355 5759 42).
3380 5687 3492 5743 Lex
3514 5686 3690 5760 itaque
3706 5687 3790 5742 di-

2189 5782 2310 5838 vina
2327 5797 2430 5838 non
2448 5780 2606 5837 modo
2625 5777 2966 5850 adulterium,
2985 5781 3123 5839 sicut
3137 5781 3388 5851 humana,
3412 5781 3508 5841 scd
3524 5791 3791 5840 secretam
