4092 6352
352 393 461 450 915

1486 389 1930 449 DlSSERTATlO
1968 391 2032 448 Ι).
2073 390 2162 449 LE
2200 390 2510 450 NOURRY.

3548 397 3654 455 9M

352 525 567 583 quoque
600 517 653 567 et
692 507 957 566 occultam
1000 508 1277 565 oculorum
1305 509 1789 580 concupiscentiam
1822 524 1944 580 pro-
1969 507 2024 569 A
2048 508 2101 562 in
2130 507 2341 576 Μίνωι,
2373 526 2489 580 cap.
2516 507 2570 574 9,
2600 517 2698 564 art.
2736 509 2827 582 1).
2871 509 3218 581 Compertum
3264 510 3498 569 ethnicis
3540 523 3659 569 erat

348 602 647 753 huﬂlhmc
665 709 816 761 vero,
842 695 924 751 lex
955 694 1184 750 humana
1213 710 1319 751 non
1352 693 1673 751 maleficium
1704 695 1943 767 quidem,

347 789 444 848 scd
471 789 682 861 injuria:
706 788 965 862 permittit
993 788 1250 846 ultionem
1284 806 1296 843 :
1329 791 1416 846 lex
1446 804 1575 845 vero
1595 790 1776 859 divina
1802 798 1949 846 vetat

346 883 634 955 ipsummet
686 882 1097 954 tnaleloquium,
1146 891 1200 938 et
1247 882 1458 952 iujttrize
1498 882 1671 939 vicem
1716 883 1945 942 reddere

349 974 369 1048 (
393 973 720 1040 Tertullian.,
751 974 848 1028 loc.
876 974 965 1028 cit.
985 972 1024 1045 ).
1055 979 1123 1028 At
1164 983 1419 1045 quantum
1465 990 1526 1030 ea
1568 974 1654 1031 lex
1697 976 1945 1032 humana:

347 1067 617 1138 pra'cellat
642 1067 752 1137 jam
778 1081 807 1121 a
834 1066 989 1121 nobis
1016 1066 1144 1122 alibi
1173 1076 1486 1122 annotatutn
1514 1075 1598 1123 est
1618 1067 1940 1140 (Dissertat.,

264 1150 269 1155 ’
341 1162 397 1217 in
425 1160 636 1226 Minut.,
668 1178 785 1232 cap.
819 1161 908 1227 15,
940 1168 1040 1215 art.
1070 1159 1156 1224 IV,
1187 1170 1234 1214 et
1278 1158 1552 1215 Dissertat.
1598 1161 1652 1215 in
1678 1159 1937 1230 Lactant.,

342 1271 459 1320 cap.
486 1252 579 1321 26,
608 1263 709 1309 art.
742 1255 766 1309 1
798 1263 845 1307 et
871 1252 1059 1325 θείη).
1108 1252 1233 1308 Non
1279 1252 1539 1310 diffitetur
1582 1264 1761 1311 tamen
1808 1254 1941 1310 Ter-

342 1349 593 1405 tullianus
636 1349 804 1403 bonas
841 1363 963 1404 esse
1001 1346 1260 1418 quasdam
1297 1346 1575 1404 hominum
1615 1348 1762 1419 leges
1785 1390 1800 1416 ,
1843 1348 1937 1405 sed

340 1440 613 1497 contendit
659 1440 757 1496 has
804 1440 1115 1510 desumptas
1158 1439 1323 1496 fuisse
1373 1455 1440 1495 ex
1491 1440 1687 1497 divinis
1739 1441 1939 1513 Moysis

339 1537 673 1608 aliorumque
716 1535 1103 1607 prophetarum
1140 1534 1334 1603 libris,
1373 1550 1604 1606 quorum
1649 1537 1937 1608 antiquita-

339 1639 447 1687 tem
472 1671 488 1697 ,
534 1637 593 1685 ut
641 1643 802 1700 supra
850 1628 1084 1685 vidimus
1108 1670 1125 1698 ,
1166 1639 1325 1687 antea
1357 1632 1676 1701 probaverat
1706 1630 1932 1704 (Sapr.,

346 1739 465 1792 cap.
495 1723 551 1790 4,
580 1731 679 1777 art.
709 1721 801 1794 1).

411 1816 527 1873 Νοη
565 1816 740 1874 solum
780 1824 960 1873 autem
988 1815 1184 1872 divina:
1224 1816 1355 1888 legis
1398 1816 1568 1887 major
1606 1825 1727 1885 est,
1769 1832 1931 1889 quam

352 1910 598 1967 humanae
652 1900 951 1982 perfectio,
1004 1925 1186 1966 verum
1238 1912 1397 1965 etiam
1446 1910 1755 1967 auctoritas.
1820 1911 2008 1977 DeoB

343 2002 541 2075 quippe
566 2001 695 2059 nihil
728 2004 940 2073 penitus
966 2003 1126 2069 latet;
1155 2011 1208 2058 et
1237 2002 1447 2058 violata:
1471 2002 1604 2074 legis
1633 2017 1745 2057 sua:
1770 2017 1891 2059 reos
1913 2044 1929 2071 ,

335 2098 474 2153 sicut
503 2097 659 2169 paulo
683 2082 807 2154 ante
836 2097 1115 2153 docuimus
1134 2138 1149 2163 ,
1173 2098 1389 2153 :eternis
1429 2113 1527 2169 pro
1564 2099 1761 2154 merito
1804 2114 1932 2169 sup-

333 2189 509 2260 pliciis
534 2190 759 2261 castigat
783 2187 996 2261 (Ibid.).
1029 2190 1099 2244 At
1122 2188 1345 2257 homini,
1374 2199 1563 2245 contra
1578 2190 1723 2263 leges
1739 2192 1930 2247 huma-

333 2296 431 2337 nas
455 2281 653 2352 agenti,
679 2281 960 2353 contingit,
984 2290 1045 2336 ut
1065 2282 1378 2355 plerumque,
1402 2282 1477 2338 ait
1497 2285 1702 2340 Auctor
1721 2294 1924 2353 noster,

330 2374 384 2428 in
408 2374 646 2429 admissis
674 2373 986 2442 delitescat,
1016 2375 1104 2430 vel
1136 2374 1250 2429 illas
1281 2385 1501 2445 spernat
1539 2392 1602 2432 ex
1628 2378 1886 2433 voluntate
1907 2418 1924 2445 ,

330 2466 408 2520 vel
456 2468 748 2521 necessitate
793 2464 1125 2536 delinquendi
1168 2463 1564 2535 (Tertullian.,
1613 2468 1884 2541 Apologet.
1908 2509 1923 2536 ,

331 2573 448 2628 cap.
475 2559 563 2624 45,
597 2577 649 2630 p.
676 2558 843 2628 497).
873 2559 941 2614 Et
969 2558 1315 2630 limoquidem
1343 2560 1588 2616 codicum
1618 2572 1925 2619 nostrorum

330 2661 385 2707 et
414 2651 676 2707 editorum
708 2652 867 2707 verba
897 2653 974 2708 sic
1001 2652 1305 2708 immutavit
1332 2652 1596 2723 Rigaltius
1624 2673 1637 2709 :
1668 2654 1751 2710 Ea:
1776 2656 1924 2711 invo-

329 2743 524 2799 lantate
561 2744 639 2799 vel
675 2746 971 2800 necessitate
1010 2744 1340 2816 delinquenti.
1382 2745 1489 2801 Sed
1518 2747 1589 2803 ibi
1616 2747 1758 2803 nulla
1787 2747 1925 2804 indi-

327 2847 445 2891 cata
476 2836 637 2892 ullius
663 2837 866 2894 codicis
887 2837 1031 2893 varia
1062 2837 1294 2893 lectione
1317 2880 1332 2907 ,
1375 2839 1629 2895 observat
1669 2849 1874 2896 tantum
1906 2859 1921 2897 :

326 2930 413 2987 Ea:
445 2932 753 2987 incoluntate
780 2930 920 2987 idem
956 2946 1077 2988 esse
1105 2947 1169 2988 ac
1195 2946 1345 2989 casu.
1374 2932 1512 3000 Quid
1538 2948 1688 3004 ergo,
1720 2934 1767 2988 si
1792 2933 1924 2990 Ter-

327 3027 583 3082 tullianus
607 3026 723 3082 hinc
750 3027 933 3092 verba,
969 3042 1033 3081 ea;
1057 3025 1318 3081 voluntate
1341 3026 1448 3081 illis
1478 3036 1733 3098 opponat,
1761 3027 1838 3082 vel
1858 3043 1923 3083 ea:

323 3129 613 3176 necessitate
630 3118 679 3195 (I
689 3120 821 3192 bid.)
843 3120 866 3173 't
887 3119 1077 3175 Nonne
1098 3118 1187 3176 hic
1202 3120 1343 3175 illius
1362 3134 1553 3175 sensus
1564 3135 1684 3176 esse
1703 3130 1878 3190 potest
1902 3138 1917 3177 :

323 3213 495 3272 Homo
532 3231 658 3273 reus
686 3215 1002 3287 plerumque
1026 3212 1292 3270 delitescit
1318 3255 1333 3281 ,
1374 3213 1588 3285 quando
1611 3223 1704 3269 aut
1729 3230 1798 3270 ex
1828 3228 1920 3271 vo-

318 3308 524 3365 luntate
549 3323 645 3364 sua
667 3350 682 3375 ,
710 3317 801 3361 aut
824 3307 1000 3379 aliqua
1028 3307 1348 3362 necessitate
1375 3308 1599 3375 peccat?

390 3401 654 3456 Prteterca
685 3400 832 3469 leges
859 3399 1126 3463 humanae,
1142 3397 1333 3469 inquit,
1364 3397 1799 3468 pessumdanlur,
1829 3414 1911 3453 re-

317 3494 538 3566 cogitata
580 3493 819 3546 brevitate
860 3491 1139 3560 supplicii,
1182 3490 1251 3544 ab
1280 3488 1590 3544 hominibus
1621 3504 1728 3543 non
1774 3490 1912 3545 ultra

315 3595 545 3641 mortem
571 3582 865 3654 inﬂigendi.
895 3582 1064 3650 Quam
1091 3581 1160 3636 ab
1183 3577 1400 3637 causam
1423 3580 1708 3651 Epicurus,
1740 3582 1914 3652 pergit

313 3677 407 3734 ille
426 3716 440 3744 ,
472 3693 671 3732 onmem
697 3676 978 3729 cruciatum
999 3674 1324 3746 doloremque
1348 3673 1594 3744 depretiat
1612 3715 1627 3739 ,
1655 3674 1911 3745 modicum

312 3769 517 3843 quidem
544 3768 972 3840 contemptibilem
1008 3768 1422 3839 pronuntiando,
1471 3784 1714 3839 magnum
1756 3783 1906 3837 vero,

310 3882 412 3921 non
465 3867 761 3919 diuturnum
809 3862 1007 3932 (Idem,
1054 3861 1141 3918 lib.
1190 3861 1212 3917 Ι
1253 3862 1322 3916 ad
1344 3859 1584 3930 Nation.,
1631 3879 1747 3933 cap.
1791 3864 1904 3929 10;

311 3958 400 4013 lib.
435 3957 473 4013 ll
507 3959 576 4012 ad
632 3956 823 4025 Uxor.,
854 3974 969 4029 cap.
1005 3958 1078 4023 5;
1124 3956 1256 4011 lib.l
1293 3955 1411 4011 adv.
1436 3955 1714 4023 Marciam,
1742 3972 1789 4013 c.
1835 3957 1902 4024 6;

309 4051 400 4107 lib.
431 4053 494 4104 de
522 4050 783 4122 Spectac.,
813 4067 928 4118 cap.
959 4049 1063 4115 22;
1096 4048 1185 4104 lib.
1216 4050 1279 4103 de
1302 4048 1500 4116 Anim.,
1531 4066 1647 4122 cap.
1678 4049 1784 4116 24;
1813 4049 1901 4106 lib.

308 4145 373 4199 de
398 4143 570 4219 Fuga,
596 4163 712 4217 cap.
747 4144 871 4217 10).
902 4143 1081 4201 Verbo
1106 4152 1286 4201 autem
1316 4144 1566 4213 depretiat
1593 4144 1681 4200 ille
1709 4146 1906 4216 sacpius

302 4222 496 4305 utitur,
525 4254 632 4311 quo
656 4237 790 4292 nihil
818 4237 961 4293 aliud
992 4236 1298 4308 significare
1327 4236 1518 4300 voluit,
1544 4252 1705 4308 quam
1733 4237 1903 4292 immi-

306 4334 427 4387 nuit
445 4334 521 4388 rei
563 4333 788 4403 alicujus
825 4333 1055 4404 pretium
1086 4332 1171 4388 vel
1201 4330 1646 4401 magnitudinem.
1680 4330 1905 4400 Epicuri

304 4441 469 4499 porro
511 4426 728 4481 effatum
773 4425 967 4481 clarius
1007 4425 1227 4494 exponit
1267 4426 1501 4479 Cicero:
1540 4423 1780 4491 Doloris,
1816 4425 1900 4479 in-

306 4519 440 4588 quit,
470 4516 835 4569 medicamenta
878 4516 971 4569 illa
1001 4515 1251 4584 Epicurea
1283 4525 1522 4585 tanquam
1551 4518 1614 4569 de
1642 4517 1901 4573 narthecio

305 4617 542 4681 promant
585 4621 603 4662 :
644 4607 691 4660 si
728 4607 931 4676 gravis,
972 4605 1172 4670 brevis;
1213 4606 1257 4661 si
1300 4607 1516 4677 longus,
1567 4608 1707 4662 levis.
1756 4609 1899 4665 Alibi

302 4719 432 4758 vero
466 4720 480 4756 :
509 4700 719 4755 Doloris
744 4699 1144 4771 magnitudinem
1172 4699 1413 4753 brevitate
1440 4701 1753 4766 consolatur,
1780 4704 1895 4757 lun-
1920 4726 1975 4786 Β

299 4795 629 4870 ginquitatcm
657 4792 880 4848 levitate.
913 4791 1068 4846 Plura
1108 4791 1154 4847 si
1193 4791 1412 4862 cupias,
1449 4792 1719 4849 Laertium
1748 4796 1898 4853 adire

304 4888 540 4960 poteris,
597 4885 978 4951 Plutarchum,
1022 4892 1078 4940 et
1122 4883 1255 4939 alios
1316 4883 1541 4956 (Cicer.,
1596 4885 1684 4941 lib.
1737 4886 1781 4942 ll
1836 4888 1899 4943 de

300 4981 470 5052 ﬁnib.,
525 4998 578 5050 p.
630 4979 723 5045 55,
765 4977 858 5032 lin.
906 4975 995 5042 10,
1047 4985 1097 5032 et
1141 4975 1231 5031 lib.
1273 4976 1341 5032 IV
1401 4976 1633 5046 Tuscul.,
1664 4996 1717 5050 p.
1767 4978 1894 5051 190,

303 5075 398 5128 lin.
449 5073 537 5139 49;
574 5071 772 5135 Laert.,
806 5072 895 5127 lib.
932 5071 1001 5127 10
1039 5071 1101 5125 de
1139 5071 1253 5125 Vita
1279 5070 1521 5141 Epicuri,
1555 5072 1583 5146 §
1614 5073 1738 5141 HO;
1767 5073 1896 5131 Plu.

300 5166 489 5230 tarclt.,
521 5164 607 5219 lib.
637 5165 700 5218 de
731 5163 876 5218 Poet.
913 5162 1144 5229 audien.,
1186 5164 1277 5218 sub
1304 5164 1457 5233 ﬁnem
1483 5206 1498 5232 ,
1529 5184 1582 5234 ρ.
1612 5165 1723 5236 56).

369 5256 659 5313 Christiani
690 5257 851 5328 igitur
873 5271 996 5311 cum
1027 5271 1295 5312 summam
1322 5256 1499 5328 legum
1527 5274 1743 5314 suarum
1775 5276 1895 5332 per-

296 5352 584 5409 feCtionem
612 5360 667 5408 et
702 5350 1076 5406 auctoritatem
1108 5351 1276 5422 probe
1299 5360 1709 5425 cognoscerent,
1748 5364 1894 5415 tanta

294 5446 584 5506 sedulitate
623 5459 828 5500 morem
865 5445 944 5499 eis
984 5445 1277 5515 gerebant,
1317 5456 1373 5500 ut
1413 5447 1700 5517 periclitari
1730 5450 1891 5507 etiam

293 5541 470 5611 capite
522 5538 777 5603 mallent,
813 5551 973 5607 quam
1012 5536 1211 5607 aliquid
1235 5552 1429 5608 agere,
1479 5539 1621 5610 quod
1670 5541 1891 5599 cuilibet

300 5633 405 5705 legi
444 5631 720 5687 adversari
771 5629 1070 5685 videbatur.
1115 5631 1195 5686 Ex
1235 5631 1454 5689 infinitis
1482 5644 1659 5691 autem
1691 5651 1887 5708 prope-

289 5725 512 5783 modum
557 5724 856 5796 excmplis,
896 5723 1089 5795 quibus
1132 5723 1185 5779 id
1222 5726 1625 5784 evidentissime
1664 5729 1884 5800 probari

290 5824 491 5890 potest,
515 5832 680 5873 unum
708 5831 851 5873 nunc
878 5831 1175 5884 sumemus,
1201 5816 1342 5889 quod
1369 5817 1729 5877 Tertullianus
1754 5837 1884 5881 nos-

290 5920 376 5968 ter
401 5920 664 5970 memorat
692 5912 712 5985 (
749 5910 899 5969 Tom.
952 5912 975 5971 ι
1009 5913 1297 5989 Apparat.,
1326 5931 1378 5986 p.
1409 5914 1548 5988 680,
1600 5915 1867 5977 Dissertat.

2053 602 2236 673 vigere
2287 603 2428 675 apud
2483 603 2703 660 eosdem
2749 604 3074 662 christianos
3121 621 3239 661 eam
3287 605 3501 677 legem,
3547 623 3653 680 qua

2054 693 2185 765 ipsis
2203 735 2218 761 ,
2251 705 2308 750 ut
2336 694 2466 750 alibi
2490 695 3004 763 animadvertimus,
3027 696 3340 754 animalium
3368 698 3650 770 sanguine,

2050 786 2334 854 sut'focato,
2361 798 2416 845 et
2436 789 2740 846 ntorticinio
2764 798 2881 846 erat
2903 790 3267 853 interdictum.
3291 791 3652 860 Quamobrem

2050 893 2259 935 summa
2303 879 2504 935 ethnici
2544 880 2873 953 malignitate
2907 882 3038 936 inter
3077 891 3386 938 tentantenta
3412 883 3652 939 christia-

2049 987 2230 1026 norum
2250 1013 2266 1039 ,
2296 971 2372 1025 ait
2399 971 2759 1028 Tertullianus
2782 1014 2797 1038 ,
2829 972 2882 1027 id
2912 984 3029 1041 est,
3058 981 3117 1028 ut
3159 988 3348 1031 eorum
3391 972 3553 1031 fidem
3593 983 3653 1031 et

2050 1064 2366 1135 religionem
2398 1075 2667 1121 tentarent
2694 1107 2708 1129 ,
2738 1065 2937 1121 botulos
2974 1066 3429 1122 cruore‘distentos
3463 1064 3649 1134 offere-

2046 1158 2169 1213 bant
2202 1157 2562 1231 (Tertullian.,
2586 1158 2878 1231 Apolaget.,
2909 1176 3026 1230 cap.
3059 1156 3115 1229 9,
3143 1178 3199 1231 ρ.
3236 1159 3391 1233 514).
3426 1159 3644 1216 Botulus

2045 1259 2224 1307 autem
2247 1292 2262 1317 ,
2308 1250 2484 1321 inquit
2526 1251 2716 1308 Festus
2738 1293 2753 1317 ,
2798 1259 2880 1307 est
2917 1266 3089 1323 genus
3123 1250 3417 1309 farciminis
3440 1292 3457 1320 ,
3502 1252 3647 1322 quod

2044 1350 2269 1413 propter
2311 1342 2704 1398 connexionem
2738 1357 2768 1398 a
2804 1342 2944 1399 bolis
2984 1344 3062 1398 sic
3104 1341 3405 1413 appellatur
3437 1339 3646 1414 (Fest.,

2044 1435 2133 1490 tib.
2163 1434 2206 1491 ll
2238 1436 2301 1490 de
2326 1436 2544 1503 verbor.,
2572 1435 2859 1509 Signi/ia).
2900 1436 2979 1493 De
3018 1436 3111 1492 illo
3148 1434 3311 1492 etiam
3347 1434 3463 1494 haec
3506 1445 3635 1494 sunt

2041 1527 2294 1584 Martialis
2322 1529 2560 1584 carmina
2594 1547 2607 1584 :

2165 1643 2257 1707 Qui
2279 1642 2631 1694 venitbotulus
2651 1643 2817 1693 medio
2841 1644 2958 1695 mihi
2982 1648 3209 1707 tempore
3226 1642 3434 1706 brumae;

2164 1705 2363 1757 Saturni
2395 1712 2594 1771 septem
2615 1713 2824 1771 venerat
2833 1712 2962 1771 ante
2984 1705 3114 1756 dies.

2538 1767 2780 1833 (Martial.
2805 1765 2917 1819 libr.
2951 1774 3063 1818 xw.
3086 1768 3371 1836 epigramm.
3404 1767 3509 1833 72.)

2038 1870 2247 1928 Ethnici
2281 1872 2461 1943 itaque
2490 1872 2591 1928 hos
2617 1871 2832 1929 botulos
2856 1914 2872 1941 ,
2903 1871 3147 1927 frustulis
3174 1872 3391 1938 carnis,
3429 1872 3636 1928 mixto-

2037 1978 2140 2033 que
2186 1963 2498 2019 animalium
2540 1964 2799 2034 sanguine
2845 1962 3119 2019 confectos
3154 1962 3468 2032 ollerendo,
3514 1977 3634 2019 cer-

2035 2055 2203 2112 tiores
2232 2055 2434 2112 flehant
2458 2056 2602 2123 illos,
2627 2071 2657 2111 a
2683 2055 2878 2128 quibus
2902 2055 3303 2127 rejiciebantur,
3333 2053 3640 2111 christiana:

2036 2146 2317 2219 religionis
2355 2163 2477 2205 esse
2519 2162 2710 2204 revera
2749 2155 3069 2204 sectatores.
3095 2145 3228 2202 Cum
3253 2161 3385 2203 vero
3409 2161 3504 2202 eos
3526 2160 3642 2204 res-

2032 2250 2294 2312 puerent,
2344 2242 2514 2312 palam
2556 2242 2812 2298 omnibus
2856 2240 3121 2297 faciebant
3156 2254 3217 2297 se
3254 2239 3418 2298 malle
3441 2241 3635 2312 capitis

2034 2335 2218 2392 subire
2263 2337 2561 2407 periculum
2590 2350 2749 2408 quam
2780 2333 2989 2407 legibus
3026 2334 3139 2389 suis
3178 2348 3415 2405 unquam
3457 2332 3634 2389 refra-

2031 2429 2166 2500 gari.
2199 2428 2384 2500 Neque
2411 2428 2536 2485 huic
2567 2438 2771 2484 tantum
2816 2427 3043 2497 aliisque
3088 2426 3184 2481 Dei
3226 2439 3292 2481 ac
3320 2424 3520 2481 Christi
3545 2424 3630 2482 le-

2028 2522 2222 2593 gibus,
2251 2521 2346 2578 sed
2378 2522 2534 2593 hujus
2573 2521 2733 2577 etiam
2774 2518 3016 2581 consiliis
3055 2518 3324 2589 plerisque
3350 2518 3632 2586 omnibus,

2030 2615 2240 2671 etiamsi
2270 2614 2334 2669 iis
2366 2629 2472 2669 non
2513 2613 2733 2685 obligati
2761 2655 2777 2680 ,
2808 2610 2996 2668 eadem
3027 2610 3314 2667 sedulitate
3350 2610 3630 2681 parebant.

2030 2706 2229 2762 Verum
2262 2694 2380 2763 haec
2405 2706 2691 2777 unicuique
2725 2704 2957 2760 clariora
2989 2702 3119 2759 flent
3144 2719 3211 2760 ex
3242 2703 3327 2759 his
3349 2744 3366 2771 ,
3404 2718 3523 2775 quas
3560 2702 3629 2760 de

2027 2798 2240 2855 illorum
2284 2799 2523 2856 moribus
2551 2814 2582 2854 a
2613 2797 2946 2855 Tertulliano
2974 2795 3171 2853 tradita
3197 2837 3213 2866 ,
3255 2810 3399 2852 nunc
3445 2809 3625 2869 expo-

2027 2893 2201 2950 nenda
2228 2903 2372 2949 sunt.

2642 3021 2937 3064 Αιιτιῦυιυε
2975 3022 3055 3062 Ill.

2028 3121 2155 3176 Tam
2180 3130 2345 3178 castos
2371 3122 2530 3193 fuisse
2542 3121 2966 3185 Christianorum,
2984 3137 3134 3192 quam
3158 3122 3462 3193 deprauatus
3486 3138 3620 3195 gen-

2097 3215 2262 3270 tilium
2304 3232 2468 3270 mores
2497 3231 2516 3269 :
2544 3224 2735 3287 quanta
2763 3214 3161 3268 christianorum
3197 3229 3317 3285 erga
3341 3230 3515 3269 omnes
3539 3214 3622 3268 di-

2094 3306 2239 3361 lectio
2277 3315 2323 3360 et
2355 3306 2620 3372 Charitas;
2666 3322 2759 3359 cur
2800 3321 2854 3360 se
2896 3300 3109 3360 invicem
3156 3306 3378 3376 fratrum
3420 3304 3625 3360 nomine

2092 3398 2444 3470 appellarunt,
2460 3400 2683 3470 ipsisque
2696 3398 2867 3453 omnia
2880 3407 3064 3467 praeter
3088 3413 3271 3452 uxores
3292 3405 3456 3452 essent
3478 3413 3622 3452 com-

2089 3489 2265 3543 munia
2300 3505 2319 3543 :
2350 3506 2505 3561 quam
2549 3490 2757 3561 impune
2784 3489 2970 3545 ethnici
3000 3506 3029 3544 e
3056 3490 3311 3544 contrario
3340 3490 3620 3544 sacratiora

2088 3583 2420 3655 fraternitatis
2445 3585 2563 3673 iura
2586 3583 2901 3638 violaverint.

2086 3695 2272 3763 Qualis
2298 3710 2567 3766 quamque
2594 3695 2681 3765 pia
2713 3702 2768 3749 et
2793 3702 2978 3750 sancta
2999 3693 3158 3749 fuerit
3183 3692 3610 3751 Christianorum

2013 3787 2224 3844 vivendi
2248 3788 2409 3856 ratio,
2437 3797 2495 3843 ut
2515 3787 2882 3843 Turtullianus
2909 3796 3097 3843 noster
3125 3786 3485 3854 demonstret,
3510 3787 3614 3843 ho-

2011 3895 2165 3945 rum,
2198 3861 2641 3950 cthnicorumque
2683 3895 2860 3939 mores
2908 3887 3224 3949 comparat,
3269 3891 3338 3937 ac
3380 3880 3608 3936 istorum

2009 3981 2117 4029 tam
2163 3983 2380 4030 sanctos
2420 3982 2475 4028 et
2512 3983 2692 4029 castos
2715 4014 2729 4040 ,
2762 3987 2921 4044 quam
2962 3971 3173 4027 illorum
3204 3973 3524 4043 depravatos
3549 3988 3618 4030 ac

2007 4076 2291 4137 corruptos
2329 4064 2497 4121 fuisse
2536 4065 2835 4121 luculenter
2874 4065 3131 4121 ostendit.
3178 4064 3417 4120 Primum
3466 4065 3611 4121 enim

2006 4158 2285 4215 christiani
2310 4200 2325 4226 ,
2358 4163 2574 4216 tametsi
2604 4158 2767 4214 vitam
2794 4174 2914 4214 cum
2940 4159 3169 4214 ethnicis
3200 4174 3266 4214 eo
3290 4200 3305 4227 ,
3334 4175 3439 4231 quo
3463 4159 3612 4216 dixi-

2007 4266 2127 4305 mus
2149 4291 2164 4316 ,
2198 4251 2359 4307 modo
2387 4260 2609 4322 agerent
2642 4268 2657 4316 ;
2692 4259 2840 4306 tanto
2870 4260 3047 4306 tamen
3088 4250 3366 4307 charitatis
3409 4253 3610 4309 mutui-

2006 4358 2112 4414 que
2136 4343 2335 4399 amoris
2360 4342 2577 4400 vinculo
2601 4342 2871 4413 conjuncti
2900 4352 3051 4399 erant
3078 4360 3093 4409 ;
3120 4353 3179 4398 ut
3216 4343 3317 4414 ipsi
3348 4343 3604 4400 infensis-

2004 4438 2126 4492 simi
2154 4438 2367 4494 illorum
2412 4437 2593 4493 hostes
2622 4436 2824 4493 ethnici
2870 4436 3000 4493 illud
3040 4451 3145 4492 non
3182 4438 3458 4508 potuerint
3500 4453 3608 4494 non

2003 4528 2279 4584 admirari.
2334 4527 2529 4596 Quidni
2583 4529 2859 4585 enimvero
2901 4544 3008 4585 non
3051 4527 3296 4583 admirati
3342 4527 3607 4595 fuissent,

2004 4619 2145 4690 quod
2200 4619 2461 4691 optimum
2504 4629 2883 4691 agnoscentes,
2918 4619 3119 4675 imitari
3163 4634 3273 4675 non
3312 4618 3606 4675 valebant?

2000 4715 2337 4784 Quapropter
2357 4713 2715 4769 Tertullianus
2741 4728 2836 4770 eos
2866 4715 2938 4769 ita
2968 4714 3249 4785 loquentes
3276 4712 3597 4780 iuducendo,

2002 4815 2246 4862 mutuum
2281 4805 2473 4882 horum
2514 4806 2737 4875 odium,
2783 4805 3240 4877 quemadmodum
3267 4802 3603 4861 Christiano-

2000 4914 2121 4955 rum
2168 4914 2407 4956 amorem
2434 4942 2449 4967 ,
2486 4899 2758 4971 patefacit.
2798 4899 2888 4956 Sic
2924 4909 3105 4955 autem
3136 4899 3229 4955 ille
3261 4914 3277 4954 :
3316 4896 3444 4953 Vide
3467 4941 3482 4966 ,
3516 4899 3602 4955 in-

2001 4992 2227 5064 quiunt,
2270 5003 2323 5046 ut
2368 4994 2582 5048 invicem
2608 4993 2827 5064 diligant
2855 4991 3011 5063 (Ipsi
3060 4992 3195 5045 enim
3222 4990 3449 5061 gentiles
3471 4990 3606 5047 invi-

2000 5101 2108 5140 cem
2136 5085 2350 5140 oderunt
2372 5091 2389 5156 )
2411 5095 2455 5139 et
2482 5095 2537 5140 ut
2568 5103 2660 5156 pro
2691 5086 2940 5140 alterutro
2968 5083 3131 5139 iidem
3161 5082 3440 5138 christiani
3472 5086 3603 5139 mori

1996 5180 2098 5235 sint
2122 5182 2309 5248 parati.
2336 5178 2451 5250 Ipsi
2477 5180 2611 5235 enim
2633 5178 2832 5236 ethnici
2853 5178 2923 5232 ad
2942 5176 3273 5232 occidendum
3298 5177 3601 5233 alterutrum

1999 5273 2282 5346 paratiores
2329 5274 2348 5345 (
2378 5273 2708 5345 Tertullian.,
2751 5270 3042 5342 Apologet.,
3062 5285 3179 5341 cap.
3221 5267 3313 5337 '59,
3345 5288 3400 5342 p.
3425 5269 3534 5326 467
3554 5273 3598 5343 ).

1997 5365 2265 5435 Quantum
2292 5374 2470 5419 autem
2500 5364 2729 5435 gentiles
2758 5377 2881 5419 sese
2911 5360 3137 5417 invicem
3164 5361 3415 5430 oderint,
3446 5371 3501 5419 et
3528 5363 3611 5420 ad-

1997 5473 2058 5515 se
2082 5468 2267 5514 mutuo
2293 5457 2615 5513 occidendos
2642 5455 2842 5513 fuerint
2872 5455 3063 5528 parati,
3094 5471 3160 5513 ex
3187 5454 3326 5512 infra
3349 5454 3595 5514 dicendis

1994 5551 2333 5607 manifestum
2376 5549 2625 5606 omnibus
2654 5548 2764 5606 fiet.

2063 5645 2233 5701 Tanta
2276 5659 2406 5701 vero
2453 5654 2569 5700 erat
2625 5645 2738 5716 ipsa
2781 5643 3209 5701 Christianorum
3262 5644 3493 5711 caritas,
3538 5652 3600 5701 ut

1990 5751 2052 5794 se
2083 5747 2267 5794 mutuo
2288 5778 2304 5805 ,
2333 5744 2391 5792 ut
2416 5737 2526 5808 jam
2573 5737 2701 5794 alibi
2730 5737 3211 5794 animadvertimus
3233 5779 3248 5804 ,
3283 5737 3593 5819 (Dissertat.

1989 5828 2045 5885 in
2086 5820 2277 5885 Minut.
2312 5846 2430 5902 cap.
2472 5830 2562 5899 15,
2591 5840 2690 5886 art.
2739 5831 2819 5904 4).
2869 5831 3088 5888 Fratres
3115 5831 3447 5903 appellarent
3478 5847 3591 5890 non

1987 5923 2162 5982 solum
2192 5924 2359 5997 ipsius
2377 5932 2583 5983 natura:
2597 5924 2720 5998 jure
2741 5967 2756 5998 ,
2788 5939 2898 5999 quo
2922 5925 3085 5985 etiam
3107 5926 3443 5988 ethnicorum
3471 5924 3578 5985 fra-
