4082 6356
508 327 636 387 '91‘5

1591 313 1659 370 IN
1697 310 2159 371 TERTULLIANI
2195 293 2726 369 APOLOGETI'CUM

3749 298 3850 358 916

536 452 645 499 trcs
675 445 831 497 erant
852 478 868 501 ,
899 435 996 493 sed
1023 431 1354 505 quadruplici
1385 430 1607 503 insuper
1635 429 1823 497 titulo;
1852 444 1915 484 ac
1951 428 2125 500 primo
2152 427 2197 488 Λ
2231 427 2463 483 ternitate
2510 424 2761 498 tragtrdia
2810 416 3066 499 euclamat
3120 420 3139 496 (
3172 419 3486 477 Tertullian;
3552 418 3847 489 Apologet.,

530 533 785 605 quidem,
818 528 940 599 quia
985 542 1151 587 unum
1198 532 1407 597 patrem
1458 524 1664 593 Deum,
1715 522 1944 583 ethnicis
1972 522 2123 576 inco-

530 627 767 698 gnitum.
795 632 888 683 aut
913 621 983 677 ab
1003 620 1083 675 eis
1104 618 1443 690 repudiatum
1467 626 1831 691 agnoverant:
1866 615 2124 681 secundo,

529 716 731 781 Christi
752 713 1013 786 religione
1035 713 1222 775 itnbuti
1239 755 1253 778 ,
1286 729 1445 773 unum
1472 711 1709 783 spiritum
1730 709 1957 765 biberunt
1979 725 2125 767 sanc-

533 809 699 871 titulis
748 806 1095 882 (Tertullum.
1129 805 1226 860 loc.
1284 802 1452 875 cit.):
1505 804 1699 870 tertio,
1741 802 1861 873 quia
1910 801 1976 857 de
2022 818 2129 857 uno

538 913 696 961 utero
723 897 1063 972 igttot'antiat,
1086 898 1135 967 in
1158 911 1261 968 qua
1294 895 1531 953 nondum
1559 894 1742 966 agnito
1768 910 1895 949 vero
1920 894 2048 961 Deo,
2075 893 2126 947 in

540 995 694 1065 tetris
752 990 1071 1055 idololatriae
1130 988 1367 1051 tenebris
1435 987 1636 1045 tamdiu
1686 987 2003 1058 jacuerant,
2061 984 2129 1040 ad

534 1105 692 1150 unum
725 1088 888 1161 lucem
922 1091 1232 1165 expauerttut
1258 1080 1503 1136 veritatis.
1533 1078 1901 1151 Obstupelacti
1932 1076 2130 1149 quippe

534 1192 733 1249 erant,
788 1177 933 1251 quod
961 1187 1117 1238 antea
1165 1189 1273 1233 non
1324 1173 1675 1246 cognoverint
1716 1169 2130 1231 absurdissimos

540 1288 757 1334 errores
784 1286 913 1331 suos
937 1314 951 1339 ,
981 1286 1079 1329 nec
1104 1285 1414 1341 supremum
1450 1268 1615 1327 Deum
1642 1308 1657 1335 ,
1689 1280 1848 1337 quem
1877 1264 1961 1323 vel
1990 1263 2128 1328 solo,

535 1367 697 1426 sicuti
749 1381 912 1437 supra
956 1362 1288 1427 ostendimus
1339 1360 1545 1434 (Supr.
1593 1374 1711 1429 cap.
1767 1356 1836 1423 5,
1894 1364 1992 1411 art.
2029 1352 2127 1426 l),

537 1457 883 1515 conscientia:
926 1472 1036 1509 sua:
1067 1454 1274 1509 lumine
1302 1463 1356 1507 et
1385 1449 1603 1506 stimulo
1631 1446 1719 1507 vel
1765 1446 1915 1515 inviti
1942 1459 2132 1503 omnes

538 1567 832 1626 agnoscere
859 1550 1203 1621 cogebantur.

610 1646 813 1723 Quarto
840 1644 1070 1714 denique
1100 1641 1252 1695 titulo
1270 1654 1391 1695 sese
1411 1639 1636 1695 fratrum
1660 1635 1878 1695 nomine
1893 1631 2134 1701 compel-

541 1741 747 1805 labant,
778 1738 897 1808 quia
930 1736 1103 1806 inquit
1142 1733 1314 1787 adhuc
1342 1735 1545 1787 Auctor
1566 1739 1752 1787 noster
1772 1771 1786 1794 ,
1819 1743 1882 1781 ea:
1907 1726 2133 1801 substan-

538 1832 613 1885 tia
679 1828 927 1901 fantiliari
975 1832 1163 1899 fratres
1216 1841 1392 1880 sumus
1440 1821 1695 1899 (Tertull.
1747 1820 1868 1875 ibid.
1890 1819 1933 1891 ).
1998 1816 2132 1872 Nam
2165 1831 2212 1892 Β

542 1927 683 1980 hanc
705 1925 845 1978 inter
873 1937 933 1979 se
965 1922 1133 1977 multo
1161 1920 1394 1990 amplius
1416 1960 1432 1985 ,
1465 1933 1626 1988 quam
1657 1916 1849 1970 fratres
1867 1911 2131 1984 germani,

543 2017 729 2089 partiri
760 2016 1026 2071 solebant.
1060 2015 1182 2070 Uno
1211 2012 1375 2067 verbo
1402 2011 1583 2066 omnia
1605 2052 1618 2073 ,
1648 2009 1723 2062 ait
1749 2005 2130 2071 Tertullianus,

540 2109 760 2181 (lbid.)
791 2108 930 2179 apud
989 2108 1133 2178 ipsos
1180 2105 1337 2177 plane
1366 2115 1518 2159 erant
1561 2102 1849 2156 indiscreta
1882 2114 1945 2153 ac
1985 2112 2134 2159 com-

545 2205 744 2261 munia.

615 2298 748 2352 Tum
781 2297 939 2367 igitur
966 2311 1026 2351 ea
1059 2295 1248 2351 sedulo
1268 2337 1282 2359 ,
1317 2303 1373 2347 ut
1406 2290 1691 2361 plurimum
1722 2287 1913 2342 saltem
1945 2284 2132 2339 obser-

542 2390 764 2452 vabant,
797 2404 916 2459 qum:
947 2387 1014 2441 dc
1045 2386 1231 2456 primis
1257 2382 1575 2438 Christianis
1605 2379 1879 2435 memoria:
1910 2377 1963 2431 in
1990 2373 2133 2430 Acti-

541 2483 638 2536 bus
689 2479 1066 2550 ApoStolorum
1134 2477 1406 2549 proditum
1465 2475 1727 2545 legimus:
1785 2468 2135 2525 Multitudinis

540 2574 854 2628 credentium
900 2582 1008 2625 erat
1051 2587 1140 2624 cor
1168 2586 1327 2624 unum
1371 2578 1419 2623 et
1463 2567 1635 2622 animo
1670 2581 1812 2631 una,
1862 2578 1957 2616 nec
1990 2562 2133 2632 quis-

540 2682 693 2737 quam
718 2681 921 2731 eorum,
960 2680 1074 2735 qua:
1099 2662 1422 2734 possidebant
1443 2703 1457 2725 ,
1504 2658 1699 2730 aliquid
1726 2672 1875 2712 suum
1904 2653 2097 2708 dicebat
2115 2694 2130 2718 ,

544 2760 637 2813 scd
692 2768 837 2812 erant
912 2756 1016 2813 illis
1076 2758 1248 2810 onmia
1316 2753 1605 2808 communia
1651 2751 1829 2824 (Ach,
1885 2763 2002 2817 cap.
2058 2760 2130 2813 tv,

547 2850 618 2907 ’52
638 2849 679 2921 ).
708 2850 782 2905 De
828 2864 938 2903 sum
968 2849 1128 2903 etiam
1157 2846 1331 2902 artatis
1375 2843 1698 2900 Christianis
1730 2842 1963 2897 Ire-imus
1993 2840 2134 2892 hunc

540 2941 757 3013 scripsit
787 2941 838 2994 in
870 2939 1124 2997 modum:
1152 2936 1247 2993 Illi
1274 2937 1497 3008 quidem,
1538 2934 1730 2999 Judaei,
1769 2932 1990 2987 decimas
2010 2945 2130 2983 suo-

543 3051 656 3090 rum
683 3041 1000 3097 ασκεω-αισι
1024 3031 1305 3093 habebant:
1336 3029 1423 3100 qui
1441 3038 1608 3087 autem
1630 3034 1957 3099 perceperunt
1985 3022 2133 3081 liber-

544 3137 697 3185 tatem
721 3168 740 3188 ,
774 3124 825 3183 id
850 3133 937 3189 est
961 3123 1275 3188 Christiani,
1305 3126 1475 3180 omnia
1499 3136 1614 3194 qua:
1637 3129 1751 3174 sunt
1776 3119 2003 3197 ipsorum
2019 3156 2034 3183 ,
2065 3113 2135 3167 ad

542 3218 819 3294 dominicas
840 3217 1117 3285 decernunt
1140 3233 1259 3273 usus
1281 3230 1301 3283 ;
1341 3214 1571 3275 hilariter
1596 3222 1643 3267 et
1669 3212 1822 3267 libere
1847 3210 2023 3264 dantes
2049 3224 2129 3273 ea,
2163 3228 2208 3291 α

547 3331 646 3367 non
668 3329 781 3385 qua:
807 3321 925 3373 sunt
946 3312 1145 3367 minora
1162 3350 1178 3375 ,
1214 3320 1267 3369 ut
1295 3319 1409 3381 pote
1433 3307 1685 3378 majorum
1711 3320 1851 3377 spem
1874 3302 2134 3365 habentes,

545 3405 699 3461 vidua
721 3403 813 3459 illa
834 3414 883 3457 et
909 3417 1133 3474 paupere
1160 3400 1242 3454 hic
1273 3409 1432 3454 totum
1451 3399 1633 3452 victum
1654 3411 1802 3451 suum
1835 3393 2062 3446 mittente
2084 3392 2137 3445 in

552 3495 976 3567 gazophylacium
1024 3493 1118 3548 Dei
1150 3490 1345 3566 (lreu.,
1372 3490 1459 3545 lib.
1512 3489 1578 3545 IV
1606 3496 1771 3543 contr.
1803 3487 1981 3551 haras.
2017 3502 2134 3555 cap.

548 3590 634 3655 l8,
664 3604 782 3662 pag.
808 3586 936 3652 250,
964 3602 1080 3641 nov.
1109 3584 1277 3655 edit.).

616 3680 918 3754 Cyprianus
964 3689 1140 3734 tamen
1195 3676 1512 3741 Tertulliani
1562 3672 1892 3747 discipulus,
1924 3672 1991 3727 de
2025 3672 2135 3741 jam

545 3775 822 3830 imminuta
856 3772 978 3838 illa,
1033 3771 1099 3826 de
1122 3787 1223 3849 qua
1251 3770 1427 3825 adhuc
1468 3778 1651 3839 postea
1673 3809 1688 3834 ,
1720 3765 2135 3822 Christianorum

542 3868 767 3941 caritate
818 3866 900 3919 his
950 3865 1128 3923 verbis
1156 3862 1536 3937 conqueritur:
1566 3860 1758 3915 Domos
1785 3870 1904 3913 tunc
1938 3868 1984 3911 et
2011 3857 2133 3927 {un-

543 3960 633 4015 dos
660 3958 1015 4014 venundabaut
1039 3999 1055 4022 ,
1082 3966 1126 4011 et
1180 3959 1442 4011 thesauros
1465 3956 1559 4011 sibi
1588 3955 1641 4008 in
1666 3954 1791 4007 caelo
1816 3958 2132 4022 reponentes,

544 4053 891 4126 dislribuenda
918 4054 970 4106 in
998 4068 1120 4125 usus
1160 4032 1501 4125 indigentium
1524 4050 1684 4121 pretia
1723 4044 1967 4116 apostolis
2009 4041 2136 4111 offe-

543 4145 739 4200 rebant.
768 4145 830 4198 At
857 4163 989 4200 nunc
1031 4145 1093 4198 de
1117 4144 1424 4214 patrimonio
1463 4157 1553 4196 nec
1580 4140 1805 4194 decimas
1844 4136 2061 4201 damus;
2087 4145 2135 4190 et

542 4255 656 4292 cum
683 4237 896 4292 uendere
908 4236 1086 4308 jubeat
1116 4236 1366 4290 Dominus
1387 4276 1400 4298 ,
1429 4234 1642 4287 emimus
1668 4232 1836 4301 potius
1857 4272 1873 4297 ,
1902 4239 1948 4283 et
1974 4245 2133 4302 auge-

542 4351 672 4387 mus.
706 4332 795 4389 Sic
830 4334 881 4401 in
909 4332 1050 4386 nobis
1076 4329 1319 4385 emarcuit
1346 4329 1485 4403 rigor
1528 4327 1649 4392 ﬁdet
1671 4368 1684 4390 ,
1729 4327 1802 4381 sic
1824 4324 2133 4379 credentium

543 4426 694 4480 robur
717 4425 944 4497 elanguit
970 4424 990 4499 (
1014 4422 1259 4495 Cyprian.
1287 4422 1374 4476 lib.
1399 4421 1462 4476 de
1483 4422 1610 4475 unit.
1640 4418 1833 4477 Eccles.
1861 4436 1978 4490 pag.
2005 4416 2130 4481 H9,

537 4528 584 4583 et
620 4535 755 4589 seqq.
788 4514 924 4589 lu[r.
960 4533 1077 4587 cap.
1127 4515 1212 4568 l5.
1264 4524 1365 4567 art.
1412 4512 1492 4581 2).
1532 4512 1652 4566 Alio
1680 4521 1858 4565 autem
1909 4510 1959 4563 itt
1994 4510 2132 4564 libro

2229 536 2346 590 cap.
2373 519 2463 578 39.
2496 513 2716 589 p.43l).
2741 515 2879 585 Quid
2907 515 3049 570 enim
3083 513 3414 584 frequentius
3446 511 3510 567 in
3543 508 3848 581 lragtndiis,

2229 628 2390 685 quam
2424 610 2491 666 de
2515 608 2775 681 perfracta
2807 607 2875 662 ab
2902 605 3138 663 ethnicis
3186 604 3540 660 fraternitate
3572 602 3847 658 exclama-

2231 703 2445 759 tiones?
2486 703 2555 756 At
2588 709 2785 777 printer
2811 708 3037 755 crateras
3082 698 3135 754 in
3163 712 3226 753 ea
3255 696 3613 769 potissimum
3661 692 3850 765 depre-

2233 797 2541 854 henduntur
2562 838 2578 864 ,
2620 809 2781 866 quam
2806 793 3012 851 Seneca
3034 791 3103 847 de
3130 793 3298 847 Atreo
3318 798 3373 846 et
3405 788 3667 861 Thyeste
3704 801 3847 843 com-

2233 892 2432 964 posuit.
2452 890 2583 957 Quis
2606 890 2749 947 enim
2775 887 2979 945 nesciat
2998 886 3051 941 in
3080 900 3143 942 ea
3166 882 3560 956 reprzesentari
3595 880 3845 949 fabulam,

2231 987 2299 1042 ab
2346 986 2601 1051 lloratio,
2657 983 2890 1051 Ovidio,
2937 981 3166 1054 aliisque
3212 979 3410 1051 smpius
3455 977 3848 1046 decantatam,

2232 1096 2336 1155 qua
2365 1080 2633 1136 tinxerant
2674 1078 2968 1151 Thyestem
3011 1076 3078 1133 ab
3099 1075 3266 1131 Atreo
3294 1073 3460 1129 fratre
3510 1087 3621 1129 suo
3644 1113 3662 1139 ,
3705 1071 3850 1143 cnjus

2234 1189 2457 1233 uxorem
2487 1179 2858 1242 stupraverat,
2918 1183 3087 1240 regno
3119 1166 3410 1240 spoliatum
3441 1208 3457 1230 ,
3509 1165 3787 1228 datosque
3804 1164 3851 1220 ei

2235 1264 2375 1322 ﬁlios
2404 1265 2457 1325 in
2490 1264 2736 1320 convivio
2764 1260 3152 1318 comedendos.
3178 1259 3263 1338 ~De
3289 1257 3393 1315 hac
3414 1257 3571 1314 enim
3604 1252 3847 1312 horribili

2236 1357 2496 1431 tragoedia
2524 1357 2778 1415 lloratius
2803 1354 3072 1411 canebat:

2362 1491 2466 1543 Nec
2489 1504 2672 1554 pueros
2691 1505 2857 1542 coram
2879 1489 3058 1555 populo
3072 1489 3249 1540 Medea
3275 1488 3524 1555 trucidet,

2363 1556 2459 1606 Aut
2484 1550 2692 1609 humana
2715 1555 2871 1620 palam
2882 1550 3072 1617 coquat
3095 1561 3212 1603 exta
3234 1550 3455 1603 nefarius
3488 1551 3708 1601 Atreus.

2955 1636 3166 1701 (Horon,
3185 1637 3247 1688 de
3269 1642 3364 1687 art.
3389 1642 3520 1702 poet.
3548 1649 3600 1687 v.
3634 1633 3766 1697 185.)
3794 1669 3804 1682 .

2240 1768 2311 1821 At
2336 1765 2528 1821 bellnis
2550 1764 2680 1837 ipsis
2698 1728 2941 1820 dirioresl
2958 1762 3160 1820 ethnici
3184 1764 3324 1819 hanc
3345 1762 3684 1835 tragoediam
3704 1775 3847 1817 sum-

2244 1874 2327 1914 ma
2350 1874 2470 1914 cum
2496 1862 2768 1927 voluptate
2793 1856 3129 1926 spectabant.

2270 1988 2277 1998 ι
2319 1950 2512 2005 Verum
2542 1949 2819 2005 christiani
2848 1949 2916 2004 ab
2941 1947 3091 2004 hisce
3120 1946 3443 2019 spectaculis
3467 1989 3484 2015 ,
3517 1944 3844 2011 sceleribus,

2241 2055 2295 2101 et
2330 2044 2631 2098 alienorttm
2676 2042 2942 2101 bonorum
2992 2039 3284 2103 aviditate,
3336 2038 3407 2096 ita
3438 2038 3847 2102 abhorrebant;

2243 2145 2303 2192 ut
2327 2134 2460 2191 nihil
2486 2135 2644 2207 plane
2672 2133 3022 2191 indiscretum
3045 2174 3060 2199 ,
3090 2134 3231 2191 sicut
3256 2131 3493 2193 diximus
3512 2174 3530 2197 ,
3566 2130 3841 2194 haberent,

2241 2239 2426 2299 praeter
2455 2243 2655 2284 uxores.
2699 2225 2831 2281 Nam
2876 2227 2931 2280 in
2956 2225 3073 2293 isto,
3104 2225 3274 2296 inquit
3301 2224 3698 2289 Tertullianus,
3736 2221 3839 2276 solo

2240 2320 2552 2379 consortium
2592 2307 2857 2385 soluimus,
2896 2320 2949 2373 in
2974 2334 3074 2388 quo
3102 2317 3211 2373 solo
3240 2317 3409 2373 cwteri
3435 2316 3679 2375 homines
3728 2330 3839 2373 con-

2238 2413 2455 2468 sortium
2479 2420 2710 2467 exercent
2749 2409 3078 2484 (Tertullian.
3112 2408 3406 2481 Apologet,
3435 2425 3562 2479 cap.
3598 2407 3694 2473 59,
3726 2424 3838 2479 pag.

2241 2506 2413 2581 4⁸51),
2439 2521 2565 2562 suas
2601 2504 2852 2561 videlicet
2879 2519 3076 2560 uxores
3103 2504 3223 2560 aliis
3250 2503 3537 2569 tradendo,
3587 2512 3682 2558 aut
3717 2500 3837 2557 alias

2238 2598 2653 2671 corrumpendo.
2680 2598 2787 2655 Sed
2818 2597 2936 2654 hzec
2966 2597 3019 2652 in
3048 2598 3414 2669 sequentibus
3442 2596 3693 2655 articulis
3719 2609 3839 2652 esa-

2240 2695 2592 2752 tuinabimus.
3031 2717 3034 2720 η

2830 2859 3119 2902 ARTICULUS
3160 2859 3236 2899 ιν.

2241 2987 2540 3043 Ostenditur
2566 2995 2757 3056 quanta
2794 2985 2951 3056 fuerit
2991 2985 3398 3040 Christianorum
3427 2986 3707 3054 conjugum
3731 2993 3832 3033 cas-

2313 3081 2451 3146 titas,
2497 3090 2548 3135 et
2576 3097 2728 3151 quam
2758 3089 2949 3135 certum
2985 3080 3049 3135 sit
3079 3080 3250 3151 plures
3281 3081 3333 3135 in
3363 3077 3677 3149 uirginitatis
3705 3080 3828 3127 statu

2312 3175 2383 3227 ad
2408 3183 2616 3226 mortem
2643 3189 2800 3242 usque
2837 3189 3179 3243 perseverasse
3202 3189 3221 3227 :
3250 3182 3499 3243 quantum
3523 3170 3592 3225 ab
3632 3169 3710 3223 his
3731 3181 3828 3221 nta-

2315 3266 2453 3320 ribus
2479 3267 2707 3320 abessent
2736 3266 2941 3333 ethnici,
2985 3266 3115 3321 inter
3158 3283 3285 3338 quos
3312 3264 3458 3331 Cato,
3503 3275 3555 3319 et
3606 3262 3828 3318 Socrates

2314 3375 2433 3411 suos
2457 3374 2639 3412 umores
2663 3358 2841 3413 amicis
2870 3358 2924 3413 in
2955 3359 3333 3413 matrimonium
3352 3356 3626 3412 dederunt.

2315 3498 2431 3567 Qua
2489 3496 2744 3559 sevcriori
2805 3496 2921 3566 lege
2972 3495 3296 3551 adulterium
3346 3494 3449 3551 sibi
3496 3494 3826 3552 interdictum

2243 3590 2405 3645 fuisse
2435 3598 2697 3644 noverant
2720 3586 3018 3653 christiani,
3042 3603 3107 3643 eo
3138 3590 3326 3658 majori
3354 3604 3483 3644 cura
3509 3589 3691 3644 datam
3712 3601 3825 3641 cono

2236 3683 2385 3754 jugio
2418 3681 2574 3736 Iidem
2598 3681 2901 3736 servabant.
2932 3680 3290 3750 Quamobrem
3313 3697 3501 3739 omnes
3516 3682 3824 3739 christianos

2242 3773 2497 3846 coniuges
2546 3773 2967 3845 diligentissima,
3002 3774 3171 3844 inquit
3200 3773 3589 3840 Tertullianus,
3630 3783 3676 3828 et
3710 3759 3823 3841 fide-

2241 3868 2434 3925 lissima
2460 3867 2783 3920 castitas.....
2819 3866 2882 3919 ab
2919 3866 3131 3935 stupris,
3159 3875 3205 3921 et
3231 3866 3293 3920 ab
3322 3868 3458 3920 omni
3504 3877 3619 3937 post
3664 3862 3823 3919 matri-

2240 3959 2467 4015 monium
2497 3974 2702 4013 ea'cessu
2729 3957 2970 4029 sepiebat
2992 3956 3176 4027 (lbid.,
3197 3975 3312 4028 cap.
3334 3957 3385 4026 9,
3408 3976 3526 4029 pag.
3549 3955 3701 4031 5M).
3728 3954 3822 4011 Ne-

2238 4068 2343 4124 que
2371 4052 2421 4107 id
2449 4069 2478 4107 a
2506 4054 2658 4109 nobis
2689 4069 2829 4107 nunc
2853 4051 3023 4108 fusius
3050 4053 3403 4133 probandum,
3429 4053 3573 4125 quod
3619 4069 3683 4109 ex
3708 4046 3820 4105 alibi

2237 4142 2394 4210 dictis
2425 4141 2727 4216 (Dissertat.
2752 4145 2804 4198 in
2831 4142 3098 4205 Lactant..
3130 4161 3253 4215 cap.
3282 4146 3373 4211 27,
3397 4154 3496 4199 art.
3524 4146 3559 4202 5
3582 4154 3627 4201 et
3653 4143 3730 4216 6),
3748 4148 3817 4193 at-

2238 4252 2341 4308 que
2369 4234 2502 4290 infra
2531 4236 2796 4301 dicendis,
2844 4236 2976 4293 nulli
2999 4236 3221 4291 dubium
3266 4254 3387 4293 esse
3415 4248 3612 4309 potest.

2309 4330 2373 4382 At
2403 4342 2508 4383 non
2545 4329 2696 4408 pauci
2719 4327 2934 4399 quidem
2974 4344 3135 4400 supra
3165 4328 3402 4385 divinum
3444 4331 3575 4387 illud
3602 4340 3817 4403 βαραθρ-

2237 4431 2347 4473 tttm
2376 4433 2535 4491 agere
2560 4418 2761 4490 aliquid
2790 4421 3087 4489 cupientes,
3117 4436 3214 4492 per
3239 4422 3399 4478 totius
3426 4422 3547 4479 vita:
3575 4438 3686 4479 sum
3708 4433 3815 4474 cur-

2236 4514 2462 4570 riculum
2495 4515 2548 4569 in
2572 4514 2820 4569 cmlibalu
2850 4523 2907 4570 et
2931 4516 3230 4588 virginitate
3260 4532 3580 4588 permanere
3604 4527 3813 4575 consue-

536 4624 722 4664 rursus
749 4607 1026 4680 preposito
1050 4607 1342 4681 primorum
1375 4605 1790 4661 Christianorum
1833 4604 2082 4675 exemplo
2106 4645 2121 4670 ,
2153 4636 2208 4699 Ι)
2236 4619 2439 4663 verant.
2471 4609 2575 4666 Sed
2605 4608 2811 4673 audias,
2843 4626 3046 4681 quaeso,
3089 4612 3376 4667 Auctorem
3429 4607 3812 4675 nostrum,th

538 4721 643 4773 non
674 4705 808 4781 petit
834 4719 865 4765 a
896 4703 1007 4758 suis
1032 4746 1047 4771 ,
1082 4714 1135 4759 ut
1167 4700 1482 4775 patrimonia
1513 4699 1815 4773 fundosque
1841 4714 1970 4753 suos
1999 4712 2129 4752 ven-

535 4799 706 4854 dant:
735 4797 830 4875 sed
881 4798 968 4874 qui
994 4786 1253 4868 possessor
1287 4795 1340 4849 in
1367 4795 1515 4853 terris
1535 4836 1551 4863 ,
1604 4790 1809 4864 inquit,
1848 4792 2040 4846 reditus
2069 4808 2129 4845 ac

537 4895 729 4964 fructus
758 4907 876 4963 suos
890 4906 1004 4944 cum
1031 4889 1347 4963 [raternitate
1371 4887 1608 4959 partitur,
1629 4888 1750 4941 dum
1775 4886 2129 4957 largitionibus

532 4984 768 5056 gratuitis
794 4983 1077 5039 communis
1115 4998 1174 5035 ac
1211 4982 1383 5053 justus
1406 4990 1514 5044 est,
1556 4978 1652 5032 Dei
1696 4977 1871 5032 Patris
1901 4978 2127 5032 imitator

531 5085 622 5131 est.
669 5073 862 5149 (Idem,
910 5076 998 5129 lib.
1033 5075 1096 5128 de
1142 5073 1300 5149 Oper.
1349 5082 1393 5128 et
1422 5071 1744 5143 Eleemosyn.
1794 5088 1915 5141 pag.
1969 5069 2119 5141 203).

530 5167 720 5228 Nonne
744 5183 875 5239 ergo
911 5177 965 5223 et
1016 5168 1129 5239 ipse
1178 5181 1390 5239 quoque
1420 5164 1785 5221 Tertullianus
1826 5172 2011 5219 noster
2056 5163 2125 5219 de

530 5259 720 5317 iisdem
753 5260 895 5331 loqui
928 5258 1136 5314 videtur
1182 5257 1444 5313 bonorum
1497 5255 1891 5326 iundorumque
1937 5254 2124 5310 rediti-

528 5353 663 5422 bus,
709 5368 843 5425 quos
884 5352 931 5408 si
959 5367 1065 5407 non
1093 5367 1313 5417 omnes,
1366 5351 1580 5425 plurimi
1609 5349 1798 5405 saltem
1845 5348 2124 5405 christiani

527 5462 650 5503 cum
682 5447 800 5501 aliis
841 5445 1073 5500 maxima
1103 5445 1421 5501 liberalitate
1451 5444 1941 5500 commnnicabant.

598 5539 683 5594 Ab
711 5553 772 5595 ea
800 5554 927 5594 vero
961 5553 1054 5611 per
1079 5552 1237 5610 quam
1261 5538 1570 5611 longissime
1597 5537 1821 5594 aberant
1846 5538 2078 5610 gentiles
2101 5579 2117 5605 ,

524 5630 616 5702 qui
644 5640 860 5702 prepter
886 5640 1107 5703 paterna
1151 5646 1247 5685 sua
1278 5630 1413 5686 bona
1465 5630 1853 5687 fraternitatem
1899 5643 2115 5686 onmem

522 5723 884 5793 dirimebant,
928 5734 1088 5797 atque
1136 5723 1335 5781 idcirco
1363 5740 1687 5799 magnopere
1740 5724 2119 5793 mirabantur,

524 5818 666 5893 quod
695 5817 838 5873 nulla
858 5859 874 5887 ,
927 5819 1000 5877 ait
1027 5820 1218 5875 iterum
1251 5817 1610 5877 Tertullianus
1634 5861 1649 5890 ,
1698 5820 1759 5875 de
1788 5829 1959 5878 nostra
2000 5822 2111 5893 {ra-

2236 4704 2346 4779 suis
2372 4705 2550 4759 verbis
2573 4715 2915 4773 enarrantem
2943 4722 2956 4759 :
2991 4704 3215 4774 Quidam
3257 4706 3414 4761 multo
3446 4708 3719 4762 securiores
3744 4712 3812 4755 t0-

2234 4806 2336 4849 tam
2368 4797 2465 4850 vim
2488 4798 2643 4869 hujus
2670 4800 2877 4863 erroris,
2911 4811 3097 4854 contra
3146 4800 3379 4870 conjugii
3426 4801 3545 4870 jura
3567 4842 3582 4867 ,
3638 4798 3810 4871 virgine

2232 4889 2542 4947 continentia
2588 4890 2872 4958 depellunt,
2920 4907 3062 4946 senes
3121 4892 3264 4963 pueri
3317 4890 3689 4960 (Tertullian.,
3720 4888 3806 4943 loc.

2229 4976 2375 5052 cit.).
2418 4979 2470 5035 id
2501 4988 2605 5055 est,
2635 4995 2664 5033 a
2698 4981 2865 5055 prima
2887 4984 3132 5057 pueritia:
3158 4993 3315 5039 :ctate
3337 4982 3403 5038 ad
3434 4998 3694 5039 summam
3728 4990 3805 5035 us-

2230 5088 2334 5142 que
2359 5082 2688 5128 senectutem
2710 5114 2726 5140 ,
2760 5084 2811 5128 ct
2840 5074 3083 5129 ultimum
3116 5076 3237 5129 vita:
3270 5074 3517 5146 spiritum
3567 5075 3805 5132 illibatam

2229 5167 2621 5247 conservabant
2675 5166 3056 5238 virginitatem.
3098 5166 3252 5222 Vera:
3283 5166 3426 5223 enim
3474 5164 3803 5239 philosoiibia':

2229 5267 2545 5325 sectatores,
2576 5261 2650 5314 ait
2675 5260 2939 5315 Eusebius
2967 5257 3179 5329 (Euseb.
3206 5260 3363 5315 Orat.
3407 5260 3471 5315 de
3494 5260 3660 5316 Laud.
3686 5258 3802 5316 Con-

2229 5356 2464 5421 stantin.,
2494 5371 2607 5425 cap.
2645 5354 2731 5422 l7,
2763 5371 2882 5426 pag.
2918 5352 3067 5426 66l),
3096 5354 3301 5424 Deique
3327 5355 3566 5411 cultores
3590 5354 3703 5420 viri,
3727 5363 3800 5404 sa-

2228 5462 2334 5504 cra:
2357 5448 2628 5515 mulieres,
2659 5458 2714 5501 et
2741 5447 3007 5518 virginum
3033 5447 3207 5514 chori,
3232 5462 3261 5501 a
3284 5445 3499 5503 Christo
3521 5445 3799 5503 didicerant

2223 5557 2345 5599 sese
2369 5540 2528 5597 etiam
2552 5555 2646 5612 per
2678 5540 2959 5598 horribiles
2984 5541 3413 5611 persecutionum
3440 5541 3696 5612 procellas
3713 5533 3796 5590 ad-

2220 5633 2403 5690 dicere
2442 5644 2713 5706 perpetua:
2737 5635 2900 5690 animi
2930 5633 3282 5707 corporisque
3310 5633 3566 5689 castitati.
3599 5633 3673 5689 De
3708 5628 3793 5683 bac

2219 5738 2396 5784 autem
2423 5737 2678 5802 perpetua
2712 5728 3062 5800 plurimorum
3101 5727 3515 5784 ohristianorum
3566 5726 3785 5785 castitate

2217 5830 2270 5878 et
2292 5821 2586 5894 virginitate
2607 5819 2957 5881 disseruimus
2987 5822 3039 5878 in
3079 5820 3444 5895 superioribus
3469 5814 3781 5878 dissertatio-
