  <div class='ocr_page' id='page_1' title='image "/cluster/home/n/w/nwhite01/storage/ocr_20150623/1/hvd.32044015466733/484.png"; bbox 0 0 4092 6352; ppageno 0'>
   <div class='ocr_carea' id='block_1_1' title="bbox 307 341 418 411">
    <p class='ocr_par' dir='ltr' id='par_1_1' title="bbox 307 341 418 411">
     <span class='ocr_line' id='line_1_1' title="bbox 307 341 418 411; baseline 0 -11"><span class='ocrx_word' id='word_1_1' title='bbox 307 341 418 411; x_wconf 68' lang='lat' dir='ltr'><strong>at?</strong></span> 
     </span>
    </p>
   </div>
   <div class='ocr_carea' id='block_1_2' title="bbox 311 543 1609 619">
    <p class='ocr_par' dir='ltr' id='par_1_2' title="bbox 311 543 1609 619">
     <span class='ocr_line' id='line_1_2' title="bbox 311 543 1609 619; baseline -0.005 -12"><span class='ocrx_word' id='word_1_2' title='bbox 311 549 582 608; x_wconf 65' lang='lat' dir='ltr'><strong>Dissertat.</strong></span> <span class='ocrx_word' id='word_1_3' title='bbox 608 552 662 606; x_wconf 86' lang='lat' dir='ltr'><strong>in</strong></span> <span class='ocrx_word' id='word_1_4' title='bbox 689 547 953 618; x_wconf 77' lang='lat' dir='ltr'><strong>Lactant.,</strong></span> <span class='ocrx_word' id='word_1_5' title='bbox 983 564 1100 619; x_wconf 87' lang='lat' dir='ltr'><strong>cap.</strong></span> <span class='ocrx_word' id='word_1_6' title='bbox 1123 545 1217 613; x_wconf 65' lang='lat'><strong>27,</strong></span> <span class='ocrx_word' id='word_1_7' title='bbox 1238 554 1339 607; x_wconf 84' lang='lat' dir='ltr'><strong>art.</strong></span> <span class='ocrx_word' id='word_1_8' title='bbox 1366 543 1447 618; x_wconf 83' lang='lat'><strong>6).</strong></span> <span class='ocrx_word' id='word_1_9' title='bbox 1602 604 1609 609; x_wconf 59' lang='grc'><strong><em>,</em></strong></span> 
     </span>
    </p>
   </div>
   <div class='ocr_carea' id='block_1_3' title="bbox 383 634 1911 712">
    <p class='ocr_par' dir='ltr' id='par_1_3' title="bbox 383 634 1911 712">
     <span class='ocr_line' id='line_1_3' title="bbox 383 634 1911 712; baseline -0.008 -10"><span class='ocrx_word' id='word_1_10' title='bbox 383 645 584 704; x_wconf 76' lang='lat' dir='ltr'><strong>Verum</strong></span> <span class='ocrx_word' id='word_1_11' title='bbox 633 643 700 700; x_wconf 85' lang='lat' dir='ltr'><strong>ab</strong></span> <span class='ocrx_word' id='word_1_12' title='bbox 731 642 832 699; x_wconf 90' lang='lat' dir='ltr'><strong>hoc</strong></span> <span class='ocrx_word' id='word_1_13' title='bbox 860 640 1103 712; x_wconf 89' lang='lat' dir='ltr'><strong>corporis</strong></span> <span class='ocrx_word' id='word_1_14' title='bbox 1127 636 1443 696; x_wconf 72' lang='lat' dir='ltr'><strong>castimonia</strong></span> <span class='ocrx_word' id='word_1_15' title='bbox 1470 634 1782 707; x_wconf 82' lang='lat' dir='ltr'><strong>longissime</strong></span> <span class='ocrx_word' id='word_1_16' title='bbox 1825 649 1911 690; x_wconf 86' lang='lat' dir='ltr'><strong>re-</strong></span> 
     </span>
    </p>
   </div>
   <div class='ocr_carea' id='block_1_4' title="bbox 312 726 1914 807">
    <p class='ocr_par' dir='ltr' id='par_1_4' title="bbox 312 726 1914 807">
     <span class='ocr_line' id='line_1_4' title="bbox 312 726 1914 807; baseline -0.01 -11"><span class='ocrx_word' id='word_1_17' title='bbox 312 737 442 797; x_wconf 81' lang='lat' dir='ltr'><strong>moti</strong></span> <span class='ocrx_word' id='word_1_18' title='bbox 470 745 625 794; x_wconf 89' lang='lat' dir='ltr'><strong>erant</strong></span> <span class='ocrx_word' id='word_1_19' title='bbox 651 733 895 807; x_wconf 75' lang='lat' dir='ltr'><strong>gentiles.</strong></span> <span class='ocrx_word' id='word_1_20' title='bbox 944 731 1061 788; x_wconf 87' lang='lat' dir='ltr'><strong>Non</strong></span> <span class='ocrx_word' id='word_1_21' title='bbox 1092 730 1269 787; x_wconf 87' lang='lat' dir='ltr'><strong>solum</strong></span> <span class='ocrx_word' id='word_1_22' title='bbox 1300 729 1443 787; x_wconf 90' lang='lat' dir='ltr'><strong>enim</strong></span> <span class='ocrx_word' id='word_1_23' title='bbox 1489 727 1792 794; x_wconf 83' lang='lat' dir='ltr'><strong>amicorum,</strong></span> <span class='ocrx_word' id='word_1_24' title='bbox 1830 726 1914 781; x_wconf 89' lang='lat' dir='ltr'><strong>in-</strong></span> 
     </span>
    </p>
   </div>
   <div class='ocr_carea' id='block_1_5' title="bbox 311 817 1914 906">
    <p class='ocr_par' dir='ltr' id='par_1_5' title="bbox 311 817 1914 906">
     <span class='ocr_line' id='line_1_5' title="bbox 311 817 1914 906; baseline -0.01 -18"><span class='ocrx_word' id='word_1_25' title='bbox 311 830 428 906; x_wconf 90' lang='lat' dir='ltr'><strong>quit</strong></span> <span class='ocrx_word' id='word_1_26' title='bbox 476 827 859 890; x_wconf 85' lang='lat' dir='ltr'><strong>Tertullianus,</strong></span> <span class='ocrx_word' id='word_1_27' title='bbox 912 823 1237 879; x_wconf 85' lang='lat' dir='ltr'><strong>matrimonia</strong></span> <span class='ocrx_word' id='word_1_28' title='bbox 1282 830 1555 891; x_wconf 80' lang='lat' dir='ltr'><strong>usurpant,</strong></span> <span class='ocrx_word' id='word_1_29' title='bbox 1608 817 1697 875; x_wconf 84' lang='lat' dir='ltr'><strong>sed</strong></span> <span class='ocrx_word' id='word_1_30' title='bbox 1744 828 1790 875; x_wconf 85' lang='lat' dir='ltr'><strong>et</strong></span> <span class='ocrx_word' id='word_1_31' title='bbox 1819 834 1914 873; x_wconf 84' lang='lat' dir='ltr'><strong>sua</strong></span> 
     </span>
    </p>
   </div>
   <div class='ocr_carea' id='block_1_6' title="bbox 310 911 1914 993">
    <p class='ocr_par' dir='ltr' id='par_1_6' title="bbox 310 911 1914 993">
     <span class='ocr_line' id='line_1_6' title="bbox 310 911 1914 993; baseline -0.01 -12"><span class='ocrx_word' id='word_1_32' title='bbox 310 924 489 981; x_wconf 80' lang='lat' dir='ltr'><strong>amicis</strong></span> <span class='ocrx_word' id='word_1_33' title='bbox 518 919 880 993; x_wconf 77' lang='lat' dir='ltr'><strong>patientissime</strong></span> <span class='ocrx_word' id='word_1_34' title='bbox 922 916 1309 972; x_wconf 85' lang='lat' dir='ltr'><strong>subministrant</strong></span> <span class='ocrx_word' id='word_1_35' title='bbox 1361 913 1686 987; x_wconf 83' lang='lat' dir='ltr'><strong>(Tertullian.</strong></span> <span class='ocrx_word' id='word_1_36' title='bbox 1716 911 1914 982; x_wconf 56' lang='lat' dir='ltr'><strong>Apulo.</strong></span> 
     </span>
    </p>
   </div>
   <div class='ocr_carea' id='block_1_7' title="bbox 311 1002 1915 1093">
    <p class='ocr_par' dir='ltr' id='par_1_7' title="bbox 311 1002 1915 1093">
     <span class='ocr_line' id='line_1_7' title="bbox 311 1002 1915 1093; baseline -0.011 -17"><span class='ocrx_word' id='word_1_37' title='bbox 311 1029 437 1093; x_wconf 86' lang='lat' dir='ltr'><strong>get.,</strong></span> <span class='ocrx_word' id='word_1_38' title='bbox 455 1034 568 1089; x_wconf 87' lang='lat' dir='ltr'><strong>cap.</strong></span> <span class='ocrx_word' id='word_1_39' title='bbox 591 1014 693 1080; x_wconf 74' lang='lat'><strong>39,</strong></span> <span class='ocrx_word' id='word_1_40' title='bbox 717 1030 835 1086; x_wconf 89' lang='lat' dir='ltr'><strong>pag.</strong></span> <span class='ocrx_word' id='word_1_41' title='bbox 860 1010 1010 1085; x_wconf 70' lang='lat'><strong>467).</strong></span> <span class='ocrx_word' id='word_1_42' title='bbox 1030 1010 1145 1066; x_wconf 88' lang='lat' dir='ltr'><strong>Duo</strong></span> <span class='ocrx_word' id='word_1_43' title='bbox 1164 1016 1343 1064; x_wconf 88' lang='lat' dir='ltr'><strong>autem</strong></span> <span class='ocrx_word' id='word_1_44' title='bbox 1371 1007 1444 1063; x_wconf 87' lang='lat' dir='ltr'><strong>ibi</strong></span> <span class='ocrx_word' id='word_1_45' title='bbox 1474 1014 1624 1062; x_wconf 88' lang='lat' dir='ltr'><strong>notat</strong></span> <span class='ocrx_word' id='word_1_46' title='bbox 1650 1002 1860 1060; x_wconf 76' lang='lat' dir='ltr'><strong>violatae</strong></span> <span class='ocrx_word' id='word_1_47' title='bbox 1883 1017 1915 1058; x_wconf 88' lang='lat' dir='ltr'><strong>a</strong></span> 
     </span>
    </p>
   </div>
   <div class='ocr_carea' id='block_1_8' title="bbox 311 1098 1913 1187">
    <p class='ocr_par' dir='ltr' id='par_1_8' title="bbox 311 1098 1913 1187">
     <span class='ocr_line' id='line_1_8' title="bbox 311 1098 1913 1187; baseline -0.012 -16"><span class='ocrx_word' id='word_1_48' title='bbox 311 1112 605 1187; x_wconf 74' lang='lat' dir='ltr'><strong>gentilibus</strong></span> <span class='ocrx_word' id='word_1_49' title='bbox 632 1107 892 1164; x_wconf 85' lang='lat' dir='ltr'><strong>castitatis</strong></span> <span class='ocrx_word' id='word_1_50' title='bbox 912 1104 1131 1177; x_wconf 81' lang='lat' dir='ltr'><strong>ﬂagitia.</strong></span> <span class='ocrx_word' id='word_1_51' title='bbox 1157 1102 1395 1158; x_wconf 86' lang='lat' dir='ltr'><strong>Primum</strong></span> <span class='ocrx_word' id='word_1_52' title='bbox 1418 1108 1502 1157; x_wconf 88' lang='lat' dir='ltr'><strong>est</strong></span> <span class='ocrx_word' id='word_1_53' title='bbox 1526 1098 1913 1171; x_wconf 77' lang='lat' dir='ltr'><strong>adulterorum,</strong></span> 
     </span>
    </p>
   </div>
   <div class='ocr_carea' id='block_1_9' title="bbox 311 1196 1915 1278">
    <p class='ocr_par' dir='ltr' id='par_1_9' title="bbox 311 1196 1915 1278">
     <span class='ocr_line' id='line_1_9' title="bbox 311 1196 1915 1278; baseline -0.012 -15"><span class='ocrx_word' id='word_1_54' title='bbox 311 1205 405 1278; x_wconf 91' lang='lat' dir='ltr'><strong>qui</strong></span> <span class='ocrx_word' id='word_1_55' title='bbox 439 1201 678 1277; x_wconf 80' lang='lat' dir='ltr'><strong>geniales</strong></span> <span class='ocrx_word' id='word_1_56' title='bbox 710 1199 1004 1257; x_wconf 85' lang='lat' dir='ltr'><strong>amicorum</strong></span> <span class='ocrx_word' id='word_1_57' title='bbox 1035 1196 1369 1267; x_wconf 89' lang='lat' dir='ltr'><strong>aliorumque</strong></span> <span class='ocrx_word' id='word_1_58' title='bbox 1402 1201 1547 1249; x_wconf 88' lang='lat' dir='ltr'><strong>toros</strong></span> <span class='ocrx_word' id='word_1_59' title='bbox 1574 1199 1915 1247; x_wconf 82' lang='lat' dir='ltr'><strong>contemera-</strong></span> 
     </span>
    </p>
   </div>
   <div class='ocr_carea' id='block_1_10' title="bbox 312 1279 1917 1366">
    <p class='ocr_par' dir='ltr' id='par_1_10' title="bbox 312 1279 1917 1366">
     <span class='ocr_line' id='line_1_10' title="bbox 312 1279 1917 1366; baseline -0.012 -11"><span class='ocrx_word' id='word_1_60' title='bbox 312 1297 465 1355; x_wconf 91' lang='lat' dir='ltr'><strong>bant.</strong></span> <span class='ocrx_word' id='word_1_61' title='bbox 504 1298 572 1352; x_wconf 85' lang='lat' dir='ltr'><strong>At</strong></span> <span class='ocrx_word' id='word_1_62' title='bbox 594 1289 1086 1366; x_wconf 78' lang='lat' dir='ltr'><strong>frequentissimum</strong></span> <span class='ocrx_word' id='word_1_63' title='bbox 1114 1296 1228 1343; x_wconf 84' lang='lat' dir='ltr'><strong>erat</strong></span> <span class='ocrx_word' id='word_1_64' title='bbox 1263 1285 1397 1343; x_wconf 89' lang='lat' dir='ltr'><strong>illud</strong></span> <span class='ocrx_word' id='word_1_65' title='bbox 1439 1283 1639 1356; x_wconf 87' lang='lat' dir='ltr'><strong>scelus,</strong></span> <span class='ocrx_word' id='word_1_66' title='bbox 1674 1282 1725 1337; x_wconf 89' lang='lat' dir='ltr'><strong>in</strong></span> <span class='ocrx_word' id='word_1_67' title='bbox 1774 1279 1917 1353; x_wconf 88' lang='lat' dir='ltr'><strong>quod</strong></span> 
     </span>
    </p>
   </div>
   <div class='ocr_carea' id='block_1_11' title="bbox 312 1379 1913 1455">
    <p class='ocr_par' dir='ltr' id='par_1_11' title="bbox 312 1379 1913 1455">
     <span class='ocr_line' id='line_1_11' title="bbox 312 1379 1913 1455; baseline -0.011 -9"><span class='ocrx_word' id='word_1_68' title='bbox 312 1388 607 1452; x_wconf 81' lang='lat' dir='ltr'><strong>Juvenalis,</strong></span> <span class='ocrx_word' id='word_1_69' title='bbox 652 1383 849 1455; x_wconf 87' lang='lat' dir='ltr'><strong>aliique</strong></span> <span class='ocrx_word' id='word_1_70' title='bbox 886 1382 1048 1437; x_wconf 87' lang='lat' dir='ltr'><strong>etiam</strong></span> <span class='ocrx_word' id='word_1_71' title='bbox 1088 1379 1319 1452; x_wconf 89' lang='lat' dir='ltr'><strong>gentiles</strong></span> <span class='ocrx_word' id='word_1_72' title='bbox 1368 1386 1543 1450; x_wconf 71' lang='lat' dir='ltr'><strong>poeta:</strong></span> <span class='ocrx_word' id='word_1_73' title='bbox 1588 1385 1695 1431; x_wconf 88' lang='lat' dir='ltr'><strong>tam</strong></span> <span class='ocrx_word' id='word_1_74' title='bbox 1747 1388 1913 1445; x_wconf 81' lang='lat' dir='ltr'><strong>saepe,</strong></span> 
     </span>
    </p>
   </div>
   <div class='ocr_carea' id='block_1_12' title="bbox 312 1468 1913 1555">
    <p class='ocr_par' dir='ltr' id='par_1_12' title="bbox 312 1468 1913 1555">
     <span class='ocr_line' id='line_1_12' title="bbox 312 1468 1913 1555; baseline -0.009 -17"><span class='ocrx_word' id='word_1_75' title='bbox 312 1497 473 1555; x_wconf 83' lang='lat' dir='ltr'><strong>quam</strong></span> <span class='ocrx_word' id='word_1_76' title='bbox 504 1478 698 1535; x_wconf 90' lang='lat' dir='ltr'><strong>merito</strong></span> <span class='ocrx_word' id='word_1_77' title='bbox 730 1475 1074 1553; x_wconf 69' lang='lat' dir='ltr'><strong>invehuntur.</strong></span> <span class='ocrx_word' id='word_1_78' title='bbox 1121 1472 1460 1544; x_wconf 87' lang='lat' dir='ltr'><strong>Quapropter</strong></span> <span class='ocrx_word' id='word_1_79' title='bbox 1505 1468 1864 1541; x_wconf 84' lang='lat' dir='ltr'><strong>Hieronymus</strong></span> <span class='ocrx_word' id='word_1_80' title='bbox 1898 1483 1913 1523; x_wconf 84' lang='lat'><strong>:</strong></span> 
     </span>
    </p>
   </div>
   <div class='ocr_carea' id='block_1_13' title="bbox 265 1560 1913 1645">
    <p class='ocr_par' dir='ltr' id='par_1_13' title="bbox 265 1560 1913 1645">
     <span class='ocr_line' id='line_1_13' title="bbox 265 1560 1913 1645; baseline -0.009 -16"><span class='ocrx_word' id='word_1_81' title='bbox 265 1601 275 1610; x_wconf 86' lang='grc'><strong>·</strong></span> <span class='ocrx_word' id='word_1_82' title='bbox 320 1570 581 1645; x_wconf 79' lang='lat' dir='ltr'><strong>Quidquid</strong></span> <span class='ocrx_word' id='word_1_83' title='bbox 633 1568 913 1641; x_wconf 74' lang='lat' dir='ltr'><strong>tragadiw,</strong></span> <span class='ocrx_word' id='word_1_84' title='bbox 939 1566 1129 1638; x_wconf 88' lang='lat' dir='ltr'><strong>inquit,</strong></span> <span class='ocrx_word' id='word_1_85' title='bbox 1168 1573 1381 1631; x_wconf 89' lang='lat' dir='ltr'><strong>tument,</strong></span> <span class='ocrx_word' id='word_1_86' title='bbox 1429 1570 1479 1619; x_wconf 90' lang='lat' dir='ltr'><strong>et</strong></span> <span class='ocrx_word' id='word_1_87' title='bbox 1509 1561 1707 1627; x_wconf 84' lang='lat' dir='ltr'><strong>domos,</strong></span> <span class='ocrx_word' id='word_1_88' title='bbox 1744 1560 1913 1627; x_wconf 84' lang='lat' dir='ltr'><strong>urbes,</strong></span> 
     </span>
    </p>
   </div>
   <div class='ocr_carea' id='block_1_14' title="bbox 313 1656 1917 1741">
    <p class='ocr_par' dir='ltr' id='par_1_14' title="bbox 313 1656 1917 1741">
     <span class='ocr_line' id='line_1_14' title="bbox 313 1656 1917 1741; baseline -0.01 -17"><span class='ocrx_word' id='word_1_89' title='bbox 313 1682 570 1741; x_wconf 86' lang='lat' dir='ltr'><strong>regnaque</strong></span> <span class='ocrx_word' id='word_1_90' title='bbox 594 1663 871 1730; x_wconf 85' lang='lat' dir='ltr'><strong>subvertit,</strong></span> <span class='ocrx_word' id='word_1_91' title='bbox 929 1676 1147 1716; x_wconf 75' lang='lat' dir='ltr'><strong>uxorum</strong></span> <span class='ocrx_word' id='word_1_92' title='bbox 1188 1657 1525 1729; x_wconf 85' lang='lat' dir='ltr'><strong>pellicumque</strong></span> <span class='ocrx_word' id='word_1_93' title='bbox 1550 1656 1801 1711; x_wconf 80' lang='lat' dir='ltr'><strong>contentio</strong></span> <span class='ocrx_word' id='word_1_94' title='bbox 1845 1663 1917 1709; x_wconf 87' lang='lat' dir='ltr'><strong>est</strong></span> 
     </span>
    </p>
   </div>
   <div class='ocr_carea' id='block_1_15' title="bbox 316 1747 1676 1835">
    <p class='ocr_par' dir='ltr' id='par_1_15' title="bbox 316 1747 1676 1835">
     <span class='ocr_line' id='line_1_15' title="bbox 316 1747 1676 1835; baseline -0.01 -20"><span class='ocrx_word' id='word_1_95' title='bbox 316 1758 673 1835; x_wconf 70' lang='lat' dir='ltr'><strong>(Hieronym,</strong></span> <span class='ocrx_word' id='word_1_96' title='bbox 705 1753 792 1810; x_wconf 90' lang='lat' dir='ltr'><strong>lib.</strong></span> <span class='ocrx_word' id='word_1_97' title='bbox 822 1751 885 1820; x_wconf 90' lang='lat' dir='ltr'><strong>ll,</strong></span> <span class='ocrx_word' id='word_1_98' title='bbox 918 1751 1034 1806; x_wconf 87' lang='lat' dir='ltr'><strong>adv.</strong></span> <span class='ocrx_word' id='word_1_99' title='bbox 1061 1749 1350 1817; x_wconf 84' lang='lat' dir='ltr'><strong>Jovinian.,</strong></span> <span class='ocrx_word' id='word_1_100' title='bbox 1381 1765 1503 1822; x_wconf 85' lang='lat' dir='ltr'><strong>pag.</strong></span> <span class='ocrx_word' id='word_1_101' title='bbox 1528 1747 1676 1818; x_wconf 77' lang='grc'><strong>191).</strong></span> 
     </span>
    </p>
   </div>
   <div class='ocr_carea' id='block_1_16' title="bbox 390 1837 1999 1918">
    <p class='ocr_par' dir='ltr' id='par_1_16' title="bbox 390 1837 1999 1918">
     <span class='ocr_line' id='line_1_16' title="bbox 390 1837 1999 1918; baseline -0.01 -9"><span class='ocrx_word' id='word_1_102' title='bbox 390 1852 549 1909; x_wconf 83' lang='lat' dir='ltr'><strong>Aliud</strong></span> <span class='ocrx_word' id='word_1_103' title='bbox 592 1850 795 1905; x_wconf 87' lang='lat' dir='ltr'><strong>crimen</strong></span> <span class='ocrx_word' id='word_1_104' title='bbox 828 1846 1009 1918; x_wconf 87' lang='lat' dir='ltr'><strong>priore</strong></span> <span class='ocrx_word' id='word_1_105' title='bbox 1051 1859 1156 1900; x_wconf 93' lang='lat' dir='ltr'><strong>uon</strong></span> <span class='ocrx_word' id='word_1_106' title='bbox 1184 1844 1357 1900; x_wconf 78' lang='lat' dir='ltr'><strong>levius</strong></span> <span class='ocrx_word' id='word_1_107' title='bbox 1405 1842 1617 1898; x_wconf 85' lang='lat' dir='ltr'><strong>illorum</strong></span> <span class='ocrx_word' id='word_1_108' title='bbox 1660 1838 1777 1904; x_wconf 81' lang='lat' dir='ltr'><strong>fuit,</strong></span> <span class='ocrx_word' id='word_1_109' title='bbox 1828 1837 1918 1909; x_wconf 87' lang='lat' dir='ltr'><strong>qui</strong></span> <span class='ocrx_word' id='word_1_110' title='bbox 1948 1855 1999 1917; x_wconf 73' lang='grc' dir='ltr'><strong>Β</strong></span> 
     </span>
    </p>
   </div>
   <div class='ocr_carea' id='block_1_17' title="bbox 318 1930 1922 2011">
    <p class='ocr_par' dir='ltr' id='par_1_17' title="bbox 318 1930 1922 2011">
     <span class='ocr_line' id='line_1_17' title="bbox 318 1930 1922 2011; baseline -0.009 -10"><span class='ocrx_word' id='word_1_111' title='bbox 318 1959 547 2001; x_wconf 83' lang='lat' dir='ltr'><strong>uxorum</strong></span> <span class='ocrx_word' id='word_1_112' title='bbox 566 1958 783 1998; x_wconf 88' lang='lat' dir='ltr'><strong>suarum</strong></span> <span class='ocrx_word' id='word_1_113' title='bbox 807 1937 1114 2011; x_wconf 74' lang='lat' dir='ltr'><strong>pudicitiam</strong></span> <span class='ocrx_word' id='word_1_114' title='bbox 1134 1935 1322 1991; x_wconf 84' lang='lat' dir='ltr'><strong>amicis</strong></span> <span class='ocrx_word' id='word_1_115' title='bbox 1342 1933 1755 2006; x_wconf 66' lang='lat' dir='ltr'><strong>prostituebaut.</strong></span> <span class='ocrx_word' id='word_1_116' title='bbox 1779 1930 1922 1986; x_wconf 82' lang='lat' dir='ltr'><strong>Duo-</strong></span> 
     </span>
    </p>
   </div>
   <div class='ocr_carea' id='block_1_18' title="bbox 320 2023 1923 2103">
    <p class='ocr_par' dir='ltr' id='par_1_18' title="bbox 320 2023 1923 2103">
     <span class='ocr_line' id='line_1_18' title="bbox 320 2023 1923 2103; baseline -0.009 -11"><span class='ocrx_word' id='word_1_117' title='bbox 320 2037 422 2092; x_wconf 82' lang='lat' dir='ltr'><strong>bus</strong></span> <span class='ocrx_word' id='word_1_118' title='bbox 453 2045 633 2091; x_wconf 88' lang='lat' dir='ltr'><strong>autem</strong></span> <span class='ocrx_word' id='word_1_119' title='bbox 661 2032 711 2088; x_wconf 89' lang='lat' dir='ltr'><strong>id</strong></span> <span class='ocrx_word' id='word_1_120' title='bbox 742 2032 933 2103; x_wconf 85' lang='lat' dir='ltr'><strong>probat</strong></span> <span class='ocrx_word' id='word_1_121' title='bbox 963 2028 1330 2085; x_wconf 83' lang='lat' dir='ltr'><strong>&#39;l‘ertullianus</strong></span> <span class='ocrx_word' id='word_1_122' title='bbox 1350 2025 1638 2097; x_wconf 79' lang='lat' dir='ltr'><strong>exemplis,</strong></span> <span class='ocrx_word' id='word_1_123' title='bbox 1682 2023 1923 2081; x_wconf 89' lang='lat' dir='ltr'><strong>Socratis</strong></span> 
     </span>
    </p>
   </div>
   <div class='ocr_carea' id='block_1_19' title="bbox 323 2116 1923 2196">
    <p class='ocr_par' dir='ltr' id='par_1_19' title="bbox 323 2116 1923 2196">
     <span class='ocr_line' id='line_1_19' title="bbox 323 2116 1923 2196; baseline -0.009 -9"><span class='ocrx_word' id='word_1_124' title='bbox 323 2129 518 2196; x_wconf 66' lang='lat' dir='ltr'><strong>Graeci,</strong></span> <span class='ocrx_word' id='word_1_125' title='bbox 550 2138 603 2183; x_wconf 90' lang='lat' dir='ltr'><strong>et</strong></span> <span class='ocrx_word' id='word_1_126' title='bbox 631 2124 857 2181; x_wconf 83' lang='lat' dir='ltr'><strong>Romani</strong></span> <span class='ocrx_word' id='word_1_127' title='bbox 887 2122 1107 2179; x_wconf 89' lang='lat' dir='ltr'><strong>Catonis</strong></span> <span class='ocrx_word' id='word_1_128' title='bbox 1133 2138 1148 2189; x_wconf 88' lang='lat'><strong>;</strong></span> <span class='ocrx_word' id='word_1_129' title='bbox 1196 2121 1286 2192; x_wconf 87' lang='lat' dir='ltr'><strong>qui</strong></span> <span class='ocrx_word' id='word_1_130' title='bbox 1318 2129 1495 2176; x_wconf 87' lang='lat' dir='ltr'><strong>tamen</strong></span> <span class='ocrx_word' id='word_1_131' title='bbox 1541 2116 1923 2189; x_wconf 65' lang='lat' dir='ltr'><strong>sapientissimi</strong></span> 
     </span>
    </p>
   </div>
   <div class='ocr_carea' id='block_1_20' title="bbox 323 2209 1924 2295">
    <p class='ocr_par' dir='ltr' id='par_1_20' title="bbox 323 2209 1924 2295">
     <span class='ocr_line' id='line_1_20' title="bbox 323 2209 1924 2295; baseline -0.007 -19"><span class='ocrx_word' id='word_1_132' title='bbox 323 2219 465 2295; x_wconf 87' lang='lat' dir='ltr'><strong>apud</strong></span> <span class='ocrx_word' id='word_1_133' title='bbox 496 2219 592 2274; x_wconf 90' lang='lat' dir='ltr'><strong>has</strong></span> <span class='ocrx_word' id='word_1_134' title='bbox 636 2218 881 2273; x_wconf 88' lang='lat' dir='ltr'><strong>nationes</strong></span> <span class='ocrx_word' id='word_1_135' title='bbox 929 2214 1376 2272; x_wconf 82' lang='lat' dir='ltr'><strong>existimabantur</strong></span> <span class='ocrx_word' id='word_1_136' title='bbox 1408 2229 1420 2266; x_wconf 89' lang='lat'><strong>:</strong></span> <span class='ocrx_word' id='word_1_137' title='bbox 1455 2209 1596 2267; x_wconf 79' lang='lat' dir='ltr'><strong>Nam</strong></span> <span class='ocrx_word' id='word_1_138' title='bbox 1645 2210 1699 2265; x_wconf 78' lang='lat' dir='ltr'><strong>lii</strong></span> <span class='ocrx_word' id='word_1_139' title='bbox 1738 2225 1924 2266; x_wconf 70' lang='lat' dir='ltr'><strong>uxores</strong></span> 
     </span>
    </p>
   </div>
   <div class='ocr_carea' id='block_1_21' title="bbox 306 2298 1921 2383">
    <p class='ocr_par' dir='ltr' id='par_1_21' title="bbox 306 2298 1921 2383">
     <span class='ocr_line' id='line_1_21' title="bbox 306 2298 1921 2383; baseline -0.007 -14"><span class='ocrx_word' id='word_1_140' title='bbox 306 2298 467 2381; x_wconf 75' lang='lat' dir='ltr'><strong>suas,</strong></span> <span class='ocrx_word' id='word_1_141' title='bbox 500 2310 687 2383; x_wconf 81' lang='lat' dir='ltr'><strong>inquit,</strong></span> <span class='ocrx_word' id='word_1_142' title='bbox 719 2310 896 2364; x_wconf 89' lang='lat' dir='ltr'><strong>amicis</strong></span> <span class='ocrx_word' id='word_1_143' title='bbox 925 2306 1442 2373; x_wconf 78' lang='lat' dir='ltr'><strong>communicaverunt,</strong></span> <span class='ocrx_word' id='word_1_144' title='bbox 1470 2321 1598 2375; x_wconf 86' lang='lat' dir='ltr'><strong>quas</strong></span> <span class='ocrx_word' id='word_1_145' title='bbox 1637 2306 1691 2358; x_wconf 86' lang='lat' dir='ltr'><strong>in</strong></span> <span class='ocrx_word' id='word_1_146' title='bbox 1738 2303 1921 2359; x_wconf 79' lang='lat' dir='ltr'><strong>matri-</strong></span> 
     </span>
    </p>
   </div>
   <div class='ocr_carea' id='block_1_22' title="bbox 328 2396 1925 2467">
    <p class='ocr_par' dir='ltr' id='par_1_22' title="bbox 328 2396 1925 2467">
     <span class='ocr_line' id='line_1_22' title="bbox 328 2396 1925 2467; baseline -0.007 -5"><span class='ocrx_word' id='word_1_147' title='bbox 328 2407 555 2462; x_wconf 83' lang='lat' dir='ltr'><strong>monium</strong></span> <span class='ocrx_word' id='word_1_148' title='bbox 581 2404 830 2459; x_wconf 75' lang='lat' dir='ltr'><strong>duxerant</strong></span> <span class='ocrx_word' id='word_1_149' title='bbox 856 2401 1128 2457; x_wconf 87' lang='lat' dir='ltr'><strong>liberorum</strong></span> <span class='ocrx_word' id='word_1_150' title='bbox 1152 2416 1344 2467; x_wconf 85' lang='lat' dir='ltr'><strong>causa,</strong></span> <span class='ocrx_word' id='word_1_151' title='bbox 1375 2408 1425 2454; x_wconf 83' lang='lat' dir='ltr'><strong>et</strong></span> <span class='ocrx_word' id='word_1_152' title='bbox 1440 2399 1583 2466; x_wconf 85' lang='lat' dir='ltr'><strong>alibi,</strong></span> <span class='ocrx_word' id='word_1_153' title='bbox 1612 2397 1666 2454; x_wconf 88' lang='lat' dir='ltr'><strong>id</strong></span> <span class='ocrx_word' id='word_1_154' title='bbox 1696 2406 1802 2464; x_wconf 85' lang='lat' dir='ltr'><strong>est,</strong></span> <span class='ocrx_word' id='word_1_155' title='bbox 1845 2396 1925 2452; x_wconf 89' lang='lat' dir='ltr'><strong>al-</strong></span> 
     </span>
    </p>
   </div>
   <div class='ocr_carea' id='block_1_23' title="bbox 330 2491 1928 2569">
    <p class='ocr_par' dir='ltr' id='par_1_23' title="bbox 330 2491 1928 2569">
     <span class='ocr_line' id='line_1_23' title="bbox 330 2491 1928 2569; baseline -0.007 -14"><span class='ocrx_word' id='word_1_156' title='bbox 330 2508 467 2565; x_wconf 87' lang='lat' dir='ltr'><strong>tero,</strong></span> <span class='ocrx_word' id='word_1_157' title='bbox 497 2497 591 2554; x_wconf 88' lang='lat' dir='ltr'><strong>sed</strong></span> <span class='ocrx_word' id='word_1_158' title='bbox 616 2497 774 2569; x_wconf 82' lang='lat' dir='ltr'><strong>plane</strong></span> <span class='ocrx_word' id='word_1_159' title='bbox 800 2495 988 2552; x_wconf 88' lang='lat' dir='ltr'><strong>illicito</strong></span> <span class='ocrx_word' id='word_1_160' title='bbox 1012 2493 1308 2564; x_wconf 80' lang='lat' dir='ltr'><strong>infamique</strong></span> <span class='ocrx_word' id='word_1_161' title='bbox 1356 2491 1703 2549; x_wconf 88' lang='lat' dir='ltr'><strong>matrimonio</strong></span> <span class='ocrx_word' id='word_1_162' title='bbox 1730 2506 1928 2546; x_wconf 84' lang='lat' dir='ltr'><strong>crean—</strong></span> 
     </span>
    </p>
   </div>
   <div class='ocr_carea' id='block_1_24' title="bbox 332 2580 1927 2662">
    <p class='ocr_par' dir='ltr' id='par_1_24' title="bbox 332 2580 1927 2662">
     <span class='ocr_line' id='line_1_24' title="bbox 332 2580 1927 2662; baseline -0.006 -16"><span class='ocrx_word' id='word_1_163' title='bbox 332 2592 513 2647; x_wconf 85' lang='lat' dir='ltr'><strong>dorum</strong></span> <span class='ocrx_word' id='word_1_164' title='bbox 544 2589 870 2662; x_wconf 84' lang='lat' dir='ltr'><strong>(Tertullian.</strong></span> <span class='ocrx_word' id='word_1_165' title='bbox 902 2587 1193 2659; x_wconf 85' lang='lat' dir='ltr'><strong>Apologct.,</strong></span> <span class='ocrx_word' id='word_1_166' title='bbox 1215 2602 1330 2658; x_wconf 91' lang='lat' dir='ltr'><strong>cap.</strong></span> <span class='ocrx_word' id='word_1_167' title='bbox 1357 2585 1445 2651; x_wconf 83' lang='lat'><strong>&#39;59,</strong></span> <span class='ocrx_word' id='word_1_168' title='bbox 1467 2600 1586 2656; x_wconf 90' lang='lat' dir='ltr'><strong>pag.</strong></span> <span class='ocrx_word' id='word_1_169' title='bbox 1610 2580 1763 2655; x_wconf 75' lang='grc'><strong>451).</strong></span> <span class='ocrx_word' id='word_1_170' title='bbox 1797 2582 1927 2640; x_wconf 83' lang='lat' dir='ltr'><strong>Plu-</strong></span> 
     </span>
    </p>
   </div>
   <div class='ocr_carea' id='block_1_25' title="bbox 335 2675 1930 2738">
    <p class='ocr_par' dir='ltr' id='par_1_25' title="bbox 335 2675 1930 2738">
     <span class='ocr_line' id='line_1_25' title="bbox 335 2675 1930 2738; baseline -0.005 0"><span class='ocrx_word' id='word_1_171' title='bbox 335 2683 552 2738; x_wconf 83' lang='lat' dir='ltr'><strong>tarchus</strong></span> <span class='ocrx_word' id='word_1_172' title='bbox 580 2692 759 2737; x_wconf 86' lang='lat' dir='ltr'><strong>autem</strong></span> <span class='ocrx_word' id='word_1_173' title='bbox 806 2680 860 2735; x_wconf 90' lang='lat' dir='ltr'><strong>in</strong></span> <span class='ocrx_word' id='word_1_174' title='bbox 890 2680 995 2735; x_wconf 86' lang='lat' dir='ltr'><strong>vita</strong></span> <span class='ocrx_word' id='word_1_175' title='bbox 1039 2676 1261 2733; x_wconf 84' lang='lat' dir='ltr'><strong>Catonis</strong></span> <span class='ocrx_word' id='word_1_176' title='bbox 1300 2675 1521 2732; x_wconf 83' lang='lat' dir='ltr'><strong>Minoris</strong></span> <span class='ocrx_word' id='word_1_177' title='bbox 1570 2681 1755 2730; x_wconf 80' lang='lat' dir='ltr'><strong>narrat</strong></span> <span class='ocrx_word' id='word_1_178' title='bbox 1796 2689 1857 2730; x_wconf 88' lang='lat' dir='ltr'><strong>se</strong></span> <span class='ocrx_word' id='word_1_179' title='bbox 1897 2687 1930 2730; x_wconf 87' lang='lat' dir='ltr'><strong>a</strong></span> 
     </span>
    </p>
   </div>
   <div class='ocr_carea' id='block_1_26' title="bbox 335 2767 1931 2841">
    <p class='ocr_par' dir='ltr' id='par_1_26' title="bbox 335 2767 1931 2841">
     <span class='ocr_line' id='line_1_26' title="bbox 335 2767 1931 2841; baseline -0.006 -10"><span class='ocrx_word' id='word_1_180' title='bbox 335 2774 597 2841; x_wconf 65' lang='lat' dir='ltr'><strong>Thrasea,</strong></span> <span class='ocrx_word' id='word_1_181' title='bbox 616 2784 669 2830; x_wconf 89' lang='lat' dir='ltr'><strong>et</strong></span> <span class='ocrx_word' id='word_1_182' title='bbox 697 2775 839 2828; x_wconf 90' lang='lat' dir='ltr'><strong>hunc</strong></span> <span class='ocrx_word' id='word_1_183' title='bbox 866 2787 895 2826; x_wconf 88' lang='lat' dir='ltr'><strong>a</strong></span> <span class='ocrx_word' id='word_1_184' title='bbox 919 2770 1173 2837; x_wconf 84' lang='lat' dir='ltr'><strong>Munatio,</strong></span> <span class='ocrx_word' id='word_1_185' title='bbox 1205 2768 1445 2839; x_wconf 77' lang='lat' dir='ltr'><strong>ejusdem</strong></span> <span class='ocrx_word' id='word_1_186' title='bbox 1489 2767 1709 2823; x_wconf 86' lang='lat' dir='ltr'><strong>Catonis</strong></span> <span class='ocrx_word' id='word_1_187' title='bbox 1740 2775 1931 2822; x_wconf 90' lang='lat' dir='ltr'><strong>contu-</strong></span> 
     </span>
    </p>
   </div>
   <div class='ocr_carea' id='block_1_27' title="bbox 334 2858 1934 2938">
    <p class='ocr_par' dir='ltr' id='par_1_27' title="bbox 334 2858 1934 2938">
     <span class='ocr_line' id='line_1_27' title="bbox 334 2858 1934 2938; baseline -0.006 -13"><span class='ocrx_word' id='word_1_188' title='bbox 334 2869 561 2935; x_wconf 86' lang='lat' dir='ltr'><strong>bernali,</strong></span> <span class='ocrx_word' id='word_1_189' title='bbox 604 2868 879 2938; x_wconf 84' lang='lat' dir='ltr'><strong>accepisse</strong></span> <span class='ocrx_word' id='word_1_190' title='bbox 916 2864 1275 2930; x_wconf 85' lang='lat' dir='ltr'><strong>Hortensium,</strong></span> <span class='ocrx_word' id='word_1_191' title='bbox 1310 2861 1543 2919; x_wconf 86' lang='lat' dir='ltr'><strong>amicitia</strong></span> <span class='ocrx_word' id='word_1_192' title='bbox 1574 2875 1685 2934; x_wconf 66' lang='lat' dir='ltr'><strong>prae</strong></span> <span class='ocrx_word' id='word_1_193' title='bbox 1721 2858 1934 2917; x_wconf 65' lang='lat' dir='ltr'><strong>caeteris</strong></span> 
     </span>
    </p>
   </div>
   <div class='ocr_carea' id='block_1_28' title="bbox 336 2952 1935 3034">
    <p class='ocr_par' dir='ltr' id='par_1_28' title="bbox 336 2952 1935 3034">
     <span class='ocr_line' id='line_1_28' title="bbox 336 2952 1935 3034; baseline -0.01 -10"><span class='ocrx_word' id='word_1_194' title='bbox 336 2964 525 3025; x_wconf 89' lang='lat' dir='ltr'><strong>Catoni</strong></span> <span class='ocrx_word' id='word_1_195' title='bbox 553 2961 921 3034; x_wconf 84' lang='lat' dir='ltr'><strong>conjunctum,</strong></span> <span class='ocrx_word' id='word_1_196' title='bbox 952 2958 1020 3013; x_wconf 89' lang='lat' dir='ltr'><strong>ab</strong></span> <span class='ocrx_word' id='word_1_197' title='bbox 1047 2973 1112 3013; x_wconf 90' lang='lat' dir='ltr'><strong>eo</strong></span> <span class='ocrx_word' id='word_1_198' title='bbox 1137 2956 1413 3030; x_wconf 88' lang='lat' dir='ltr'><strong>petivisse,</strong></span> <span class='ocrx_word' id='word_1_199' title='bbox 1440 2964 1500 3010; x_wconf 91' lang='lat' dir='ltr'><strong>ut</strong></span> <span class='ocrx_word' id='word_1_200' title='bbox 1525 2969 1689 3027; x_wconf 89' lang='lat' dir='ltr'><strong>quam</strong></span> <span class='ocrx_word' id='word_1_201' title='bbox 1706 2952 1935 3009; x_wconf 87' lang='lat' dir='ltr'><strong>duxerat</strong></span> 
     </span>
    </p>
   </div>
   <div class='ocr_carea' id='block_1_29' title="bbox 336 3046 1935 3122">
    <p class='ocr_par' dir='ltr' id='par_1_29' title="bbox 336 3046 1935 3122">
     <span class='ocr_line' id='line_1_29' title="bbox 336 3046 1935 3122; baseline -0.018 -7"><span class='ocrx_word' id='word_1_202' title='bbox 336 3072 558 3116; x_wconf 81' lang='lat' dir='ltr'><strong>uxorein</strong></span> <span class='ocrx_word' id='word_1_203' title='bbox 587 3054 826 3109; x_wconf 80' lang='lat' dir='ltr'><strong>Martium</strong></span> <span class='ocrx_word' id='word_1_204' title='bbox 867 3050 1094 3122; x_wconf 85' lang='lat' dir='ltr'><strong>Philippi</strong></span> <span class='ocrx_word' id='word_1_205' title='bbox 1126 3049 1313 3116; x_wconf 81' lang='lat' dir='ltr'><strong>tiliam,</strong></span> <span class='ocrx_word' id='word_1_206' title='bbox 1353 3062 1422 3105; x_wconf 82' lang='lat' dir='ltr'><strong>ex</strong></span> <span class='ocrx_word' id='word_1_207' title='bbox 1456 3063 1559 3118; x_wconf 87' lang='lat' dir='ltr'><strong>qua</strong></span> <span class='ocrx_word' id='word_1_208' title='bbox 1604 3055 1762 3103; x_wconf 85' lang='lat' dir='ltr'><strong>antea</strong></span> <span class='ocrx_word' id='word_1_209' title='bbox 1813 3046 1935 3115; x_wconf 78' lang='lat' dir='ltr'><strong>plu-</strong></span> 
     </span>
    </p>
   </div>
   <div class='ocr_carea' id='block_1_30' title="bbox 336 3138 1934 3225">
    <p class='ocr_par' dir='ltr' id='par_1_30' title="bbox 336 3138 1934 3225">
     <span class='ocr_line' id='line_1_30' title="bbox 336 3138 1934 3225; baseline -0.01 -18"><span class='ocrx_word' id='word_1_210' title='bbox 336 3166 426 3225; x_wconf 86' lang='lat' dir='ltr'><strong>res</strong></span> <span class='ocrx_word' id='word_1_211' title='bbox 448 3149 583 3204; x_wconf 83' lang='lat' dir='ltr'><strong>tilios</strong></span> <span class='ocrx_word' id='word_1_212' title='bbox 602 3151 931 3217; x_wconf 82' lang='lat' dir='ltr'><strong>susceperat,</strong></span> <span class='ocrx_word' id='word_1_213' title='bbox 952 3151 1004 3198; x_wconf 90' lang='lat' dir='ltr'><strong>et</strong></span> <span class='ocrx_word' id='word_1_214' title='bbox 1023 3152 1131 3197; x_wconf 91' lang='lat' dir='ltr'><strong>tum</strong></span> <span class='ocrx_word' id='word_1_215' title='bbox 1155 3141 1330 3197; x_wconf 88' lang='lat' dir='ltr'><strong>adhuc</strong></span> <span class='ocrx_word' id='word_1_216' title='bbox 1344 3138 1564 3210; x_wconf 85' lang='lat' dir='ltr'><strong>gravida</strong></span> <span class='ocrx_word' id='word_1_217' title='bbox 1582 3147 1720 3208; x_wconf 89' lang='lat' dir='ltr'><strong>erat,</strong></span> <span class='ocrx_word' id='word_1_218' title='bbox 1743 3138 1795 3193; x_wconf 93' lang='lat' dir='ltr'><strong>in</strong></span> <span class='ocrx_word' id='word_1_219' title='bbox 1816 3152 1934 3193; x_wconf 88' lang='lat' dir='ltr'><strong>ma-</strong></span> 
     </span>
    </p>
   </div>
   <div class='ocr_carea' id='block_1_31' title="bbox 338 3230 2010 3314">
    <p class='ocr_par' dir='ltr' id='par_1_31' title="bbox 338 3230 2010 3314">
     <span class='ocr_line' id='line_1_31' title="bbox 338 3230 2010 3314; baseline -0.008 -16"><span class='ocrx_word' id='word_1_220' title='bbox 338 3240 649 3298; x_wconf 89' lang='lat' dir='ltr'><strong>trimonium</strong></span> <span class='ocrx_word' id='word_1_221' title='bbox 680 3238 780 3293; x_wconf 88' lang='lat' dir='ltr'><strong>sibi</strong></span> <span class='ocrx_word' id='word_1_222' title='bbox 808 3236 959 3291; x_wconf 82' lang='lat' dir='ltr'><strong>daret</strong></span> <span class='ocrx_word' id='word_1_223' title='bbox 986 3232 1281 3308; x_wconf 81' lang='lat' dir='ltr'><strong>(Plutarch.</strong></span> <span class='ocrx_word' id='word_1_224' title='bbox 1307 3232 1361 3287; x_wconf 88' lang='lat' dir='ltr'><strong>in</strong></span> <span class='ocrx_word' id='word_1_225' title='bbox 1386 3232 1474 3287; x_wconf 79' lang='lat' dir='ltr'><strong>uit.</strong></span> <span class='ocrx_word' id='word_1_226' title='bbox 1516 3230 1699 3288; x_wconf 84' lang='lat' dir='ltr'><strong>Caton.</strong></span> <span class='ocrx_word' id='word_1_227' title='bbox 1748 3232 1934 3295; x_wconf 87' lang='lat' dir='ltr'><strong>minor,</strong></span> <span class='ocrx_word' id='word_1_228' title='bbox 1964 3249 2010 3314; x_wconf 72' lang='grc' dir='ltr'><strong>ρ</strong></span> 
     </span>
    </p>
   </div>
   <div class='ocr_carea' id='block_1_32' title="bbox 340 3321 1941 3407">
    <p class='ocr_par' dir='ltr' id='par_1_32' title="bbox 340 3321 1941 3407">
     <span class='ocr_line' id='line_1_32' title="bbox 340 3321 1941 3407; baseline -0.008 -18"><span class='ocrx_word' id='word_1_229' title='bbox 340 3336 465 3407; x_wconf 73' lang='lat' dir='ltr'><strong>pag.</strong></span> <span class='ocrx_word' id='word_1_230' title='bbox 491 3333 598 3388; x_wconf 85' lang='lat'><strong>770</strong></span> <span class='ocrx_word' id='word_1_231' title='bbox 623 3340 668 3385; x_wconf 86' lang='lat' dir='ltr'><strong>et</strong></span> <span class='ocrx_word' id='word_1_232' title='bbox 707 3331 894 3401; x_wconf 54' lang='grc' dir='ltr'><strong>θείη),</strong></span> <span class='ocrx_word' id='word_1_233' title='bbox 918 3324 1095 3382; x_wconf 85' lang='lat' dir='ltr'><strong>Amici</strong></span> <span class='ocrx_word' id='word_1_234' title='bbox 1147 3339 1277 3380; x_wconf 90' lang='lat' dir='ltr'><strong>vero</strong></span> <span class='ocrx_word' id='word_1_235' title='bbox 1309 3323 1557 3393; x_wconf 87' lang='lat' dir='ltr'><strong>precibus</strong></span> <span class='ocrx_word' id='word_1_236' title='bbox 1586 3321 1742 3379; x_wconf 83' lang='lat' dir='ltr'><strong>facile</strong></span> <span class='ocrx_word' id='word_1_237' title='bbox 1769 3322 1941 3377; x_wconf 81' lang='lat' dir='ltr'><strong>victus</strong></span> 
     </span>
    </p>
   </div>
   <div class='ocr_carea' id='block_1_33' title="bbox 338 3414 1941 3493">
    <p class='ocr_par' dir='ltr' id='par_1_33' title="bbox 338 3414 1941 3493">
     <span class='ocr_line' id='line_1_33' title="bbox 338 3414 1941 3493; baseline -0.009 -8"><span class='ocrx_word' id='word_1_238' title='bbox 338 3427 492 3493; x_wconf 89' lang='lat' dir='ltr'><strong>Cato,</strong></span> <span class='ocrx_word' id='word_1_239' title='bbox 526 3425 670 3480; x_wconf 86' lang='lat' dir='ltr'><strong>illam</strong></span> <span class='ocrx_word' id='word_1_240' title='bbox 698 3423 769 3489; x_wconf 90' lang='lat' dir='ltr'><strong>ei,</strong></span> <span class='ocrx_word' id='word_1_241' title='bbox 805 3428 1070 3493; x_wconf 69' lang='lat' dir='ltr'><strong>prmsente</strong></span> <span class='ocrx_word' id='word_1_242' title='bbox 1098 3432 1162 3473; x_wconf 89' lang='lat' dir='ltr'><strong>ac</strong></span> <span class='ocrx_word' id='word_1_243' title='bbox 1212 3416 1470 3489; x_wconf 88' lang='lat' dir='ltr'><strong>probante</strong></span> <span class='ocrx_word' id='word_1_244' title='bbox 1512 3415 1760 3486; x_wconf 85' lang='lat' dir='ltr'><strong>Philippo</strong></span> <span class='ocrx_word' id='word_1_245' title='bbox 1797 3414 1941 3471; x_wconf 86' lang='lat' dir='ltr'><strong>illius</strong></span> 
     </span>
    </p>
   </div>
   <div class='ocr_carea' id='block_1_34' title="bbox 340 3507 1941 3595">
    <p class='ocr_par' dir='ltr' id='par_1_34' title="bbox 340 3507 1941 3595">
     <span class='ocr_line' id='line_1_34' title="bbox 340 3507 1941 3595; baseline -0.009 -18"><span class='ocrx_word' id='word_1_246' title='bbox 340 3528 514 3595; x_wconf 86' lang='lat' dir='ltr'><strong>patre,</strong></span> <span class='ocrx_word' id='word_1_247' title='bbox 556 3514 842 3574; x_wconf 86' lang='lat' dir='ltr'><strong>concessit.</strong></span> <span class='ocrx_word' id='word_1_248' title='bbox 880 3511 986 3568; x_wconf 90' lang='lat' dir='ltr'><strong>Sed</strong></span> <span class='ocrx_word' id='word_1_249' title='bbox 1015 3519 1227 3567; x_wconf 89' lang='lat' dir='ltr'><strong>mortuo</strong></span> <span class='ocrx_word' id='word_1_250' title='bbox 1255 3519 1439 3581; x_wconf 90' lang='lat' dir='ltr'><strong>postea</strong></span> <span class='ocrx_word' id='word_1_251' title='bbox 1473 3507 1783 3573; x_wconf 85' lang='lat' dir='ltr'><strong>Hortensio,</strong></span> <span class='ocrx_word' id='word_1_252' title='bbox 1811 3507 1941 3563; x_wconf 86' lang='lat' dir='ltr'><strong>Cato</strong></span> 
     </span>
    </p>
   </div>
   <div class='ocr_carea' id='block_1_35' title="bbox 256 3600 1943 3679">
    <p class='ocr_par' dir='ltr' id='par_1_35' title="bbox 256 3600 1943 3679">
     <span class='ocr_line' id='line_1_35' title="bbox 256 3600 1943 3679; baseline -0.01 -7"><span class='ocrx_word' id='word_1_253' title='bbox 256 3674 262 3679; x_wconf 70' lang='grc'>,</span> <span class='ocrx_word' id='word_1_254' title='bbox 340 3614 588 3672; x_wconf 86' lang='lat' dir='ltr'><strong>Martiam</strong></span> <span class='ocrx_word' id='word_1_255' title='bbox 614 3625 763 3666; x_wconf 88' lang='lat' dir='ltr'><strong>suam</strong></span> <span class='ocrx_word' id='word_1_256' title='bbox 793 3609 982 3667; x_wconf 90' lang='lat' dir='ltr'><strong>iterum</strong></span> <span class='ocrx_word' id='word_1_257' title='bbox 1010 3604 1249 3676; x_wconf 88' lang='lat' dir='ltr'><strong>accepit,</strong></span> <span class='ocrx_word' id='word_1_258' title='bbox 1297 3617 1458 3673; x_wconf 89' lang='lat' dir='ltr'><strong>quam</strong></span> <span class='ocrx_word' id='word_1_259' title='bbox 1501 3600 1816 3657; x_wconf 90' lang='lat' dir='ltr'><strong>Hortensius</strong></span> <span class='ocrx_word' id='word_1_260' title='bbox 1847 3600 1943 3655; x_wconf 89' lang='lat' dir='ltr'><strong>bo-</strong></span> 
     </span>
    </p>
   </div>
   <div class='ocr_carea' id='block_1_36' title="bbox 343 3690 1946 3765">
    <p class='ocr_par' dir='ltr' id='par_1_36' title="bbox 343 3690 1946 3765">
     <span class='ocr_line' id='line_1_36' title="bbox 343 3690 1946 3765; baseline -0.011 -3"><span class='ocrx_word' id='word_1_261' title='bbox 343 3720 537 3762; x_wconf 87' lang='lat' dir='ltr'><strong>norum</strong></span> <span class='ocrx_word' id='word_1_262' title='bbox 567 3716 784 3759; x_wconf 91' lang='lat' dir='ltr'><strong>suorum</strong></span> <span class='ocrx_word' id='word_1_263' title='bbox 807 3695 1074 3754; x_wconf 67' lang='lat' dir='ltr'><strong>hairedem</strong></span> <span class='ocrx_word' id='word_1_264' title='bbox 1099 3695 1406 3765; x_wconf 86' lang='lat' dir='ltr'><strong>reliquerat.</strong></span> <span class='ocrx_word' id='word_1_265' title='bbox 1440 3691 1797 3761; x_wconf 87' lang='lat' dir='ltr'><strong>Quamobrem</strong></span> <span class='ocrx_word' id='word_1_266' title='bbox 1826 3690 1946 3745; x_wconf 78' lang='lat' dir='ltr'><strong>Ca:-</strong></span> 
     </span>
    </p>
   </div>
   <div class='ocr_carea' id='block_1_37' title="bbox 344 3786 1944 3866">
    <p class='ocr_par' dir='ltr' id='par_1_37' title="bbox 344 3786 1944 3866">
     <span class='ocr_line' id='line_1_37' title="bbox 344 3786 1944 3866; baseline -0.011 -12"><span class='ocrx_word' id='word_1_267' title='bbox 344 3813 452 3866; x_wconf 86' lang='lat' dir='ltr'><strong>sar,</strong></span> <span class='ocrx_word' id='word_1_268' title='bbox 488 3797 559 3851; x_wconf 96' lang='lat' dir='ltr'><strong>uti</strong></span> <span class='ocrx_word' id='word_1_269' title='bbox 584 3793 818 3865; x_wconf 90' lang='lat' dir='ltr'><strong>loquitur</strong></span> <span class='ocrx_word' id='word_1_270' title='bbox 848 3789 1185 3853; x_wconf 87' lang='lat' dir='ltr'><strong>Plutarchus,</strong></span> <span class='ocrx_word' id='word_1_271' title='bbox 1212 3786 1288 3841; x_wconf 87' lang='lat' dir='ltr'><strong>illi</strong></span> <span class='ocrx_word' id='word_1_272' title='bbox 1334 3793 1674 3858; x_wconf 67' lang='grc' dir='ltr'><strong>φιλοπλουτίαν</strong></span> <span class='ocrx_word' id='word_1_273' title='bbox 1699 3792 1944 3857; x_wconf 64' lang='grc' dir='ltr'><strong>προσφέρει</strong></span> 
     </span>
    </p>
   </div>
   <div class='ocr_carea' id='block_1_38' title="bbox 344 3870 1945 3961">
    <p class='ocr_par' dir='ltr' id='par_1_38' title="bbox 344 3870 1945 3961">
     <span class='ocr_line' id='line_1_38' title="bbox 344 3870 1945 3961; baseline -0.011 -14"><span class='ocrx_word' id='word_1_274' title='bbox 344 3895 428 3948; x_wconf 70' lang='grc' dir='ltr'><strong>καὶ</strong></span> <span class='ocrx_word' id='word_1_275' title='bbox 478 3898 755 3961; x_wconf 66' lang='grc' dir='ltr'><strong>μισθαρνίαν</strong></span> <span class='ocrx_word' id='word_1_276' title='bbox 803 3894 883 3942; x_wconf 63' lang='grc' dir='ltr'><strong>ἐπι</strong></span> <span class='ocrx_word' id='word_1_277' title='bbox 935 3896 1000 3955; x_wconf 81' lang='grc' dir='ltr'><strong>τῷ</strong></span> <span class='ocrx_word' id='word_1_278' title='bbox 1047 3889 1231 3956; x_wconf 54' lang='grc' dir='ltr'><strong>πᾶμῳε</strong></span> <span class='ocrx_word' id='word_1_279' title='bbox 1278 3879 1630 3950; x_wconf 67' lang='grc' dir='ltr'><strong>Επριόὁναυὶι</strong></span> <span class='ocrx_word' id='word_1_280' title='bbox 1658 3870 1945 3942; x_wconf 81' lang='lat' dir='ltr'><strong>avaritiam,</strong></span> 
     </span>
    </p>
   </div>
   <div class='ocr_carea' id='block_1_39' title="bbox 347 3968 1943 4056">
    <p class='ocr_par' dir='ltr' id='par_1_39' title="bbox 347 3968 1943 4056">
     <span class='ocr_line' id='line_1_39' title="bbox 347 3968 1943 4056; baseline -0.011 -16"><span class='ocrx_word' id='word_1_281' title='bbox 347 3994 395 4041; x_wconf 88' lang='lat' dir='ltr'><strong>et</strong></span> <span class='ocrx_word' id='word_1_282' title='bbox 422 3985 474 4039; x_wconf 88' lang='lat' dir='ltr'><strong>in</strong></span> <span class='ocrx_word' id='word_1_283' title='bbox 502 3975 744 4056; x_wconf 73' lang='lat' dir='ltr'><strong>confugio</strong></span> <span class='ocrx_word' id='word_1_284' title='bbox 783 3977 1029 4034; x_wconf 79' lang='lat' dir='ltr'><strong>mercedis</strong></span> <span class='ocrx_word' id='word_1_285' title='bbox 1054 3974 1401 4044; x_wconf 88' lang='lat' dir='ltr'><strong>acceptionem</strong></span> <span class='ocrx_word' id='word_1_286' title='bbox 1426 3969 1612 4042; x_wconf 87' lang='lat' dir='ltr'><strong>(Ibid.,</strong></span> <span class='ocrx_word' id='word_1_287' title='bbox 1641 3987 1759 4044; x_wconf 90' lang='lat' dir='ltr'><strong>pag.</strong></span> <span class='ocrx_word' id='word_1_288' title='bbox 1794 3968 1943 4040; x_wconf 65' lang='lat'><strong>784).</strong></span> 
     </span>
    </p>
   </div>
   <div class='ocr_carea' id='block_1_40' title="bbox 422 4059 1945 4145">
    <p class='ocr_par' dir='ltr' id='par_1_40' title="bbox 422 4059 1945 4145">
     <span class='ocr_line' id='line_1_40' title="bbox 422 4059 1945 4145; baseline -0.012 -11"><span class='ocrx_word' id='word_1_289' title='bbox 422 4077 644 4134; x_wconf 77' lang='lat' dir='ltr'><strong>Brevius</strong></span> <span class='ocrx_word' id='word_1_290' title='bbox 669 4073 884 4145; x_wconf 87' lang='lat' dir='ltr'><strong>quidem</strong></span> <span class='ocrx_word' id='word_1_291' title='bbox 905 4070 1094 4140; x_wconf 91' lang='lat' dir='ltr'><strong>hisque</strong></span> <span class='ocrx_word' id='word_1_292' title='bbox 1125 4067 1313 4123; x_wconf 79' lang='lat' dir='ltr'><strong>verbis</strong></span> <span class='ocrx_word' id='word_1_293' title='bbox 1344 4059 1619 4136; x_wconf 80' lang='lat' dir='ltr'><strong>Appianus</strong></span> <span class='ocrx_word' id='word_1_294' title='bbox 1646 4062 1699 4118; x_wconf 90' lang='lat' dir='ltr'><strong>id</strong></span> <span class='ocrx_word' id='word_1_295' title='bbox 1722 4061 1900 4118; x_wconf 89' lang='lat' dir='ltr'><strong>retulit</strong></span> <span class='ocrx_word' id='word_1_296' title='bbox 1932 4080 1945 4117; x_wconf 92' lang='lat'><strong>:</strong></span> 
     </span>
    </p>
   </div>
   <div class='ocr_carea' id='block_1_41' title="bbox 352 4157 1946 4238">
    <p class='ocr_par' dir='ltr' id='par_1_41' title="bbox 352 4157 1946 4238">
     <span class='ocr_line' id='line_1_41' title="bbox 352 4157 1946 4238; baseline -0.013 -8"><span class='ocrx_word' id='word_1_297' title='bbox 352 4174 595 4231; x_wconf 84' lang='lat' dir='ltr'><strong>Martiam</strong></span> <span class='ocrx_word' id='word_1_298' title='bbox 643 4168 876 4238; x_wconf 80' lang='lat' dir='ltr'><strong>Philippi</strong></span> <span class='ocrx_word' id='word_1_299' title='bbox 902 4166 1067 4233; x_wconf 80' lang='lat' dir='ltr'><strong>[itiam</strong></span> <span class='ocrx_word' id='word_1_300' title='bbox 1103 4179 1216 4217; x_wconf 89' lang='lat' dir='ltr'><strong>cum</strong></span> <span class='ocrx_word' id='word_1_301' title='bbox 1257 4160 1501 4231; x_wconf 83' lang='lat' dir='ltr'><strong>virginem</strong></span> <span class='ocrx_word' id='word_1_302' title='bbox 1531 4157 1655 4214; x_wconf 86' lang='lat' dir='ltr'><strong>Cato</strong></span> <span class='ocrx_word' id='word_1_303' title='bbox 1696 4158 1946 4224; x_wconf 72' lang='lat' dir='ltr'><strong>duxisset,</strong></span> 
     </span>
    </p>
   </div>
   <div class='ocr_carea' id='block_1_42' title="bbox 352 4250 1947 4332">
    <p class='ocr_par' dir='ltr' id='par_1_42' title="bbox 352 4250 1947 4332">
     <span class='ocr_line' id='line_1_42' title="bbox 352 4250 1947 4332; baseline -0.012 -10"><span class='ocrx_word' id='word_1_304' title='bbox 352 4266 500 4323; x_wconf 84' lang='lat' dir='ltr'><strong>valde</strong></span> <span class='ocrx_word' id='word_1_305' title='bbox 529 4264 784 4329; x_wconf 83' lang='lat' dir='ltr'><strong>dilectam,</strong></span> <span class='ocrx_word' id='word_1_306' title='bbox 830 4269 881 4332; x_wconf 75' lang='lat' dir='ltr'><strong>et</strong></span> <span class='ocrx_word' id='word_1_307' title='bbox 905 4255 1247 4313; x_wconf 87' lang='lat' dir='ltr'><strong>communium</strong></span> <span class='ocrx_word' id='word_1_308' title='bbox 1277 4251 1548 4306; x_wconf 87' lang='lat' dir='ltr'><strong>liberorum</strong></span> <span class='ocrx_word' id='word_1_309' title='bbox 1568 4250 1685 4321; x_wconf 88' lang='lat' dir='ltr'><strong>jam</strong></span> <span class='ocrx_word' id='word_1_310' title='bbox 1712 4258 1947 4316; x_wconf 84' lang='lat' dir='ltr'><strong>matrem,</strong></span> 
     </span>
    </p>
   </div>
   <div class='ocr_carea' id='block_1_43' title="bbox 358 4342 1948 4416">
    <p class='ocr_par' dir='ltr' id='par_1_43' title="bbox 358 4342 1948 4416">
     <span class='ocr_line' id='line_1_43' title="bbox 358 4342 1948 4416; baseline -0.011 -3"><span class='ocrx_word' id='word_1_311' title='bbox 358 4357 633 4414; x_wconf 75' lang='lat' dir='ltr'><strong>Hortensio</strong></span> <span class='ocrx_word' id='word_1_312' title='bbox 670 4353 815 4408; x_wconf 83' lang='lat' dir='ltr'><strong>cessit</strong></span> <span class='ocrx_word' id='word_1_313' title='bbox 838 4351 1020 4416; x_wconf 88' lang='lat' dir='ltr'><strong>amico,</strong></span> <span class='ocrx_word' id='word_1_314' title='bbox 1059 4349 1354 4414; x_wconf 83' lang='lat' dir='ltr'><strong>liberorum,</strong></span> <span class='ocrx_word' id='word_1_315' title='bbox 1394 4356 1443 4400; x_wconf 78' lang='lat' dir='ltr'><strong>et</strong></span> <span class='ocrx_word' id='word_1_316' title='bbox 1472 4342 1724 4416; x_wconf 65' lang='lat' dir='ltr'><strong>foecunda:</strong></span> <span class='ocrx_word' id='word_1_317' title='bbox 1752 4343 1948 4411; x_wconf 76' lang='lat' dir='ltr'><strong>uxoris,</strong></span> 
     </span>
    </p>
   </div>
   <div class='ocr_carea' id='block_1_44' title="bbox 1450 331 2477 405">
    <p class='ocr_par' dir='ltr' id='par_1_44' title="bbox 1450 331 2477 405">
     <span class='ocr_line' id='line_1_44' title="bbox 1450 331 2477 405; baseline -0.004 -13"><span class='ocrx_word' id='word_1_318' title='bbox 1450 332 1905 395; x_wconf 78' lang='lat' dir='ltr'><strong>DlSSERTATlO</strong></span> <span class='ocrx_word' id='word_1_319' title='bbox 1926 331 2005 405; x_wconf 8' lang='lat' dir='ltr'><strong>gl).</strong></span> <span class='ocrx_word' id='word_1_320' title='bbox 2046 332 2137 392; x_wconf 87' lang='lat' dir='ltr'><strong>LE</strong></span> <span class='ocrx_word' id='word_1_321' title='bbox 2172 331 2477 392; x_wconf 79' lang='lat' dir='ltr'><strong>NOUBRY.</strong></span> 
     </span>
    </p>
   </div>
   <div class='ocr_carea' id='block_1_45' title="bbox 309 449 1990 529">
    <p class='ocr_par' dir='ltr' id='par_1_45' title="bbox 309 449 1990 529">
     <span class='ocr_line' id='line_1_45' title="bbox 309 449 1990 529; baseline -0.008 -15"><span class='ocrx_word' id='word_1_322' title='bbox 309 458 470 514; x_wconf 88' lang='lat' dir='ltr'><strong>nibus</strong></span> <span class='ocrx_word' id='word_1_323' title='bbox 515 455 716 521; x_wconf 80' lang='lat' dir='ltr'><strong>nostris</strong></span> <span class='ocrx_word' id='word_1_324' title='bbox 738 453 758 529; x_wconf 90' lang='lat'><strong>(</strong></span> <span class='ocrx_word' id='word_1_325' title='bbox 780 453 1053 525; x_wconf 83' lang='lat' dir='ltr'><strong>Dissertat.</strong></span> <span class='ocrx_word' id='word_1_326' title='bbox 1082 454 1136 510; x_wconf 85' lang='lat' dir='ltr'><strong>in</strong></span> <span class='ocrx_word' id='word_1_327' title='bbox 1168 451 1383 520; x_wconf 58' lang='lat' dir='ltr'><strong>Minue,</strong></span> <span class='ocrx_word' id='word_1_328' title='bbox 1429 467 1552 525; x_wconf 76' lang='lat' dir='ltr'><strong>cap.</strong></span> <span class='ocrx_word' id='word_1_329' title='bbox 1587 449 1676 519; x_wconf 85' lang='grc'><strong>10,</strong></span> <span class='ocrx_word' id='word_1_330' title='bbox 1708 458 1808 506; x_wconf 87' lang='lat' dir='ltr'><strong>art.</strong></span> <span class='ocrx_word' id='word_1_331' title='bbox 1848 451 1904 505; x_wconf 83' lang='lat' dir='ltr'><strong>l.</strong></span> <span class='ocrx_word' id='word_1_332' title='bbox 1934 450 1990 512; x_wconf 81' lang='grc' dir='ltr'>Α</span> 
     </span>
    </p>
   </div>
   <div class='ocr_carea' id='block_1_46' title="bbox 3509 329 3621 389">
    <p class='ocr_par' dir='ltr' id='par_1_46' title="bbox 3509 329 3621 389">
     <span class='ocr_line' id='line_1_46' title="bbox 3509 329 3621 389; baseline 0 0"><span class='ocrx_word' id='word_1_333' title='bbox 3509 329 3621 389; x_wconf 77' lang='grc'><strong>918</strong></span> 
     </span>
    </p>
   </div>
   <div class='ocr_carea' id='block_1_47' title="bbox 2167 445 3509 514">
    <p class='ocr_par' dir='ltr' id='par_1_47' title="bbox 2167 445 3509 514">
     <span class='ocr_line' id='line_1_47' title="bbox 2167 445 3509 514; baseline -0.001 -14"><span class='ocrx_word' id='word_1_334' title='bbox 2167 449 2281 514; x_wconf 59' lang='grc' dir='ltr'><strong>ῌοκ</strong></span> <span class='ocrx_word' id='word_1_335' title='bbox 2303 449 2393 514; x_wconf 83' lang='lat' dir='ltr'><strong>ubi</strong></span> <span class='ocrx_word' id='word_1_336' title='bbox 2416 447 2645 514; x_wconf 75' lang='lat' dir='ltr'><strong>connubii</strong></span> <span class='ocrx_word' id='word_1_337' title='bbox 2675 449 2890 514; x_wconf 71' lang='lat' dir='ltr'><strong>pretium</strong></span> <span class='ocrx_word' id='word_1_338' title='bbox 2911 458 3208 514; x_wconf 79' lang='lat' dir='ltr'><strong>mercesque</strong></span> <span class='ocrx_word' id='word_1_339' title='bbox 3229 445 3389 499; x_wconf 82' lang='lat' dir='ltr'><strong>soluta</strong></span> <span class='ocrx_word' id='word_1_340' title='bbox 3413 454 3509 513; x_wconf 84' lang='lat' dir='ltr'><strong>est,</strong></span> 
     </span>
    </p>
   </div>
   <div class='ocr_carea' id='block_1_48' title="bbox 2168 508 3271 574">
    <p class='ocr_par' dir='ltr' id='par_1_48' title="bbox 2168 508 3271 574">
     <span class='ocr_line' id='line_1_48' title="bbox 2168 508 3271 574; baseline -0.001 -13"><span class='ocrx_word' id='word_1_341' title='bbox 2168 512 2336 574; x_wconf 85' lang='lat' dir='ltr'><strong>Tertia</strong></span> <span class='ocrx_word' id='word_1_342' title='bbox 2348 511 2446 573; x_wconf 87' lang='lat' dir='ltr'><strong>jam</strong></span> <span class='ocrx_word' id='word_1_343' title='bbox 2472 508 2810 574; x_wconf 61' lang='lat' dir='ltr'><strong>soboles&#39;alios</strong></span> <span class='ocrx_word' id='word_1_344' title='bbox 2824 508 3047 561; x_wconf 66' lang='lat' dir='ltr'><strong>foecunda</strong></span> <span class='ocrx_word' id='word_1_345' title='bbox 3064 508 3271 574; x_wconf 72' lang='lat' dir='ltr'><strong>penates</strong></span> 
     </span>
    </p>
   </div>
   <div class='ocr_carea' id='block_1_49' title="bbox 2170 572 3386 638">
    <p class='ocr_par' dir='ltr' id='par_1_49' title="bbox 2170 572 3386 638">
     <span class='ocr_line' id='line_1_49' title="bbox 2170 572 3386 638; baseline -0.001 -15"><span class='ocrx_word' id='word_1_346' title='bbox 2170 572 2441 638; x_wconf 62' lang='lat' dir='ltr'><strong>impletum</strong></span> <span class='ocrx_word' id='word_1_347' title='bbox 2464 572 2636 638; x_wconf 76' lang='lat' dir='ltr'><strong>datur;</strong></span> <span class='ocrx_word' id='word_1_348' title='bbox 2661 575 2886 637; x_wconf 82' lang='lat' dir='ltr'><strong>geminas</strong></span> <span class='ocrx_word' id='word_1_349' title='bbox 2904 586 2932 622; x_wconf 90' lang='lat' dir='ltr'><strong>a</strong></span> <span class='ocrx_word' id='word_1_350' title='bbox 2954 572 3195 636; x_wconf 77' lang='lat' dir='ltr'><strong>sanguine</strong></span> <span class='ocrx_word' id='word_1_351' title='bbox 3217 574 3386 623; x_wconf 85' lang='lat' dir='ltr'><strong>matris</strong></span> 
     </span>
    </p>
   </div>
   <div class='ocr_carea' id='block_1_50' title="bbox 2169 636 2695 689">
    <p class='ocr_par' dir='ltr' id='par_1_50' title="bbox 2169 636 2695 689">
     <span class='ocr_line' id='line_1_50' title="bbox 2169 636 2695 689; baseline -0.002 -2"><span class='ocrx_word' id='word_1_352' title='bbox 2169 636 2484 689; x_wconf 81' lang='lat' dir='ltr'><strong>Permixtura</strong></span> <span class='ocrx_word' id='word_1_353' title='bbox 2507 636 2695 687; x_wconf 83' lang='lat' dir='ltr'><strong>dumos.</strong></span> 
     </span>
    </p>
   </div>
   <div class='ocr_carea' id='block_1_51' title="bbox 2644 715 3485 783">
    <p class='ocr_par' dir='ltr' id='par_1_51' title="bbox 2644 715 3485 783">
     <span class='ocr_line' id='line_1_51' title="bbox 2644 715 3485 783; baseline -0.002 -14"><span class='ocrx_word' id='word_1_354' title='bbox 2644 719 2866 782; x_wconf 65' lang='lat' dir='ltr'><strong>(Lucan,</strong></span> <span class='ocrx_word' id='word_1_355' title='bbox 2898 715 2984 770; x_wconf 88' lang='lat' dir='ltr'><strong>tib.</strong></span> <span class='ocrx_word' id='word_1_356' title='bbox 3002 724 3055 781; x_wconf 83' lang='lat' dir='ltr'><strong>II,</strong></span> <span class='ocrx_word' id='word_1_357' title='bbox 3076 731 3122 769; x_wconf 83' lang='grc' dir='ltr'><strong>ο.</strong></span> <span class='ocrx_word' id='word_1_358' title='bbox 3147 717 3244 770; x_wconf 69' lang='lat'><strong>5%</strong></span> <span class='ocrx_word' id='word_1_359' title='bbox 3262 722 3309 769; x_wconf 86' lang='lat' dir='ltr'><strong>et</strong></span> <span class='ocrx_word' id='word_1_360' title='bbox 3330 716 3485 783; x_wconf 81' lang='lat' dir='ltr'><strong>seqq.)</strong></span> 
     </span>
    </p>
   </div>
   <div class='ocr_carea' id='block_1_52' title="bbox 2089 820 3616 895">
    <p class='ocr_par' dir='ltr' id='par_1_52' title="bbox 2089 820 3616 895">
     <span class='ocr_line' id='line_1_52' title="bbox 2089 820 3616 895; baseline -0.003 -14"><span class='ocrx_word' id='word_1_361' title='bbox 2089 823 2227 881; x_wconf 87' lang='lat' dir='ltr'><strong>Tum</strong></span> <span class='ocrx_word' id='word_1_362' title='bbox 2273 822 2470 881; x_wconf 83' lang='lat' dir='ltr'><strong>deinde</strong></span> <span class='ocrx_word' id='word_1_363' title='bbox 2508 822 2767 880; x_wconf 86' lang='lat' dir='ltr'><strong>describit</strong></span> <span class='ocrx_word' id='word_1_364' title='bbox 2805 821 3077 895; x_wconf 89' lang='lat' dir='ltr'><strong>quomodo</strong></span> <span class='ocrx_word' id='word_1_365' title='bbox 3099 836 3287 879; x_wconf 87' lang='lat' dir='ltr'><strong>rursus</strong></span> <span class='ocrx_word' id='word_1_366' title='bbox 3313 820 3449 879; x_wconf 83' lang='lat' dir='ltr'><strong>Cato</strong></span> <span class='ocrx_word' id='word_1_367' title='bbox 3494 829 3616 892; x_wconf 84' lang='lat' dir='ltr'><strong>post</strong></span> 
     </span>
    </p>
   </div>
   <div class='ocr_carea' id='block_1_53' title="bbox 2017 913 3609 975">
    <p class='ocr_par' dir='ltr' id='par_1_53' title="bbox 2017 913 3609 975">
     <span class='ocr_line' id='line_1_53' title="bbox 2017 913 3609 975; baseline -0.003 0"><span class='ocrx_word' id='word_1_368' title='bbox 2017 917 2295 975; x_wconf 85' lang='lat' dir='ltr'><strong>Hortensii</strong></span> <span class='ocrx_word' id='word_1_369' title='bbox 2338 925 2568 974; x_wconf 89' lang='lat' dir='ltr'><strong>mortem</strong></span> <span class='ocrx_word' id='word_1_370' title='bbox 2598 916 2742 972; x_wconf 87' lang='lat' dir='ltr'><strong>illam</strong></span> <span class='ocrx_word' id='word_1_371' title='bbox 2770 916 3008 972; x_wconf 86' lang='lat' dir='ltr'><strong>secundo</strong></span> <span class='ocrx_word' id='word_1_372' title='bbox 3036 915 3380 972; x_wconf 82' lang='lat' dir='ltr'><strong>matrimonio</strong></span> <span class='ocrx_word' id='word_1_373' title='bbox 3403 913 3609 971; x_wconf 89' lang='lat' dir='ltr'><strong>habue-</strong></span> 
     </span>
    </p>
   </div>
   <div class='ocr_carea' id='block_1_54' title="bbox 2015 1013 2129 1071">
    <p class='ocr_par' dir='ltr' id='par_1_54' title="bbox 2015 1013 2129 1071">
     <span class='ocr_line' id='line_1_54' title="bbox 2015 1013 2129 1071; baseline -0.026 -1"><span class='ocrx_word' id='word_1_374' title='bbox 2015 1013 2090 1071; x_wconf 84' lang='lat' dir='ltr'><strong>rit</strong></span> <span class='ocrx_word' id='word_1_375' title='bbox 2115 1029 2129 1067; x_wconf 87' lang='lat'><strong>:</strong></span> 
     </span>
    </p>
   </div>
   <div class='ocr_carea' id='block_1_55' title="bbox 2181 1122 3298 1181">
    <p class='ocr_par' dir='ltr' id='par_1_55' title="bbox 2181 1122 3298 1181">
     <span class='ocr_line' id='line_1_55' title="bbox 2181 1122 3298 1181; baseline -0.003 -5"><span class='ocrx_word' id='word_1_376' title='bbox 2181 1123 2290 1176; x_wconf 86' lang='lat' dir='ltr'><strong>Non</strong></span> <span class='ocrx_word' id='word_1_377' title='bbox 2311 1122 2443 1175; x_wconf 88' lang='lat' dir='ltr'><strong>soliti</strong></span> <span class='ocrx_word' id='word_1_378' title='bbox 2468 1124 2632 1175; x_wconf 84' lang='lat' dir='ltr'><strong>lusere</strong></span> <span class='ocrx_word' id='word_1_379' title='bbox 2656 1123 2813 1181; x_wconf 82' lang='lat' dir='ltr'><strong>sales.</strong></span> <span class='ocrx_word' id='word_1_380' title='bbox 2836 1138 2930 1175; x_wconf 88' lang='lat' dir='ltr'><strong>nec</strong></span> <span class='ocrx_word' id='word_1_381' title='bbox 2951 1136 3091 1174; x_wconf 88' lang='lat' dir='ltr'><strong>more</strong></span> <span class='ocrx_word' id='word_1_382' title='bbox 3114 1123 3298 1174; x_wconf 83' lang='lat' dir='ltr'><strong>Sabino</strong></span> 
     </span>
    </p>
   </div>
   <div class='ocr_carea' id='block_1_56' title="bbox 2173 1186 3162 1251">
    <p class='ocr_par' dir='ltr' id='par_1_56' title="bbox 2173 1186 3162 1251">
     <span class='ocr_line' id='line_1_56' title="bbox 2173 1186 3162 1251; baseline -0.002 -14"><span class='ocrx_word' id='word_1_383' title='bbox 2173 1186 2382 1251; x_wconf 70' lang='lat' dir='ltr'><strong>Excepit</strong></span> <span class='ocrx_word' id='word_1_384' title='bbox 2404 1187 2557 1251; x_wconf 77' lang='lat' dir='ltr'><strong>tristis</strong></span> <span class='ocrx_word' id='word_1_385' title='bbox 2572 1188 2771 1251; x_wconf 77' lang='lat' dir='ltr'><strong>comitia</strong></span> <span class='ocrx_word' id='word_1_386' title='bbox 2794 1186 2917 1251; x_wconf 78' lang='lat' dir='ltr'><strong>festa</strong></span> <span class='ocrx_word' id='word_1_387' title='bbox 2938 1187 3162 1251; x_wconf 86' lang='lat' dir='ltr'><strong>maritus.</strong></span> 
     </span>
    </p>
   </div>
   <div class='ocr_carea' id='block_1_57' title="bbox 2173 1248 3404 1312">
    <p class='ocr_par' dir='ltr' id='par_1_57' title="bbox 2173 1248 3404 1312">
     <span class='ocr_line' id='line_1_57' title="bbox 2173 1248 3404 1312; baseline -0.003 -12"><span class='ocrx_word' id='word_1_388' title='bbox 2173 1248 2390 1312; x_wconf 83' lang='lat' dir='ltr'><strong>Pignora</strong></span> <span class='ocrx_word' id='word_1_389' title='bbox 2408 1249 2538 1299; x_wconf 88' lang='lat' dir='ltr'><strong>nulla</strong></span> <span class='ocrx_word' id='word_1_390' title='bbox 2556 1249 2747 1308; x_wconf 90' lang='lat' dir='ltr'><strong>domus,</strong></span> <span class='ocrx_word' id='word_1_391' title='bbox 2774 1248 2894 1299; x_wconf 88' lang='lat' dir='ltr'><strong>nulli</strong></span> <span class='ocrx_word' id='word_1_392' title='bbox 2918 1250 3084 1299; x_wconf 81' lang='lat' dir='ltr'><strong>coiere</strong></span> <span class='ocrx_word' id='word_1_393' title='bbox 3107 1248 3364 1312; x_wconf 66' lang='lat' dir='ltr'><strong>propinqui</strong></span> <span class='ocrx_word' id='word_1_394' title='bbox 3392 1261 3404 1296; x_wconf 91' lang='lat'><strong>:</strong></span> 
     </span>
    </p>
   </div>
   <div class='ocr_carea' id='block_1_58' title="bbox 2176 1309 3407 1374">
    <p class='ocr_par' dir='ltr' id='par_1_58' title="bbox 2176 1309 3407 1374">
     <span class='ocr_line' id='line_1_58' title="bbox 2176 1309 3407 1374; baseline -0.003 -12"><span class='ocrx_word' id='word_1_395' title='bbox 2176 1309 2464 1374; x_wconf 68' lang='lat' dir='ltr'><strong>Iunguntur</strong></span> <span class='ocrx_word' id='word_1_396' title='bbox 2489 1313 2638 1374; x_wconf 84' lang='lat' dir='ltr'><strong>taciti,</strong></span> <span class='ocrx_word' id='word_1_397' title='bbox 2656 1313 2975 1374; x_wconf 81' lang='lat' dir='ltr'><strong>contentique</strong></span> <span class='ocrx_word' id='word_1_398' title='bbox 3000 1309 3207 1373; x_wconf 80' lang='lat' dir='ltr'><strong>auspice</strong></span> <span class='ocrx_word' id='word_1_399' title='bbox 3218 1309 3371 1360; x_wconf 85' lang='lat' dir='ltr'><strong>Bruto</strong></span> <span class='ocrx_word' id='word_1_400' title='bbox 3395 1324 3407 1357; x_wconf 90' lang='lat'>:</span> 
     </span>
    </p>
   </div>
   <div class='ocr_carea' id='block_1_59' title="bbox 2178 1372 3297 1425">
    <p class='ocr_par' dir='ltr' id='par_1_59' title="bbox 2178 1372 3297 1425">
     <span class='ocr_line' id='line_1_59' title="bbox 2178 1372 3297 1425; baseline -0.002 -1"><span class='ocrx_word' id='word_1_401' title='bbox 2178 1372 2392 1425; x_wconf 45' lang='lat' dir='ltr'><strong>Ille—nec</strong></span> <span class='ocrx_word' id='word_1_402' title='bbox 2410 1372 2684 1424; x_wconf 79' lang='lat' dir='ltr'><strong>horriﬁcam</strong></span> <span class='ocrx_word' id='word_1_403' title='bbox 2706 1378 2873 1425; x_wconf 85' lang='lat' dir='ltr'><strong>sancto</strong></span> <span class='ocrx_word' id='word_1_404' title='bbox 2894 1372 3102 1423; x_wconf 76' lang='lat' dir='ltr'><strong>dimovit</strong></span> <span class='ocrx_word' id='word_1_405' title='bbox 3122 1374 3187 1422; x_wconf 85' lang='lat' dir='ltr'><strong>ab</strong></span> <span class='ocrx_word' id='word_1_406' title='bbox 3208 1384 3297 1422; x_wconf 91' lang='lat' dir='ltr'><strong>ore</strong></span> 
     </span>
    </p>
   </div>
   <div class='ocr_carea' id='block_1_60' title="bbox 2178 1434 3317 1500">
    <p class='ocr_par' dir='ltr' id='par_1_60' title="bbox 2178 1434 3317 1500">
     <span class='ocr_line' id='line_1_60' title="bbox 2178 1434 3317 1500; baseline -0.004 -12"><span class='ocrx_word' id='word_1_407' title='bbox 2178 1436 2458 1499; x_wconf 68' lang='lat' dir='ltr'><strong>Cmsariem,</strong></span> <span class='ocrx_word' id='word_1_408' title='bbox 2479 1436 2700 1500; x_wconf 88' lang='lat' dir='ltr'><strong>duroque</strong></span> <span class='ocrx_word' id='word_1_409' title='bbox 2724 1437 2935 1487; x_wconf 82' lang='lat' dir='ltr'><strong>admovit</strong></span> <span class='ocrx_word' id='word_1_410' title='bbox 2956 1436 3138 1498; x_wconf 84' lang='lat' dir='ltr'><strong>gaudia</strong></span> <span class='ocrx_word' id='word_1_411' title='bbox 3161 1434 3317 1485; x_wconf 87' lang='lat' dir='ltr'><strong>vultu.</strong></span> 
     </span>
    </p>
   </div>
   <div class='ocr_carea' id='block_1_61' title="bbox 2891 1513 3513 1581">
    <p class='ocr_par' dir='ltr' id='par_1_61' title="bbox 2891 1513 3513 1581">
     <span class='ocr_line' id='line_1_61' title="bbox 2891 1513 3513 1581; baseline -0.006 -13"><span class='ocrx_word' id='word_1_412' title='bbox 2891 1513 3049 1580; x_wconf 84' lang='lat' dir='ltr'><strong>(Ibid.</strong></span> <span class='ocrx_word' id='word_1_413' title='bbox 3073 1530 3118 1566; x_wconf 88' lang='lat' dir='ltr'><strong>v.</strong></span> <span class='ocrx_word' id='word_1_414' title='bbox 3142 1516 3255 1577; x_wconf 80' lang='grc'><strong>567,</strong></span> <span class='ocrx_word' id='word_1_415' title='bbox 3280 1521 3327 1565; x_wconf 86' lang='lat' dir='ltr'><strong>et</strong></span> <span class='ocrx_word' id='word_1_416' title='bbox 3356 1515 3513 1581; x_wconf 84' lang='lat' dir='ltr'><strong>seqq.)</strong></span> 
     </span>
    </p>
   </div>
   <div class='ocr_carea' id='block_1_62' title="bbox 2096 1618 3606 1693">
    <p class='ocr_par' dir='ltr' id='par_1_62' title="bbox 2096 1618 3606 1693">
     <span class='ocr_line' id='line_1_62' title="bbox 2096 1618 3606 1693; baseline -0.005 -14"><span class='ocrx_word' id='word_1_417' title='bbox 2096 1621 2337 1693; x_wconf 80' lang='lat' dir='ltr'><strong>Denique</strong></span> <span class='ocrx_word' id='word_1_418' title='bbox 2359 1629 2416 1676; x_wconf 91' lang='lat' dir='ltr'><strong>ut</strong></span> <span class='ocrx_word' id='word_1_419' title='bbox 2441 1620 2795 1692; x_wconf 79' lang='lat' dir='ltr'><strong>Augustinum</strong></span> <span class='ocrx_word' id='word_1_420' title='bbox 2825 1618 3065 1690; x_wconf 88' lang='lat' dir='ltr'><strong>aliosque</strong></span> <span class='ocrx_word' id='word_1_421' title='bbox 3099 1618 3296 1674; x_wconf 85' lang='lat' dir='ltr'><strong>missos</strong></span> <span class='ocrx_word' id='word_1_422' title='bbox 3327 1618 3606 1685; x_wconf 83' lang='lat' dir='ltr'><strong>faciamus,</strong></span> 
     </span>
    </p>
   </div>
   <div class='ocr_carea' id='block_1_63' title="bbox 2024 1708 3649 1787">
    <p class='ocr_par' dir='ltr' id='par_1_63' title="bbox 2024 1708 3649 1787">
     <span class='ocr_line' id='line_1_63' title="bbox 2024 1708 3649 1787; baseline -0.004 -17"><span class='ocrx_word' id='word_1_423' title='bbox 2024 1714 2386 1787; x_wconf 81' lang='lat' dir='ltr'><strong>Hieronymus</strong></span> <span class='ocrx_word' id='word_1_424' title='bbox 2408 1710 2669 1768; x_wconf 87' lang='lat' dir='ltr'><strong>adversus</strong></span> <span class='ocrx_word' id='word_1_425' title='bbox 2683 1711 3022 1767; x_wconf 81' lang='lat' dir='ltr'><strong>Jovinianum</strong></span> <span class='ocrx_word' id='word_1_426' title='bbox 3045 1711 3123 1766; x_wconf 87' lang='lat' dir='ltr'><strong>sic</strong></span> <span class='ocrx_word' id='word_1_427' title='bbox 3141 1710 3381 1780; x_wconf 85' lang='lat' dir='ltr'><strong>disputat</strong></span> <span class='ocrx_word' id='word_1_428' title='bbox 3413 1727 3427 1763; x_wconf 90' lang='lat'><strong>:</strong></span> <span class='ocrx_word' id='word_1_429' title='bbox 3456 1708 3649 1764; x_wconf 70' lang='lat' dir='ltr'><strong>Duxit-</strong></span> 
     </span>
    </p>
   </div>
   <div class='ocr_carea' id='block_1_64' title="bbox 2025 1800 3626 1881">
    <p class='ocr_par' dir='ltr' id='par_1_64' title="bbox 2025 1800 3626 1881">
     <span class='ocr_line' id='line_1_64' title="bbox 2025 1800 3626 1881; baseline -0.006 -18"><span class='ocrx_word' id='word_1_430' title='bbox 2025 1823 2234 1863; x_wconf 76' lang='lat' dir='ltr'><strong>uxorem</strong></span> <span class='ocrx_word' id='word_1_431' title='bbox 2276 1805 2520 1861; x_wconf 75' lang='lat' dir='ltr'><strong>Martium</strong></span> <span class='ocrx_word' id='word_1_432' title='bbox 2551 1803 2678 1860; x_wconf 88' lang='lat' dir='ltr'><strong>Cato</strong></span> <span class='ocrx_word' id='word_1_433' title='bbox 2716 1821 2820 1859; x_wconf 86' lang='lat' dir='ltr'><strong>non</strong></span> <span class='ocrx_word' id='word_1_434' title='bbox 2844 1804 3113 1881; x_wconf 78' lang='lat' dir='ltr'><strong>virginem,</strong></span> <span class='ocrx_word' id='word_1_435' title='bbox 3141 1802 3231 1858; x_wconf 88' lang='lat' dir='ltr'><strong>sed</strong></span> <span class='ocrx_word' id='word_1_436' title='bbox 3261 1800 3454 1856; x_wconf 81' lang='lat' dir='ltr'><strong>Martia</strong></span> <span class='ocrx_word' id='word_1_437' title='bbox 3494 1802 3626 1855; x_wconf 84' lang='lat' dir='ltr'><strong>inter</strong></span> 
     </span>
    </p>
   </div>
   <div class='ocr_carea' id='block_1_65' title="bbox 2029 1894 3627 1971">
    <p class='ocr_par' dir='ltr' id='par_1_65' title="bbox 2029 1894 3627 1971">
     <span class='ocr_line' id='line_1_65' title="bbox 2029 1894 3627 1971; baseline -0.005 -14"><span class='ocrx_word' id='word_1_438' title='bbox 2029 1900 2360 1971; x_wconf 82' lang='lat' dir='ltr'><strong>Hortensium</strong></span> <span class='ocrx_word' id='word_1_439' title='bbox 2391 1898 2731 1969; x_wconf 85' lang='lat' dir='ltr'><strong>Catonemque</strong></span> <span class='ocrx_word' id='word_1_440' title='bbox 2752 1898 2994 1954; x_wconf 84' lang='lat' dir='ltr'><strong>discurrit</strong></span> <span class='ocrx_word' id='word_1_441' title='bbox 3025 1905 3073 1952; x_wconf 89' lang='lat' dir='ltr'><strong>et</strong></span> <span class='ocrx_word' id='word_1_442' title='bbox 3099 1896 3207 1953; x_wconf 87' lang='lat' dir='ltr'><strong>sine</strong></span> <span class='ocrx_word' id='word_1_443' title='bbox 3250 1894 3440 1951; x_wconf 89' lang='lat' dir='ltr'><strong>Catone</strong></span> <span class='ocrx_word' id='word_1_444' title='bbox 3462 1895 3627 1950; x_wconf 81' lang='lat' dir='ltr'><strong>uiuere</strong></span> 
     </span>
    </p>
   </div>
   <div class='ocr_carea' id='block_1_66' title="bbox 2026 1986 3624 2060">
    <p class='ocr_par' dir='ltr' id='par_1_66' title="bbox 2026 1986 3624 2060">
     <span class='ocr_line' id='line_1_66' title="bbox 2026 1986 3624 2060; baseline -0.005 -12"><span class='ocrx_word' id='word_1_445' title='bbox 2026 1992 2219 2048; x_wconf 81' lang='lat' dir='ltr'><strong>Martia</strong></span> <span class='ocrx_word' id='word_1_446' title='bbox 2252 1991 2435 2060; x_wconf 88' lang='lat' dir='ltr'><strong>potuit.</strong></span> <span class='ocrx_word' id='word_1_447' title='bbox 2466 1989 2744 2046; x_wconf 86' lang='lat' dir='ltr'><strong>Etiterum</strong></span> <span class='ocrx_word' id='word_1_448' title='bbox 2772 1990 2825 2045; x_wconf 90' lang='lat' dir='ltr'><strong>in</strong></span> <span class='ocrx_word' id='word_1_449' title='bbox 2853 1988 3096 2060; x_wconf 78' lang='lat' dir='ltr'><strong>sequenti</strong></span> <span class='ocrx_word' id='word_1_450' title='bbox 3119 1987 3255 2043; x_wconf 89' lang='lat' dir='ltr'><strong>libro</strong></span> <span class='ocrx_word' id='word_1_451' title='bbox 3286 2004 3298 2041; x_wconf 90' lang='lat'><strong>:</strong></span> <span class='ocrx_word' id='word_1_452' title='bbox 3330 1986 3624 2053; x_wconf 87' lang='lat' dir='ltr'><strong>Scotorum,</strong></span> 
     </span>
    </p>
   </div>
   <div class='ocr_carea' id='block_1_67' title="bbox 2027 2075 3628 2154">
    <p class='ocr_par' dir='ltr' id='par_1_67' title="bbox 2027 2075 3628 2154">
     <span class='ocr_line' id='line_1_67' title="bbox 2027 2075 3628 2154; baseline -0.005 -15"><span class='ocrx_word' id='word_1_453' title='bbox 2027 2084 2217 2154; x_wconf 81' lang='lat' dir='ltr'><strong>inquit,</strong></span> <span class='ocrx_word' id='word_1_454' title='bbox 2246 2083 2385 2137; x_wconf 89' lang='lat' dir='ltr'><strong>natio</strong></span> <span class='ocrx_word' id='word_1_455' title='bbox 2424 2096 2610 2136; x_wconf 73' lang='lat' dir='ltr'><strong>uxores</strong></span> <span class='ocrx_word' id='word_1_456' title='bbox 2643 2080 2877 2152; x_wconf 85' lang='lat' dir='ltr'><strong>proprias</strong></span> <span class='ocrx_word' id='word_1_457' title='bbox 2903 2096 3004 2135; x_wconf 91' lang='lat' dir='ltr'><strong>non</strong></span> <span class='ocrx_word' id='word_1_458' title='bbox 3044 2078 3211 2144; x_wconf 78' lang='lat' dir='ltr'><strong>liabet,</strong></span> <span class='ocrx_word' id='word_1_459' title='bbox 3252 2087 3299 2133; x_wconf 90' lang='lat' dir='ltr'><strong>et</strong></span> <span class='ocrx_word' id='word_1_460' title='bbox 3326 2075 3628 2150; x_wconf 83' lang='lat' dir='ltr'><strong>quasiPla-</strong></span> 
     </span>
    </p>
   </div>
   <div class='ocr_carea' id='block_1_68' title="bbox 2028 2170 3626 2245">
    <p class='ocr_par' dir='ltr' id='par_1_68' title="bbox 2028 2170 3626 2245">
     <span class='ocr_line' id='line_1_68' title="bbox 2028 2170 3626 2245; baseline -0.004 -14"><span class='ocrx_word' id='word_1_461' title='bbox 2028 2175 2161 2231; x_wconf 87' lang='lat' dir='ltr'><strong>tonis</strong></span> <span class='ocrx_word' id='word_1_462' title='bbox 2194 2174 2426 2245; x_wconf 84' lang='lat' dir='ltr'><strong>politiam</strong></span> <span class='ocrx_word' id='word_1_463' title='bbox 2472 2172 2648 2245; x_wconf 83' lang='lat' dir='ltr'><strong>legerit</strong></span> <span class='ocrx_word' id='word_1_464' title='bbox 2673 2214 2687 2237; x_wconf 81' lang='lat'><em>.</em></span> <span class='ocrx_word' id='word_1_465' title='bbox 2718 2181 2765 2227; x_wconf 85' lang='lat' dir='ltr'><strong>et</strong></span> <span class='ocrx_word' id='word_1_466' title='bbox 2800 2172 3009 2228; x_wconf 83' lang='lat' dir='ltr'><strong>Catonis</strong></span> <span class='ocrx_word' id='word_1_467' title='bbox 3051 2181 3294 2243; x_wconf 83' lang='lat' dir='ltr'><strong>sequatur</strong></span> <span class='ocrx_word' id='word_1_468' title='bbox 3317 2170 3626 2241; x_wconf 76' lang='lat' dir='ltr'><strong>exemplum,</strong></span> 
     </span>
    </p>
   </div>
   <div class='ocr_carea' id='block_1_69' title="bbox 2028 2263 3629 2339">
    <p class='ocr_par' dir='ltr' id='par_1_69' title="bbox 2028 2263 3629 2339">
     <span class='ocr_line' id='line_1_69' title="bbox 2028 2263 3629 2339; baseline -0.004 -16"><span class='ocrx_word' id='word_1_469' title='bbox 2028 2267 2173 2323; x_wconf 84' lang='lat' dir='ltr'><strong>nulla</strong></span> <span class='ocrx_word' id='word_1_470' title='bbox 2218 2264 2363 2339; x_wconf 87' lang='lat' dir='ltr'><strong>apud</strong></span> <span class='ocrx_word' id='word_1_471' title='bbox 2391 2281 2476 2321; x_wconf 83' lang='lat' dir='ltr'><strong>eos</strong></span> <span class='ocrx_word' id='word_1_472' title='bbox 2503 2266 2694 2335; x_wconf 74' lang='lat' dir='ltr'><strong>conjux</strong></span> <span class='ocrx_word' id='word_1_473' title='bbox 2724 2265 2934 2337; x_wconf 87' lang='lat' dir='ltr'><strong>propria</strong></span> <span class='ocrx_word' id='word_1_474' title='bbox 2970 2274 3042 2320; x_wconf 87' lang='lat' dir='ltr'><strong>est</strong></span> <span class='ocrx_word' id='word_1_475' title='bbox 3065 2305 3082 2332; x_wconf 94' lang='lat'><strong>,</strong></span> <span class='ocrx_word' id='word_1_476' title='bbox 3112 2267 3202 2319; x_wconf 79' lang='lat' dir='ltr'><strong>sed</strong></span> <span class='ocrx_word' id='word_1_477' title='bbox 3225 2275 3277 2319; x_wconf 85' lang='lat' dir='ltr'><strong>ut</strong></span> <span class='ocrx_word' id='word_1_478' title='bbox 3306 2264 3489 2336; x_wconf 84' lang='lat' dir='ltr'><strong>cuique</strong></span> <span class='ocrx_word' id='word_1_479' title='bbox 3514 2263 3629 2319; x_wconf 67' lang='lat' dir='ltr'><strong>libi»-</strong></span> 
     </span>
    </p>
   </div>
   <div class='ocr_carea' id='block_1_70' title="bbox 2027 2355 3631 2433">
    <p class='ocr_par' dir='ltr' id='par_1_70' title="bbox 2027 2355 3631 2433">
     <span class='ocr_line' id='line_1_70' title="bbox 2027 2355 3631 2433; baseline -0.004 -17"><span class='ocrx_word' id='word_1_480' title='bbox 2027 2371 2136 2417; x_wconf 90' lang='lat' dir='ltr'><strong>tum</strong></span> <span class='ocrx_word' id='word_1_481' title='bbox 2165 2361 2317 2433; x_wconf 79' lang='lat' dir='ltr'><strong>fuerit</strong></span> <span class='ocrx_word' id='word_1_482' title='bbox 2341 2358 2592 2428; x_wconf 86' lang='lat' dir='ltr'><strong>pecudum</strong></span> <span class='ocrx_word' id='word_1_483' title='bbox 2616 2373 2754 2412; x_wconf 88' lang='lat' dir='ltr'><strong>more</strong></span> <span class='ocrx_word' id='word_1_484' title='bbox 2779 2358 3041 2411; x_wconf 76' lang='lat' dir='ltr'><strong>lasciviunt</strong></span> <span class='ocrx_word' id='word_1_485' title='bbox 3065 2356 3300 2427; x_wconf 83' lang='lat' dir='ltr'><strong>(August.</strong></span> <span class='ocrx_word' id='word_1_486' title='bbox 3331 2355 3502 2411; x_wconf 87' lang='lat' dir='ltr'><strong>lib.de</strong></span> <span class='ocrx_word' id='word_1_487' title='bbox 3527 2356 3631 2426; x_wconf 79' lang='lat' dir='ltr'><strong>ﬁde</strong></span> 
     </span>
    </p>
   </div>
   <div class='ocr_carea' id='block_1_71' title="bbox 2030 2433 3631 2531">
    <p class='ocr_par' dir='ltr' id='par_1_71' title="bbox 2030 2433 3631 2531">
     <span class='ocr_line' id='line_1_71' title="bbox 2030 2433 3631 2531; baseline -0.005 -21"><span class='ocrx_word' id='word_1_488' title='bbox 2030 2462 2080 2511; x_wconf 86' lang='lat' dir='ltr'><strong>et</strong></span> <span class='ocrx_word' id='word_1_489' title='bbox 2107 2454 2325 2526; x_wconf 87' lang='lat' dir='ltr'><strong>aperib.,</strong></span> <span class='ocrx_word' id='word_1_490' title='bbox 2345 2468 2462 2522; x_wconf 89' lang='lat' dir='ltr'><strong>cap.</strong></span> <span class='ocrx_word' id='word_1_491' title='bbox 2488 2449 2524 2508; x_wconf 87' lang='lat'><strong>6</strong></span> <span class='ocrx_word' id='word_1_492' title='bbox 2551 2459 2597 2531; x_wconf 71' lang='lat' dir='ltr'><strong>et</strong></span> <span class='ocrx_word' id='word_1_493' title='bbox 2623 2450 2713 2506; x_wconf 84' lang='lat' dir='ltr'><strong>lib.</strong></span> <span class='ocrx_word' id='word_1_494' title='bbox 2742 2451 2803 2504; x_wconf 81' lang='lat' dir='ltr'><strong>de</strong></span> <span class='ocrx_word' id='word_1_495' title='bbox 2819 2448 2950 2505; x_wconf 86' lang='lat' dir='ltr'><strong>Bon.</strong></span> <span class='ocrx_word' id='word_1_496' title='bbox 2973 2451 3204 2522; x_wconf 85' lang='lat' dir='ltr'><strong>conjug.,</strong></span> <span class='ocrx_word' id='word_1_497' title='bbox 3227 2466 3343 2520; x_wconf 89' lang='lat' dir='ltr'><strong>cap.</strong></span> <span class='ocrx_word' id='word_1_498' title='bbox 3374 2433 3472 2514; x_wconf 16' lang='lat'><strong>1&#39;8;</strong></span> <span class='ocrx_word' id='word_1_499' title='bbox 3498 2447 3631 2507; x_wconf 78' lang='lat' dir='ltr'><strong>Hie-</strong></span> 
     </span>
    </p>
   </div>
   <div class='ocr_carea' id='block_1_72' title="bbox 2030 2541 3630 2621">
    <p class='ocr_par' dir='ltr' id='par_1_72' title="bbox 2030 2541 3630 2621">
     <span class='ocr_line' id='line_1_72' title="bbox 2030 2541 3630 2621; baseline -0.004 -18"><span class='ocrx_word' id='word_1_500' title='bbox 2030 2564 2232 2621; x_wconf 81' lang='lat' dir='ltr'><strong>ronynt.</strong></span> <span class='ocrx_word' id='word_1_501' title='bbox 2267 2544 2357 2601; x_wconf 86' lang='lat' dir='ltr'><strong>lib.</strong></span> <span class='ocrx_word' id='word_1_502' title='bbox 2391 2544 2433 2612; x_wconf 87' lang='grc' dir='ltr'><strong>Ι,</strong></span> <span class='ocrx_word' id='word_1_503' title='bbox 2457 2544 2576 2600; x_wconf 86' lang='lat' dir='ltr'><strong>adv.</strong></span> <span class='ocrx_word' id='word_1_504' title='bbox 2606 2542 2807 2610; x_wconf 68' lang='lat' dir='ltr'><strong>latim,</strong></span> <span class='ocrx_word' id='word_1_505' title='bbox 2834 2560 2957 2616; x_wconf 84' lang='lat' dir='ltr'><strong>pag.</strong></span> <span class='ocrx_word' id='word_1_506' title='bbox 2982 2542 3106 2600; x_wconf 75' lang='lat'><strong>188.</strong></span> <span class='ocrx_word' id='word_1_507' title='bbox 3130 2541 3270 2599; x_wconf 81' lang='lat' dir='ltr'><strong>Ibid.</strong></span> <span class='ocrx_word' id='word_1_508' title='bbox 3300 2541 3386 2613; x_wconf 75' lang='lat' dir='ltr'><strong>(ib.</strong></span> <span class='ocrx_word' id='word_1_509' title='bbox 3416 2541 3480 2611; x_wconf 87' lang='lat' dir='ltr'><strong>ll,</strong></span> <span class='ocrx_word' id='word_1_510' title='bbox 3509 2558 3630 2614; x_wconf 87' lang='lat' dir='ltr'><strong>pag.</strong></span> 
     </span>
    </p>
   </div>
   <div class='ocr_carea' id='block_1_73' title="bbox 2031 2641 2182 2715">
    <p class='ocr_par' dir='ltr' id='par_1_73' title="bbox 2031 2641 2182 2715">
     <span class='ocr_line' id='line_1_73' title="bbox 2031 2641 2182 2715; baseline -0.007 -17"><span class='ocrx_word' id='word_1_511' title='bbox 2031 2641 2182 2715; x_wconf 75' lang='lat' dir='ltr'><strong>eoi).</strong></span> 
     </span>
    </p>
   </div>
   <div class='ocr_carea' id='block_1_74' title="bbox 2105 2727 3636 2807">
    <p class='ocr_par' dir='ltr' id='par_1_74' title="bbox 2105 2727 3636 2807">
     <span class='ocr_line' id='line_1_74' title="bbox 2105 2727 3636 2807; baseline -0.003 -17"><span class='ocrx_word' id='word_1_512' title='bbox 2105 2736 2423 2807; x_wconf 85' lang='lat' dir='ltr'><strong>Quanquam</strong></span> <span class='ocrx_word' id='word_1_513' title='bbox 2453 2742 2633 2788; x_wconf 89' lang='lat' dir='ltr'><strong>autem</strong></span> <span class='ocrx_word' id='word_1_514' title='bbox 2671 2733 2852 2804; x_wconf 89' lang='lat' dir='ltr'><strong>plures</strong></span> <span class='ocrx_word' id='word_1_515' title='bbox 2904 2730 3101 2786; x_wconf 84' lang='lat' dir='ltr'><strong>fuerint</strong></span> <span class='ocrx_word' id='word_1_516' title='bbox 3151 2727 3373 2787; x_wconf 88' lang='lat' dir='ltr'><strong>Catonis</strong></span> <span class='ocrx_word' id='word_1_517' title='bbox 3418 2728 3636 2785; x_wconf 88' lang='lat' dir='ltr'><strong>nomine</strong></span> 
     </span>
    </p>
   </div>
   <div class='ocr_carea' id='block_1_75' title="bbox 2036 2822 3638 2904">
    <p class='ocr_par' dir='ltr' id='par_1_75' title="bbox 2036 2822 3638 2904">
     <span class='ocr_line' id='line_1_75' title="bbox 2036 2822 3638 2904; baseline -0.007 -16"><span class='ocrx_word' id='word_1_518' title='bbox 2036 2830 2296 2904; x_wconf 87' lang='lat' dir='ltr'><strong>insigniti,</strong></span> <span class='ocrx_word' id='word_1_519' title='bbox 2335 2841 2564 2900; x_wconf 89' lang='lat' dir='ltr'><strong>quorum</strong></span> <span class='ocrx_word' id='word_1_520' title='bbox 2595 2825 2907 2899; x_wconf 85' lang='lat' dir='ltr'><strong>genealogia</strong></span> <span class='ocrx_word' id='word_1_521' title='bbox 2934 2823 3002 2879; x_wconf 88' lang='lat' dir='ltr'><strong>ab</strong></span> <span class='ocrx_word' id='word_1_522' title='bbox 3029 2824 3092 2879; x_wconf 87' lang='lat' dir='ltr'><strong>A.</strong></span> <span class='ocrx_word' id='word_1_523' title='bbox 3138 2823 3314 2879; x_wconf 88' lang='lat' dir='ltr'><strong>Gellio</strong></span> <span class='ocrx_word' id='word_1_524' title='bbox 3353 2822 3638 2879; x_wconf 79' lang='lat' dir='ltr'><strong>exhibetur</strong></span> 
     </span>
    </p>
   </div>
   <div class='ocr_carea' id='block_1_76' title="bbox 2037 2914 3639 2997">
    <p class='ocr_par' dir='ltr' id='par_1_76' title="bbox 2037 2914 3639 2997">
     <span class='ocr_line' id='line_1_76' title="bbox 2037 2914 3639 2997; baseline -0.007 -17"><span class='ocrx_word' id='word_1_525' title='bbox 2037 2923 2224 2997; x_wconf 81' lang='lat' dir='ltr'><strong>(Gell.,</strong></span> <span class='ocrx_word' id='word_1_526' title='bbox 2267 2916 2354 2977; x_wconf 88' lang='lat' dir='ltr'><strong>lib.</strong></span> <span class='ocrx_word' id='word_1_527' title='bbox 2385 2918 2522 2987; x_wconf 78' lang='lat' dir='ltr'><strong>XIII,</strong></span> <span class='ocrx_word' id='word_1_528' title='bbox 2569 2917 2725 2974; x_wconf 88' lang='lat' dir='ltr'><strong>Noct.</strong></span> <span class='ocrx_word' id='word_1_529' title='bbox 2755 2918 2903 2984; x_wconf 79' lang='lat' dir='ltr'><strong>Atti.,</strong></span> <span class='ocrx_word' id='word_1_530' title='bbox 2933 2932 3051 2989; x_wconf 88' lang='lat' dir='ltr'><strong>cap.</strong></span> <span class='ocrx_word' id='word_1_531' title='bbox 3079 2915 3170 2979; x_wconf 77' lang='lat' dir='ltr'><strong>l9)</strong></span> <span class='ocrx_word' id='word_1_532' title='bbox 3196 2933 3211 2983; x_wconf 90' lang='lat'><strong>;</strong></span> <span class='ocrx_word' id='word_1_533' title='bbox 3242 2930 3309 2970; x_wconf 77' lang='lat' dir='ltr'><strong>ex</strong></span> <span class='ocrx_word' id='word_1_534' title='bbox 3346 2914 3524 2971; x_wconf 86' lang='lat' dir='ltr'><strong>citatis</strong></span> <span class='ocrx_word' id='word_1_535' title='bbox 3555 2924 3639 2969; x_wconf 82' lang='lat' dir='ltr'><strong>ta-</strong></span> 
     </span>
    </p>
   </div>
   <div class='ocr_carea' id='block_1_77' title="bbox 2037 3000 3642 3085">
    <p class='ocr_par' dir='ltr' id='par_1_77' title="bbox 2037 3000 3642 3085">
     <span class='ocr_line' id='line_1_77' title="bbox 2037 3000 3642 3085; baseline -0.007 -14"><span class='ocrx_word' id='word_1_536' title='bbox 2037 3030 2163 3071; x_wconf 89' lang='lat' dir='ltr'><strong>men</strong></span> <span class='ocrx_word' id='word_1_537' title='bbox 2185 3010 2541 3085; x_wconf 85' lang='lat' dir='ltr'><strong>scriptoribus</strong></span> <span class='ocrx_word' id='word_1_538' title='bbox 2569 3016 2787 3065; x_wconf 82' lang='lat' dir='ltr'><strong>constat</strong></span> <span class='ocrx_word' id='word_1_539' title='bbox 2814 3008 2962 3062; x_wconf 91' lang='lat' dir='ltr'><strong>illum</strong></span> <span class='ocrx_word' id='word_1_540' title='bbox 2984 3048 2998 3071; x_wconf 89' lang='lat'><strong>,</strong></span> <span class='ocrx_word' id='word_1_541' title='bbox 3031 3006 3100 3061; x_wconf 89' lang='lat' dir='ltr'><strong>de</strong></span> <span class='ocrx_word' id='word_1_542' title='bbox 3136 3021 3245 3079; x_wconf 89' lang='lat' dir='ltr'><strong>quo</strong></span> <span class='ocrx_word' id='word_1_543' title='bbox 3282 3000 3511 3077; x_wconf 77' lang='lat' dir='ltr'><strong>agimus,</strong></span> <span class='ocrx_word' id='word_1_544' title='bbox 3539 3004 3642 3060; x_wconf 89' lang='lat' dir='ltr'><strong>Ca-</strong></span> 
     </span>
    </p>
   </div>
   <div class='ocr_carea' id='block_1_78' title="bbox 2042 3099 3637 3173">
    <p class='ocr_par' dir='ltr' id='par_1_78' title="bbox 2042 3099 3637 3173">
     <span class='ocr_line' id='line_1_78' title="bbox 2042 3099 3637 3173; baseline -0.008 -8"><span class='ocrx_word' id='word_1_545' title='bbox 2042 3121 2222 3165; x_wconf 88' lang='lat' dir='ltr'><strong>tonem</strong></span> <span class='ocrx_word' id='word_1_546' title='bbox 2253 3107 2420 3162; x_wconf 82' lang='lat' dir='ltr'><strong>fuisse</strong></span> <span class='ocrx_word' id='word_1_547' title='bbox 2449 3105 2780 3171; x_wconf 85' lang='lat' dir='ltr'><strong>Uticensem,</strong></span> <span class='ocrx_word' id='word_1_548' title='bbox 2811 3103 2900 3173; x_wconf 91' lang='lat' dir='ltr'><strong>qui</strong></span> <span class='ocrx_word' id='word_1_549' title='bbox 2932 3100 3069 3156; x_wconf 41' lang='lat' dir='ltr'><strong>ideo»</strong></span> <span class='ocrx_word' id='word_1_550' title='bbox 3097 3100 3270 3155; x_wconf 81' lang='lat' dir='ltr'><strong>Minor</strong></span> <span class='ocrx_word' id='word_1_551' title='bbox 3297 3099 3637 3170; x_wconf 88' lang='lat' dir='ltr'><strong>appellatur;</strong></span> 
     </span>
    </p>
   </div>
   <div class='ocr_carea' id='block_1_79' title="bbox 2042 3190 3635 3273">
    <p class='ocr_par' dir='ltr' id='par_1_79' title="bbox 2042 3190 3635 3273">
     <span class='ocr_line' id='line_1_79' title="bbox 2042 3190 3635 3273; baseline -0.008 -17"><span class='ocrx_word' id='word_1_552' title='bbox 2042 3202 2164 3273; x_wconf 89' lang='lat' dir='ltr'><strong>quia</strong></span> <span class='ocrx_word' id='word_1_553' title='bbox 2192 3199 2413 3255; x_wconf 89' lang='lat' dir='ltr'><strong>Catonis</strong></span> <span class='ocrx_word' id='word_1_554' title='bbox 2457 3196 2702 3251; x_wconf 90' lang='lat' dir='ltr'><strong>Censorii</strong></span> <span class='ocrx_word' id='word_1_555' title='bbox 2730 3209 2798 3249; x_wconf 85' lang='lat' dir='ltr'><strong>ex</strong></span> <span class='ocrx_word' id='word_1_556' title='bbox 2830 3194 2961 3258; x_wconf 88' lang='lat' dir='ltr'><strong>lilio,</strong></span> <span class='ocrx_word' id='word_1_557' title='bbox 3015 3200 3071 3246; x_wconf 94' lang='lat' dir='ltr'><strong>ut</strong></span> <span class='ocrx_word' id='word_1_558' title='bbox 3119 3192 3194 3245; x_wconf 89' lang='lat' dir='ltr'><strong>ait</strong></span> <span class='ocrx_word' id='word_1_559' title='bbox 3237 3190 3378 3245; x_wconf 85' lang='lat' dir='ltr'><strong>idem</strong></span> <span class='ocrx_word' id='word_1_560' title='bbox 3408 3190 3635 3256; x_wconf 86' lang='lat' dir='ltr'><strong>Gellius,</strong></span> 
     </span>
    </p>
   </div>
   <div class='ocr_carea' id='block_1_80' title="bbox 2044 3280 3639 3363">
    <p class='ocr_par' dir='ltr' id='par_1_80' title="bbox 2044 3280 3639 3363">
     <span class='ocr_line' id='line_1_80' title="bbox 2044 3280 3639 3363; baseline -0.009 -16"><span class='ocrx_word' id='word_1_561' title='bbox 2044 3305 2214 3363; x_wconf 88' lang='lat' dir='ltr'><strong>nepos</strong></span> <span class='ocrx_word' id='word_1_562' title='bbox 2239 3299 2374 3345; x_wconf 84' lang='lat' dir='ltr'><strong>erat.</strong></span> <span class='ocrx_word' id='word_1_563' title='bbox 2400 3287 2508 3347; x_wconf 89' lang='lat' dir='ltr'><strong>Cur</strong></span> <span class='ocrx_word' id='word_1_564' title='bbox 2551 3299 2702 3356; x_wconf 90' lang='lat' dir='ltr'><strong>ergo,</strong></span> <span class='ocrx_word' id='word_1_565' title='bbox 2753 3284 2958 3355; x_wconf 81' lang='lat' dir='ltr'><strong>inquiet</strong></span> <span class='ocrx_word' id='word_1_566' title='bbox 2986 3281 3205 3352; x_wconf 83' lang='lat' dir='ltr'><strong>aliquis,</strong></span> <span class='ocrx_word' id='word_1_567' title='bbox 3232 3296 3263 3335; x_wconf 89' lang='lat' dir='ltr'><strong>a</strong></span> <span class='ocrx_word' id='word_1_568' title='bbox 3305 3280 3639 3336; x_wconf 86' lang='lat' dir='ltr'><strong>Tertulliano</strong></span> 
     </span>
    </p>
   </div>
   <div class='ocr_carea' id='block_1_81' title="bbox 2044 3371 3635 3442">
    <p class='ocr_par' dir='ltr' id='par_1_81' title="bbox 2044 3371 3635 3442">
     <span class='ocr_line' id='line_1_81' title="bbox 2044 3371 3635 3442; baseline -0.009 -1"><span class='ocrx_word' id='word_1_569' title='bbox 2044 3392 2231 3442; x_wconf 91' lang='lat' dir='ltr'><strong>nostro</strong></span> <span class='ocrx_word' id='word_1_570' title='bbox 2285 3379 2492 3437; x_wconf 85' lang='lat' dir='ltr'><strong>Censor</strong></span> <span class='ocrx_word' id='word_1_571' title='bbox 2544 3376 2807 3433; x_wconf 71' lang='lat' dir='ltr'><strong>vocatur?</strong></span> <span class='ocrx_word' id='word_1_572' title='bbox 2852 3375 3147 3430; x_wconf 79' lang='lat' dir='ltr'><strong>Enimvero</strong></span> <span class='ocrx_word' id='word_1_573' title='bbox 3195 3373 3397 3427; x_wconf 86' lang='lat' dir='ltr'><strong>diserte</strong></span> <span class='ocrx_word' id='word_1_574' title='bbox 3434 3371 3635 3429; x_wconf 84' lang='lat' dir='ltr'><strong>ibidem</strong></span> 
     </span>
    </p>
   </div>
   <div class='ocr_carea' id='block_1_82' title="bbox 2044 3460 3643 3548">
    <p class='ocr_par' dir='ltr' id='par_1_82' title="bbox 2044 3460 3643 3548">
     <span class='ocr_line' id='line_1_82' title="bbox 2044 3460 3643 3548; baseline -0.009 -15"><span class='ocrx_word' id='word_1_575' title='bbox 2044 3476 2293 3548; x_wconf 84' lang='lat' dir='ltr'><strong>scripsit:</strong></span> <span class='ocrx_word' id='word_1_576' title='bbox 2318 3471 2571 3536; x_wconf 82' lang='lat' dir='ltr'><strong>Lenones,</strong></span> <span class='ocrx_word' id='word_1_577' title='bbox 2603 3467 2952 3539; x_wconf 88' lang='lat' dir='ltr'><strong>manuscripti</strong></span> <span class='ocrx_word' id='word_1_578' title='bbox 2986 3463 3157 3520; x_wconf 87' lang='lat' dir='ltr'><strong>nostri</strong></span> <span class='ocrx_word' id='word_1_579' title='bbox 3184 3463 3433 3530; x_wconf 83' lang='lat' dir='ltr'><strong>codices,</strong></span> <span class='ocrx_word' id='word_1_580' title='bbox 3466 3460 3643 3519; x_wconf 89' lang='lat' dir='ltr'><strong>Lenon</strong></span> 
     </span>
    </p>
   </div>
   <div class='ocr_carea' id='block_1_83' title="bbox 2045 3554 3639 3640">
    <p class='ocr_par' dir='ltr' id='par_1_83' title="bbox 2045 3554 3639 3640">
     <span class='ocr_line' id='line_1_83' title="bbox 2045 3554 3639 3640; baseline -0.009 -15"><span class='ocrx_word' id='word_1_581' title='bbox 2045 3579 2119 3625; x_wconf 87' lang='lat' dir='ltr'><strong>est</strong></span> <span class='ocrx_word' id='word_1_582' title='bbox 2149 3563 2483 3640; x_wconf 74' lang='lat' dir='ltr'><strong>pltilosOplius</strong></span> <span class='ocrx_word' id='word_1_583' title='bbox 2525 3561 2786 3627; x_wconf 80' lang='lat' dir='ltr'><strong>Socrates,</strong></span> <span class='ocrx_word' id='word_1_584' title='bbox 2838 3568 2887 3613; x_wconf 84' lang='lat' dir='ltr'><strong>et</strong></span> <span class='ocrx_word' id='word_1_585' title='bbox 2934 3556 3123 3612; x_wconf 76' lang='lat' dir='ltr'><strong>Censor</strong></span> <span class='ocrx_word' id='word_1_586' title='bbox 3156 3554 3282 3610; x_wconf 86' lang='lat' dir='ltr'><strong>Cato</strong></span> <span class='ocrx_word' id='word_1_587' title='bbox 3304 3554 3639 3627; x_wconf 80' lang='lat' dir='ltr'><strong>(Tertullian.</strong></span> 
     </span>
    </p>
   </div>
   <div class='ocr_carea' id='block_1_84' title="bbox 2047 3645 3641 3733">
    <p class='ocr_par' dir='ltr' id='par_1_84' title="bbox 2047 3645 3641 3733">
     <span class='ocr_line' id='line_1_84' title="bbox 2047 3645 3641 3733; baseline -0.009 -16"><span class='ocrx_word' id='word_1_588' title='bbox 2047 3660 2339 3733; x_wconf 82' lang='lat' dir='ltr'><strong>Apologet.,</strong></span> <span class='ocrx_word' id='word_1_589' title='bbox 2358 3672 2474 3726; x_wconf 88' lang='lat' dir='ltr'><strong>cap.</strong></span> <span class='ocrx_word' id='word_1_590' title='bbox 2496 3654 2586 3721; x_wconf 78' lang='lat'><strong>39,</strong></span> <span class='ocrx_word' id='word_1_591' title='bbox 2616 3670 2668 3724; x_wconf 89' lang='lat' dir='ltr'><strong>p.</strong></span> <span class='ocrx_word' id='word_1_592' title='bbox 2712 3648 3151 3722; x_wconf 73' lang='lat' dir='ltr'><strong>467).Nutnquid</strong></span> <span class='ocrx_word' id='word_1_593' title='bbox 3171 3645 3641 3720; x_wconf 86' lang='lat' dir='ltr'><strong>igituribimemo-</strong></span> 
     </span>
    </p>
   </div>
   <div class='ocr_carea' id='block_1_85' title="bbox 2046 3739 3646 3823">
    <p class='ocr_par' dir='ltr' id='par_1_85' title="bbox 2046 3739 3646 3823">
     <span class='ocr_line' id='line_1_85' title="bbox 2046 3739 3646 3823; baseline -0.009 -13"><span class='ocrx_word' id='word_1_594' title='bbox 2046 3757 2155 3810; x_wconf 78' lang='lat' dir='ltr'><strong>rite.</strong></span> <span class='ocrx_word' id='word_1_595' title='bbox 2172 3752 2314 3807; x_wconf 80' lang='lat' dir='ltr'><strong>illius</strong></span> <span class='ocrx_word' id='word_1_596' title='bbox 2339 3753 2627 3823; x_wconf 65' lang='grc' dir='ltr'><strong>ἁμάρτημα,</strong></span> <span class='ocrx_word' id='word_1_597' title='bbox 2651 3752 2705 3800; x_wconf 92' lang='lat' dir='ltr'><strong>et</strong></span> <span class='ocrx_word' id='word_1_598' title='bbox 2732 3758 2888 3799; x_wconf 89' lang='lat' dir='ltr'><strong>error</strong></span> <span class='ocrx_word' id='word_1_599' title='bbox 2922 3742 3050 3798; x_wconf 84' lang='lat' dir='ltr'><strong>est?</strong></span> <span class='ocrx_word' id='word_1_600' title='bbox 3077 3742 3149 3795; x_wconf 87' lang='lat' dir='ltr'><strong>At</strong></span> <span class='ocrx_word' id='word_1_601' title='bbox 3176 3740 3299 3795; x_wconf 88' lang='lat' dir='ltr'><strong>huic</strong></span> <span class='ocrx_word' id='word_1_602' title='bbox 3325 3739 3646 3810; x_wconf 90' lang='lat' dir='ltr'><strong>responderi</strong></span> 
     </span>
    </p>
   </div>
   <div class='ocr_carea' id='block_1_86' title="bbox 2050 3831 3642 3920">
    <p class='ocr_par' dir='ltr' id='par_1_86' title="bbox 2050 3831 3642 3920">
     <span class='ocr_line' id='line_1_86' title="bbox 2050 3831 3642 3920; baseline -0.01 -17"><span class='ocrx_word' id='word_1_603' title='bbox 2050 3853 2227 3920; x_wconf 84' lang='lat' dir='ltr'><strong>potest</strong></span> <span class='ocrx_word' id='word_1_604' title='bbox 2252 3844 2511 3899; x_wconf 90' lang='lat' dir='ltr'><strong>Catonem</strong></span> <span class='ocrx_word' id='word_1_605' title='bbox 2544 3856 2574 3894; x_wconf 89' lang='lat' dir='ltr'><strong>a</strong></span> <span class='ocrx_word' id='word_1_606' title='bbox 2602 3836 2935 3894; x_wconf 89' lang='lat' dir='ltr'><strong>Tertulliano</strong></span> <span class='ocrx_word' id='word_1_607' title='bbox 2976 3848 3081 3891; x_wconf 91' lang='lat' dir='ltr'><strong>non</strong></span> <span class='ocrx_word' id='word_1_608' title='bbox 3108 3832 3391 3904; x_wconf 82' lang='lat' dir='ltr'><strong>dignitate,</strong></span> <span class='ocrx_word' id='word_1_609' title='bbox 3413 3831 3508 3887; x_wconf 88' lang='lat' dir='ltr'><strong>sed</strong></span> <span class='ocrx_word' id='word_1_610' title='bbox 3524 3834 3642 3888; x_wconf 89' lang='lat' dir='ltr'><strong>ani-</strong></span> 
     </span>
    </p>
   </div>
   <div class='ocr_carea' id='block_1_87' title="bbox 2052 3923 3640 4005">
    <p class='ocr_par' dir='ltr' id='par_1_87' title="bbox 2052 3923 3640 4005">
     <span class='ocr_line' id='line_1_87' title="bbox 2052 3923 3640 4005; baseline -0.01 -10"><span class='ocrx_word' id='word_1_611' title='bbox 2052 3955 2141 3995; x_wconf 90' lang='lat' dir='ltr'><strong>mo</strong></span> <span class='ocrx_word' id='word_1_612' title='bbox 2162 3946 2481 4005; x_wconf 89' lang='lat' dir='ltr'><strong>morumque</strong></span> <span class='ocrx_word' id='word_1_613' title='bbox 2506 3930 2797 3987; x_wconf 81' lang='lat' dir='ltr'><strong>severitate</strong></span> <span class='ocrx_word' id='word_1_614' title='bbox 2822 3941 3105 3984; x_wconf 86' lang='lat' dir='ltr'><strong>censorem</strong></span> <span class='ocrx_word' id='word_1_615' title='bbox 3123 3925 3402 3996; x_wconf 77' lang='lat' dir='ltr'><strong>appellari.</strong></span> <span class='ocrx_word' id='word_1_616' title='bbox 3427 3923 3640 3981; x_wconf 84' lang='lat' dir='ltr'><strong>Etenim</strong></span> 
     </span>
    </p>
   </div>
   <div class='ocr_carea' id='block_1_88' title="bbox 2047 4019 3213 4104">
    <p class='ocr_par' dir='ltr' id='par_1_88' title="bbox 2047 4019 3213 4104">
     <span class='ocr_line' id='line_1_88' title="bbox 2047 4019 3213 4104; baseline -0.016 -16"><span class='ocrx_word' id='word_1_617' title='bbox 2047 4032 2158 4104; x_wconf 90' lang='lat' dir='ltr'><strong>jam</strong></span> <span class='ocrx_word' id='word_1_618' title='bbox 2197 4031 2390 4085; x_wconf 81' lang='lat' dir='ltr'><strong>citatus</strong></span> <span class='ocrx_word' id='word_1_619' title='bbox 2415 4039 2446 4080; x_wconf 90' lang='lat' dir='ltr'><strong>a</strong></span> <span class='ocrx_word' id='word_1_620' title='bbox 2469 4022 2622 4079; x_wconf 89' lang='lat' dir='ltr'><strong>nobis</strong></span> <span class='ocrx_word' id='word_1_621' title='bbox 2646 4021 2896 4077; x_wconf 84' lang='lat' dir='ltr'><strong>Lucanus</strong></span> <span class='ocrx_word' id='word_1_622' title='bbox 2924 4019 3150 4075; x_wconf 89' lang='lat' dir='ltr'><strong>canebat</strong></span> <span class='ocrx_word' id='word_1_623' title='bbox 3179 4033 3213 4091; x_wconf 66' lang='grc' dir='ltr'><strong>ε⁸</strong></span> 
     </span>
    </p>
   </div>
   <div class='ocr_carea' id='block_1_89' title="bbox 2215 4126 3427 4209">
    <p class='ocr_par' dir='ltr' id='par_1_89' title="bbox 2215 4126 3427 4209">
     <span class='ocr_line' id='line_1_89' title="bbox 2215 4126 3427 4209; baseline -0.009 -18"><span class='ocrx_word' id='word_1_624' title='bbox 2215 4178 2240 4209; x_wconf 91' lang='lat'><strong>._</strong></span> <span class='ocrx_word' id='word_1_625' title='bbox 2295 4175 2311 4190; x_wconf 96' lang='lat'><strong>.</strong></span> <span class='ocrx_word' id='word_1_626' title='bbox 2380 4175 2402 4209; x_wconf 85' lang='lat'><strong>._</strong></span> <span class='ocrx_word' id='word_1_627' title='bbox 2436 4136 2522 4209; x_wconf 82' lang='lat' dir='ltr'><strong>__Hi</strong></span> <span class='ocrx_word' id='word_1_628' title='bbox 2545 4147 2731 4197; x_wconf 86' lang='lat' dir='ltr'><strong>mores,</strong></span> <span class='ocrx_word' id='word_1_629' title='bbox 2755 4133 2862 4185; x_wconf 59' lang='lat' dir='ltr'><strong>haec</strong></span> <span class='ocrx_word' id='word_1_630' title='bbox 2879 4130 2989 4182; x_wconf 89' lang='lat' dir='ltr'><strong>duri</strong></span> <span class='ocrx_word' id='word_1_631' title='bbox 3006 4131 3207 4180; x_wconf 85' lang='lat' dir='ltr'><strong>immota</strong></span> <span class='ocrx_word' id='word_1_632' title='bbox 3226 4126 3427 4181; x_wconf 88' lang='lat' dir='ltr'><strong>Catonis</strong></span> 
     </span>
    </p>
   </div>
   <div class='ocr_carea' id='block_1_90' title="bbox 2208 4200 3558 4320">
    <p class='ocr_par' dir='ltr' id='par_1_90' title="bbox 2208 4200 3558 4320">
     <span class='ocr_line' id='line_1_90' title="bbox 2208 4200 2719 4263; baseline -0.022 -9"><span class='ocrx_word' id='word_1_633' title='bbox 2208 4204 2357 4254; x_wconf 84' lang='lat' dir='ltr'><strong>Secta</strong></span> <span class='ocrx_word' id='word_1_634' title='bbox 2377 4200 2486 4263; x_wconf 84' lang='lat' dir='ltr'><strong>fuit,</strong></span> <span class='ocrx_word' id='word_1_635' title='bbox 2710 4228 2719 4231; x_wconf 72' lang='grc'><strong>-</strong></span> 
     </span>
     <span class='ocr_line' id='line_1_91' title="bbox 2922 4251 3558 4320; baseline -0.009 -12"><span class='ocrx_word' id='word_1_636' title='bbox 2922 4257 3147 4320; x_wconf 59' lang='lat' dir='ltr'><strong>(Lucan,</strong></span> <span class='ocrx_word' id='word_1_637' title='bbox 3171 4251 3254 4305; x_wconf 85' lang='lat' dir='ltr'><strong>tib.</strong></span> <span class='ocrx_word' id='word_1_638' title='bbox 3274 4267 3329 4317; x_wconf 87' lang='grc' dir='ltr'><strong>ιι,</strong></span> <span class='ocrx_word' id='word_1_639' title='bbox 3352 4266 3396 4305; x_wconf 83' lang='grc' dir='ltr'><strong>υ.</strong></span> <span class='ocrx_word' id='word_1_640' title='bbox 3422 4251 3558 4316; x_wconf 78' lang='lat'><strong>379.)</strong></span> 
     </span>
    </p>
   </div>
   <div class='ocr_carea' id='block_1_91' title="bbox 2055 4358 3640 4433">
    <p class='ocr_par' dir='ltr' id='par_1_91' title="bbox 2055 4358 3640 4433">
     <span class='ocr_line' id='line_1_92' title="bbox 2055 4358 3640 4433; baseline -0.011 -1"><span class='ocrx_word' id='word_1_641' title='bbox 2055 4374 2312 4433; x_wconf 81' lang='lat' dir='ltr'><strong>videlicet</strong></span> <span class='ocrx_word' id='word_1_642' title='bbox 2338 4370 2527 4428; x_wconf 89' lang='lat' dir='ltr'><strong>stoica.</strong></span> <span class='ocrx_word' id='word_1_643' title='bbox 2556 4367 2637 4425; x_wconf 83' lang='lat' dir='ltr'><strong>Eo</strong></span> <span class='ocrx_word' id='word_1_644' title='bbox 2684 4365 2846 4424; x_wconf 87' lang='lat' dir='ltr'><strong>etiam</strong></span> <span class='ocrx_word' id='word_1_645' title='bbox 2876 4378 3041 4421; x_wconf 91' lang='lat' dir='ltr'><strong>sensu</strong></span> <span class='ocrx_word' id='word_1_646' title='bbox 3073 4376 3270 4418; x_wconf 90' lang='lat' dir='ltr'><strong>nomen</strong></span> <span class='ocrx_word' id='word_1_647' title='bbox 3304 4362 3546 4418; x_wconf 86' lang='lat' dir='ltr'><strong>censoris</strong></span> <span class='ocrx_word' id='word_1_648' title='bbox 3573 4358 3640 4416; x_wconf 88' lang='lat' dir='ltr'><strong>ab</strong></span> 
     </span>
    </p>
   </div>
   <div class='ocr_carea' id='block_1_92' title="bbox 357 4429 2616 4535">
    <p class='ocr_par' dir='ltr' id='par_1_92' title="bbox 357 4429 2616 4535">
     <span class='ocr_line' id='line_1_93' title="bbox 357 4429 2616 4535; baseline -0.011 -28"><span class='ocrx_word' id='word_1_649' title='bbox 357 4451 534 4525; x_wconf 85' lang='lat' dir='ltr'><strong>quibus</strong></span> <span class='ocrx_word' id='word_1_650' title='bbox 564 4457 769 4503; x_wconf 83' lang='lat' dir='ltr'><strong>eatenus</strong></span> <span class='ocrx_word' id='word_1_651' title='bbox 798 4453 1065 4510; x_wconf 88' lang='lat' dir='ltr'><strong>caruerat,</strong></span> <span class='ocrx_word' id='word_1_652' title='bbox 1100 4440 1311 4513; x_wconf 85' lang='lat' dir='ltr'><strong>cupido,</strong></span> <span class='ocrx_word' id='word_1_653' title='bbox 1350 4429 1507 4495; x_wconf 86' lang='lat' dir='ltr'><strong>donec</strong></span> <span class='ocrx_word' id='word_1_654' title='bbox 1542 4454 1605 4494; x_wconf 78' lang='lat' dir='ltr'><strong>ea:</strong></span> <span class='ocrx_word' id='word_1_655' title='bbox 1628 4437 1718 4494; x_wconf 86' lang='lat' dir='ltr'><strong>illo</strong></span> <span class='ocrx_word' id='word_1_656' title='bbox 1758 4452 1954 4509; x_wconf 86' lang='lat' dir='ltr'><strong>quoque</strong></span> <span class='ocrx_word' id='word_1_657' title='bbox 2056 4429 2280 4527; x_wconf 34' lang='lat' dir='ltr'><strong>ﬁgam;</strong></span> <span class='ocrx_word' id='word_1_658' title='bbox 2304 4463 2565 4535; x_wconf 53' lang='lat' dir='ltr'><strong>accipi,”</strong></span> <span class='ocrx_word' id='word_1_659' title='bbox 2599 4474 2616 4514; x_wconf 52' lang='grc' dir='ltr'><em>τ</em></span> 
     </span>
    </p>
   </div>
   <div class='ocr_carea' id='block_1_93' title="bbox 360 4532 1947 4616">
    <p class='ocr_par' dir='ltr' id='par_1_93' title="bbox 360 4532 1947 4616">
     <span class='ocr_line' id='line_1_94' title="bbox 360 4532 1947 4616; baseline -0.008 -14"><span class='ocrx_word' id='word_1_660' title='bbox 360 4556 570 4602; x_wconf 87' lang='lat' dir='ltr'><strong>matrem</strong></span> <span class='ocrx_word' id='word_1_661' title='bbox 595 4547 784 4616; x_wconf 80' lang='lat' dir='ltr'><strong>[actam</strong></span> <span class='ocrx_word' id='word_1_662' title='bbox 810 4539 1015 4593; x_wconf 90' lang='lat' dir='ltr'><strong>domum</strong></span> <span class='ocrx_word' id='word_1_663' title='bbox 1034 4536 1220 4608; x_wconf 86' lang='lat' dir='ltr'><strong>recepit</strong></span> <span class='ocrx_word' id='word_1_664' title='bbox 1249 4535 1393 4607; x_wconf 88' lang='lat' dir='ltr'><strong>quasi</strong></span> <span class='ocrx_word' id='word_1_665' title='bbox 1420 4534 1680 4590; x_wconf 87' lang='lat' dir='ltr'><strong>usuariam</strong></span> <span class='ocrx_word' id='word_1_666' title='bbox 1697 4532 1947 4606; x_wconf 79' lang='lat' dir='ltr'><strong>(Appian.</strong></span> 
     </span>
    </p>
   </div>
   <div class='ocr_carea' id='block_1_94' title="bbox 361 4624 2073 4720">
    <p class='ocr_par' dir='ltr' id='par_1_94' title="bbox 361 4624 2073 4720">
     <span class='ocr_line' id='line_1_95' title="bbox 361 4624 2073 4720; baseline -0.009 -23"><span class='ocrx_word' id='word_1_667' title='bbox 361 4640 450 4696; x_wconf 84' lang='lat' dir='ltr'><strong>lib.</strong></span> <span class='ocrx_word' id='word_1_668' title='bbox 482 4636 550 4707; x_wconf 85' lang='lat' dir='ltr'><strong>II,</strong></span> <span class='ocrx_word' id='word_1_669' title='bbox 578 4637 641 4691; x_wconf 89' lang='lat' dir='ltr'><strong>de</strong></span> <span class='ocrx_word' id='word_1_670' title='bbox 682 4632 799 4689; x_wconf 84' lang='lat' dir='ltr'><strong>bell.</strong></span> <span class='ocrx_word' id='word_1_671' title='bbox 831 4629 966 4686; x_wconf 76' lang='lat' dir='ltr'><strong>civil.</strong></span> <span class='ocrx_word' id='word_1_672' title='bbox 996 4639 1129 4701; x_wconf 86' lang='lat' dir='ltr'><strong>post.</strong></span> <span class='ocrx_word' id='word_1_673' title='bbox 1158 4627 1326 4692; x_wconf 88' lang='lat' dir='ltr'><strong>med.,</strong></span> <span class='ocrx_word' id='word_1_674' title='bbox 1354 4630 1472 4699; x_wconf 84' lang='lat' dir='ltr'><strong>pag.</strong></span> <span class='ocrx_word' id='word_1_675' title='bbox 1500 4625 1652 4720; x_wconf 55' lang='lat'><strong>286).</strong></span> <span class='ocrx_word' id='word_1_676' title='bbox 1681 4624 1955 4697; x_wconf 78' lang='lat' dir='ltr'><strong>Scriptum</strong></span> <span class='ocrx_word' id='word_1_677' title='bbox 1977 4659 2033 4720; x_wconf 77' lang='grc' dir='ltr'><strong>Ι)</strong></span> <span class='ocrx_word' id='word_1_678' title='bbox 2055 4680 2073 4693; x_wconf 36' lang='grc' dir='ltr'><strong>κ</strong></span> 
     </span>
    </p>
   </div>
   <div class='ocr_carea' id='block_1_95' title="bbox 361 4718 1956 4809">
    <p class='ocr_par' dir='ltr' id='par_1_95' title="bbox 361 4718 1956 4809">
     <span class='ocr_line' id='line_1_96' title="bbox 361 4718 1956 4809; baseline -0.011 -17"><span class='ocrx_word' id='word_1_679' title='bbox 361 4747 574 4809; x_wconf 87' lang='lat' dir='ltr'><strong>quoque</strong></span> <span class='ocrx_word' id='word_1_680' title='bbox 601 4746 631 4786; x_wconf 88' lang='lat' dir='ltr'><strong>a</strong></span> <span class='ocrx_word' id='word_1_681' title='bbox 657 4727 922 4785; x_wconf 87' lang='lat' dir='ltr'><strong>Strabone</strong></span> <span class='ocrx_word' id='word_1_682' title='bbox 952 4724 1177 4795; x_wconf 85' lang='lat' dir='ltr'><strong>legimus</strong></span> <span class='ocrx_word' id='word_1_683' title='bbox 1198 4722 1315 4793; x_wconf 88' lang='lat' dir='ltr'><strong>lege</strong></span> <span class='ocrx_word' id='word_1_684' title='bbox 1335 4720 1474 4792; x_wconf 86' lang='lat' dir='ltr'><strong>apud</strong></span> <span class='ocrx_word' id='word_1_685' title='bbox 1502 4718 1743 4792; x_wconf 86' lang='lat' dir='ltr'><strong>Tapyros</strong></span> <span class='ocrx_word' id='word_1_686' title='bbox 1766 4733 1956 4789; x_wconf 84' lang='lat' dir='ltr'><strong>recep-</strong></span> 
     </span>
    </p>
   </div>
   <div class='ocr_carea' id='block_1_96' title="bbox 363 4809 1959 4895">
    <p class='ocr_par' dir='ltr' id='par_1_96' title="bbox 363 4809 1959 4895">
     <span class='ocr_line' id='line_1_97' title="bbox 363 4809 1959 4895; baseline -0.013 -10"><span class='ocrx_word' id='word_1_687' title='bbox 363 4837 501 4895; x_wconf 90' lang='lat' dir='ltr'><strong>tum,</strong></span> <span class='ocrx_word' id='word_1_688' title='bbox 528 4836 586 4881; x_wconf 89' lang='lat' dir='ltr'><strong>ut</strong></span> <span class='ocrx_word' id='word_1_689' title='bbox 613 4822 713 4878; x_wconf 79' lang='lat' dir='ltr'><strong>viri</strong></span> <span class='ocrx_word' id='word_1_690' title='bbox 741 4832 936 4876; x_wconf 81' lang='lat' dir='ltr'><strong>uxores</strong></span> <span class='ocrx_word' id='word_1_691' title='bbox 966 4829 1113 4883; x_wconf 90' lang='lat' dir='ltr'><strong>suas,</strong></span> <span class='ocrx_word' id='word_1_692' title='bbox 1140 4823 1427 4886; x_wconf 90' lang='lat' dir='ltr'><strong>postquam</strong></span> <span class='ocrx_word' id='word_1_693' title='bbox 1460 4811 1596 4868; x_wconf 90' lang='lat' dir='ltr'><strong>duos</strong></span> <span class='ocrx_word' id='word_1_694' title='bbox 1620 4820 1713 4866; x_wconf 91' lang='lat' dir='ltr'><strong>aut</strong></span> <span class='ocrx_word' id='word_1_695' title='bbox 1741 4819 1852 4868; x_wconf 90' lang='lat' dir='ltr'><strong>tres</strong></span> <span class='ocrx_word' id='word_1_696' title='bbox 1891 4809 1959 4865; x_wconf 90' lang='lat' dir='ltr'><strong>li-</strong></span> 
     </span>
    </p>
   </div>
   <div class='ocr_carea' id='block_1_97' title="bbox 362 4903 1959 4991">
    <p class='ocr_par' dir='ltr' id='par_1_97' title="bbox 362 4903 1959 4991">
     <span class='ocr_line' id='line_1_98' title="bbox 362 4903 1959 4991; baseline -0.012 -12"><span class='ocrx_word' id='word_1_697' title='bbox 362 4921 523 4991; x_wconf 76' lang='lat' dir='ltr'><strong>beros</strong></span> <span class='ocrx_word' id='word_1_698' title='bbox 560 4920 967 4986; x_wconf 76' lang='lat' dir='ltr'><strong>susceperant,</strong></span> <span class='ocrx_word' id='word_1_699' title='bbox 1011 4908 1133 4964; x_wconf 88' lang='lat' dir='ltr'><strong>aliis</strong></span> <span class='ocrx_word' id='word_1_700' title='bbox 1184 4908 1426 4965; x_wconf 84' lang='lat' dir='ltr'><strong>locarent</strong></span> <span class='ocrx_word' id='word_1_701' title='bbox 1466 4906 1522 4960; x_wconf 89' lang='lat' dir='ltr'><strong>in</strong></span> <span class='ocrx_word' id='word_1_702' title='bbox 1575 4903 1959 4963; x_wconf 86' lang='lat' dir='ltr'><strong>matrimonio:</strong></span> 
     </span>
    </p>
   </div>
   <div class='ocr_carea' id='block_1_98' title="bbox 364 4995 1967 5084">
    <p class='ocr_par' dir='ltr' id='par_1_98' title="bbox 364 4995 1967 5084">
     <span class='ocr_line' id='line_1_99' title="bbox 364 4995 1967 5084; baseline -0.011 -14"><span class='ocrx_word' id='word_1_703' title='bbox 364 5021 582 5084; x_wconf 66' lang='grc' dir='ltr'><strong>καθάπερ</strong></span> <span class='ocrx_word' id='word_1_704' title='bbox 617 5021 701 5065; x_wconf 77' lang='grc' dir='ltr'><strong>ιιιί</strong></span> <span class='ocrx_word' id='word_1_705' title='bbox 721 5014 893 5066; x_wconf 69' lang='grc' dir='ltr'><strong>Κάτων</strong></span> <span class='ocrx_word' id='word_1_706' title='bbox 919 4995 1136 5077; x_wconf 75' lang='grc' dir='ltr'><strong>ὁρτησίῳ</strong></span> <span class='ocrx_word' id='word_1_707' title='bbox 1165 5006 1372 5065; x_wconf 73' lang='grc' dir='ltr'><strong>δεηθέντι</strong></span> <span class='ocrx_word' id='word_1_708' title='bbox 1399 5004 1588 5068; x_wconf 55' lang='lat' dir='ltr'><strong>“tam:</strong></span> <span class='ocrx_word' id='word_1_709' title='bbox 1626 5010 1713 5060; x_wconf 73' lang='grc' dir='ltr'><strong>τὶν</strong></span> <span class='ocrx_word' id='word_1_710' title='bbox 1737 5006 1967 5071; x_wconf 66' lang='grc' dir='ltr'><strong>Μαρκίαν</strong></span> 
     </span>
    </p>
   </div>
   <div class='ocr_carea' id='block_1_99' title="bbox 2213 4568 3270 4642">
    <p class='ocr_par' dir='ltr' id='par_1_99' title="bbox 2213 4568 3270 4642">
     <span class='ocr_line' id='line_1_100' title="bbox 2213 4568 3270 4642; baseline -0.011 -14"><span class='ocrx_word' id='word_1_711' title='bbox 2213 4579 2280 4629; x_wconf 79' lang='lat' dir='ltr'><strong>At</strong></span> <span class='ocrx_word' id='word_1_712' title='bbox 2300 4576 2385 4642; x_wconf 90' lang='lat' dir='ltr'><strong>qui</strong></span> <span class='ocrx_word' id='word_1_713' title='bbox 2405 4573 2680 4642; x_wconf 81' lang='lat' dir='ltr'><strong>legitimum</strong></span> <span class='ocrx_word' id='word_1_714' title='bbox 2695 4572 2863 4635; x_wconf 86' lang='lat' dir='ltr'><strong>cupiet</strong></span> <span class='ocrx_word' id='word_1_715' title='bbox 2883 4568 3061 4642; x_wconf 72' lang='lat' dir='ltr'><strong>fecisse</strong></span> <span class='ocrx_word' id='word_1_716' title='bbox 3076 4577 3270 4642; x_wconf 74' lang='lat' dir='ltr'><strong>poema,</strong></span> 
     </span>
    </p>
   </div>
   <div class='ocr_carea' id='block_1_100' title="bbox 2213 4630 3431 4696">
    <p class='ocr_par' dir='ltr' id='par_1_100' title="bbox 2213 4630 3431 4696">
     <span class='ocr_line' id='line_1_101' title="bbox 2213 4630 3431 4696; baseline -0.012 -2"><span class='ocrx_word' id='word_1_717' title='bbox 2213 4630 2334 4694; x_wconf 83' lang='lat' dir='ltr'><strong>Cuui</strong></span> <span class='ocrx_word' id='word_1_718' title='bbox 2357 4630 2539 4690; x_wconf 50' lang='lat' dir='ltr'><strong>tabo—tis</strong></span> <span class='ocrx_word' id='word_1_719' title='bbox 2556 4630 2774 4686; x_wconf 74' lang='lat' dir='ltr'><strong>anintum&#39;</strong></span> <span class='ocrx_word' id='word_1_720' title='bbox 2791 4630 3199 4696; x_wconf 63' lang='lat' dir='ltr'><strong>censorissumet</strong></span> <span class='ocrx_word' id='word_1_721' title='bbox 3219 4630 3431 4696; x_wconf 68' lang='lat' dir='ltr'><strong>honesti.</strong></span> 
     </span>
    </p>
   </div>
   <div class='ocr_carea' id='block_1_101' title="bbox 2680 4690 3526 4760">
    <p class='ocr_par' dir='ltr' id='par_1_101' title="bbox 2680 4690 3526 4760">
     <span class='ocr_line' id='line_1_102' title="bbox 2680 4690 3526 4760; baseline -0.004 -14"><span class='ocrx_word' id='word_1_722' title='bbox 2680 4696 2898 4760; x_wconf 60' lang='lat' dir='ltr'><strong>(Horat,</strong></span> <span class='ocrx_word' id='word_1_723' title='bbox 2915 4693 2995 4745; x_wconf 84' lang='lat' dir='ltr'><strong>lib.</strong></span> <span class='ocrx_word' id='word_1_724' title='bbox 3014 4693 3082 4755; x_wconf 89' lang='lat' dir='ltr'><strong>Il,</strong></span> <span class='ocrx_word' id='word_1_725' title='bbox 3102 4690 3314 4757; x_wconf 75' lang='lat' dir='ltr'><strong>epist.&#39;2,</strong></span> <span class='ocrx_word' id='word_1_726' title='bbox 3330 4704 3374 4743; x_wconf 79' lang='grc' dir='ltr'><strong>υ.</strong></span> <span class='ocrx_word' id='word_1_727' title='bbox 3392 4690 3526 4757; x_wconf 82' lang='lat'><strong>579.)</strong></span> 
     </span>
    </p>
   </div>
   <div class='ocr_carea' id='block_1_102' title="bbox 2061 4800 2809 4874">
    <p class='ocr_par' dir='ltr' id='par_1_102' title="bbox 2061 4800 2809 4874">
     <span class='ocr_line' id='line_1_103' title="bbox 2061 4800 2809 4874; baseline -0.016 -6"><span class='ocrx_word' id='word_1_728' title='bbox 2061 4812 2130 4868; x_wconf 86' lang='lat' dir='ltr'><strong>Et</strong></span> <span class='ocrx_word' id='word_1_729' title='bbox 2159 4806 2289 4865; x_wconf 84' lang='lat' dir='ltr'><strong>alibi</strong></span> <span class='ocrx_word' id='word_1_730' title='bbox 2316 4805 2384 4863; x_wconf 81' lang='lat' dir='ltr'><strong>de</strong></span> <span class='ocrx_word' id='word_1_731' title='bbox 2408 4813 2525 4862; x_wconf 89' lang='lat' dir='ltr'><strong>arte</strong></span> <span class='ocrx_word' id='word_1_732' title='bbox 2554 4800 2762 4874; x_wconf 89' lang='lat' dir='ltr'><strong>poetica</strong></span> <span class='ocrx_word' id='word_1_733' title='bbox 2792 4815 2809 4857; x_wconf 86' lang='lat'><strong>:</strong></span> 
     </span>
    </p>
   </div>
   <div class='ocr_carea' id='block_1_103' title="bbox 2386 4912 3322 4977">
    <p class='ocr_par' dir='ltr' id='par_1_103' title="bbox 2386 4912 3322 4977">
     <span class='ocr_line' id='line_1_104' title="bbox 2386 4912 3322 4977; baseline -0.011 -6"><span class='ocrx_word' id='word_1_734' title='bbox 2386 4958 2397 4970; x_wconf 89' lang='lat'><strong>.</strong></span> <span class='ocrx_word' id='word_1_735' title='bbox 2463 4917 2650 4971; x_wconf 73' lang='lat' dir='ltr'><strong>Censor</strong></span> <span class='ocrx_word' id='word_1_736' title='bbox 2671 4916 3036 4977; x_wconf 65' lang='lat' dir='ltr'><strong>emigaquue</strong></span> <span class='ocrx_word' id='word_1_737' title='bbox 3067 4912 3322 4962; x_wconf 89' lang='lat' dir='ltr'><strong>minorum.</strong></span> 
     </span>
    </p>
   </div>
   <div class='ocr_carea' id='block_1_104' title="bbox 2940 4975 3537 5045">
    <p class='ocr_par' dir='ltr' id='par_1_104' title="bbox 2940 4975 3537 5045">
     <span class='ocr_line' id='line_1_105' title="bbox 2940 4975 3537 5045; baseline -0.008 -19"><span class='ocrx_word' id='word_1_738' title='bbox 2940 4975 3042 5039; x_wconf 79' lang='lat' dir='ltr'><strong>(de</strong></span> <span class='ocrx_word' id='word_1_739' title='bbox 3060 4977 3170 5026; x_wconf 77' lang='lat' dir='ltr'><strong>Art.</strong></span> <span class='ocrx_word' id='word_1_740' title='bbox 3188 4981 3313 5041; x_wconf 87' lang='lat' dir='ltr'><strong>poet.</strong></span> <span class='ocrx_word' id='word_1_741' title='bbox 3336 4986 3382 5026; x_wconf 83' lang='grc' dir='ltr'><strong>υ.</strong></span> <span class='ocrx_word' id='word_1_742' title='bbox 3403 4975 3537 5045; x_wconf 71' lang='lat' dir='ltr'><strong>tu.)</strong></span> 
     </span>
    </p>
   </div>
   <div class='ocr_carea' id='block_1_105' title="bbox 370 5082 1938 5177">
    <p class='ocr_par' dir='ltr' id='par_1_105' title="bbox 370 5082 1938 5177">
     <span class='ocr_line' id='line_1_106' title="bbox 370 5082 1938 5177; baseline -0.013 -17"><span class='ocrx_word' id='word_1_743' title='bbox 370 5106 438 5177; x_wconf 62' lang='grc' dir='ltr'><strong>ἐφ’</strong></span> <span class='ocrx_word' id='word_1_744' title='bbox 464 5082 595 5175; x_wconf 55' lang='grc' dir='ltr'><strong>ἠμέν</strong></span> <span class='ocrx_word' id='word_1_745' title='bbox 620 5108 746 5160; x_wconf 64' lang='grc' dir='ltr'><strong>κατὰ.</strong></span> <span class='ocrx_word' id='word_1_746' title='bbox 774 5108 977 5157; x_wconf 62' lang='grc' dir='ltr'><strong>παλαιὸν</strong></span> <span class='ocrx_word' id='word_1_747' title='bbox 1021 5086 1256 5166; x_wconf 47' lang='lat' dir='ltr'><strong>[summa</strong></span> <span class='ocrx_word' id='word_1_748' title='bbox 1299 5103 1419 5162; x_wconf 73' lang='grc' dir='ltr'><strong>ἔθος,</strong></span> <span class='ocrx_word' id='word_1_749' title='bbox 1471 5092 1617 5149; x_wconf 84' lang='lat' dir='ltr'><strong>Sicut</strong></span> <span class='ocrx_word' id='word_1_750' title='bbox 1644 5092 1819 5171; x_wconf 28' lang='lat' dir='ltr'><strong>etiam.</strong></span> <span class='ocrx_word' id='word_1_751' title='bbox 1837 5088 1938 5147; x_wconf 64' lang='grc' dir='ltr'><strong>(ἕως</strong></span> 
     </span>
    </p>
   </div>
   <div class='ocr_carea' id='block_1_106' title="bbox 2041 5082 3649 5177">
    <p class='ocr_par' dir='ltr' id='par_1_106' title="bbox 2065 5082 3649 5163">
     <span class='ocr_line' id='line_1_107' title="bbox 2065 5082 3649 5163; baseline -0.009 -10"><span class='ocrx_word' id='word_1_752' title='bbox 2065 5095 2198 5153; x_wconf 90' lang='lat' dir='ltr'><strong>Cato</strong></span> <span class='ocrx_word' id='word_1_753' title='bbox 2225 5102 2404 5150; x_wconf 84' lang='lat' dir='ltr'><strong>autem</strong></span> <span class='ocrx_word' id='word_1_754' title='bbox 2425 5089 2539 5158; x_wconf 88' lang='lat' dir='ltr'><strong>ille,</strong></span> <span class='ocrx_word' id='word_1_755' title='bbox 2560 5086 2807 5163; x_wconf 76' lang='lat' dir='ltr'><strong>Appiano</strong></span> <span class='ocrx_word' id='word_1_756' title='bbox 2830 5082 3005 5139; x_wconf 88' lang='lat' dir='ltr'><strong>adhuc</strong></span> <span class='ocrx_word' id='word_1_757' title='bbox 3035 5092 3195 5152; x_wconf 89' lang='lat' dir='ltr'><strong>teste,</strong></span> <span class='ocrx_word' id='word_1_758' title='bbox 3219 5083 3417 5138; x_wconf 69' lang='lat' dir='ltr'><strong>habitus</strong></span> <span class='ocrx_word' id='word_1_759' title='bbox 3450 5083 3549 5154; x_wconf 80' lang='lat' dir='ltr'><strong>fuit</strong></span> <span class='ocrx_word' id='word_1_760' title='bbox 3572 5084 3649 5139; x_wconf 82' lang='lat' dir='ltr'><strong>uir</strong></span> 
     </span>
    </p>
   </div>
   <div class='ocr_carea' id='block_1_107' title="bbox 374 5183 1963 5265">
    <p class='ocr_par' dir='ltr' id='par_1_107' title="bbox 374 5183 1963 5265">
     <span class='ocr_line' id='line_1_108' title="bbox 374 5183 1963 5265; baseline -0.009 -13"><span class='ocrx_word' id='word_1_761' title='bbox 374 5195 645 5252; x_wconf 83' lang='lat' dir='ltr'><strong>Hortensio</strong></span> <span class='ocrx_word' id='word_1_762' title='bbox 674 5193 872 5265; x_wconf 88' lang='lat' dir='ltr'><strong>roganti</strong></span> <span class='ocrx_word' id='word_1_763' title='bbox 902 5190 1147 5245; x_wconf 79' lang='lat' dir='ltr'><strong>Martium</strong></span> <span class='ocrx_word' id='word_1_764' title='bbox 1172 5203 1319 5244; x_wconf 85' lang='lat' dir='ltr'><strong>suam</strong></span> <span class='ocrx_word' id='word_1_765' title='bbox 1355 5194 1528 5241; x_wconf 85' lang='lat' dir='ltr'><strong>nostra</strong></span> <span class='ocrx_word' id='word_1_766' title='bbox 1556 5193 1705 5239; x_wconf 62' lang='lat' dir='ltr'><strong>aetate</strong></span> <span class='ocrx_word' id='word_1_767' title='bbox 1734 5183 1963 5250; x_wconf 88' lang='lat' dir='ltr'><strong>tradidit,</strong></span> 
     </span>
    </p>
   </div>
   <div class='ocr_carea' id='block_1_108' title="bbox 372 5275 1965 5349">
    <p class='ocr_par' dir='ltr' id='par_1_108' title="bbox 372 5275 1965 5349">
     <span class='ocr_line' id='line_1_109' title="bbox 372 5275 1965 5349; baseline -0.01 -3"><span class='ocrx_word' id='word_1_768' title='bbox 372 5297 571 5346; x_wconf 88' lang='lat' dir='ltr'><strong>secutus</strong></span> <span class='ocrx_word' id='word_1_769' title='bbox 618 5296 827 5343; x_wconf 85' lang='lat' dir='ltr'><strong>veterem</strong></span> <span class='ocrx_word' id='word_1_770' title='bbox 879 5284 1233 5339; x_wconf 89' lang='lat' dir='ltr'><strong>Romanorum</strong></span> <span class='ocrx_word' id='word_1_771' title='bbox 1282 5277 1702 5335; x_wconf 85' lang='lat' dir='ltr'><strong>consuetudinem</strong></span> <span class='ocrx_word' id='word_1_772' title='bbox 1745 5275 1965 5349; x_wconf 80' lang='lat' dir='ltr'><strong>(Strab.</strong></span> 
     </span>
    </p>
   </div>
   <div class='ocr_carea' id='block_1_109' title="bbox 2070 5178 3665 5257">
    <p class='ocr_par' dir='ltr' id='par_1_109' title="bbox 2070 5178 3665 5257">
     <span class='ocr_line' id='line_1_110' title="bbox 2070 5178 3665 5257; baseline -0.008 -12"><span class='ocrx_word' id='word_1_773' title='bbox 2070 5189 2295 5246; x_wconf 83' lang='lat' dir='ltr'><strong>omnium</strong></span> <span class='ocrx_word' id='word_1_774' title='bbox 2324 5184 2672 5257; x_wconf 84' lang='lat' dir='ltr'><strong>gravissimus,</strong></span> <span class='ocrx_word' id='word_1_775' title='bbox 2703 5178 3148 5247; x_wconf 85' lang='lat' dir='ltr'><strong>tenacissimusque</strong></span> <span class='ocrx_word' id='word_1_776' title='bbox 3191 5178 3438 5249; x_wconf 86' lang='lat' dir='ltr'><strong>propositi</strong></span> <span class='ocrx_word' id='word_1_777' title='bbox 3456 5219 3470 5243; x_wconf 87' lang='lat'><strong>,</strong></span> <span class='ocrx_word' id='word_1_778' title='bbox 3500 5186 3554 5232; x_wconf 92' lang='lat' dir='ltr'><strong>ut</strong></span> <span class='ocrx_word' id='word_1_779' title='bbox 3578 5179 3665 5249; x_wconf 88' lang='lat' dir='ltr'><strong>qui</strong></span> 
     </span>
    </p>
   </div>
   <div class='ocr_carea' id='block_1_110' title="bbox 2062 5269 3665 5356">
    <p class='ocr_par' dir='ltr' id='par_1_110' title="bbox 2062 5269 3665 5356">
     <span class='ocr_line' id='line_1_111' title="bbox 2062 5269 3665 5356; baseline -0.008 -18"><span class='ocrx_word' id='word_1_780' title='bbox 2062 5284 2264 5356; x_wconf 81' lang='lat' dir='ltr'><strong>justum</strong></span> <span class='ocrx_word' id='word_1_781' title='bbox 2283 5295 2342 5335; x_wconf 76' lang='lat' dir='ltr'><strong>ac</strong></span> <span class='ocrx_word' id='word_1_782' title='bbox 2366 5278 2634 5333; x_wconf 75' lang='lat' dir='ltr'><strong>honestum</strong></span> <span class='ocrx_word' id='word_1_783' title='bbox 2653 5288 2753 5329; x_wconf 87' lang='lat' dir='ltr'><strong>non</strong></span> <span class='ocrx_word' id='word_1_784' title='bbox 2773 5287 2837 5328; x_wconf 79' lang='lat' dir='ltr'><strong>ea:</strong></span> <span class='ocrx_word' id='word_1_785' title='bbox 2860 5271 2996 5342; x_wconf 77' lang='lat' dir='ltr'><strong>uulgi</strong></span> <span class='ocrx_word' id='word_1_786' title='bbox 3016 5269 3242 5325; x_wconf 71' lang='lat' dir='ltr'><strong>moribus</strong></span> <span class='ocrx_word' id='word_1_787' title='bbox 3267 5271 3545 5339; x_wconf 82' lang='lat' dir='ltr'><strong>metiretur,</strong></span> <span class='ocrx_word' id='word_1_788' title='bbox 3574 5272 3665 5328; x_wconf 85' lang='lat' dir='ltr'><strong>sed</strong></span> 
     </span>
    </p>
   </div>
   <div class='ocr_carea' id='block_1_111' title="bbox 375 5368 1938 5458">
    <p class='ocr_par' dir='ltr' id='par_1_111' title="bbox 375 5375 1938 5458">
     <span class='ocr_line' id='line_1_112' title="bbox 375 5375 1938 5458; baseline -0.014 -10"><span class='ocrx_word' id='word_1_789' title='bbox 375 5392 463 5450; x_wconf 88' lang='lat' dir='ltr'><strong>lib.</strong></span> <span class='ocrx_word' id='word_1_790' title='bbox 490 5390 560 5446; x_wconf 71' lang='lat' dir='ltr'><strong>XI</strong></span> <span class='ocrx_word' id='word_1_791' title='bbox 616 5381 825 5457; x_wconf 51' lang='lat' dir='ltr'><strong>Oeagrq</strong></span> <span class='ocrx_word' id='word_1_792' title='bbox 854 5402 976 5458; x_wconf 82' lang='lat' dir='ltr'><strong>pag.</strong></span> <span class='ocrx_word' id='word_1_793' title='bbox 1003 5381 1157 5454; x_wconf 65' lang='lat'><strong>365).</strong></span> <span class='ocrx_word' id='word_1_794' title='bbox 1185 5375 1296 5436; x_wconf 83' lang='lat' dir='ltr'><strong>Nec</strong></span> <span class='ocrx_word' id='word_1_795' title='bbox 1324 5376 1613 5434; x_wconf 82' lang='lat' dir='ltr'><strong>defuerunt</strong></span> <span class='ocrx_word' id='word_1_796' title='bbox 1644 5382 1837 5446; x_wconf 63' lang='lat' dir='ltr'><strong>poetae,</strong></span> <span class='ocrx_word' id='word_1_797' title='bbox 1877 5388 1938 5444; x_wconf 86' lang='lat' dir='ltr'><strong>qu</strong></span> 
     </span>
    </p>
   </div>
   <div class='ocr_carea' id='block_1_112' title="bbox 2041 5368 3661 5458">
    <p class='ocr_par' dir='ltr' id='par_1_112' title="bbox 2073 5368 3661 5453">
     <span class='ocr_line' id='line_1_113' title="bbox 2073 5368 3661 5453; baseline -0.008 -16"><span class='ocrx_word' id='word_1_798' title='bbox 2073 5380 2222 5437; x_wconf 79' lang='lat' dir='ltr'><strong>rectis</strong></span> <span class='ocrx_word' id='word_1_799' title='bbox 2241 5397 2301 5435; x_wconf 89' lang='lat' dir='ltr'><strong>ac</strong></span> <span class='ocrx_word' id='word_1_800' title='bbox 2326 5378 2581 5453; x_wconf 83' lang='lat' dir='ltr'><strong>generosis</strong></span> <span class='ocrx_word' id='word_1_801' title='bbox 2598 5371 2900 5440; x_wconf 82' lang='lat' dir='ltr'><strong>rationibus,</strong></span> <span class='ocrx_word' id='word_1_802' title='bbox 2919 5377 3013 5426; x_wconf 88' lang='lat' dir='ltr'><strong>aut</strong></span> <span class='ocrx_word' id='word_1_803' title='bbox 3026 5370 3165 5425; x_wconf 90' lang='lat' dir='ltr'><strong>sicut</strong></span> <span class='ocrx_word' id='word_1_804' title='bbox 3183 5368 3430 5426; x_wconf 85' lang='lat' dir='ltr'><strong>Lucanus</strong></span> <span class='ocrx_word' id='word_1_805' title='bbox 3444 5382 3661 5425; x_wconf 89' lang='lat' dir='ltr'><strong>rursum</strong></span> 
     </span>
    </p>
   </div>
   <div class='ocr_carea' id='block_1_113' title="bbox 373 5466 1970 5547">
    <p class='ocr_par' dir='ltr' id='par_1_113' title="bbox 373 5466 1970 5547">
     <span class='ocr_line' id='line_1_114' title="bbox 373 5466 1970 5547; baseline -0.013 -4"><span class='ocrx_word' id='word_1_806' title='bbox 373 5485 481 5547; x_wconf 84' lang='lat' dir='ltr'><strong>hoc</strong></span> <span class='ocrx_word' id='word_1_807' title='bbox 505 5481 723 5541; x_wconf 87' lang='lat' dir='ltr'><strong>Catonis</strong></span> <span class='ocrx_word' id='word_1_808' title='bbox 752 5478 947 5534; x_wconf 80' lang='lat' dir='ltr'><strong>factum</strong></span> <span class='ocrx_word' id='word_1_809' title='bbox 978 5476 1089 5531; x_wconf 91' lang='lat' dir='ltr'><strong>suis</strong></span> <span class='ocrx_word' id='word_1_810' title='bbox 1116 5474 1428 5532; x_wconf 90' lang='lat' dir='ltr'><strong>cecinerunt</strong></span> <span class='ocrx_word' id='word_1_811' title='bbox 1461 5469 1822 5539; x_wconf 88' lang='lat' dir='ltr'><strong>carminibus,</strong></span> <span class='ocrx_word' id='word_1_812' title='bbox 1857 5466 1970 5524; x_wconf 88' lang='lat' dir='ltr'><strong>his-</strong></span> 
     </span>
    </p>
   </div>
   <div class='ocr_carea' id='block_1_114' title="bbox 376 5568 1178 5653">
    <p class='ocr_par' dir='ltr' id='par_1_114' title="bbox 376 5568 1178 5653">
     <span class='ocr_line' id='line_1_115' title="bbox 376 5568 1178 5653; baseline -0.019 -15"><span class='ocrx_word' id='word_1_813' title='bbox 376 5594 480 5653; x_wconf 90' lang='lat' dir='ltr'><strong>que</strong></span> <span class='ocrx_word' id='word_1_814' title='bbox 505 5574 844 5651; x_wconf 89' lang='lat' dir='ltr'><strong>potissimum</strong></span> <span class='ocrx_word' id='word_1_815' title='bbox 883 5568 1130 5623; x_wconf 88' lang='lat' dir='ltr'><strong>Lucanus</strong></span> <span class='ocrx_word' id='word_1_816' title='bbox 1163 5585 1178 5623; x_wconf 89' lang='lat'><strong>:</strong></span> 
     </span>
    </p>
   </div>
   <div class='ocr_carea' id='block_1_115' title="bbox 530 5698 1656 5766">
    <p class='ocr_par' dir='ltr' id='par_1_115' title="bbox 530 5698 1656 5766">
     <span class='ocr_line' id='line_1_116' title="bbox 530 5698 1656 5766; baseline -0.012 -6"><span class='ocrx_word' id='word_1_817' title='bbox 530 5709 734 5760; x_wconf 83' lang='lat' dir='ltr'><strong>Interea</strong></span> <span class='ocrx_word' id='word_1_818' title='bbox 752 5703 936 5756; x_wconf 61' lang='lat' dir='ltr'><strong>Phabo</strong></span> <span class='ocrx_word' id='word_1_819' title='bbox 951 5699 1143 5766; x_wconf 73' lang='lat' dir='ltr'><strong>gelidas</strong></span> <span class='ocrx_word' id='word_1_820' title='bbox 1156 5699 1378 5765; x_wconf 85' lang='lat' dir='ltr'><strong>pellente</strong></span> <span class='ocrx_word' id='word_1_821' title='bbox 1401 5698 1656 5766; x_wconf 61' lang='lat' dir='ltr'><strong>tenebras,</strong></span> 
     </span>
    </p>
   </div>
   <div class='ocr_carea' id='block_1_116' title="bbox 534 5760 1665 5828">
    <p class='ocr_par' dir='ltr' id='par_1_116' title="bbox 534 5760 1665 5828">
     <span class='ocr_line' id='line_1_117' title="bbox 534 5760 1665 5828; baseline -0.011 -6"><span class='ocrx_word' id='word_1_822' title='bbox 534 5771 744 5823; x_wconf 64' lang='lat' dir='ltr'><strong>Pulsatae</strong></span> <span class='ocrx_word' id='word_1_823' title='bbox 768 5760 983 5819; x_wconf 75' lang='lat' dir='ltr'><strong>sonuere</strong></span> <span class='ocrx_word' id='word_1_824' title='bbox 1005 5760 1293 5828; x_wconf 56' lang='lat' dir='ltr'><strong>fores,’quas</strong></span> <span class='ocrx_word' id='word_1_825' title='bbox 1308 5768 1471 5828; x_wconf 73' lang='lat' dir='ltr'><strong>saneta</strong></span> <span class='ocrx_word' id='word_1_826' title='bbox 1488 5760 1665 5813; x_wconf 86' lang='lat' dir='ltr'><strong>relicto</strong></span> 
     </span>
    </p>
   </div>
   <div class='ocr_carea' id='block_1_117' title="bbox 532 5825 1579 5892">
    <p class='ocr_par' dir='ltr' id='par_1_117' title="bbox 532 5825 1579 5892">
     <span class='ocr_line' id='line_1_118' title="bbox 532 5825 1579 5892; baseline -0.011 -8"><span class='ocrx_word' id='word_1_827' title='bbox 532 5831 769 5884; x_wconf 82' lang='lat' dir='ltr'><strong>Hortensi</strong></span> <span class='ocrx_word' id='word_1_828' title='bbox 790 5841 1007 5880; x_wconf 66' lang='lat' dir='ltr'><strong>maerens</strong></span> <span class='ocrx_word' id='word_1_829' title='bbox 1022 5825 1204 5892; x_wconf 60' lang='lat' dir='ltr'><strong>irrupit</strong></span> <span class='ocrx_word' id='word_1_830' title='bbox 1207 5825 1390 5892; x_wconf 74' lang='lat' dir='ltr'><strong>Martia</strong></span> <span class='ocrx_word' id='word_1_831' title='bbox 1414 5825 1579 5883; x_wconf 90' lang='lat' dir='ltr'><strong>busto,</strong></span> 
     </span>
    </p>
   </div>
   <div class='ocr_carea' id='block_1_118' title="bbox 428 5886 1700 5959">
    <p class='ocr_par' dir='ltr' id='par_1_118' title="bbox 428 5886 1700 5959">
     <span class='ocr_line' id='line_1_119' title="bbox 428 5886 1700 5959; baseline -0.01 -9"><span class='ocrx_word' id='word_1_832' title='bbox 428 5908 443 5917; x_wconf 76' lang='lat'><strong><em>‘</em></strong></span> <span class='ocrx_word' id='word_1_833' title='bbox 534 5896 788 5959; x_wconf 77' lang='lat' dir='ltr'><strong>Quondam</strong></span> <span class='ocrx_word' id='word_1_834' title='bbox 813 5895 952 5955; x_wconf 79' lang='lat' dir='ltr'><strong>virgo</strong></span> <span class='ocrx_word' id='word_1_835' title='bbox 966 5886 1320 5942; x_wconf 79' lang='lat' dir='ltr'><strong>torismelioris</strong></span> <span class='ocrx_word' id='word_1_836' title='bbox 1335 5889 1503 5952; x_wconf 82' lang='lat' dir='ltr'><strong>juncta</strong></span> <span class='ocrx_word' id='word_1_837' title='bbox 1524 5886 1700 5937; x_wconf 79' lang='lat' dir='ltr'><strong>mariti.</strong></span> 
     </span>
    </p>
   </div>
   <div class='ocr_carea' id='block_1_119' title="bbox 2078 5481 2315 5538">
    <p class='ocr_par' dir='ltr' id='par_1_119' title="bbox 2078 5481 2315 5538">
     <span class='ocr_line' id='line_1_120' title="bbox 2078 5481 2315 5538; baseline -0.004 -2"><span class='ocrx_word' id='word_1_838' title='bbox 2078 5481 2273 5538; x_wconf 87' lang='lat' dir='ltr'><strong>cecinit</strong></span> <span class='ocrx_word' id='word_1_839' title='bbox 2301 5493 2315 5529; x_wconf 90' lang='lat'><strong>:</strong></span> 
     </span>
    </p>
   </div>
   <div class='ocr_carea' id='block_1_120' title="bbox 2231 5590 3282 5658">
    <p class='ocr_par' dir='ltr' id='par_1_120' title="bbox 2231 5590 3282 5658">
     <span class='ocr_line' id='line_1_121' title="bbox 2231 5590 3282 5658; baseline -0.013 -8"><span class='ocrx_word' id='word_1_840' title='bbox 2231 5598 2444 5655; x_wconf 71' lang='lat' dir='ltr'><strong>Iustitia:</strong></span> <span class='ocrx_word' id='word_1_841' title='bbox 2457 5594 2631 5658; x_wconf 86' lang='lat' dir='ltr'><strong>cultor,</strong></span> <span class='ocrx_word' id='word_1_842' title='bbox 2655 5593 2801 5656; x_wconf 75' lang='lat' dir='ltr'><strong>rigidi</strong></span> <span class='ocrx_word' id='word_1_843' title='bbox 2822 5595 3045 5658; x_wconf 76' lang='lat' dir='ltr'><strong>servatpr</strong></span> <span class='ocrx_word' id='word_1_844' title='bbox 3064 5590 3282 5658; x_wconf 67' lang='lat' dir='ltr'><strong>honesti.</strong></span> 
     </span>
    </p>
   </div>
   <div class='ocr_carea' id='block_1_121' title="bbox 2950 5644 3576 5720">
    <p class='ocr_par' dir='ltr' id='par_1_121' title="bbox 2950 5644 3576 5720">
     <span class='ocr_line' id='line_1_122' title="bbox 2950 5644 3576 5720; baseline -0.019 -14"><span class='ocrx_word' id='word_1_845' title='bbox 2950 5653 3170 5720; x_wconf 63' lang='lat' dir='ltr'><strong>(Lucam,</strong></span> <span class='ocrx_word' id='word_1_846' title='bbox 3192 5648 3276 5702; x_wconf 84' lang='lat' dir='ltr'><strong>lib.</strong></span> <span class='ocrx_word' id='word_1_847' title='bbox 3302 5647 3368 5711; x_wconf 83' lang='lat' dir='ltr'><strong>It,</strong></span> <span class='ocrx_word' id='word_1_848' title='bbox 3383 5659 3428 5699; x_wconf 83' lang='grc' dir='ltr'><strong>υ.</strong></span> <span class='ocrx_word' id='word_1_849' title='bbox 3444 5644 3576 5711; x_wconf 79' lang='grc'><strong>588.)</strong></span> 
     </span>
    </p>
   </div>
   <div class='ocr_carea' id='block_1_122' title="bbox 2081 5755 3672 5844">
    <p class='ocr_par' dir='ltr' id='par_1_122' title="bbox 2081 5755 3672 5844">
     <span class='ocr_line' id='line_1_123' title="bbox 2081 5755 3672 5844; baseline -0.016 -11"><span class='ocrx_word' id='word_1_850' title='bbox 2081 5779 2154 5833; x_wconf 83' lang='lat' dir='ltr'><strong>At</strong></span> <span class='ocrx_word' id='word_1_851' title='bbox 2203 5774 2248 5829; x_wconf 84' lang='lat' dir='ltr'><strong>is</strong></span> <span class='ocrx_word' id='word_1_852' title='bbox 2286 5768 2629 5844; x_wconf 86' lang='lat' dir='ltr'><strong>quantumvis</strong></span> <span class='ocrx_word' id='word_1_853' title='bbox 2671 5764 2957 5825; x_wconf 83' lang='lat' dir='ltr'><strong>severioris</strong></span> <span class='ocrx_word' id='word_1_854' title='bbox 2981 5761 3283 5834; x_wconf 74' lang='lat' dir='ltr'><strong>disciplina:</strong></span> <span class='ocrx_word' id='word_1_855' title='bbox 3328 5755 3672 5833; x_wconf 57' lang='lat' dir='ltr'><strong>praedicator,</strong></span> 
     </span>
    </p>
   </div>
   <div class='ocr_carea' id='block_1_123' title="bbox 2080 5850 3684 5929">
    <p class='ocr_par' dir='ltr' id='par_1_123' title="bbox 2080 5850 3684 5929">
     <span class='ocr_line' id='line_1_124' title="bbox 2080 5850 3684 5929; baseline -0.015 -1"><span class='ocrx_word' id='word_1_856' title='bbox 2080 5882 2303 5929; x_wconf 88' lang='lat' dir='ltr'><strong>uxorem</strong></span> <span class='ocrx_word' id='word_1_857' title='bbox 2349 5862 2698 5922; x_wconf 84' lang='lat' dir='ltr'><strong>nihilominus</strong></span> <span class='ocrx_word' id='word_1_858' title='bbox 2762 5875 2912 5919; x_wconf 89' lang='lat' dir='ltr'><strong>suam</strong></span> <span class='ocrx_word' id='word_1_859' title='bbox 2954 5854 3272 5923; x_wconf 88' lang='lat' dir='ltr'><strong>Hortensio,</strong></span> <span class='ocrx_word' id='word_1_860' title='bbox 3332 5850 3507 5908; x_wconf 88' lang='lat' dir='ltr'><strong>amico</strong></span> <span class='ocrx_word' id='word_1_861' title='bbox 3557 5862 3684 5917; x_wconf 84' lang='lat' dir='ltr'><strong>suo,</strong></span> 
     </span>
    </p>
   </div>
  </div>
