4092 6352
420 267 531 327 919

1514 262 1582 319 ΙΝ
1619 258 2085 320 TERTULLIANI
2122 259 2669 321 APOLOGETICUM‘

3645 258 3797 318 920‘

425 391 611 439 contra
640 382 871 454 conjugii
898 380 1017 452 jura
1050 377 1339 451 ﬁdemque,
1364 376 1505 450 turpi
1531 377 1799 435 lenocinio
1836 377 2012 433 collo-
2039 379 2092 440 Α
2188 377 2422 433 mulieres
2439 419 2455 445 ,
2473 393 2598 446 quas
2616 376 2933 432 Democritus
2953 417 2969 445 ,
2994 393 3058 433 ne
3076 376 3469 450 concupisceret,
3490 392 3557 433 se
3578 390 3777 432 excee-

422 478 582 535 Cavit.

497 570 749 641 Ejusdem
772 568 1014 626 criminis
1036 570 1239 625 Auctor
1265 576 1448 627 noster
1474 567 1749 625 Socratem
1779 575 2014 623 accusat.

424 667 494 720 At
521 646 978 735 eertum'quidem
1019 673 1102 720 est
1145 664 1319 734 ipsum
1373 663 1506 718 duas
1551 663 1711 718 simul
1767 661 2020 719 habuisse

422 772 619 813 uxores
648 775 660 810 :
689 755 1037 827 Xanthippcn
1059 755 1402 826 videlicet,fet
1426 755 1795 829 Myrrbonem,
1823 754 2018 811 Aristi-

424 849 507 906 dis
528 848 805 920 cujusdam
829 847 1014 916 liliam,
1049 848 1131 905 vel
1172 864 1243 904 ex
1273 848 1382 903 lilia
1411 858 1651 919 neptem.
1679 847 1799 917 Quo
1840 844 2018 904 autem

428 941 559 998 illud
596 940 837 1011 pluribus
882 941 1109 997 testibus
1135 942 1415 1008 Athenaeo,
1444 940 1683 1008 Laertio,
1709 939 2017 1006 Plutarcho,

425 1035 778 1107 Hieronymo,
833 1032 1035 1107 Cyrillo
1088 1034 1493 1103 Alexandrino,
1543 1033 1885 1091 'l‘heodoreto
1928 1034 2023 1091 de—

426 1138 777 1196 monstratur,
805 1143 871 1185 eo
909 1128 1133 1199 probatu
1160 1127 1438 1183 difﬁcilius
1468 1138 1552 1185 est
1582 1137 1762 1184 utrum
1792 1128 1881 1184 ille
1919 1128 2023 1185 So-

425 1232 625 1289 crates,
649 1237 755 1276 non
786 1236 943 1281 secus
969 1236 1031 1278 ac
1056 1220 1223 1286 Cato,
1258 1237 1480 1277 uxorem
1508 1238 1659 1276 suam
1688 1237 1807 1277 cum
1836 1222 2023 1277 amicis

428 1317 541 1372 suis
559 1330 744 1371 revera
761 1316 1237 1371 communicaverit
1260 1315 1492 1385 (Athen.,
1516 1315 1603 1369 lib.
1626 1314 1766 1381 Xlll,
1797 1314 2025 1387 Deipnos

433 1409 550 1463 init.
572 1451 586 1476 ,
612 1426 731 1480 pag.
761 1408 890 1465 555.
935 1408 1131 1473 Laert.,
1162 1409 1250 1463 lib.
1282 1407 1376 1463 XII
1400 1410 1452 1463 in
1478 1409 1567 1462 vit.
1602 1408 1831 1472 Socrat.,
1858 1408 1887 1482 §
1910 1409 2022 1477 9.6;

429 1500 702 1555 Plutarch.
734 1501 786 1554 in
826 1500 921 1569 lin.
967 1500 1057 1555 vit.
1104 1499 1339 1564 Aristid.,
1370 1517 1489 1572 pag.
1519 1500 1664 1566 355;
1695 1498 2023 1572 Ilieronynt.,

437 1590 526 1646 lib.
558 1589 625 1658 ll,
655 1591 772 1645 adv.
827 1589 1117 1657 laciniam,
1150 1607 1269 1663 pag.
1305 1591 1441 1658 190;
1469 1590 1677 1663 ομνια..
1703 1591 1792 1646 lib.
1811 1591 1901 1661 Vl,
1931 1592 2028 1646 ad-

430 1700 558 1739 vers.
604 1681 830 1749 Julian.,
865 1701 984 1756 pag.
1016 1682 1141 1749 186,
1165 1694 1211 1738 et
1239 1682 1454 1750 lib.Vll,
1484 1702 1605 1756 pag.
1632 1684 1760 1751 226;
1797 1684 2029 1741 Theodo-

2193 471 2366 526 cavit:
2386 471 2611 526 ethnicos
2635 471 2971 527 christianum
2993 471 3255 543 [marinam
3279 471 3349 526 ad
3375 472 3636 527 lenonem
3662 487 3744 541 po

2194 563 2313 631 tius,
2334 580 2485 635 quant
2510 564 2704 618 leonem
2724 563 3042 633 damnando,
3059 580 3208 619 suam
3233 565 3522 636 prodidisse
3547 565 3777 621 intem-

2194 657 2478 730 perantiam
2503 667 2548 712 et
2576 655 2981 714 Christianorum
3006 658 3311 715 castitatem.

2195 751 2448 809 Nostrum
2516 752 2910 826 subsequamur
2966 755 3254 811 Auctorem
3279 798 3294 820 ,
3326 769 3392 810 ac
3445 754 3775 812 videamus

2124 845 2394 918 quomodo
2435 846 2741 903 inchoatam
2772 846 2839 904 de
2886 846 3316 904 Cbrisﬁanorum
3358 847 3775 905 ethnicorum-

2124 957 2230 1013 que
2254 941 2498 1021 eaStitate
2538 941 2994 1013 comparationem
3042 950 3397 1014 prosequatur
3424 960 3439 997 :
3466 940 3775 1000 Christia-

2126 1052 2243 1101 nus,
2267 1035 2459 1107 inquit,
2491 1036 2560 1090 ad
2585 1051 2764 1091 sexum
2791 1051 2881 1090 nec
2910 1035 3131 1106 {minime
3165 1044 3327 1090 mutat
3355 1034 3375 1106 (
3405 1033 3760 1090 Tertulliats.

2126 1126 2394 1200 Apologet.
2422 1144 2538 1198 cap.
2565 1126 2657 1195 46,
2685 1144 2804 1200 pag.
2832 1126 2991 1196 500).
3013 1126 3091 1182 Ita
3126 1126 3343 1199 quidem
3389 1127 3443 1183 in
3487 1126 3773 1184 editione

2136 1220 2353 1293 Rigaltii
2373 1263 2389 1287 ,
2420 1221 2508 1291 qui
2551 1220 2809 1277 observat
2844 1220 2928 1275 bis
2957 1219 3169 1276 duobus
3209 1219 3387 1276 verbis
3408 1262 3422 1287 ,
3443 1220 3514 1275 ad
3538 1234 3772 1276 sexum

2129 1310 2375 1369 [minime
2392 1353 2409 1379 ,
2443 1312 2584 1368 idem
2611 1328 2734 1368 esse
2759 1327 2822 1368 ac
2845 1311 3156 1370 ftemineum
3177 1328 3369 1369 sexum
3396 1321 3589 1367 mutat.
3646 1312 3773 1370 Sed

2130 1404 2272 1462 unde
2338 1405 2476 1461 hanc
2528 1406 2809 1462 lectionem
2864 1406 3192 1477 sumpserit,
3252 1422 3354 1463 nec
3415 1406 3579 1478 ipse,
3644 1421 3769 1463 nec

2130 1498 2217 1553 alii
2241 1499 2357 1569 ejus
2382 1513 2642 1569 sequaces
2675 1499 2829 1555 nobis
2859 1498 3248 1555 indicaverunt.
3282 1499 3339 1554 ln
3388 1499 3606 1568 nostris
3657 1513 3770 1554 au-

2133 1597 2241 1645 tem
2270 1588 2548 1646 codicibus
2589 1591 2999 1661 manuscriptis,
3029 1592 3251 1663 aliisque
3287 1592 3541 1649 omnibus
3568 1591 3766 1648 editis

2133 1684 2363 1756 legimus
2389 1703 2404 1739 :
2430 1683 2626 1741 Sexum
2657 1703 2746 1741 nec
2775 1688 3064 1758 {contineant
3090 1698 3250 1746 mutat
3275 1687 3621 1750 christianos.
3650 1688 3772 1744 hoc

428 1785 548 1844 ret.,
575 1786 697 1830 tom.
730 1774 818 1842 l‘l,
837 1792 987 1830 serui.
1013 1775 1104 1842 12,
1127 1776 1190 1830 de
1216 1776 1384 1830 virtut.
1408 1785 1538 1844 act.,
1558 1793 1677 1848 pag.
1707 1776 1866 1849 673)?
1894 1775 2030 1834 Vide
2058 1780 2107 1841 B
2137 1788 2242 1844 est,
2273 1784 2332 1831 ut
2355 1777 2600 1848 Apostoli
2624 1779 2806 1835 verbis
2832 1788 3066 1846 utamur,
3095 1779 3441 1836 masculorum
3479 1780 3759 1835 concubi-

426 1876 605 1923 autem
625 1876 801 1922 utrum
836 1868 903 1923 ad
944 1865 1260 1923 solvendum
1287 1865 1515 1936 hujusce
1567 1862 1901 1923 dillieultatis
1929 1884 2031 1923 no-

428 1961 556 2018 dum
608 1978 671 2018 ea
725 1961 1016 2030 suﬂiciant,
1067 1978 1187 2035 quae
1241 1960 1476 2034 Cyrillus
1524 1962 1929 2020 Alexandrinus
1979 1973 2036 2020 et

429 2054 806 2112 Theodoretus
850 2055 1190 2111 tradiderunt
1240 2052 1447 2127 ((Jyrill.
1476 2064 1523 2110 et
1565 2052 1898 2122 Theodorct.,
1928 2057 2029 2111 loc.

428 2147 565 2218 cit.),
592 2147 806 2203 ductam
854 2148 1127 2205 aSocrate
1175 2146 1521 2219 Xanthippen
1592 2158 1873 2222 nonut-(pata
1899 2173 2029 2219 πως,

428 2242 718 2313 aliquando
749 2242 1123 2312 vulgatiorem,
1155 2257 1276 2297 cum
1308 2258 1409 2313 qua
1432 2242 1570 2299 clam
1596 2243 1689 2300 ille
1704 2259 2029 2317 congressus

426 2333 801 2406 Lamproclcm
836 2335 1004 2390 tilium
1050 2335 1307 2404 suscepit.

501 2428 576 2484 De
623 2439 848 2499 utroque
894 2443 1054 2498 porro
1099 2436 1155 2483 et
1200 2427 1423 2484 Socrate
1465 2437 1522 2485 et
1564 2427 1767 2485 Catone
1822 2429 2033 2487 addidit

431 2519 799 2576 Tertullianus
830 2538 843 2574 :
883 2519 1071 2575 Nescio
1099 2520 1304 2591 quidem
1345 2537 1413 2575 an
1450 2521 1634 2576 invitas
1675 2536 1874 2578 uxores
1907 2538 2033 2579 suas

430 2611 620 2667 amicis
645 2612 759 2667 suis
790 2613 841 2666 iu
871 2612 1216 2668 matrimonio
1243 2612 1563 2668 locaverint.
1588 2613 1707 2683 Quo
1732 2616 1875 2671 enim
1903 2630 2030 2687 pac-

430 2714 489 2759 to
520 2705 635 2762 lieri
665 2705 839 2776 potuit
867 2716 925 2760 ut
950 2705 1033 2760 ba:
1058 2705 1177 2760 duas
1208 2719 1405 2761 uxores
1433 2722 1463 2760 a
1493 2707 1621 2761 viris
1648 2708 1761 2763 suis
1807 2719 2032 2779 nuptum

434 2798 600 2853 invite
639 2799 759 2853 aliis
788 2801 926 2853 data:
960 2799 1113 2853 sint?
1140 2797 1329 2853 Nonne
1366 2814 1496 2871 ergo
1537 2809 1725 2856 auctor
1751 2812 1933 2858 noster
1962 2802 2031 2859 ad

438 2890 641 2946 Lucani
667 2890 829 2945 verba
870 2889 1117 2945 allusisse
1159 2890 1390 2958 videtur,
1428 2891 1624 2963 quibus
1651 2891 1837 2948 Martia
1868 2893 2030 2951 Cato-

429 2998 554 3039 nem
576 3023 592 3049 ,
622 2984 700 3038 uti
731 2982 995 3052 diximus,
1024 2985 1208 3039 virum
1248 2999 1403 3040 suum
1440 2984 1519 3041 sic
1586 2984 1818 3043 allocuta
1861 2985 2030 3045 fuisse

433 3074 788 3147 perhibetur?
870 3064 893 3079 ’

738 3190 1140 3267 sanguisinerat,
1160 3190 1277 3241 dum
1300 3193 1635 3267 vismaterna,
1664 3194 1842 3267 peregi

584 3252 729 3318 ._l_ussa
746 3252 881 3318 Cato,
895 3258 961 3318 _et
982 3255 1206 3314 geminos
1226 3253 1535 3318 accepil'usta
1560 3252 1779 3317 maritos,

585 3315 875 3389 Yisceribus
894 3315 1045 3389 lassis
1056 3324 1324 3389 partuque_
1335 3315 1576 3389 exhausta
1588 3315 1839 3389 revertor,

585 3376 695 3445 11am
720 3377 838 3428 nulli
863 3376 1102 3445 tradenda
1128 3376 1266 3429 viro:
1293 3379 1354 3429 da
1379 3378 1565 3445 fiedera
1590 3376 1738 3445 'prisci

586 3438 780 3489 Illibata
799 3442 911 3498 tori,
924 3439 985 3489 da
1013 3447 1197 3492 tantum
1215 3454 1393 3492 nomen
1417 3443 1563 3492 inane

587 3502 845 3567 getmubii,
870 3503 1017 3567 liceat
1039 3504 1229 3567 tumqu
1250 3507 1502 3567 scripsisse
1518 3542 1532 3565 ,
1550 3504 1749 3557 Catonis

586 3563 775 3630 ᾔει-ηεξ,
801 3577 905 3630 nec
918 3566 1119 3616 dubium
1144 3565 1293 3630 longo
1312 3563 1562 3630 quaeratur
1583 3570 1633 3619 in
1655 3582 1763 3620 evo

584 3625 813 3677 Mutarim
836 3628 1035 3692 primas,
1062 3625 1269 3692 expulsa
1291 3625 1352 3678 an
1375 3631 1569 3691 tradita,
1596 3632 1761 3681 aedas.

1294 3712 1498 3773 (Lucan.
1526 3709 1609 3762 tib.
1627 3711 1674 3776 2,
1691 3727 1741 3761 ν.
1765 3710 1897 3775 ast.)

481 3813 616 3871 Nam
636 3816 705 3871 ibi
725 3814 937 3887 quidem
958 3817 1253 3888 postulasse
1268 3815 1483 3879 dicitur,
1502 3827 1561 3871 ut
1578 3824 1788 3871 mortuo
1806 3816 2029 3874 Horten-

428 3909 533 3972 sio,
566 3907 621 3962 iu
653 3908 941 3977 pristinum
974 3909 1377 3963 matrimonium
1408 3907 1439 3962 ὸ
1462 3907 1667 3964 Catone
1713 3909 2021 3979 recipiatur.

430 3997 537 4053 Sed
567 3997 706 4053 hanc
749 3999 1020 4067 petitionis
1048 4014 1160 4054 suae
1188 3998 1344 4054 atl‘crt
1393 4001 1685 4062 rationem,
1725 4010 1784 4055 ut
1823 4003 2023 4072 posteri

426 4090 603 4145 sciant
625 4104 687 4145 se
710 4103 819 4145 non
844 4091 1112 4161 repulsam
1135 4101 1189 4146 et
1214 4090 1549 4163 repudiatam
1573 4094 1640 4149 ab
1663 4094 1780 4162 ipso
1795 4094 2020 4163 Catone,

427 4184 458 4236 ἐι
507 4197 613 4253 quo
653 4182 845 4237 tradita
890 4184 1177 4242 Hortensio
1207 4186 1398 4241 luerat.
1434 4186 1518 4241 Ab
1550 4187 1639 4243 illo
1667 4198 1845 4244 autem
1884 4191 2021 4246 tradi

424 4274 603 4346 potuit
635 4289 736 4331 nec
764 4276 951 4341 invita,
985 4293 1085 4333 nec
1116 4295 1439 4350 repugnans.
1481 4280 1616 4350 Quia
1660 4289 1838 4338 tamen
1871 4284 2023 4353 prius

426 4371 635 4427 dixerat
655 4371 823 4443 peregi
834 4372 1005 4443 jussa,
1034 4372 1215 4443 colligi
1243 4382 1421 4443 potest
1450 4390 1570 4430 eam
1600 4384 1791 4450 contra
1822 4376 2020 4432 volun-

425 4475 590 4522 tatem
614 4479 765 4521 suam
790 4465 1018 4535 primum
1038 4465 1318 4536 reliquisse
1349 4468 1620 4536 maritum,
1641 4477 1696 4525 et
1721 4469 2018 4525 secundum

2139 1878 2220 1923 tor
2249 1884 2353 1924 non
2382 1877 2467 1925 est
2490 1868 2509 1936 (
2535 1868 2694 1927 Paul.
2723 1871 2872 1941 epist.
2899 1871 2962 1940 ll,
2987 1873 3056 1925 ad
3079 1869 3223 1928 Cor..
3254 1888 3371 1945 cap.
3397 1874 3451 1940 6,
3490 1873 3528 1944 Ῡ
3552 1912 3571 1926 .
3603 1872 3686 1929 10
3716 1882 3772 1928 et

2139 1962 2166 2017 1
2198 1962 2266 2016 ad
2297 1961 2543 2028 Timoth.,
2575 1980 2690 2035 cap.
2725 1966 2776 2030 1,
2797 1965 2833 2034 Ῡ
2857 2002 2873 2018 .
2900 1963 3021 2036 10).
3066 1963 3199 2019 Nam
3231 1963 3303 2020 ibi
3333 1976 3523 2021 auctor
3553 1973 3772 2022 noster

2138 2055 2465 2112 christianos
2493 2057 2716 2128 opponit
2742 2058 2972 2122 Socrati,
2995 2058 3063 2114 de
3081 2073 3188 2130 quo
3206 2058 3323 2114 haec
3346 2059 3534 2116 scribit
3558 2075 3575 2112 :
3606 2058 3769 2132 Lego

2138 2158 2335 2219 partem
2362 2150 2622 2205 sentcntiae
2665 2150 2847 2205 Attica:
2874 2151 2926 2204 in
2975 2151 3238 2206 Socratem
3260 2165 3280 2204 :
3309 2161 3588 2219 corruptor
3620 2151 3769 2211 ado-

2137 2242 2431 2297 lescentium
2462 2245 2839 2314 pronuntiatur.
2868 2243 2973 2300 Sed
3022 2244 3110 2300 hic
3147 2243 3323 2300 adhuc
3364 2246 3700 2303 immutatus
3730 2261 3766 2301 a

2136 2332 2371 2403 Rigaltio
2393 2333 2705 2389 Tertulliani
2737 2343 2932 2402 textus,
2956 2334 3046 2405 qui
3077 2336 3128 2389 in
3152 2335 3350 2390 nostris
3375 2335 3676 2392 codicibus
3704 2344 3767 2392 et

2135 2425 2255 2480 aliis
2281 2426 2494 2482 excusis
2521 2427 2772 2483 omnibus
2796 2428 2874 2482 sic
2903 2426 3167 2483 habetur:
3190 2426 3424 2499 Lego....
3458 2428 3511 2483 in
3540 2428 3764 2484 Socra-

2136 2528 2235 2573 tem
2270 2530 2619 2592 corruptorem
2648 2520 3043 2576 adolescentium
3071 2520 3453 2591 pronuntiatum
3486 2519 3763 2595 (Tertul-

2137 2610 2290 2678 lian.,
2324 2614 2421 2667 loc.
2463 2614 2551 2668 cit.
2586 2614 2629 2683 ).
2667 2613 2809 2682 Quid
2852 2629 2981 2684 ergo
3021 2614 3092 2669 ibi
3122 2613 3326 2683 absque
3369 2614 3529 2670 ullius
3581 2614 3763 2686 plane

2136 2705 2340 2761 codicis
2368 2706 2696 2774 testimonio,
2731 2719 2787 2763 et
2813 2715 2998 2763 contra
3027 2706 3351 2763 concordem
3381 2707 3633 2763 omnium
3681 2707 3757 2763 li-

2137 2799 2353 2856 brorum
2395 2800 2556 2856 tidcm
2586 2803 2781 2857 mutari
2810 2801 3040 2857 debebat
3066 2801 3305 2858 ?.Nonne
3344 2803 3445 2857 hoc
3478 2800 3758 2873 loquendi

2138 2892 2298 2949 modo
2336 2892 2466 2949 satis
2491 2893 2637 2949 clare
2665 2903 2720 2949 et
2746 2894 2910 2949 latine
2936 2894 3258 2964 exprimitur
3283 2909 3442 2950 verus
3468 2893 3571 2950 iste
3605 2894 3759 2950 Ter-

2139 2986 2346 3042 tulliani
2372 3002 2595 3045 sensus:
2617 2988 2699 3043 Ab
2718 2986 3141 3045 Atheniensibus
3170 2987 3290 3043 ideo
3313 2988 3471 3043 latam
3492 3005 3559 3043 ex
3584 2997 3757 3059 parte

2139 3081 2190 3135 in
2218 3079 2494 3137 Socratem
2519 3080 2708 3136 mortis
2729 3081 3083 3146 sententiam;
3106 3082 3227 3152 quia
3255 3098 3364 3137 non
3395 3081 3573 3137 solum
3597 3082 3750 3138 deos

2059 3180 2104 3244 (ζ
2139 3173 2440 3243 negavisse,
2473 3171 2570 3228 sed
2601 3171 2976 3229 adolescentes
3002 3172 3161 3228 etiam
3183 3171 3491 3244 corrupisse
3510 3186 3751 3229 accusa-

2137 3266 2316 3321 batur.
2346 3269 2417 3321 At
2444 3274 2591 3322 certe
2618 3265 2778 3337 hujus
2804 3265 3023 3321 nefandi
3054 3267 3277 3321 sceleris
3304 3281 3411 3320 non
3436 3266 3605 3322 semel
3632 3279 3748 3336 po-

2135 3360 2364 3415 stulatur
2398 3358 2429 3415 s
2458 3359 2724 3427 Luciano,
2751 3361 2841 3431 qui
2876 3361 3022 3415 illum
3051 3359 3246 3416 alicubi
3292 3359 3548 3416 fatentem
3579 3375 3746 3416 reum

2136 3453 2339 3509 inducit
2364 3452 2618 3527 (Lucian.
2649 3453 2809 3509 Vitar.
2834 3454 3059 3519 Auctio,
3092 3471 3212 3526 pag.
3245 3453 3348 3512 195
3370 3454 3421 3527 );
3448 3455 3573 3510 alibi
3600 3468 3747 3511 vero

2135 3547 2354 3619 perjurii
2386 3548 2676 3615 insimulat,
2706 3557 2766 3603 ut
2795 3558 2920 3621 pote
2941 3549 3030 3619 qui
3056 3546 3316 3619 juraverit
3344 3564 3404 3604 sc
3428 3562 3548 3604 cum
3575 3542 3747 3617 juve-

2134 3641 2293 3698 nibos
2318 3641 2635 3699 innocenter
2658 3641 2861 3699 versari
2886 3641 3065 3713 (idem,
3095 3642 3182 3696 lib.
3207 3641 3271 3709 ll,
3315 3639 3493 3698 l'erar.
3520 3641 3739 3707 histor.,

2132 3735 2299 3806 597);
2323 3735 2572 3807 quamvis
2599 3736 2933 3809 Hyacinthus
2956 3743 3010 3791 et
3032 3735 3312 3792 Narcissus
3340 3750 3400 3791 se
3424 3733 3491 3789 ab
3518 3748 3583 3788 eo
3612 3740 3743 3786 tur-

2131 3829 2268 3897 piter
2281 3827 2559 3884 adamatos
2582 3829 2753 3899 palam
2791 3827 3224 3884 tcstiliearentnr.
3275 3829 3539 3884 Praeterea
3558 3823 3739 3880 Athe-

2132 3933 2280 3974 nteus
2311 3920 2457 3974 illum
2490 3920 2665 3992 arguit
2690 3919 3092 3992 ﬂagitiosissimi
3125 3919 3178 3973 in
3211 3919 3540 3974 Alcibiadem
3572 3931 3741 3971 amo-

2132 4011 2227 4078 ris,
2255 4012 2396 4066 sicut
2415 4021 2599 4082 postea
2625 4011 2862 4082 Cyrillus
2890 4009 3306 4073 Alexandrinus,
3331 4018 3386 4062 et
3415 4007 3743 4062 Theodore-

2130 4111 2217 4159 tus
2239 4103 2258 4174 (
2277 4104 2523 4168 Atheme.,
2555 4102 2643 4156 lib.
2673 4098 2738 4155 V.
2770 4101 3143 4171 Dcipnosoph.,
3173 4115 3291 4167 cap.
3324 4098 3413 4162 19,
3444 4114 3564 4170 pag.
3593 4097 3732 4154 219.

2127 4194 2334 4266 Cyrill.,
2351 4194 2440 4250 lib.
2461 4193 2528 4247 Vl
2544 4195 2597 4248 in
2610 4192 2837 4255 Iuliam,
2856 4208 2976 4263 pag.
2998 4192 3121 4247 157.
3138 4189 3471 4254 Theodoret.,
3485 4206 3639 4247 serm.
3658 4191 3737 4247 12

2126 4286 2191 4340 de
2215 4286 2328 4338 virt.
2358 4285 2496 4349 Act.,
2525 4300 2643 4356 pag.
2661 4282 2968 4353 672).Quin
2996 4284 3158 4338 etiam
3183 4282 3236 4337 hi
3260 4282 3368 4338 duo
3393 4284 3733 4354 posteriores

2126 4376 2301 4448 ipsum
2361 4374 2690 4431 detestandis
2748 4374 3061 4432 libidinibus
3125 4378 3394 4431 exarsisse
3432 4374 3725 4432 afﬁrmant.

2199 4471 2267 4525 At
2291 4470 2520 4541 quibus,
2553 4468 2765 4541 inquies
2789 4511 2805 4538 ,
2848 4469 3076 4526 testibus
3123 4468 3338 4540 probari
3389 4478 3564 4538 potest
3598 4481 3725 4524 eum

425 4558 720 4629 accepisse.
750 4556 880 4642 Non.
899 4557 1037 4614 male
1063 4558 1220 4630 igitur
1235 4558 1595 4616 Tertullianus
1624 4560 1820 4616 l‘atetur
1842 4561 1894 4617 id
1917 4561 2016 4616 sibi
2043 4579 2099 4640 1)
2126 4576 2231 4618 non
2270 4561 2432 4617 modo
2459 4562 2529 4617 ob
2553 4572 2767 4633 spretos
2795 4570 2851 4618 et
2890 4562 3201 4633 repudiatus
3228 4562 3509 4634 gentilium
3553 4560 3722 4626 deos,

426 4668 547 4710 esse
568 4650 854 4707 incertum.
883 4652 987 4708 Sed
1023 4664 1290 4723 utcunque
1326 4669 1413 4709 res
1452 4669 1511 4710 se
1557 4654 1749 4710 habeat
1773 4697 1790 4722 ,
1828 4656 1896 4711 ab
1922 4656 2023 4712 hac

429 4760 637 4801 morum
661 4745 963 4815 corruptela
988 4745 1145 4816 longe
1173 4746 1394 4800 aberant
1421 4746 1722 4812 christiani,
1750 4749 1838 4817 qui
1869 4764 2019 4803 sacra

425 4839 675 4895 connubii
716 4837 861 4908 jttra,
888 4856 916 4892 a
960 4839 1067 4893 Deo
1085 4838 1336 4902 stabilita,
1357 4854 1572 4893 summo
1591 4854 1805 4908 semper
1845 4840 2023 4895 studio

425 4942 570 4989 sarta
596 4941 733 4988 tecta
773 4931 1077 4988 servabant.
1109 4932 1214 4987 Sed
1237 4930 1505 4999 quomodo
1529 4930 1578 4985 id
1601 4931 1690 4986 ille
1713 4930 2018 4998 continuet,

423 5028 480 5083 in
508 5026 853 5096 subsequeuti
878 5024 1123 5092 articulo,
1152 5026 1197 5080 si
1232 5024 1398 5091 lubet,
1431 5022 1876 5081 examinabimus.

1040 5135 1332 5176 ABTICULUS
1368 5136 1422 5174 ν.

429 5215 697 5285 Quomodo
717 5215 1061 5270 Tertullianus
1081 5213 1384 5269 demonstret
1404 5213 1678 5268 maximam
1700 5213 1857 5287 fuisse
1874 5211 2025 5269 Chri-

502 5307 783 5362 stianorum
834 5306 1118 5360 castitatem
1162 5314 1209 5360 et
1247 5305 1511 5377 gentilium
1557 5304 1975 5360 incontinentiam
2002 5320 2022 5358 :

497 5400 616 5455 illos
656 5415 832 5455 sexum
877 5398 1166 5468 [acrrumum
1194 5415 1296 5452 non
1325 5406 1563 5462 mutasse,
1593 5406 1857 5469 corruptos
1904 5413 2021 5452 vero

499 5511 532 5548 τι
558 5493 771 5549 Socrate
795 5491 1169 5546 adolescentes:
1189 5490 1503 5547 Christianos
1532 5492 1773 5548 uxoribus
1792 5493 1897 5547 suis
1921 5491 2020 5547 da-

503 5597 607 5641 tam
655 5585 808 5656 ﬁdem
850 5599 1121 5649 servasse;
1168 5583 1487 5655 Aristippum
1532 5571 1729 5656 perdite
1776 5584 2026 5641 nutavisse

498 5679 765 5749 Phryncm
797 5678 1130 5743 meretricem,
1147 5692 1208 5731 ac
1229 5676 1573 5748 Speusippum
1592 5678 1799 5751 periisse
1811 5679 1865 5734 in
1879 5677 2030 5733 adul-

506 5772 630 5828 terio
651 5787 671 5825 :
696 5769 998 5826 christianos
1021 5768 1176 5826 saluis
1201 5766 1363 5853 oculis
1391 5778 1438 5825 et
1461 5785 1594 5827 circa
1628 5770 1798 5827 animo
1847 5770 2033 5830 vidisse

2126 4655 2220 4712 sed
2241 4655 2312 4711 ob
2333 4655 2476 4711 hunc
2493 4671 2707 4727 quoque
2748 4671 3021 4728 nunquam
3047 4656 3177 4711 satis
3193 4654 3580 4712 exsecrandum
3597 4653 3725 4708 ado-

2128 4748 2442 4804 lesceutium
2468 4763 2709 4804 amorem
2738 4748 2805 4804 ab
2831 4748 3253 4804 Atheniensibus
3272 4746 3438 4802 fuisse
3464 4745 3725 4808 condem-
4024 4746 4029 4808 J

2128 4840 2353 4895 natum?
2375 4839 2615 4895 Primum
2638 4840 2804 4895 habes
2827 4840 3129 4906 Platonem,
3152 4838 3243 4907 qui
3273 4838 3548 4893 memoriae
3572 4852 3726 4893 man-

2127 4932 2273 4987 davit
2296 4932 2543 4988 eumdem
2571 4930 2848 4988 Socratem
2876 4931 2906 4986 a
2930 4931 3108 4986 Melite
3153 4930 3547 4993 insimulatum,
3578 4928 3724 4999 quod
4026 4938 4030 4993 ι

2128 5034 2323 5095 prteter
2355 5024 2444 5095 jus
2473 5032 2529 5080 et
2572 5022 2651 5079 fas
2693 5031 3068 5093 corrumperet
3109 5022 3447 5090 juventutem
3473 5064 3488 5091 ,
3513 5022 3725 5092 diisque

2128 5117 2364 5189 negatis,
2410 5132 2579 5173 novos
2628 5116 3016 5171 introduceret.
3064 5114 3265 5170 Eadem
3303 5131 3430 5171 vero
3475 5116 3723 5171 Laertius

2126 5211 2343 5281 repetit.
2374 5209 2771 5266 Verumtamen
2825 5207 3123 5278 Xenophon
3181 5217 3408 5264 conatus
3464 5216 3548 5264 est
3595 5222 3721 5264 eum

2128 5314 2357 5376 utroque
2385 5305 2633 5369 crimine,
2664 5318 2727 5357 ac
2756 5301 3088 5371 potissimum
3120 5302 3290 5372 primo
3320 5302 3551 5359 liberare
3574 5299 3594 5371 (
3614 5299 3723 5356 Xe-
3748 5346 3753 5355 .
4022 5299 4030 5383 Vl

2126 5399 2288 5475 noph.
2322 5397 2410 5454 lib.
2441 5397 2463 5452 1
2491 5397 2828 5464 memorabil.,
2860 5412 2980 5468 pag.
3013 5396 3110 5451 'lll
3140 5402 3187 5450 et
3224 5411 3360 5465 seqq.
3388 5394 3429 5466 );
3463 5403 3574 5449 tum
3597 5394 3722 5465 quia

2128 5490 2512 5549 continentiam
2557 5489 2986 5545 summo'studio
3026 5489 3224 5552 coluit,
3256 5498 3365 5542 tum
3409 5488 3536 5559 quia
3583 5487 3722 5544 hanc

2129 5585 2381 5641 virtutem
2410 5581 2626 5640 assidue
2661 5582 2955 5655 discipulos
2984 5596 3115 5639 suos
3141 5581 3392 5639 docebat.
3437 5581 3554 5636 Non
3582 5579 3723 5637 ditii-

2131 5686 2271 5734 tetur
2295 5680 2475 5733 tatuen
2503 5674 2864 5743 Alcibiadem,
2895 5673 3350 5748 quemadmodum
3377 5672 3601 5729 Critiam
3619 5714 3635 5738 .
3668 5672 3721 5729 in

2130 5770 2280 5827 illius
2300 5768 2527 5832 traditos
2557 5768 2916 5842 disciplinam,
2949 5767 3185 5841 perditos
3214 5766 3382 5827 fuisse
3408 5765 3722 5824 adolescen-
