4082 6356
253 383 356 446 921

1345 373 1797 435 DlSSERTATIO
1824 372 1901 447 D.
1925 372 2014 431 LE
2048 372 2358 433 NOURBY.
2414 358 2429 369 ’

3441 326 3549 425 θιη

256 515 339 566 tes
360 519 424 561 ac
443 501 909 571 dissolutissimos,
928 500 1024 557 sed
1053 511 1161 556 non
1180 497 1351 572 prius,
1375 498 1564 571 inquit,
1594 511 1753 570 quam
1779 495 1847 553 ab
1871 495 2005 556 Ain
2034 496 2123 551 vit.
2158 494 2367 561 Platon,
2394 494 2422 567 ᾗ
2462 493 2533 551 45
2553 533 2568 559 ,
2598 499 2647 548 et
2691 488 2779 546 tib.
2825 486 2898 545 iV
2936 489 2993 544 in
3032 484 3100 543 vit
3147 485 3359 559 δρινκ,
3393 484 3484 559 δε
3505 485 3546 557 ).
3590 532 3599 542 .

258 599 352 657 illo
374 597 774 655 discessissent.

327 690 527 747 Verum
572 689 688 745 bzec
724 688 817 745 ille
854 687 1042 759 majori
1073 684 1294 743 forsitan
1326 686 1379 742 in
1416 684 1693 742 Socratem
1722 697 1850 755 pro-

258 784 553 856 pensione,
588 797 748 853 quam
778 781 1018 838 veritatis
1046 780 1246 837 studio.
1279 780 1335 835 Si
1362 781 1503 836 enim
1534 794 1692 835 veros
1732 791 1853 833 esse

257 874 533 946 gentilium
574 873 708 931 deos
749 873 1117 940 abitrabatur,
1146 880 1202 928 et
1240 872 1487 936 colebat,
1523 887 1619 928 cur
1663 885 1850 927 eorum

255 966 395 1025 facta
421 977 478 1023 et
507 965 702 1038 ﬂagitia
729 966 922 1023 imitari
953 967 1275 1023 verebatur?
1295 965 1493 1022 Deinde
1513 980 1642 1021 vero
1668 979 1852 1035 quam-

257 1061 341 1118 vis
379 1061 471 1118 ille
513 1061 741 1133 publicis
781 1061 835 1116 in
865 1061 1066 1119 scholis
1095 1061 1477 1118 continentiam
1508 1058 1854 1129 prmdicavis-

256 1161 363 1220 set;
396 1168 577 1210 nonne
603 1152 909 1226 philosophi
936 1154 1186 1226 gentiles,
1210 1164 1269 1210 ut
1291 1154 1413 1209 alibi
1436 1153 1667 1208 diximus
1697 1150 1852 1224 (Dis-

255 1252 432 1300 sertat.
472 1244 527 1299 in
557 1243 819 1313 Lactant.,
846 1261 963 1317 cap.
990 1245 1083 1313 55,
1112 1254 1213 1300 art.
1240 1244 1277 1301 4
1302 1245 1343 1317 ),
1370 1260 1432 1301 ea
1462 1251 1856 1300 consueverant

257 1336 509 1407 privatim
549 1345 605 1393 et
645 1337 792 1393 domi
817 1351 1008 1415 agere,
1032 1353 1151 1409 quae
1176 1338 1350 1408 palam
1379 1345 1434 1393 et
1454 1337 1505 1392 in
1530 1324 1728 1392 scholis
1743 1335 1854 1390 suis

256 1428 727 1486 condemnabam?
757 1430 991 1502 Denique
1040 1431 1156 1501 ipse
1179 1424 1479 1499 Xenophon
1514 1443 1707 1500 negare
1746 1441 1853 1482 non

256 1523 433 1594 potuit
475 1522 753 1580 Socratem
803 1523 1098 1594 turpissimi
1142 1526 1197 1580 in
1243 1523 1615 1580 adolescentes
1654 1521 1856 1577 amoris

256 1626 568 1672 accusatum
590 1658 607 1684 ,
635 1616 790 1688 cujus
830 1616 1008 1687 reipsa
1036 1632 1192 1674 reum
1224 1616 1388 1673 fuisse
1416 1615 1667 1687 plurimi,
1699 1614 1857 1670 sicuti

256 1707 624 1779 ostendimus,
647 1696 960 1779 persuasum
984 1708 1308 1765 habuerunt.
1335 1708 1469 1777 Quis
1492 1718 1669 1764 autem
1703 1707 1858 1779 facile

256 1799 361 1856 sibi
391 1815 499 1857 non
527 1800 870 1872 persuadebit
897 1802 948 1856 in
972 1803 1091 1858 latae
1112 1800 1370 1858 adversus
1397 1802 1546 1857 illum
1574 1802 1857 1857 sententia:

2030 588 2171 644 Duas
2199 602 2363 658 porro
2394 588 2497 642 iste
2522 584 2591 641 de
2632 593 2808 639 morte
2839 579 3124 653 Speusippi
3153 577 3313 635 refert
3337 577 3549 650 opinio-

1956 697 2054 737 nes
2080 680 2100 755 (
2127 680 2266 737 Ibid.
2294 680 2322 754 §
2348 681 2384 737 3
2408 688 2462 736 et
2480 679 2516 734 4
2542 675 2580 749 ),
2611 686 2664 733 et
2691 675 2915 747 primam
2944 672 3182 744 quidem,
3216 671 3364 726 illum
3390 685 3550 743 para-

1956 772 2095 847 lysi,
2145 787 2416 839 maerore,
2461 785 2524 826 ac
2568 769 2721 825 senio
2776 765 3113 834 confectum,
3167 773 3395 820 mortem
3442 762 3547 819 sibi

1956 876 2150 938 sponte
2191 865 2557 922 conscivisse:
2591 861 2886 919 secundam
2911 877 3076 929 vero,
3111 859 3367 931 pediculis
3388 857 3552 914 clior-

1956 959 2300 1016 vescentibus
2342 958 2503 1013 vitam
2537 956 2610 1012 illi
2650 964 2909 1025 ereptam.
2949 953 3080 1010 Cum
3111 951 3291 1024 itaque
3335 950 3550 1007 Tertul-

1956 1052 2135 1107 lianus
2163 1050 2239 1106 ait
2282 1066 2404 1106 eum
2447 1049 2499 1103 in
2540 1047 2795 1102 adulterio
2829 1046 3061 1119 periisse,
3106 1060 3214 1100 non
3245 1042 3549 1114 signiﬁcare

1956 1145 2190 1212 videtur,
2215 1153 2273 1199 ut
2295 1126 2510 1215 quidam
2542 1148 2755 1211 putant,
2784 1140 2836 1195 in
2866 1139 3131 1195 adulterio
3159 1136 3553 1207 deprehensum

1958 1238 2190 1293 animam
2221 1235 2424 1306 egisse,
2457 1233 2551 1291 scd
2583 1232 2649 1288 ad
2675 1247 2826 1287 suam
2854 1244 3024 1302 usque
3049 1239 3276 1285 mortem
3319 1228 3373 1284 in
3399 1227 3555 1284 adul-

1960 1329 2097 1385 terio
2126 1327 2448 1383 volutatum.

2031 1422 2212 1493 Pergit
2250 1428 2439 1478 auctor
2480 1428 2700 1485 noster:
2732 1417 3053 1474 Christianus
3092 1415 3246 1475 saluis
3271 1414 3428 1470 oculis
3460 1417 3555 1480 ro:-

1960 1518 2127 1573 minas
2173 1534 2274 1572 non
2305 1516 2475 1586 videt(
2503 1514 2807 1569 Tcrtullian.
2837 1512 3128 1584 Apologet.,
3161 1528 3278 1581 cap.
3309 1509 3401 1574 46,
3434 1526 3555 1581 pag.

1961 1599 2220 1683 500).Sic
2250 1611 2391 1667 enim
2422 1608 2539 1664 haec
2566 1608 2617 1663 in
2650 1605 3032 1674 manuscriptis
3057 1602 3353 1670 codicibus,
3376 1610 3432 1658 et
3468 1600 3560 1656 Bi-

1942 1704 2230 1776 ‘galtii,ac
2271 1700 2630 1772 posteriorum
2684 1697 3009 1755 editionibus
3053 1696 3316 1766 legimus;
3370 1694 3424 1749 in
3449 1694 3562 1749 edi-

1960 1798 2032 1854 tis
2061 1813 2187 1853 vero
2214 1794 2605 1867 antiquioribus
2629 1811 2642 1848 :
2675 1790 2992 1848 Christianus
3020 1790 3172 1846 salvis
3198 1788 3358 1843 oculis
3388 1788 3558 1861 [mini-

254 1900 413 1964 parte
438 1869 629 1948 factam
649 1907 773 1949 esse
799 1893 957 1965 hujus
977 1894 1137 1949 etiam
1176 1894 1397 1951 sceleris
1424 1894 1792 1950 mentionem?
1813 1874 1827 1895 ⁷
1890 1900 1939 1961 Β
1967 1905 2086 1944 nam
2113 1889 2263 1944 videt.
2300 1869 2373 1943 At
2399 1886 2553 1942 facile
2585 1885 2900 1955 intelligitur
2926 1882 3069 1939 hunc
3102 1896 3222 1938 esse
3249 1879 3562 1937 Tertulliani

331 1983 603 2041 Prasterea
630 1983 957 2041 christianus
978 2026 993 2051 ,
1020 1986 1096 2041 ait
1120 1995 1307 2042 auctor
1332 1974 1535 2052 noster,
1567 1986 1721 2042 uxori
1748 2001 1859 2042 suae

264 2078 371 2135 soli
418 2078 689 2135 masculus
715 2079 955 2134 nascitur
982 2078 1003 2153 (
1033 2077 1363 2146 Tertullian.,
1408 2078 1705 2151 Apologet.,
1737 2096 1857 2151 cap.

258 2170 354 2238 46,
384 2187 505 2243 pag.
530 2168 681 2242 500).
699 2170 1032 2226 Probibitum
1053 2171 1314 2243 siquidem
1336 2186 1495 2227 omne
1517 2171 1861 2242 impudicitia;

256 2276 430 2334 genus
450 2276 777 2334 magnopere
799 2262 1169 2329 aversabatur,
1193 2271 1356 2333 atque
1378 2262 1533 2317 uxori
1562 2277 1696 2331 sum,
1720 2262 1863 2318 sicut

257 2352 529 2420 vidimus,
563 2353 724 2410 fidem
755 2369 972 2425 semper
1000 2354 1270 2410 servabat.
1302 2353 1501 2411 Contra
1544 2370 1674 2411 vero
1722 2355 1863 2412 inter

258 2446 546 2513 ethnicos,
576 2447 749 2519 inquit
787 2447 919 2503 ille:
954 2446 1092 2503 Novi
1119 2456 1167 2502 et
1210 2446 1474 2519 Pbrynem
1513 2448 1860 2516 meretricem,

256 2540 508 2613 Diogenis
550 2557 709 2612 supra
750 2541 1088 2596 recumbentis
1116 2540 1293 2594 ardori
1329 2540 1611 2595 subantem.
1642 2539 1700 2594 ln
1725 2539 1866 2595 anti-

257 2632 543 2705 quioribus
585 2632 820 2703 Rigaltio
882 2630 1212 2689 editionibus
1253 2648 1411 2703 supra
1447 2632 1748 2701 recubantis;
1773 2648 1862 2686 ar-

259 2725 441 2779 dorem
469 2725 749 2781 subantem.
776 2724 834 2780 In
868 2725 1069 2781 nostris
1103 2739 1235 2781 vero
1261 2724 1643 2796 manuscriptis
1665 2724 1865 2780 codici-

259 2817 438 2881 cibus,
460 2834 620 2890 supra
646 2817 981 2874 recumbentis
999 2817 1237 2873 ardorem
1260 2819 1547 2873 subantem.
1578 2817 1656 2873 lbi
1686 2827 1864 2873 autem

259 2910 502 2981 exagitat
546 2910 824 2982 Diogenis,
871 2911 1138 2983 Pbrynem
1171 2910 1380 2982 perdite
1409 2910 1640 2965 amantis
1661 2951 1674 2976 ,
1707 2910 1866 2981 plane

258 3002 584 3058 indomitam
632 3003 929 3059 libidinem.
983 3002 1253 3074 Scriptum
1298 3012 1476 3059 autem
1505 3003 1574 3059 ab
1600 3002 1879 3058 Athenmo

259 3093 495 3165 legimus
522 3094 855 3166 Aristippum
882 3111 913 3150 a
941 3110 1100 3151 servo
1123 3110 1223 3151 suo
1250 3095 1596 3166 increpitum,
1620 3094 1761 3165 quod
1786 3096 1867 3149 in-

260 3194 481 3257 gentem
525 3188 811 3256 pecuniam
850 3186 1067 3258 Phryne
1105 3184 1399 3252 conferret,
1431 3200 1552 3256 qua:
1578 3200 1700 3239 cum
1734 3184 1864 3240 Dio-

1964 1998 2182 2039 sensum
2212 2000 2225 2037 :
2252 1980 2488 2037 Tametsi
2511 1978 2835 2034 christianus
2864 1977 3043 2032 salvos
3070 1989 3337 2046 sanesque
3367 1988 3563 2043 corpo-

1963 2077 2039 2132 ris
2066 2076 2251 2131 oculos
2277 2072 2509 2139 habeat;
2539 2071 2791 2127 fmminas
2822 2081 2999 2124 tamen
3019 2109 3033 2132 ,
3059 2082 3193 2138 quas
3221 2065 3401 2120 animo
3431 2080 3565 2119 con-

1965 2166 2226 2237 cupiscat,
2255 2182 2359 2219 non
2386 2163 2538 2219 videt.
2565 2162 2695 2217 Nam
2732 2161 2822 2216 ille
2841 2160 3098 2216 continuo
3123 2157 3317 2228 adjecit
3340 2175 3356 2218 ;
3377 2156 3565 2211 Animo

1965 2260 2209 2313 adversus
2239 2257 2499 2312 libidinent
2527 2272 2693 2311 caecus
2717 2266 2792 2309 est
2819 2252 3032 2325 (Ibid)
3064 2251 3218 2307 Novit
3244 2250 3443 2324 quippe
3483 2250 3564 2304 Ia-

1966 2362 2076 2409 tam
2106 2351 2136 2407 it
2162 2352 2379 2408 Christo
2407 2350 2580 2422 legem
2607 2367 2620 2403 :
2653 2347 2855 2411 Omnis,
2883 2347 2970 2418 qui
3010 2344 3186 2399 viderit
3214 2344 3473 2403 mulierem
3499 2343 3566 2395 ad

1966 2446 2423 2521 concupiscendam
2454 2462 2588 2508 eam,
2611 2444 2724 2515 jam
2754 2442 3031 2497 nunc/tatus
3070 2448 3144 2493 est
3182 2455 3295 2493 cam
3322 2439 3375 2492 in
3415 2436 3567 2493 corde

1966 2560 2058 2598 suo
2083 2543 2100 2611 (
2129 2541 2344 2606 Matt/3.,
2377 2557 2495 2611 cap.
2527 2539 2637 2609 5,7
2665 2578 2676 2590 .
2703 2537 2774 2593 28
2802 2537 2842 2607 ).
2873 2536 3057 2605 Itaque
3082 2543 3141 2589 ut
3182 2546 3341 2588 verus
3366 2529 3568 2587 Christi

1968 2635 2266 2707 discipulus
2313 2632 2438 2689 huic
2475 2641 2747 2703 praecepto
2787 2626 3318 2693 satisfaciat,salvis,
3349 2624 3566 2696 quidem

1972 2729 2250 2802 corporeis
2268 2728 2438 2783 oculis
2465 2726 2700 2799 fmrninas
2726 2724 2897 2789 uidet;
2925 2722 3019 2778 sed
3064 2722 3244 2776 animo
3265 2762 3278 2786 ,
3324 2732 3432 2792 quo
3475 2732 3570 2774 cas

1968 2821 2344 2891 concupiscat,
2376 2833 2553 2874 ccccus
2581 2827 2635 2873 et
2662 2818 2912 2871 immotus
2936 2822 3040 2871 est.

2041 2914 2248 2983 Quanta
2275 2923 2451 2970 autem
2476 2928 2507 2968 e
2532 2910 2804 2967 contrario
2825 2917 2973 2965 esset
2991 2906 3268 2979 gentilium
3293 2904 3568 2960 hominum

1970 3010 2129 3066 etiam
2203 3008 2645 3080 philosOpborum
2712 3002 3099 3061 incontinentia
3131 3040 3146 3067 ,
3205 2999 3572 3057 Tertullianus

1970 3103 2209 3159 ostendit
2240 3100 2532 3158 Democriti
2562 3097 2843 3169 exemplo:
2874 3095 3222 3159 Democritus,
3258 3093 3448 3163 inquit,
3480 3106 3572 3145 cx-

1971 3195 2214 3251 caecando
2243 3194 2588 3265 semetipsum,
2619 3189 2755 3260 quod
2776 3188 3042 3243 mulierem
3065 3186 3175 3241 sine
3213 3183 3573 3254 concupiscen-

259 3295 408 3352 gene
420 3280 611 3352 cynico
639 3281 804 3351 gratis
830 3280 1171 3335 volutabatur
1201 3278 1557 3350 (Atheanib.
1575 3277 1718 3333 Xlll.
1744 3279 1863 3332 Dei-

1972 3288 2044 3342 tia
2068 3287 2296 3359 aspicere
2322 3303 2423 3340 non
2452 3292 2640 3355 posset,
2666 3292 2712 3337 et
2752 3280 2965 3346 doleret,
3010 3280 3180 3332 sinon
3206 3285 3331 3331 esset
3360 3275 3569 3346 potitus,

261 3378 549 3447 pnosoplt.,
573 3391 693 3446 pag.
715 3371 864 3444 588).
888 3373 962 3430 De
984 3373 1070 3427 illa
1089 3382 1266 3428 autem
1285 3372 1498 3444 Phryne
1513 3370 1867 3427 famosissima

265 3465 566 3523 meretrice
590 3480 691 3520 nos
714 3465 913 3535 aliquid
944 3464 1068 3520 alibi
1086 3479 1187 3519 nec
1206 3463 1371 3519 semel
1401 3463 1632 3518 diximus
1645 3462 1813 3533 (Tom.
1837 3464 1864 3519 1

259 3557 822 3629 Apparat.,'pag.ﬂM.
843 3556 1112 3612 Dissertat.
1130 3558 1184 3612 in
1196 3558 1411 3623 Arnob.,
1430 3572 1547 3627 cap.
1561 3555 1650 3623 20,
1668 3568 1770 3613 art.
1787 3558 1868 3628 ὅ).

294 3710 297 3711 ν
344 3648 594 3706 Posthac
613 3664 742 3704 vero
772 3648 1166 3704 Tertullianus:
1191 3648 1380 3717 Audio,
1408 3649 1591 3719 inquit,
1620 3657 1668 3704 et
1693 3665 1871 3721 quem-

269 3744 398 3798 dam
442 3741 794 3813 Speusippum
819 3742 883 3797 de
914 3739 1150 3797 Platonis
1199 3742 1374 3796 schola
1394 3742 1448 3795 in
1471 3741 1721 3797 adulterio
1750 3758 1870 3812 per-

263 3840 386 3894 iisse
437 3835 791 3908 (Tertullian.
831 3835 1123 3908 Apologet.,
1165 3852 1281 3908 cap.
1326 3835 1421 3903 46,
1464 3854 1584 3908 pag.
1619 3836 1790 3902 500).
1826 3840 1871 3893 Α
1912 3846 1923 3857 ’

265 3930 429 3987 nobis
475 3940 653 3985 autem
698 3929 823 3985 alibi
869 3937 1186 3984 annotatum
1215 3938 1303 3985 est
1339 3927 1482 3984 hunc
1512 3927 1870 4000 Speusippum

266 4021 437 4079 fuisse
482 4021 722 4077 Platonis
761 4037 828 4077 ex
874 4034 1097 4088 sorore,
1130 4020 1386 4077 videlicet
1429 4020 1668 4088 Potone,
1697 4030 1757 4077 ut
1797 4021 1875 4077 ait

268 4115 542 4180 Laertius,
566 4114 757 4183 tilium,
778 4114 1001 4187 ejusque
1029 4115 1081 4169 in
1110 4113 1431 4170 Academica
1455 4113 1638 4170 schola
1662 4128 1875 4171 succes-

267 4224 449 4265 sorem
491 4210 509 4278 (
540 4207 688 4263 Tant.
734 4207 753 4262 ι
780 4209 1058 4280 Apparat.,
1090 4224 1211 4279 pag.
1240 4207 1373 4262 1151
1413 4216 1468 4262 et
1496 4206 1656 4263 1154.
1689 4204 1864 4261 Laert.

270 4300 364 4357 lib.
394 4299 462 4356 1V
492 4301 545 4354 in
575 4302 663 4355 vit.
693 4299 983 4373 Speuss.,§
1022 4301 1044 4354 1
1074 4297 1114 4370 )‘.
1155 4301 1224 4354 At
1270 4298 1359 4353 ille
1379 4338 1392 4361 .
1421 4297 1612 4355 eodem
1656 4296 1869 4354 Laertio

272 4403 433 4459 teste,
483 4392 677 4448 dicitur
721 4398 921 4462 ὀρχίλος,
973 4395 1057 4446 καὶ
1104 4395 1275 4451 ἡδονῶν
1326 4400 1477 4452 ἥττων
1505 4396 1581 4455 ἦν,
1633 4399 1739 4445 crat
1769 4390 1871 4444 ira-

271 4483 494 4547 cundus,
544 4490 590 4535 et
631 4482 966 4550 voluptatibus
991 4480 1191 4536 deditus
1232 4479 1442 4554 (Idem,
1487 4478 1661 4553 ibid.).
1690 4480 1878 4537 Testa-

272 4590 391 4636 tum
424 4592 636 4648 quoque
664 4576 957 4633 Athenaeus
985 4576 1109 4631 fecit
1133 4576 1281 4630 illum
1306 4576 1374 4629 ab
1405 4575 1716 4646 voluptariis
1742 4574 1875 4646 Epi-

1971 3379 2384 3434 incoutinentiam
2400 3375 2747 3432 emendatiune
2763 3368 3359 3445 proﬁtetur(Tertullian.
3370 3366 3497 3435 ,ibid
3507 3364 3571 3438 .).

1976 3473 2088 3530 Sed
2128 3472 2197 3528 de
2244 3472 2345 3527 hac
2386 3468 2685 3527 voluntaria
2733 3465 3024 3523 Democriti
3051 3463 3320 3531 caecitate,
3353 3460 3575 3532 ejusque

1975 3582 2165 3623 caussa
2195 3572 2376 3636 potest
2402 3579 2525 3620 esse
2557 3578 2661 3618 non
2692 3560 2917 3616 minima
2940 3556 3224 3615 dubitandi
3254 3555 3408 3610 ratio.
3438 3551 3573 3610 Nam

1977 3660 2296 3717 Plutarchus
2323 3656 2482 3729 plane
2516 3655 2847 3727 penitusque
2878 3659 3035 3722 negat
3062 3650 3210 3704 illum
3239 3663 3366 3704 suos
3384 3655 3576 3719 sponte

1974 3767 2068 3808 sua
2100 3750 2221 3806 ideo
2265 3748 2586 3805 exstinxisse
2627 3746 2811 3801 oculos
2837 3788 2851 3813 ,
2884 3759 2956 3799 ne
2982 3742 3218 3798 animum
3250 3748 3570 3805 avocarent,

1977 3859 2079 3900 nec
2118 3844 2365 3898 sinerent
2409 3842 2570 3896 rebus
2613 3839 2726 3894 sola
2770 3846 2949 3893 mente
2988 3836 3275 3911 cernendis
3302 3833 3574 3890 immorari

1977 3938 1995 4010 (
2020 3934 2316 4003 Plutarclt.,
2346 3933 2432 3989 lib.
2460 3933 2524 3987 de
2549 3932 2804 3996 curiosit.,
2837 3947 2955 4002 pag.
2980 3928 3107 3995 521,
3133 3938 3256 3984 tom.
3288 3926 3333 3983 ll
3360 3928 3400 3997 ).
3432 3925 3576 3982 Nihil

1979 4039 2155 4085 autem
2185 4028 2253 4083 de
2275 4026 2417 4081 illius
2441 4024 2683 4081 e'ecitate
2721 4022 2914 4078 Cicero
2943 4032 3092 4077 certo
3120 4017 3471 4091 pronuntiare
3492 4018 3575 4072 vi-

1977 4124 2172 4179 detur:
2205 4121 2557 4185 Democritus,
2583 4117 2787 4188 inquit;
2814 4115 2903 4186 qui
2942 4130 3052 4169 vere
3087 4113 3287 4185 falsone
3330 4126 3580 4183 quwrere-

1978 4234 2113 4283 mus,
2143 4216 2331 4269 dicitur
2355 4212 2516 4269 oculis
2542 4229 2596 4267 se
2616 4210 2880 4283 privasse:
2908 4216 3070 4271 certe,
3095 4214 3151 4258 ut
3183 4221 3336 4277 quam
3373 4203 3579 4258 minime

1978 4309 2182 4363 animus
2216 4323 2248 4360 α
2284 4302 2673 4377 cogitationibus
2703 4299 3036 4355 abduceretur
3067 4296 3086 4369 (
3113 4295 3300 4364 Cicer.,
3331 4295 3419 4351 lib.
3447 4293 3491 4349 Υ
3518 4293 3582 4348 de

1980 4400 2147 4468 ﬁnib.,
2179 4415 2298 4471 pag.
2323 4398 2448 4463 115,
2468 4394 2561 4450 lin.
2590 4394 2662 4449 45
2682 4394 2724 4464 ).
2753 4391 2807 4447 Si
2836 4391 2982 4446 enim
3012 4390 3105 4454 ibi,
3142 4395 3200 4443 ut
3221 4386 3436 4458 quidam
3463 4384 3581 4454 epi-

1981 4503 2198 4555 nantur,
2229 4491 2516 4546 delendum
2546 4488 2617 4542 sit
2639 4486 2862 4541 verbum
2894 4498 3232 4552 quwreremus
3255 4523 3269 4548 ,
3300 4495 3363 4535 ac
3390 4481 3579 4550 legeno

1980 4587 2106 4641 dum
2132 4585 2353 4655 falsone,
2383 4583 2539 4652 plane
2560 4581 2626 4636 de
2655 4581 2741 4635 illa
2774 4577 3067 4635 Democriti
3090 4576 3335 4632 czrcitate
3358 4573 3581 4629 dubium

273 4671 480 4735 cureis,
511 4679 566 4725 et
591 4667 904 4742 Cyrenaicis
933 4683 1040 4722 non
1075 4668 1260 4738 procul
1291 4668 1358 4723 ab
1388 4666 1573 4734 fuisse,
1602 4667 1761 4738 eique
1784 4683 1869 4722 ex-

1982 4690 2034 4734 ct
2082 4678 2369 4748 ancipitem
2413 4690 2473 4732 se
2514 4674 2677 4730 fuisse
2732 4671 3019 4744 signiﬁcat.
3081 4669 3338 4737 Quamvis
3401 4676 3582 4723 autem

279 4764 600 4838 prohratum
628 4777 657 4815 a
689 4761 945 4833 Dionysio
972 4771 1199 4832 tyranno
1247 4757 1549 4818 Lasthenia:
1581 4758 1878 4813 meretricis

275 4854 560 4933 amorem(
590 4851 706 4909 Lib.
740 4852 828 4918 12,
858 4869 975 4923 cap.
1005 4850 1104 4917 12,
1136 4869 1255 4922 pag.
1309 4850 1416 4906 546
1442 4849 1483 4923 ).
1539 4854 1784 4912 sanam.
1826 4856 1881 4912 ἣν

275 4955 359 5008 καὶ
383 4958 698 5013 Σπεύσιππος,
723 4955 748 5005 ὁ
773 4956 1018 5009 Πλάτωνες
1046 4957 1280 5019 συγγενὴ,
1307 4949 1389 5000 sui
1420 4950 1641 5015 ὂιιιδοχπ
1666 4960 1749 5006 τῆς
1773 4970 1882 5015 σχα-

277 5057 382 5110 λῆς.
407 5052 641 5108 Διονύσιος
666 5052 795 5117 γοῦν,
820 5051 846 5101 ό
871 5062 956 5108 τῆς
993 5053 1206 5105 Σικελίας
1228 5049 1467 5114 τύραννος,
1494 5048 1540 5097 ἓν
1567 5055 1627 5117 τῇ
1657 5051 1773 5113 πρὸς
1799 5045 1881 5097 αὖ·

277 5151 358 5197 τόν
385 5149 606 5212 ἐπιστολῇ
633 5146 761 5197 κατὰ
782 5155 868 5202 τῆς
892 5144 1164 5211 φιληδινθεις
1191 5143 1338 5195 «tbi-si}
1357 5142 1519 5204 εἰπὼν,
1541 5140 1624 5192 tuti
1653 5144 1885 5209 φιλαργυ-

277 5247 384 5309 ρίαν
401 5240 530 5307 αὗτῷ
547 5239 785 5303 ὀνειδίζει,
807 5238 890 5289 καὶ
921 5245 998 5289 τὸν
1019 5241 1294 5294 Λασθενείας
1315 5248 1398 5293 τῆς
1419 5220 1687 5303 Ᾰρχιδικῆς
1710 5240 1882 5303 ἔρωτι,

281 5341 388 5392 ἥτις
413 5336 656 5390 diem»;
680 5332 892 5392 ἠκηκόει.
933 5327 1299 5399 Voluptuarius
1327 5343 1524 5398 quoque
1551 5326 1879 5395 Speusippus

280 5423 399 5493 fuit,
432 5421 662 5477 Platonis
688 5437 946 5477 successor
994 5428 1039 5474 et
1066 5428 1331 5491 cognatus.
1371 5418 1557 5488 Itaque
1601 5417 1886 5490 Dionysius

283 5516 477 5572 Sicilia:
487 5525 734 5588 tyrannus
753 5515 805 5569 in
822 5531 915 5569 sua
933 5513 1002 5567 ad
1017 5530 1131 5568 eum
1144 5514 1358 5583 epistola
1374 5512 1646 5582 voluptatis
1662 5512 1885 5567 studium

281 5609 638 5679 reprehendit,
680 5608 950 5663 avaritiam
983 5606 1286 5679 exprobrat,
1322 5616 1370 5661 et
1400 5623 1624 5662 amorem
1651 5604 1888 5661 Arcadia:

275 5699 628 5769 Last/tenens,
679 5717 793 5772 qua:
857 5698 1123 5755 Platonem
1188 5699 1447 5755 audiebat.
1496 5700 1653 5755 Prius
1707 5709 1886 5754 tamen

272 5793 401 5851 haec
466 5794 784 5852 Lasthencia
839 5793 906 5851 ab
969 5793 1062 5850 illo
1119 5788 1342 5851 vocatur
1400 5798 1604 5865 σαρδικῆ
1636 5836 1651 5860 ,
1706 5791 1889 5848 Sardi-

267 5888 462 5958 censis,
503 5897 560 5945 et
596 5903 626 5945 a
672 5888 884 5946 Laertio
942 5899 1217 5959 μιντινυιή,
1253 5887 1515 5945 Mantinea
1547 5885 1765 5961 (Laert.
1793 5887 1885 5945 lib.

1984 4773 2205 4829 verbum
2234 4787 2591 4841 quwreremus,
2624 4768 2691 4823 ab
2719 4782 2785 4823 eo
2819 4766 3114 4837 profectum
3153 4763 3334 4826 fuerit,
3367 4761 3473 4817 alio
3501 4771 3581 4815 ta-

1986 4883 2109 4923 men
2141 4867 2309 4921 verbo
2334 4864 2543 4929 dicitur,
2576 4862 2705 4918 satis
2734 4869 2920 4931 aperte
2947 4858 3186 4913 declarat
3220 4855 3270 4909 id
3303 4855 3333 4910 s
3370 4869 3429 4909 se
3478 4869 3582 4910 non

1986 4977 2145 5035 posse
2168 4968 2318 5016 certo
2347 4957 2624 5013 al‘lirmari.
2657 4955 2873 5011 Verum-
2894 4954 3062 5008 Aulus
3090 4950 3296 5007 Gellius
3332 4949 3585 5004 testilica-

1991 5065 2076 5110 tur
2098 5054 2150 5108 in
2178 5050 2416 5107 historia:
2439 5064 2625 5119 graeca:
2653 5044 3014 5103 monumentis
3037 5044 3227 5097 tactam
3254 5042 3585 5098 mentionem

1992 5145 2311 5210 Democriti,
2334 5142 2426 5214 qui
2453 5158 2514 5198 se
2540 5141 2679 5196 ultro
2704 5136 3001 5193 luminibus
3029 5135 3309 5190 oculorum
3339 5135 3585 5199 orbavit;

1989 5248 2046 5293 ut
2068 5237 2421 5308 cogitationes
2450 5233 2614 5288 animi
2649 5231 2699 5285 in
2729 5227 3160 5299 contemplandis
3186 5235 3392 5280 natura:
3424 5225 3589 5281 ratio-

1990 5331 2148 5385 nibus
2174 5338 2357 5384 esscnt
2387 5325 2685 5395 vegetiores
2706 5364 2722 5391 ,
2744 5326 3156 5391 exactioresque
3179 5319 3197 5391 (
3217 5316 3379 5386 Gell.,
3409 5316 3586 5374 lib.X.

1992 5423 2148 5479 Noct.
2176 5423 2326 5487 Atti,
2355 5437 2475 5490 cap.
2502 5419 2589 5485 17,
2616 5434 2736 5488 pag.
2767 5414 2863 5471 541
2893 5413 2932 5485 ).
2965 5413 3099 5469 Tum
3127 5412 3467 5469 continenter
3485 5413 3590 5469 La-

1987 5520 2122 5578 berii
2154 5520 2279 5575 citat
2301 5530 2508 5578 versus,
2538 5513 2729 5584 quibus
2757 5510 3015 5597 describit
3060 5508 3283 5579 hujusce
3308 5509 3587 5576 excitatis,

1988 5616 2089 5672 sibi
2118 5614 2187 5669 ab
2216 5614 2308 5668 illo
2336 5611 2637 5678 concitatae,
2667 5609 2826 5663 aliam
2873 5605 3041 5673 fuisse
3087 5606 3361 5662 rationem
3383 5645 3398 5674 ,
3428 5619 3589 5678 quam

1989 5709 2092 5765 hoc
2120 5723 2276 5764 versu
2307 5714 2462 5778 poeta
2502 5704 2805 5776 expressit:

2148 5889 2288 5943 Malis
2307 5892 2439 5943 bene
2466 5901 2580 5942 esse
2601 5900 2668 5939 ne
2690 5888 2888 5939 videret
2908 5868 3116 5937 civibus.
