4092 6352
568 206 576 213 .
1454 176 1480 219 1

489 284 601 347 913

1571 282 1643 343 IN
1674 281 2144 347 TERTULLIANI
2176 285 2707 353 ΑΡοιοςΕΤιουκ

3718 296 3851 361 αι

493 400 859 476 Hieronymus
872 410 1075 473 autem,
1096 400 1314 460 nomine
1331 401 1643 476 singillatim
1665 403 1951 477 appellato,
1976 420 2101 463 nar-
2123 407 2177 470 Α
2206 417 2347 466 tutes
2400 410 2541 467 inter
2566 426 2627 468 se
2673 412 2952 483 componit
2992 426 3057 472 ac
3088 415 3278 474 horum
3319 426 3428 476 tam
3470 429 3841 492 corruptas,

495 507 581 555 rat
609 496 870 571 quosdam
910 494 1262 569 philosophos
1304 495 1406 555 sibi
1447 496 1637 555 oculos
1681 498 1921 569 eruisse;
1948 514 2018 557 ne
2059 515 2091 555 a

495 589 948 661 contemplatione
999 587 1359 661 philosophia:
1404 597 1786 656 avocarentur,
1817 599 1874 649 et
1926 599 2090 651 totam

494 684 872 755 cogitationem
890 682 957 738 ad
978 683 1174 739 mentis
1190 683 1475 755 puritatem
1491 683 2087 759 cogerent(liieronym.

494 776 641 834 lib.lI
658 776 773 832 adv.
799 776 1001 844 Jouin.,
1023 794 1141 849 pag.
1176 777 1304 845 203,
1345 786 1392 835 et
1414 777 1583 846 Epist.
1610 780 1683 836 55
1702 779 1771 836 ad
1791 780 2042 853 Abigaunt
2071 822 2089 851 ,

496 887 615 942 pag.
642 867 811 942 589).
839 867 971 938 Quis
1000 877 1184 926 autem
1215 868 1369 927 facile
1392 870 1494 927 sibi
1521 870 1834 942 persuaderi
1866 878 1972 927 non
2014 874 2089 929 si-

498 971 597 1019 net
624 961 989 1018 Democritum
1019 978 1182 1020 unum
1214 961 1383 1020 fuisse
1412 979 1478 1021 ex
1509 964 1594 1021 his
1620 963 1987 1038 philosophis,
2028 980 2093 1023 ac

498 1055 725 1115 forsitan
755 1058 1127 1129 praecipuum?
1320 1050 1328 1061 ’

569 1150 831 1220 Quamvis
871 1151 1052 1223 itaque
1079 1149 1294 1223 quidam
1337 1150 1406 1207 de
1446 1150 1743 1207 voluntaria
1776 1149 1894 1222 ejus
1930 1151 2089 1207 caeci-

499 1250 608 1298 tate
631 1242 907 1300 dubitasse
952 1243 1263 1312 videantur,
1296 1243 1476 1315 plures
1514 1255 1689 1300 tamen
1740 1244 1881 1301 illius
1930 1254 2096 1303 testes

499 1335 804 1392 citavimus.
838 1337 908 1392 At
944 1345 1092 1394 certe
1142 1337 1301 1408 longe
1331 1339 1611 1409 pauciores
1649 1350 1979 1416 occurrunt,
2002 1338 2094 1411 qui

498 1427 753 1484 eumdem
772 1427 1131 1487 Democritum
1148 1429 1337 1497 oculis,
1366 1445 1434 1485 ne
1475 1428 1721 1487 l'teminas
1750 1424 2096 1501 concupisce-

500 1509 607 1585 ret,
622 1534 681 1576 se
693 1520 862 1591 ipsum
878 1520 1115 1590 privasse
1126 1520 1426 1594 perhibent.
1447 1521 1523 1577 Ex
1531 1522 1730 1595 pendas
1744 1530 1922 1579 tamen
1935 1523 2097 1579 velim

2194 517 2353 573 quam
2386 503 2599 559 illorum
2631 504 2903 576 perfectas
2934 522 3056 565 esse
3098 510 3452 571 demonstrat.
3489 515 3631 572 Eam
3684 531 3842 573 vero

2194 596 2646 668 comparationem
2672 612 2739 654 eo
2767 601 3070 658 accuratius
3110 603 3361 676 instituit,
3390 623 3498 680 quo
3525 609 3840 681 importu-

2194 686 2315 743 nius
2356 686 2556 743 ethnici
2596 688 2875 747 clamitare
2917 693 3165 751 solebant
3207 698 3558 771 philosophos
3603 715 3837 771 parem

2193 785 2353 849 atque
2379 778 2701 838 christianos
2731 784 2964 854 proﬁteri
2991 786 3352 856 innocentiam,
3382 793 3670 863 iustitiam,
3723 788 3842 866 pa-

2197 874 2447 941 tientiam,
2491 874 2815 933 sobrietatem
2848 877 2867 950 (
2894 878 3195 937 Tertullian.
3228 884 3523 959 Apologet.,
3555 904 3693 958 cap.
3727 888 3833 957 46,

2197 983 2317 1039 pag.
2340 966 2449 1023 500
2470 968 2507 1036 ).
2539 968 2677 1024 Nam
2701 979 2760 1025 ut
2798 970 2983 1041 plures
3024 974 3354 1041 omittamus,
3384 978 3577 1035 eodem
3602 979 3840 1037 Celsus

2197 1057 2359 1113 modo
2379 1067 2566 1116 contra
2589 1060 2915 1122 christianos
2940 1062 3248 1136 disputabat
3283 1068 3469 1142 (Orig.
3492 1071 3582 1126 lib.
3618 1072 3639 1126 I
3671 1082 3833 1127 cont.

2197 1147 2358 1219 Cels.,
2389 1167 2510 1223 pag.
2540 1150 2575 1207 6
2609 1153 2648 1222 ).
2671 1151 2816 1210 Nihil
2844 1156 2992 1225 novi,
3015 1157 3213 1224 aiebat,
3238 1160 3373 1216 nihil
3395 1164 3572 1234 magni
3601 1164 3690 1220 de
3714 1176 3841 1220 me;

2197 1240 2349 1297 ribus
2408 1242 2702 1299 christiana
2753 1244 3034 1316 disciplina
3077 1251 3459 1325 attulit,qnod
3499 1269 3627 1311 cum
3696 1258 3836 1313 aliis

2198 1334 2432 1405 antiquis
2462 1334 2797 1409 philosophis
2822 1352 2933 1396 non
2963 1341 3124 1399 fuerit
3164 1359 3483 1415 commune,
3516 1358 3573 1406 et
3611 1349 3700 1405 ab
3744 1351 3837 1408 eis

2199 1427 2475 1483 traditum.

2274 1518 2642 1577 Tcrtullianus
2684 1522 2844 1593 igitur
2869 1523 3117 1582 ethnicos
3140 1527 3193 1584 id
3220 1529 3537 1601 objicientes
3560 1534 3833 1603 generali

502 1621 680 1668 utrum
723 1610 974 1683 Sophista
1023 1612 1294 1669 Himerius
1322 1613 1464 1685 apud
1509 1614 1753 1671 Photium
1786 1615 1918 1671 illud
1950 1615 2101 1673 hisce
2201 1608 2435 1682 primum
2459 1610 2669 1668 ratione
2694 1611 2891 1669 refellit
2915 1624 2970 1672 ei
2993 1626 3282 1689 expugnat.
3310 1620 3368 1675 Si
3394 1620 3579 1688 iidem,
3606 1621 3824 1695 inquit,

500 1703 683 1760 verbis
713 1718 817 1759 non
850 1703 1166 1760 indicaverit
1190 1722 1203 1761 :
1245 1712 1359 1759 ἑκὼν
1381 1709 1429 1759 δὲ
1460 1709 1606 1765 ἓνόσιι
1640 1724 1782 1778 σῶμα.
1809 1710 2099 1782 Δημόκριτοι

2206 1702 2314 1759 sint
2339 1701 2782 1776 philosophorum
2811 1721 2877 1763 ac
2899 1706 3320 1768 cbristianorum
3341 1727 3545 1782 mores,
3571 1716 3833 1772 eadem-

504 1801 581 1853 ἳνιι
609 1802 797 1870 ὑγιαίνῃ
830 1801 895 1856 τὸ
918 1808 1178 1870 κριίττενι.
1230 1796 1532 1855 Voluntaria
1573 1799 1893 1859 Democritus
1930 1800 2099 1859 morbo

2208 1810 2311 1867 que
2338 1797 2582 1867 virtutes,
2609 1800 2823 1871 utrique
2847 1800 3090 1871 proiecto
3109 1803 3310 1861 debent
3330 1805 3578 1863 eamdem
3601 1806 3831 1867 trahere

502 1908 690 1962 corpus
743 1892 946 1964 affecit,
1005 1902 1060 1947 ut
1122 1892 1291 1964 patior
1340 1909 1462 1963 pars
1509 1909 1641 1949 sana
1690 1904 1817 1950 esset
1866 1892 2088 1968 (Photi.

401 2010 407 2015 η
502 1982 774 2051 Biblioth.,
807 1984 922 2039 cod.
955 1982 1082 2050 ειδ,
1112 2001 1233 2056 pag.
1266 1983 1401 2040 l087
1421 1985 1462 2055 ).
1487 1984 1677 2042 Nonne
1705 1987 1848 2042 enim
1879 1987 1984 2044 hoc
2001 2001 2096 2059 ge-

505 2080 675 2134 nerali
725 2078 978 2151 loquendi
1023 2080 1186 2135 modo
1226 2090 1579 2150 spontaneum
1611 2080 1914 2153 designavit
1954 2081 2102 2140 illius

507 2172 835 2240 cmcitatem,
868 2175 971 2243 ‘qua
999 2172 1241 2228 voluerat
1268 2172 1504 2229 animum
1526 2213 1542 2241 ,
1574 2172 1840 2245 potiorem
1868 2173 1951 2231 sui
1978 2190 2101 2245 par-

516 2274 653 2332 tem,
696 2265 924 2321 sanare?
964 2262 1097 2321 Utut
1140 2264 1246 2331 sit,
1290 2272 1438 2321 certe
1483 2263 1761 2320 christiani
1800 2264 2099 2321 voluntaria

505 2357 817 2430 hujusmodi
840 2359 1080 2415 caecitate
1103 2371 1239 2430 Opus
1263 2372 1370 2413 non
1398 2356 1689 2427 habebant,
1710 2357 1803 2430 qui
1829 2358 2011 2415 animo
2030 2357 2101 2415 ad

506 2454 995 2525 concupiscendum
1034 2453 1187 2522 caeci,
1214 2467 1323 2509 non
1363 2453 1539 2509 solum
1584 2453 1952 2525 praescriptam
1983 2453 2103 2525 lege

509 2546 689 2603 divina
718 2547 1019 2603 castitatem
1045 2560 1283 2614 summo,
1311 2545 1490 2602 studio
1517 2546 1786 2613 colebant,
1818 2545 1914 2603 sed
1944 2545 2101 2618 pluri-

505 2640 578 2696 mi
630 2639 835 2707 etiam,
887 2638 1341 2710 quemadmodum
1405 2637 1564 2709 paulo
1611 2647 1737 2695 ante
1789 2636 2100 2695 dicebamus

509 2733 530 2804 (
564 2733 728 2803 Supr.
756 2732 851 2786 hoc
880 2748 1021 2803 cap.,
1044 2740 1144 2786 art.
1174 2730 1208 2786 4
1227 2733 1270 2801 ).
1299 2740 1412 2788 ιοιο
1438 2732 1563 2788 vita:
1605 2746 1717 2787 sua:
1757 2738 1998 2803 tempore
2043 2730 2101 2786 itt

504 2824 829 2896 virginitatis
855 2831 999 2879 statu
1028 2837 1373 2892 perseverare
1400 2831 1812 2881 consueverant.

579 2919 822 2988 Denique
846 2915 1210 2972 Tertullianus
1239 2915 1445 2972 recenti
1471 2915 1649 2971 adhuc
1676 2913 1925 2986 exemplo
1951 2913 2102 2970 evin-

507 3008 582 3066 cit
601 3008 924 3064 christianos
952 3007 1022 3063 de
1048 3007 1310 3067 servanda
1349 3008 1597 3063 castitate
1619 3015 1768 3063 tanto
1796 3005 1965 3077 magis
1989 3004 2101 3063 sol-

506 3101 682 3158 licitos
710 3099 896 3168 fuisse,
916 3109 1115 3173 quanto
1140 3098 1504 3172 impudentius
1521 3099 1636 3156 hinc
1657 3098 1825 3155 virtus
1846 3099 1914 3155 ab
1934 3099 2102 3159 etimi-

2208 1887 2527 1960 protitendae
2556 1889 2837 1962 religionis
2863 1906 2974 1949 suae
3004 1894 3336 1953 facultatem.
3370 1895 3482 1954 Cur
3504 1913 3639 1971 ergo
3667 1900 3829 1954 chri-

2202 1973 2386 2042 stiani,
2420 1989 2527 2030 non
2562 1984 2742 2030 autem
2773 1976 3102 2051 philosophi,
3128 1981 3252 2047 diis,
3284 1981 3431 2041 sicut
3462 1982 3600 2044 inira
3630 1983 3823 2056 expli‘

2202 2066 2412 2122 cabitur
2430 2065 2451 2140 (
2472 2065 2774 2124 Tcrtullian.
2818 2069 2921 2126 loc.
2942 2072 3030 2127 cit.
3046 2069 3087 2144 ),
3112 2074 3410 2144 sacriﬁcare
3435 2085 3521 2131 aut
3543 2076 3821 2149 dejerare,

2202 2169 2290 2215 aut
2316 2160 2550 2216 lucernas
2590 2162 2800 2221 meridie
2825 2178 2983 2221 vanas
3010 2171 3239 2237 proferre
3268 2178 3285 2238 (
3311 2168 3576 2241 Rigaltius
3615 2180 3825 2230 conti-tt"

2203 2255 2692 2328 tnanuscriptorutn
2729 2266 2783 2314 et
2808 2259 3079 2317 editorum
3111 2262 3361 2320 codicum
3405 2266 3567 2322 tidem
3612 2269 3821 2337 prosti-

2204 2352 2387 2421 tuere)
2441 2349 2863 2420 compelluntur?
2906 2352 3008 2409 Cur
3047 2355 3366 2428 philosophi,
3396 2361 3571 2430 pergit
3612 2371 3823 2416 auctor

2204 2449 2413 2509 noster,
2442 2440 2562 2497 deos
2598 2453 2789 2498 vestros
2816 2444 2992 2516 palam
3025 2447 3310 2518 destruunt,
3341 2459 3387 2504 et
3415 2452 3821 2521 superstitiones

2203 2543 2395 2589 uestras
2428 2537 2805 2592 commentariis
2828 2554 3024 2610 quoque
3050 2550 3328 2611 accusant,
3356 2542 3694 2601 laudantibus
3722 2563 3815 2602 vo-

2206 2627 2298 2683 bis.
2323 2627 2485 2685 Tales
2508 2630 2707 2701 quippe
2735 2630 2950 2693 fuerunt
2980 2633 3255 2705 Diagoras,
3280 2635 3619 2708 Theodorus,
3643 2650 3704 2696 et
3720 2638 3819 2696 Ni-

2203 2733 2448 2791 cagoras,
2473 2722 2541 2778 de
2561 2722 2756 2793 quibus
2779 2723 2905 2780 alibi
2925 2725 3135 2796 egimus
3162 2725 3470 2800 (Dissertat.
3502 2731 3556 2784 in
3583 2730 3807 2797 Minue,

2204 2827 2320 2883 cap.
2349 2813 2443 2878 23,
2471 2823 2573 2869 art.
2604 2812 2659 2883 2,
2692 2824 2737 2870 et
2771 2814 3041 2875 Dissertat.
3069 2833 3269 2889 super.,
3299 2836 3416 2893 cap.
3448 2822 3537 2891 M,
3568 2835 3671 2877 art.
3712 2825 3737 2880 i
3764 2824 3808 2899 ).

2204 2902 2312 2961 Sed
2355 2905 2478 2978 quia
2523 2907 2617 2963 ille
2658 2908 2871 2978 adjecit,
2900 2908 3249 2970 Laudantibus
3278 2915 3462 2988 uobis(
3496 2915 3809 2972 Tcrtuttian.

2204 2998 2498 3073 ApalOget.,
2529 3018 2645 3073 cap.
2670 3003 2755 3070 is,
2782 3020 2903 3076 pag.
2924 3005 3033 3061 348
3056 3006 3100 3076 ),
3124 3009 3295 3079 magis
3312 3006 3536 3066 forsitan
3563 3011 3812 3069 indicare

2206 3093 2416 3151 videtur
2442 3093 2723 3153 Socratem
2749 3100 2818 3155 ab
2845 3113 2913 3156 eo
2956 3102 3234 3171 proxime,
3264 3112 3321 3159 et
3356 3112 3513 3160 antea
3535 3147 3552 3173 ,
3585 3108 3810 3163 nomine

506 3195 585 3250 cis
633 3192 947 3249 laedebatur.
990 3193 1162 3261 Audi,
1188 3206 1408 3264 quecso,
1441 3191 1635 3264 quibus
1675 3190 1766 3247 ille
1802 3190 1980 3287 verbis
2002 3190 2102 3249 hos
2129 3223 2175 3287 ρ
2207 3201 2307 3244 Suo
2329 3188 2869 3287 appellatum,_atque
2898 3192 3222 3263 Epicurum,
3250 3194 3473 3267 ejusque
3505 3199 3770 3254 asseclam
3790 3238 3807 3265 ,

505 3288 767 3343 castitatis
821 3301 1009 3343 osores
1046 3286 1377 3358 alloquatur,
1409 3293 1466 3344 et.
1502 3284 1736 3354 exagitet
1768 3300 1783 3339 :
1832 3282 2099 3353 Proxime,

504 3380 695 3451 inquit,
723 3380 792 3433 ad
813 3380 1042 3435 lenonem
1055 3379 1348 3433 damnando
1372 3378 1730 3448 christianum,
1761 3378 1927 3451 potius
1950 3393 2103 3448 quam

506 3477 576 3531 ad
597 3476 815 3544 leonem,
836 3476 1052 3548 confessi
1076 3475 1197 3530 estis
1221 3475 1385 3529 labent
1407 3474 1667 3546 pudicitiae
1686 3474 1823 3545 apud
1850 3489 1943 3528 nos
1966 3481 2103 3529 atro-

506 3569 692 3624 ciorem
719 3568 858 3623 omni
884 3584 1052 3641 paena,
1075 3577 1121 3622 et
1153 3568 1291 3625 omni
1310 3577 1478 3623 morte
1500 3567 1725 3638 reputari
1752 3564 1772 3641 (
1796 3565 2099 3622 Tcrtullian.

505 3661 796 3735 Apologet.,
818 3676 934 3733 cap.
955 3660 1044 3726 50,
1068 3676 1188 3733 pag.
1209 3659 1316 3717 530
1335 3660 1377 3732 ).
1398 3660 1713 3731 Quanquam
1733 3667 1911 3715 autem
1948 3658 2104 3715 nobis

510 3755 780 3828 incognita
809 3755 880 3810 sit
908 3754 995 3809 illa
1023 3755 1214 3810 mulier
1237 3752 1531 3810 christiana
1557 3769 1573 3821 ;
1596 3755 1649 3810 in
1674 3752 1892 3810 dubium
1925 3765 2103 3813 tamen

510 3851 692 3910 nullus
729 3864 986 3907 revocare
1018 3858 1234 3922 potest,
1258 3848 1388 3920 quin
1414 3863 1510 3920 ea,
1541 3850 1701 3923 paulo
1725 3857 1851 3905 ante
1878 3847 2103 3919 iniquis-

511 3947 651 4005 simo
679 3963 744 4004 ac
771 3947 1083 4020 turpissimo
1118 3945 1326 4018 judicio
1354 3946 1420 4002 ad
1450 3946 1676 4017 lupanar
1697 3986 1713 4014 ,
1737 3944 1826 4000 ubi
1853 3942 2105 4016 pudicitia

509 4041 627 4111 ejus
645 4049 1040 4111 expugnaretur
1064 4039 1317 4096 damnata
1348 4038 1529 4095 fuerit.
1559 4041 1630 4096 At
1668 4053 1775 4095 non
1802 4041 1958 4096 unius
1983 4046 2105 4094 tan-

507 4151 623 4199 tum
656 4135 920 4213 mulieris,
944 4134 1039 4191 sed
1063 4135 1289 4203 aliarum
1321 4138 1552 4217 plurium
1577 4136 1878 4199 castitatem
1906 4137 2108 4209 impro.

506 4236 718 4297 bissimi
749 4238 996 4299 homines
1017 4240 1249 4299 ludibrio
1274 4240 1598 4298 habuerunt.
1622 4238 1899 4296 Neminem
1926 4248 2106 4295 autem

508 4347 632 4391 esse
670 4341 942 4406 putamus,
972 4338 1060 4408 qui
1094 4335 1149 4391 in
1178 4335 1327 4393 Actis
1366 4342 1662 4408 martyrum
1711 4332 1861 4405 plura
1897 4331 2107 4389 illarum

510 4429 757 4500 exempla
797 4444 902 4488 non
934 4431 1145 4504 legerit.

1111 4525 1341 4585 CAPUT
1376 4525 1517 4583 XIII.

2206 3290 2262 3337 et
2286 3280 2666 3339 admiratorem
2688 3282 2999 3342 Lucretium
3021 3327 3037 3354 ,
3060 3294 3222 3358 atque
3250 3288 3565 3346 Ciceronem
3587 3331 3601 3358 ,
3628 3306 3663 3347 a
3702 3302 3814 3361 quo

2204 3375 2485 3445 gentilium
2510 3376 2581 3432 dii
2609 3376 2668 3433 in
2691 3377 2808 3434 suis
2835 3377 2905 3435 de
2931 3378 3146 3435 illorum
3170 3389 3362 3436 natura
3387 3381 3537 3438 libris
3563 3380 3813 3438 funditus

2207 3470 2486 3526 tolluntur.

2276 3561 2407 3618 Cum
2450 3578 2578 3620 vero
2627 3571 2816 3621 auctor
2859 3573 3042 3621 noster
3088 3563 3292 3621 addidit
3321 3565 3340 3639 (
3369 3564 3511 3621 Ibid.
3545 3583 3664 3639 cap.
3695 3565 3804 3634 46,

2208 3674 2329 3730 pag.
2349 3652 2481 3728 500)
2511 3673 2525 3710 :
2551 3657 2933 3727 superstitiones
2954 3667 3142 3714 vestras
3160 3660 3499 3726 accusant,ad
3521 3659 3803 3728 Senecam,

2206 3770 2367 3827 quem
2395 3755 2545 3826 prius
2567 3755 2856 3822 citaverat,
2880 3754 3022 3810 haud
3046 3754 3207 3811 dubie
3227 3756 3484 3827 respexit.
3503 3756 3578 3811 Ibi
3608 3758 3806 3830 quippe

2207 3847 2392 3918 iidem,
2427 3848 2635 3922 inquit(
2663 3847 2802 3903 Ibid.
2830 3865 2949 3920 cap.
2978 3849 3065 3917 12,
3098 3864 3219 3921 pag.
3247 3848 3400 3924 557),
3428 3853 3563 3918 estis,
3586 3853 3674 3921 qui
3704 3850 3805 3907 Se-

2208 3959 2386 4000 necam
2433 3944 2652 4016 aliquem
2695 3942 2928 4015 pluribus
2970 3953 3016 3999 et
3059 3945 3395 4001 amarioribus
3430 3945 3495 3999 de
3530 3955 3692 4000 uestra
3720 3960 3804 4000 su-

2211 4039 2505 4111 perstitione
2535 4049 2855 4111 perarantem
2893 4039 3137 4109 probatis.
3171 4036 3304 4107 Qua:
3342 4038 3553 4109 quidem
3583 4038 3806 4094 Seneca

2207 4135 2370 4192 verba
2396 4133 2526 4191 alibi
2557 4132 2841 4189 retulimus
2870 4174 2886 4199 ,
2913 4139 3077 4204 atque
3099 4131 3235 4188 inira
3256 4131 3431 4188 adhuc
3456 4148 3665 4205 suoque
3689 4132 3805 4187 loco

2209 4230 2534 4304 proferenda
2561 4240 2705 4287 sunt.

2281 4329 2422 4396 Quin
2443 4329 2630 4395 etiam,
2664 4327 2808 4399 quod
2846 4326 3093 4399 plerique,
3129 4326 3204 4381 ait
3232 4324 3404 4382 adhuc
3444 4323 3802 4380 Tcrtnlliauus

2214 4423 2234 4496 (
2260 4420 2392 4478 Ibid.
2420 4437 2538 4493 cap.
2568 4419 2660 4489 46,
2685 4436 2807 4493 pag.
2838 4418 2991 4491 500),
3028 4418 3322 4490 philosOphi
3359 4418 3413 4472 in
3433 4411 3690 4489 principes
3726 4415 3801 4469 la-

2211 4532 2366 4579 trant.
2396 4522 2452 4578 In
2482 4518 2720 4594 quodam
2754 4517 3014 4573 Vaticano
3039 4513 3227 4572 codice
3266 4514 3524 4585 scriptum
3556 4516 3801 4568 notarunt

513 4618 681 4688 Quam
712 4618 930 4677 absurde
953 4618 1142 4675 ethnici
1157 4620 1466 4692 jactaverint
1506 4638 1655 4694 pares
1678 4636 1786 4677 esse
1807 4618 1938 4674 alias
1988 4616 2100 4689 phi-
2127 4630 2183 4693 D
2216 4619 2464 4675 Lacerant
2488 4632 2508 4671 :
2537 4614 2633 4672 sed
2677 4614 2854 4669 minus
2896 4610 3053 4667 bene.
3078 4608 3207 4665 Nam
3231 4609 3298 4665 de
3318 4606 3578 4663 indnStria
3606 4605 3801 4661 dixisse

580 4711 910 4783 losophorum
934 4728 1143 4766 suorum
1168 4723 1318 4783 atque
1350 4713 1757 4769 Christianorum
1784 4712 2016 4777 uirtutes;
2045 4726 2108 4766 ac

580 4803 834 4874 quomodo
850 4803 1194 4861 Tertullianus
1215 4815 1323 4861 tam
1342 4806 1522 4860 horum
1545 4820 1705 4871 veras,
1723 4821 1875 4876 quam
1898 4804 2109 4860 illorum

582 4898 744 4967 falsas
769 4915 876 4954 esse
902 4899 1249 4955 demonstret.-

1046 5008 1340 5059 Αιιτιοοιυε
1377 5007 1590 5049 paruus.

515 5082 683 5150 Quam
729 5084 994 5141 immeritis
1032 5084 1270 5141 laudibus
1294 5127 1308 5152 ,
1336 5085 1541 5151 statuis,
1586 5092 1635 5140 et
1673 5083 1878 5140 salariis
1918 5082 2108 5138 ethnici

583 5187 969 5231 remunerarunt
991 5178 1341 5249 philosOphos,
1362 5179 1450 5250 qui
1470 5187 1645 5249 sponte
1667 5193 1761 5231 sua
1781 5173 2107 5231 destruebant

584 5270 794 5326 deorum
823 5273 1038 5337 cultum,
1063 5273 1114 5326 in
1133 5274 1390 5343 principes
1419 5273 1696 5335 intrabant,
1720 5287 1823 5325 non
1842 5270 2107 5343 ejiciebant

585 5363 839 5420 dwmones
858 5405 872 5428 ,
900 5381 1029 5429 quos
1070 5365 1371 5421 secundum
1412 5365 1543 5422 deos
1570 5382 1678 5420 esse
1703 5364 2103 5428 arbitrabantur,

587 5458 786 5512 tametsi
828 5456 1136 5512 christianos
1182 5468 1361 5513 contra
1393 5460 1485 5531 jus
1513 5468 1560 5514 et
1587 5459 1696 5529 fas,
1727 5468 1936 5531 prapter
1962 5471 2111 5511 suum

589 5551 839 5607 duntaxat
871 5565 1089 5619 nomen,
1126 5551 1266 5606 omni
1308 5544 1680 5623 suppliciorum
1709 5567 1890 5625 genere
1930 5566 2111 5605 eneca-

587 5652 697 5699 rent
704 5686 717 5698 .

589 5734 704 5790 Non
734 5735 902 5792 solam
927 5736 1353 5793 Christianorum
1394 5737 1838 5809 etbnicorumque
1881 5737 2104 5794 castita-

506 5824 629 5883 ‘tem
657 5825 1019 5885 Tertulliauus
1039 5837 1243 5899 noster,
1271 5826 1370 5885 sed
1394 5841 1582 5886 omnes
1623 5836 1976 5905 utrorumque
2004 5831 2111 5887 vir-

2208 4712 2421 4769 videtur
2447 4712 2661 4776 latrant,
2709 4706 2922 4776 hocque
2951 4703 3116 4759 verbo
3165 4699 3528 4773 perstringere
3554 4697 3798 4770 cynicos.

2211 4806 2504 4874 imperator
2550 4797 2815 4870 siquidem
2861 4795 3262 4866 VeSpasianus,
3320 4800 3456 4848 teste
3511 4789 3798 4849 Suetonio,

2213 4898 2526 4953 Demetrium
2553 4893 2814 4964 Cynicum,
2843 4891 2897 4945 in
2917 4889 3095 4943 itinere
3114 4885 3315 4943 obvium
3332 4885 3427 4940 sibi
3450 4892 3565 4954 post
3594 4882 3802 4936 damna.

2211 4992 2419 5053 tionem,
2450 5006 2513 5043 ac
2553 4998 2610 5043 ut
2651 5000 2811 5056 neque
2854 4997 3153 5054 assurgere,
3185 4995 3345 5050 neque
3371 4978 3597 5032 salutare
3617 4991 3671 5031 se
3696 4973 3802 5043 dig-

2213 5093 2438 5152 nantem,
2466 5081 2808 5138 oblatrantem
2827 5076 2979 5132 etiam
3001 5074 3170 5128 nescio
3201 5070 3345 5142 quid,
3371 5072 3495 5125 satis
3516 5068 3691 5123 habuit
3716 5079 3800 5119 ca-

2210 5193 2326 5233 nem
2345 5174 2611 5247 appellare
2633 5172 2651 5245 (
2682 5171 2893 5227 Sueten.
2926 5167 3016 5222 lib.
3038 5165 3173 5235 VIII,
3195 5166 3250 5221 in
3269 5166 3359 5220 vit.
3386 5162 3621 5236 Vespas.,
3644 5162 3673 5236 θ
3697 5160 3799 5232 15).

2209 5267 2404 5325 Narrat
2433 5280 2562 5322 vero
2604 5261 2908 5335 Xiphilinus
2937 5258 3186 5316 eumdem
3236 5256 3620 5328 Vespasianum
3669 5252 3799 5309 Mar-

2211 5363 2351 5419 ciani
2376 5362 2592 5417 hortatu
2616 5358 2672 5415 in
2696 5359 2915 5416 exilium
2943 5355 3156 5413 misisse
3183 5350 3552 5423 philosophos,
3574 5361 3805 5424 propter-

2213 5473 2275 5514 ea
2312 5455 2454 5528 quod
2492 5469 2596 5511 non
2629 5463 2833 5510 tantum
2864 5452 3167 5509 Demetrius
3208 5450 3300 5508 ille
3320 5450 3575 5524 Cynicus,
3600 5450 3693 5507 sed
3717 5443 3799 5502 alii

2213 5563 2430 5622 quoque
2460 5547 2763 5620 philosophi
2799 5545 2965 5602 multa
3010 5545 3365 5617 ignominiosa
3410 5544 3622 5616 publice
3659 5541 3800 5597 dice-

2211 5652 2336 5702 rent
2360 5645 2380 5716 (
2407 5642 2668 5717 Xiphilin.
2696 5642 2931 5715 epitom.,
2962 5640 3053 5696 lib.
3083 5639 3168 5707 Χ,
3217 5656 3339 5712 pag.
3380 5637 3488 5694 220
3516 5648 3564 5693 et
3598 5652 3729 5708 seqq.
3757 5636 3793 5704 ).

2211 5737 2467 5795 Privatim
2482 5744 2661 5792 autem
2679 5735 2854 5792 eidem
2892 5716 3167 5790 Demetrio
3192 5749 3297 5788 non
3321 5731 3617 5804 quiescenti
3645 5723 3796 5785 scribi

2206 5831 2368 5905 jussit
2406 5828 2671 5888 :Etiatnsi
2698 5829 2866 5889 multa
2909 5841 3037 5901 agas
3067 5834 3265 5902 .morte
3293 5824 3487 5898 digna,
3517 5838 3581 5881 ac
3618 5819 3797 5896 jubere
