4082 6356
302 380 411 441 925

1444 357 1890 422 DlSSERTATIO
1924 357 1994 419 Ι).
2030 354 2122 413 LE
2154 349 2463 411 NOURRY.

3495 335 3604 396 926

303 493 507 567 possim
536 499 591 550 te
619 488 819 553 idcirco
867 484 1037 543 occidi
1074 500 1086 537 :
1119 490 1206 557 ἐγὼ
1239 485 1287 537 8t
1319 485 1433 539 κύνει
1487 486 1805 536 arumnam
1852 482 1905 533 ob
1931 487 1984 545 Α
2011 471 2201 529 tendos
2225 467 2521 543 suppliciis.
2543 464 2769 538 Propter
2793 476 2950 519 suum
2975 458 3173 517 etenim
3196 455 3493 530 piissimum
3524 453 3605 509 vi-

303 592 499 662 ρονεὺω.
536 584 648 658 Ego
676 600 790 645 vero
807 597 983 637 canem
1008 581 1273 637 latrantem
1296 593 1396 632 non
1423 576 1617 633 occido.

384 681 569 757 Neque
598 682 731 735 satis
757 676 1043 753 gentilibus
1085 674 1180 727 luit
1219 669 1522 742 hujusmodi
1554 665 1904 740 philosophos

307 784 363 832 et
403 755 544 829 terre
575 770 875 845 patienter,
918 774 974 823 et
1018 763 1278 820 laudare:
1329 761 1417 818 sed
1463 759 1699 832 facilius,
1733 755 1907 827 inquit

306 876 496 933 auctor
518 876 704 922 noster
726 905 742 931 ,
774 861 954 918 statuis
975 868 1021 915 et
1048 858 1249 914 salariis
1271 854 1720 910 remunerabantur
1742 849 1906 925 (Ter-

308 963 512 1018 tullian.
554 959 844 1031 Apologet.,
882 972 996 1026 cup.
1036 953 1145 1020 45,
1183 968 1303 1024 pag.
1328 949 1464 1017 497;
1495 946 1633 1001 Ibid.
1657 962 1776 1017 cap.
1801 944 1903 1010 14,

312 1074 436 1130 pag.
467 1053 624 1127 548).
653 1052 842 1108 Nonne
866 1058 1043 1105 autem
1076 1047 1170 1115 ibi,
1199 1048 1362 1101 tacito
1391 1044 1627 1100 Socratis
1653 1042 1901 1106 nomine,

313 1163 529 1205 auream
555 1147 697 1202 illius
724 1143 968 1217 designat
1004 1140 1322 1212 imaginem,
1357 1152 1517 1211 quam
1562 1136 1718 1192 sicuti
1749 1148 1913 1205 supe-

311 1242 426 1297 rius
476 1237 891 1303 animadvertit,
939 1234 1154 1307 ipsimet
1199 1232 1593 1299 Athenienses,
1639 1244 1668 1284 a
1716 1230 1910 1302 quibus

312 1341 490 1389 morte
512 1331 799 1387 mulctatus
831 1328 1021 1393 fuerat,
1045 1327 1099 1381 in
1122 1324 1324 1396 templo
1345 1331 1529 1395 postea
1554 1320 1907 1378 collocarunt.

266 1499 275 1505 ᾗ
316 1426 557 1483 Aliorum
587 1439 715 1479 vero
749 1418 1190 1494 philosophorum
1234 1425 1439 1472 statuas
1468 1415 1514 1470 si
1547 1414 1639 1470 tibi
1686 1412 1908 1469 indicari

315 1520 570 1593 petieris,
603 1517 725 1574 audi
767 1515 1081 1572 .Iuvenalem
1128 1512 1373 1568 indoctos
1418 1508 1766 1582 castigantem
1815 1506 1913 1562 ho-

314 1616 519 1678 mines,
543 1612 634 1683 qni
685 1609 871 1667 falsam
916 1594 1310 1672 eruditionem,
1345 1604 1533 1676 positis
1559 1603 1611 1657 in
1652 1615 1747 1657 sua
1783 1614 1916 1671 qua-

315 1722 422 1777 que
469 1703 795 1763 bibliOtheca
847 1701 1288 1775 philosolihorum
1346 1696 1570 1761 statuis,
1618 1703 1673 1749 et
1723 1692 1912 1769 imagi-

316 1799 478 1854 nibus
498 1838 513 1865 ,
542 1812 602 1851 se
631 1797 764 1851 satis
794 1794 1051 1869 probasse
1075 1790 1495 1847 arbitrabantur.
1529 1785 1607 1847 En
1632 1784 1775 1841 illius
1803 1799 1918 1841 car-

315 1907 461 1947 mina
507 1908 522 1946 ἒ

410 1983 595 2046 Indocti
617 1983 850 2046 primum,
864 1991 1141 2046 quanquam
1164 1977 1306 2046 plena
1328 1976 1681 2046 omniagypso,

411 2038 664 2110 Chrysippi
680 2038 929 2110 invenias.
950 2038 1074 2110 Nam
1096 2038 1481 2110 perfectissimus
1499 2038 1671 2110 horum

410 2109 463 2171 Si
482 2100 926 2171 quisAristotelem
942 2100 1172 2171 similem,
1198 2102 1277 2151 vel
1303 2101 1525 2151 Pittacon
1539 2100 1684 2171 eguit,

408 2158 629 2233 Etj'ubet
648 2167 939 2233 archetypos
962 2164 1034 2232 (1)
1064 2158 1285 2231 pluteum
1305 2174 1509 2214 servare
1535 2158 1819 2213 Cloanthus.

921 2272 1171 2337 (Juvenal.
1196 2262 1331 2323 sdtir.
1352 2271 1400 2333 2,
1425 2285 1473 2321 v.
1498 2268 1545 2329 Δ,
1570 2274 1615 2319 et
1636 2268 1792 2335 seqq.)

394 2403 582 2460 Plures
622 2415 784 2474 porro
826 2399 1268 2471 philosophorum
1311 2395 1572 2467 imagines
1600 2390 1915 2462 Menagius,

322 2498 377 2554 in
408 2513 503 2553 sua
528 2496 813 2553 Laertiana
838 2493 1076 2549 editione
1100 2490 1337 2547 exhibet.
1486 2492 1491 2503 ‘

397 2591 633 2647 Dabatur
657 2589 877 2661 insuper
899 2585 1233 2659 philosoiihis
1257 2583 1535 2647 salarium,
1561 2582 1679 2636 sive
1706 2594 1919 2635 annona

326 2696 382 2742 et
412 2699 651 2751 merces,
677 2698 707 2738 a
737 2682 879 2748 sale,
907 2680 980 2735 uti
1008 2688 1193 2734 monet
1219 2677 1425 2732 Plinius
1450 2673 1621 2747 (Plin.
1639 2672 1727 2728 lib.
1747 2670 1923 2728 XXXI

328 2789 497 2835 natur.
525 2780 669 2844 bist"
701 2794 816 2848 cap.
846 2777 900 2844 7,
924 2792 1047 2848 pag.
1081 2772 1249 2844 809),
1280 2772 1359 2828 sic
1388 2768 1782 2841 cognominata.
1817 2765 1920 2821 'l‘e-

328 2880 527 2927 statnm
554 2870 830 2931 enimvero
854 2866 1187 2937 Capitolinus
1219 2863 1341 2919 facit
1364 2861 1432 2916 ab
1460 2860 1730 2915 Antonino
1760 2858 1925 2928 imper

329 2972 509 3019 ratore
555 2961 863 3017 mandatum
887 3001 902 3027 ,
934 2968 991 3013 ut
1030 2957 1337 3013 rhetoribus
1366 2964 1421 3010 et
1447 2949 1780 3023 philosophis
1828 2964 1924 3020 per

330 3069 518 3111 omnes
578 3052 884 3124 provincias
937 3049 1131 3105 salaria
1186 3059 1241 3103 et
1295 3047 1529 3102 honores
1582 3043 1923 3118 deferrentur

330 3149 348 3218 (
381 3146 602 3218 Capitol.
630 3147 682 3200 iu
709 3146 798 3200 rit.
831 3143 1074 3199 Antoniu.
1102 3139 1195 3196 sub
1239 3141 1332 3209 ﬁn.
1360 3140 1398 3207 ).
1434 3139 1499 3193 At
1524 3135 1791 3192 Lucianns
1813 3148 1926 3190 me-
1984 3144 1989 3155 '

328 3242 514 3297 moria:
558 3239 841 3312 prodidit(
865 3238 1104 3302 Lucium,
1142 3234 1442 3298 Eunuchus,
1499 3247 1588 3285 seu
1631 3227 1922 3297 Pamphil.,

328 3352 450 3406 pag.
522 3334 674 3403 535)
726 3331 1078 3388 constitutum
1150 3327 1218 3383 ab
1267 3327 1592 3395 imperatore
1660 3298 1999 3392 μιςθορορᾶῧ

328 3455 403 3489 τις
451 3433 502 3483 οὗ
561 3431 715 3497 publi,
775 3440 876 3477 non
930 3423 1172 3495 exiguum
1223 3418 1508 3483 salarium,
1564 3419 1692 3471 ἀλλὰ
1733 3424 1925 3485 μυρίιι,

331 3522 496 3577 decies
518 3520 636 3574 mile
664 3534 984 3573 nununarum
1001 3559 1015 3584 ,
1045 3515 1228 3571 stoicis
1251 3555 1264 3579 ,
1295 3511 1576 3584 platonicis
1599 3552 1613 3575 ,
1639 3508 1925 3579 epicureis,

332 3612 729 3685 peripateticis,
757 3610 985 3681 aliisque
1014 3606 1348 3681 philosophis
1374 3600 1802 3659 distribuendum
1820 3643 1834 3668 ,
1871 3607 1931 3655 ut

328 3707 665 3778 iuventutem
718 3703 995 3758 docerent.
1043 3699 1233 3756 Nonne
1281 3698 1444 3755 etiam
1498 3695 1829 3767 Augustinus
1861 3693 1930 3749 de

334 3801 522 3857 iisdem
552 3798 905 3871 philosophis,
932 3795 1088 3852 sicuti
1131 3804 1187 3851 et
1216 3794 1354 3859 aliis,
1393 3791 1510 3847 hare
1552 3805 1674 3863 quae
1704 3788 1769 3843 ad
1810 3801 1931 3857 pro-

334 3895 567 3967 positum
602 3902 844 3948 nostrum
879 3906 984 3945 non
1015 3903 1199 3960 parum
1240 3885 1567 3951 conducunt,
1601 3881 1761 3943 verba
1808 3879 1933 3935 facit

335 3970 582 4060 (August.
614 3985 747 4043 lib.l
782 3985 843 4039 de
871 3983 1028 4046 non,
1055 3999 1169 4052 cap.
1194 3980 1250 4045 ε,
1276 3995 1394 4051 pag.
1414 3978 1449 4033 ι
1476 3977 1522 4048 )?
1546 3973 1710 4029 Nobis
1732 3971 1930 4029 ethnici

334 4089 623 4139 succensent
644 4122 659 4147 ,
690 4095 803 4134 cum
832 4077 894 4131 de
917 4075 1015 4131 diis
1045 4090 1219 4129 eorum
1258 4072 1386 4126 talin
1410 4070 1628 4124 dicimus
1651 4110 1665 4134 ,
1694 4083 1784 4120 nec
1816 4083 1931 4121 suc-

335 4185 534 4231 censent
582 4172 870 4229 auctoribus
898 4171 1002 4226 suis
1023 4211 1036 4235 ,
1070 4185 1199 4240 quos
1227 4176 1281 4220 ut
1310 4165 1623 4230 ediscerent,
1654 4159 1933 4214 mercedem

337 4268 611 4334 dederunt,
642 4268 976 4337 doctoresque
1014 4265 1155 4332 ipsos
1191 4263 1475 4333 insuperet
1515 4258 1704 4313 salario
1730 4255 1931 4328 publica

215 4432 223 4441 ἢ
250 4354 255 4357 Δ
335 4373 381 4418 et
407 4360 684 4416 honoribus
704 4358 1032 4431 dignissimos
1058 4354 1364 4409 habuerunt.

404 4455 525 4522 Qua
551 4467 685 4522 ergo
706 4418 784 4506 bi“
802 4450 975 4505 fronte
1004 4463 1177 4519 quove
1224 4446 1404 4500 lurore
1440 4418 1768 4500 christianos
1805 4455 1933 4512 quo-

324 4549 469 4603 libet
496 4546 875 4616 suppliciorum
901 4558 1098 4615 genere
1124 4542 1445 4611 torquebant
1475 4548 1529 4595 et
1558 4536 1931 4601 trucidabant;

338 4636 691 4711 philosophos
724 4651 853 4692 vero
890 4650 1016 4689 suos
1044 4634 1259 4703 impune
1301 4631 1575 4693 ferebant,
1610 4627 1931 4694 laudabant,

1945 1894 1997 1955 B

2008 564 2163 620 vendi
2189 578 2356 635 genus
2378 558 2590 623 iisdem,
2614 555 2807 628 quibus
2837 549 3137 624 pltilOSOphi
3164 546 3601 610 cumulabantur,

2010 655 2243 727 prtemiis
2266 663 2317 708 et
2340 650 2574 713 salariis,
2600 663 2664 703 eo
2679 646 2950 718 digniores
2967 651 3141 707 erant,
3161 655 3268 713 quo
3286 638 3482 709 sacpius
3504 636 3606 692 drc‘

2009 761 2197 801 ruoues
2253 758 2319 799 es
2380 741 2729 798 obsessorum
2784 737 3060 792 hominum
3112 730 3431 805 corporibus
3489 727 3606 785 solo

2010 837 2244 903 Christi,
2277 834 2350 891 uti
2380 831 2716 893 ostendimus
2736 872 2750 899 ,
2792 829 2991 884 nullius
3018 842 3149 885 vero
3174 823 3485 901 philosophi
3511 836 3609 878 no-

2013 929 2154 984 mine
2191 924 2496 997 ejiciebant.
2813 994 2820 1004 ι

2084 1020 2153 1076 Ει
2191 1029 2338 1076 certe
2377 1016 2648 1089 quomodo
2696 1015 2970 1071 dmmones
3014 1011 3186 1085 fugari
3234 1016 3481 1082 poterant
3506 1021 3608 1064 no-

2013 1113 2158 1170 mine
2186 1111 2629 1185 philosophorum
2652 1153 2666 1178 ,
2699 1108 2787 1180 qui
2834 1105 3231 1163 arbitrabantur
3278 1118 3405 1173 eos,
3438 1109 3494 1157 ut
3537 1100 3613 1157 ait

2014 1204 2189 1260 adhuc
2209 1202 2595 1269 Tertullianus,
2623 1215 2744 1257 esse
2764 1198 3040 1254 secundant
3070 1197 3209 1264 deos,
3237 1195 3289 1251 id
3318 1204 3421 1262 est,
3456 1193 3630 1249 sicuti.

2014 1297 2237 1371 quidam
2285 1296 2489 1362 volunt,
2517 1294 2621 1350 diis
2669 1293 2964 1365 proximos,
3011 1298 3102 1345 aut
3140 1296 3202 1344 ut
3246 1288 3368 1343 aliis
3415 1288 3609 1358 placet,

2018 1401 2269 1463 tanquam
2310 1389 2477 1457 deos,
2520 1387 2811 1444 habebant.
2857 1384 2990 1441 Nam
3040 1384 3253 1455 scripsit
3280 1381 3510 1438 Cicero:
3549 1380 3611 1434 de

2017 1485 2219 1539 absente
2243 1481 2521 1537 secundum
2550 1488 2850 1552 praesentem
2877 1477 3132 1549 judicare.
3163 1473 3455 1531 Suetonius
3484 1486 3613 1528 vero

2017 1577 2086 1634 de
2112 1561 2334 1632 Claudio
2363 1575 2691 1645 imperatore
2722 1591 2734 1627 :
2767 1571 3083 1645 Absentibus_
3098 1568 3372 1624 secundum
3400 1580 3617 1637 pra'sen-

2020 1680 2092 1724 tes
2122 1667 2328 1739 dabat(
2368 1642 2583 1723 sua...
2618 1664 2707 1720 lib.
2747 1662 2791 1719 γ
2816 1663 2869 1718 in
2908 1663 2995 1716 vit.
3027 1642 3238 1727 Claud.,
3272 1658 3302 1732 ς
3350 1656 3481 1730 ιδ),
3511 1656 3616 1712 hoc

2021 1772 2140 1828 est,
2190 1761 2412 1833 perinde
2456 1775 2519 1815 ac
2567 1768 2819 1828 tanquam
2885 1765 3069 1811 essent
3131 1762 3446 1825 praesentes.
3505 1750 3615 1808 Sed

2023 1863 2245 1923 utraque
2268 1851 2555 1924 explicatio
2581 1850 2635 1904 in
2662 1848 2915 1905 eumdem
2942 1848 3112 1903 ferme
3140 1859 3356 1901 sensum
3397 1843 3609 1913 recidit,

2024 1947 2267 2019 quamvis
2290 1947 2405 2003 haec
2430 1943 2665 2001 secunda
2696 1944 2870 2015 potior
2897 1942 3159 1997 videatur.

2094 2038 2359 2111 Quidquid
2388 2039 2477 2105 sit,
2502 2037 2867 2094 Tertullianus
2896 2044 3083 2107 aperte
3112 2032 3348 2089 declarat
3373 2029 3622 2105 (Tertul-

2025 2133 2151 2188 lian.
2183 2132 2280 2188 loc.
2306 2128 2433 2199 cit.)
2469 2130 2824 2201 philosophos
2848 2127 3187 2183 existimasse
3216 2124 3492 2180 dic-mones
3518 2122 3621 2179 sibi

2024 2242 2144 2284 esse
2173 2226 2478 2297 superiores
2505 2240 2567 2280 ac
2593 2222 2883 2279 dominari.
2919 2222 3104 2293 Itaque
3132 2228 3335 2275 tantum
3384 2219 3537 2274 abest
3562 2227 3622 2274 ut

2024 2328 2245 2391 possent
2282 2317 2402 2373 illos
2450 2316 2652 2389 fugare,
2684 2317 2814 2387 quin
2845 2315 2975 2387 ipsis
2998 2313 3450 2385 obsequebantur.
3485 2310 3621 2366 Nam

2025 2413 2272 2469 Socrates
2292 2452 2307 2478 ,
2327 2411 2402 2466 uti
2425 2419 2613 2466 auctor
2634 2419 2821 2464 noster
2849 2407 3207 2480 prosequitur,
3232 2404 3444 2459 tametsi
3475 2403 3624 2474 Apol-

2025 2504 2149 2562 linis
2168 2504 2407 2571 oraculo,
2440 2503 2577 2558 sicut
2601 2502 2725 2557 alibi
2749 2502 3092 2557 observatum
3121 2514 3150 2553 a
3183 2496 3339 2553 nobis
3367 2496 3463 2551 fuit
3487 2493 3624 2569 (Dis-

2024 2608 2199 2655 sertat.
2232 2599 2286 2653 in
2332 2596 2521 2652 Minut.
2555 2594 2758 2659 Oetam,
2797 2609 2910 2665 cap.
2935 2593 2989 2660 5,
3016 2600 3115 2645 art.
3149 2590 3184 2645 2
3216 2598 3263 2644 et
3309 2590 3361 2644 5.
3402 2587 3544 2644 Ibid.
3575 2595 3625 2642 et

2026 2700 2147 2747 tam.
2176 2689 2199 2745 Ι
2244 2691 2524 2763 Apparat.,
2556 2706 2674 2760 pag.
2708 2687 2844 2744 H15
2873 2684 2892 2757 )
2924 2684 3163 2740 omnium
3192 2682 3626 2753 sapientissimus

2025 2784 2361 2840 renuntiatus
2389 2781 2567 2850 fuerit,
2592 2779 2801 2836 solebat
2835 2778 3034 2845 dicere,
3061 2776 3122 2831 Si
3142 2775 3447 2831 daemonium
3477 2773 3627 2845 (sup-

2028 2876 2114 2950 ple
2140 2874 2331 2947 nteum)
2361 2875 2643 2947 permittat,
2676 2882 2731 2927 ut
2763 2871 2867 2927 hoc
2894 2870 2975 2926 vel
2999 2868 3128 2924 illud
3160 2867 3351 2924 faciam
3375 2866 3396 2939 (
3424 2865 3626 2920 Tertul-

2028 2968 2154 3027 lian.
2177 2972 2275 3025 loc.
2306 2970 2392 3024 cit.
2423 2977 2471 3023 et
2501 2967 2690 3038 Supr.,
2723 2983 2840 3037 cap.
2869 2964 2999 3037 22).
3031 2965 3085 3019 In
3117 2964 3217 3020 hac
3244 2964 3385 3019 enim
3416 2972 3473 3018 et
3497 2961 3618 3017 aliis

2027 3063 2495 3121 dissertationibus
2516 3061 2851 3118 ostendimus
2873 3058 3144 3131 quomodo
3172 3067 3514 3115 asseveraret
3545 3058 3616 3113 si-

2029 3160 2081 3216 bi
2105 3176 2133 3215 a
2164 3158 2388 3231 pueritia
2439 3157 2678 3212 astitisse
2719 3154 3054 3222 daemonem,
3095 3167 3200 3222 quo
3239 3166 3337 3207 nec
3382 3151 3627 3207 consulto

2034 3269 2136 3325 nec
2167 3252 2500 3324 approbante
2544 3249 2676 3306 nihil
2717 3263 2949 3320 unquam
2996 3246 3187 3318 agebat
3217 3244 3407 3317 (Idem,
3439 3244 3630 3313 Apolo-

2032 3357 2157 3423 get.,
2189 3364 2303 3417 cap.
2333 3345 2427 3413 46,
2463 3361 2582 3416 pag.
2618 3341 2774 3413 500).
2803 3346 2874 3397 At
2900 3340 2944 3395 is
2976 3340 3093 3410 ipso
3120 3337 3464 3392 nihilominus
3484 3335 3628 3401 idem

2032 3439 2282 3496 Socrates
2305 3438 2541 3492 moriens
2570 3435 2811 3506 praecipit
2835 3432 3036 3505 gallum
3084 3428 3423 3503 gallinaceum
3444 3424 3631 3481 ,Ἐπιι-

2034 3533 2169 3602 lapio
2193 3529 2468 3602 prosecari,
2498 3542 2592 3582 seu
2623 3525 2864 3581 mactari.
2892 3522 2999 3579 Sed
3023 3523 3147 3595 quia
3177 3520 3376 3592 aliquid
3402 3518 3470 3574 de
3491 3517 3631 3574 veri-

2036 3635 2143 3679 tate
2170 3621 2429 3692 sapiebat,
2453 3620 2585 3675 deos
2605 3634 2728 3674 esse
2758 3616 2993 3688 negavit.
3024 3617 3153 3684 Qure
3179 3613 3394 3684 quidem
3418 3612 3449 3668 ἐι
3477 3611 3632 3667 nobis

2033 3716 2135 3771 alia
2163 3716 2216 3770 in
2246 3713 2626 3769 dissertatione
2655 3709 2921 3783 explicata
2938 3718 3063 3764 sunt
3085 3705 3380 3787 (Dissertat.
3412 3707 3465 3760 in
3492 3703 3631 3759 Lac-

2035 3817 2187 3879 tant,
2220 3824 2334 3878 cap.
2363 3806 2453 3872 δυ,
2479 3815 2580 3859 art.
2614 3805 2665 3868 1,
2692 3810 2739 3858 et
2764 3801 3036 3857 Disserlal.
3070 3799 3260 3855 Minui.
3292 3797 3498 3865 Oetam,
3527 3797 3628 3851 loc.

2034 3903 2119 3957 cit.
2154 3908 2198 3975 ).

2108 3996 2175 4049 At
2198 4006 2358 4064 porro
2378 3990 2630 4048 Socrates
2647 3989 2761 4046 sive
2787 3988 2918 4045 deos
2938 3986 3239 4060 agnoverit,
3267 3986 3378 4043 sive
3406 3998 3633 4056 negave—

2038 4089 2141 4157 rit,
2176 4104 2280 4144 non
2330 4094 2541 4157 poterat
2590 4086 2774 4157 utique
2821 4084 3132 4149 dtemones,
3178 4096 3314 4154 quos
3364 4081 3500 4136 sicut
3544 4078 3636 4136 alii

2037 4181 2259 4248 ethnici,
2303 4180 2433 4237 deos
2472 4191 2565 4235 aut
2609 4179 2691 4236 his
2735 4179 3011 4252 proximos
3036 4192 3162 4233 esse
3187 4172 3516 4241 autumabat,
3551 4172 3635 4228 fu-

2036 4291 2183 4347 gare,
2213 4286 2304 4331 aut
2332 4290 2399 4330 ex
2428 4275 2770 4331 obsessorum
2800 4271 3075 4344 expellere
3104 4268 3442 4340 corporibus.
3471 4265 3636 4339 Atqui

2038 4368 2083 4425 si
2136 4368 2363 4423 facultas
2417 4376 2623 4422 tantum
2682 4364 3005 4420 beneﬁcium
3056 4361 3287 4417 ethnicis
3343 4357 3636 4431 praestandi

2038 4461 2346 4517 Christianis
2367 4474 2625 4515 concessa
2656 4460 2752 4513 fuit
2775 4501 2790 4526 ,
2832 4458 2876 4513 si
2916 4456 3172 4513 meliores
3200 4463 3356 4510 erant
3385 4452 3633 4521 illorum,

2038 4568 2196 4622 quam
2225 4552 2499 4621 gentilium
2535 4566 2713 4606 mores
2744 4565 2807 4605 ac
2836 4549 3080 4614 virtutes,
3112 4562 3218 4602 non
3258 4552 3509 4618 poterant
3533 4543 3638 4598 uti-

2039 4662 2143 4717 que
2173 4644 2330 4701 iidem
2359 4646 2608 4717 gentiles,
2641 4646 2741 4700 nisi
2776 4654 2962 4699 contra
2989 4643 3075 4714 jus
3101 4656 3261 4699 omne
3301 4650 3354 4695 et
3382 4638 3480 4704 fas,
3513 4637 3634 4693 illos

336 4732 653 4804 magnisque
678 4727 1092 4786 remunerahant
1120 4723 1397 4781 beneficiis
1415 4765 1430 4790 ,
1458 4731 1513 4778 et
1553 4722 1789 4791 praemiis
1810 4763 1823 4784 ,
1856 4731 1926 4775 ta-

2039 4740 2210 4811 pmnis
2238 4738 2627 4808 tormentisque
2658 4737 2909 4793 outnibus
2931 4750 3181 4801 enecare,
3209 4735 3305 4789 hos
3332 4746 3459 4787 vero
3488 4744 3639 4801 mag-

337 4824 497 4879 metsi
530 4820 736 4877 similes
781 4829 1130 4890 utrorumque
1177 4830 1356 4871 mores
1386 4829 1449 4870 ac
1478 4815 1702 4869 virtutes
1723 4812 1932 4869 similes

338 4931 459 4973 esse
500 4914 858 4971 venditarent.
905 4914 973 4967 At
1016 4909 1296 4967 christiani
1337 4908 1566 4964 ethnicis
1602 4921 1708 4963 non
1734 4906 1932 4961 virtute

338 5023 495 5081 pares
524 5015 730 5063 tantum
758 5015 932 5073 erant,
960 5002 1053 5060 sed
1087 5003 1245 5073 longe
1274 5000 1572 5081 sanctiores
1594 4998 1932 5069 praestantio-

339 5115 571 5172 resque,
621 5096 1075 5170 quemadmodum
1126 5076 1479 5150 invictissime
1533 5089 1931 5147 demonstravi-

338 5210 479 5251 mus.

411 5285 566 5342 Unde
608 5283 769 5357 igitur
811 5292 957 5337 tanta
1009 5280 1333 5351 iudiciorum
1370 5274 1930 5349 discrepantia‘lQuia

340 5377 652 5453 philosophi,
684 5384 741 5431 ut
785 5384 932 5431 recte
967 5373 1199 5430 advertit
1244 5370 1630 5436 Tertullianus,
1660 5385 1763 5424 non
1787 5369 1929 5423 chri-

338 5472 494 5528 stiani
517 5469 943 5542 cognominantur
981 5465 1310 5536 (Tertullian.
1357 5462 1648 5535 Apologet.,
1682 5478 1799 5533 cap.
1834 5459 1926 5528 46,

340 5583 459 5638 pag.
483 5563 590 5621 500
612 5568 656 5636 ).
685 5558 905 5616 Ethnici
929 5557 1074 5613 enim
1104 5571 1208 5611 non
1252 5571 1458 5611 summa
1500 5555 1617 5610 sine
1658 5552 1935 5625 iniquitate

339 5656 747 5714 conclamabant
774 5651 1097 5710 christianos
1120 5650 1189 5706 ob
1213 5649 1410 5716 solum,
1442 5648 1578 5705 sicut
1600 5647 1799 5703 dictum
1825 5654 1931 5713 est,

338 5765 494 5808 suum
517 5764 710 5806 nomen
737 5745 953 5820 publico
972 5743 1097 5800 odio
1121 5741 1332 5814 dignos,
1351 5756 1414 5801 ac
1434 5740 1766 5815 quibuslibet
1788 5740 1937 5813 plec-

402 5908 475 5974 (1)
507 5906 563 5959 Id
586 5914 680 5968 est,
705 5902 1073 5959 Bibliotltecam.

2038 4836 2121 4890 nis
2165 4832 2377 4889 allicere
2421 4832 2668 4888 laudibus
2718 4847 2782 4885 ac.
2823 4830 3119 4887 beneliciis.
3171 4826 3277 4884 Sed
3350 4839 3638 4897 sequamur

2036 4931 2212 4986 adhuc
2254 4929 2641 4985 Tertullianum
2686 4936 3047 4997 utrorumque
3080 4924 3304 4979 virtutes
3329 4919 3637 4993 singulatim

2036 5029 2458 5093 comparantem.

2650 5149 2950 5197 ARTICULUS
2990 5151 3049 5191 ll.

2041 5279 2210 5346 Quam
2233 5276 2450 5333 absurde
2471 5274 2773 5332 Christianis
2797 5272 3007 5327 scientia
3028 5280 3076 5326 et
3101 5269 3378 5341 disciplina
3407 5266 3636 5338 tequipa-

2110 5381 2284 5427 rentur
2306 5369 2595 5442 philosophi
2623 5367 2859 5440 gentiles,
2877 5365 3056 5438 gloria:
3077 5364 3351 5427 libidinosi,
3377 5361 3635 5434 affectan-

2088 5475 2181 5541 Ites
2208 5481 2263 5521 se
2288 5465 2470 5519 docere
2514 5461 2797 5527 veritatem,
2820 5476 2973 5531 quam
2996 5459 3050 5513 in
3076 5474 3222 5513 sacra
3262 5456 3522 5526 scriptura
3547 5452 3634 5508 in-

2110 5568 2329 5625 ventam,
2351 5555 2624 5627 captandas
2644 5552 2907 5625 popularis
2931 5567 3073 5607 aurae
3097 5551 3264 5623 gratia
3280 5553 3635 5618 corruperant,

2112 5665 2159 5710 et
2182 5654 2321 5725 quia
2343 5649 2619 5721 Spartiatis
2643 5691 2659 5715 ,
2693 5646 2945 5703 Thebanis
2963 5688 2977 5714 ,
3008 5645 3207 5719 Argivis
3231 5644 3396 5699 solum
3436 5648 3629 5697 uertere

2113 5745 2363 5817 compulsi
2386 5752 2522 5801 sunt.

2117 5884 2306 5942 Mirum
2349 5896 2481 5941 sane
2524 5895 2685 5954 quam
2734 5894 2867 5938 vana
2911 5890 2968 5936 et
3018 5876 3219 5937 insulsa
3266 5873 3638 5935 ostentatione
