4092 6352
499 367 609 426 927

1531 363 1599 421 IN
1635 361 2100 422 TERTULLIANI
2134 360 2666 425 APOLOGETICUM

3748 364 3882 423 938

505 483 707 540 ethnici
751 483 1084 555 objectarent
1121 495 1307 552 parem
1339 493 1460 537 esse
1490 480 1928 552 philosophorum
1975 495 2106 538 suo-
2133 481 2186 541 A
2215 481 2337 536 tiam
2361 482 2537 553 pangit
2561 482 2701 553 apud
2728 481 3050 540 insectatores
3070 483 3295 540 ueritatis
3315 482 3669 556 (Tertullian.
3703 484 3883 555 Apoc

512 592 654 643 rum,
688 586 849 646 atque
877 574 1294 631 Christianorum
1325 574 1602 630 scientiam
1627 616 1641 640 ,
1665 573 2031 644 disciplinam,
2057 580 2112 629 et

514 668 828 739 sapientiam
848 667 1176 740 (Tertullian.
1197 667 1282 722 lib.
1316 666 1359 722 ll
1381 665 1449 720 ad
1470 665 1622 734 Nat.,
1646 685 1765 738 pag.
1796 667 1947 736 585).
1977 666 2108 721 Nam

513 760 695 832 hujus,
730 760 806 816 uti
846 762 1041 816 citatus
1069 776 1096 815 a
1136 759 1469 815 Tertulliano
1513 758 1766 814 Salomon
1812 759 2112 815 reetissime

510 855 704 911 docet:
729 854 947 909 Initium
967 855 1234 924 sapientia:
1268 863 1429 908 metus
1452 855 1505 907 in
1526 851 1693 907 Deum
1719 851 1963 925 (Eccles.,
1992 868 2107 925 cap.

514 949 565 1013 l,
587 949 622 1018 Ῡ
647 988 662 1005 .
699 947 790 1019 16)
804 989 817 1002 .
837 948 906 1004 Et
931 949 1045 1003 haec
1065 948 1277 1019 quidem
1301 947 1460 1003 verba
1478 946 1755 1017 desumpta
1783 956 1903 1002 sunt
1923 962 1987 1003 ex
2006 947 2108 1002 Ec-

519 1039 809 1096 clesiastici
832 1039 992 1105 libro,
1022 1054 1180 1110 quem
1207 1048 1394 1095 auctor
1425 1049 1630 1106 noster,
1659 1053 1820 1110 atque
1849 1040 2114 1106 alii,sicut
2153 1042 2157 1046 ’

513 1133 642 1189 alibi
693 1132 1026 1189 ostendimus
1073 1134 1093 1206 l_
1137 1130 1409 1188 Dissertat.
1459 1133 1511 1187 in
1554 1131 1816 1200 Lactant.,
1859 1151 1976 1205 cap.
2020 1135 2110 1203 H,

514 1234 614 1280 art.
651 1227 686 1282 5
710 1224 752 1297 ),
785 1224 1060 1280 Salomoni
1087 1226 1403 1282 nominatim
1453 1227 1710 1280 tribuunt.
1757 1225 1902 1282 Licet
1931 1236 2111 1283 autem

517 1317 565 1372 ei
595 1317 1014 1388 abjudicaretur,
1045 1332 1151 1372 non
1179 1317 1355 1372 minus
1379 1333 1504 1373 vera
1531 1326 1648 1373 erat
1674 1319 1788 1374 haec
1823 1320 2110 1375 sententia.

516 1411 586 1466 At
613 1409 886 1480 quomodo
917 1408 1221 1480 philosophi
1250 1410 1482 1480 gentiles
1505 1419 1751 1481 poterant
1781 1411 1988 1465 initium
2019 1412 2114 1466 ha-

516 1502 646 1558 bere
675 1501 952 1571 sapientia:
984 1502 1148 1557 Deum
1175 1495 1426 1568 timendo,
1458 1519 1615 1573 quem
1651 1519 1920 1573 nunquam
1949 1518 2114 1573 agno-

513 1598 753 1652 verunt?
777 1596 1067 1652 Christiani
1097 1606 1274 1652 autem
1308 1614 1430 1653 eum
1466 1613 1650 1654 revera
1694 1598 2112 1668 cognoscebant,

514 1705 578 1745 ac
620 1690 898 1756 timebam,
924 1698 1085 1762 atque
1115 1690 1316 1747 idcirco
1350 1691 1450 1746 hoc
1481 1692 1691 1764 prmditi
1721 1702 1878 1748 erant
1903 1698 2116 1765 sapien-

515 1782 602 1836 tia:
629 1781 798 1836 initio.

2212 572 2389 645 loget.,
2416 590 2530 643 cap.
2561 573 2653 639 46,
2684 591 2804 645 pag.
2829 575 2978 645 500).
3011 575 3076 630 Et
3107 575 3221 632 haec
3250 576 3486 647 quidem,
3520 593 3630 634 nec
3676 577 3875 648 plura

2214 664 2266 718 in
2317 665 2560 732 Rigaltii,
2619 675 2672 720 et
2703 666 3002 722 subsecutis
3029 668 3148 724 aliis
3177 669 3523 726 editionibus.
3569 670 3638 725 In
3696 672 3871 725 anti-

2213 754 2494 826 quioribus
2519 771 2669 820 vero,
2704 772 2804 812 nec
2845 774 2950 812 non
2978 759 3028 812 in
3058 762 3255 814 nostris
3283 760 3558 816 codicibus
3586 776 3870 816 manus-

2213 848 2417 918 criptis,
2442 859 2559 919 post
2578 849 2798 904 verbum
2821 851 3076 905 adulterat
3105 852 3343 907 additum
3370 863 3473 918 est,
3497 861 3542 908 et
3577 853 3867 922 aﬂ‘ecml,

2215 956 2277 998 ac
2310 951 2431 1012 post
2459 958 2655 1000 nomen
2687 945 2931 1008 veritatis,
2955 945 3150 1015 legitur
3172 989 3185 1013 ,
3215 963 3366 1017 quam
3395 944 3561 1018 (editi
3586 964 3720 1015 qua
3748 947 3773 1019 )
3807 949 3873 1001 il-

2216 1035 2427 1101 lusores,
2456 1045 2502 1090 et
2536 1048 2861 1108 corruptores
2892 1038 3092 1093 inimice
3140 1037 3307 1109 (editi
3339 1039 3558 1110 mimice)
3582 1040 3869 1112 philoso-

2217 1128 2307 1198 phi
2335 1127 2598 1197 aﬁ'ectant.
2629 1130 2737 1185 Cur
2783 1140 2959 1185 autem
2991 1131 3252 1202 Rigaltius
3280 1131 3460 1187 omnia
3509 1133 3632 1188 lucc
3683 1147 3868 1189 rese-

2215 1225 2437 1290 caverit,
2463 1224 2723 1280 rationem
2757 1226 2800 1279 si
2831 1240 3062 1296 quaeras,
3109 1225 3306 1280 nullam
3333 1223 3402 1280 ab
3427 1241 3493 1281 eo
3521 1227 3730 1281 datam
3771 1225 3865 1280 in-

2215 1319 2420 1374 venies.
2479 1318 2617 1386 Quid
2679 1320 2849 1389 ergo?
2895 1318 3164 1389 Numquid
3216 1319 3532 1374 obscuriora
3577 1335 3647 1374 ea
3714 1334 3859 1375 esse

2217 1413 2439 1482 putavit,
2463 1422 2520 1468 et
2546 1410 2668 1466 ideo
2699 1411 2971 1466 tollenda?
3000 1412 3162 1468 Recte
3182 1411 3418 1482 quidem,
3453 1411 3498 1466 si
3517 1412 3706 1482 ipsius
3735 1427 3858 1468 non

2216 1503 2424 1573 antiqui
2459 1503 2705 1558 Auctoris
2727 1502 2888 1558 verba
2915 1513 3114 1568 essent,
3148 1520 3268 1575 qua:
3288 1503 3667 1575 supprimendi
3714 1504 3858 1559 nul-

2218 1595 2300 1651 lus
2329 1595 2524 1664 editor,
2552 1595 2656 1651 nisi
2682 1595 2888 1652 reddita
2920 1597 3148 1663 ratione,
3196 1597 3285 1666 jus
3333 1612 3565 1668 unquam
3598 1597 3843 1653 habuit.

2217 1691 2286 1745 At
2310 1705 2490 1746 nonne
2519 1706 2737 1746 sensum
2772 1690 2914 1746 hunc
2939 1691 3202 1762 optimum
3224 1689 3506 1746 efﬁciunt?
3545 1691 3849 1759 Quantum

2216 1784 2416 1839 veritas
2439 1782 2565 1838 odio
2598 1783 2845 1850 habetur,
2878 1793 3079 1838 tantum
3113 1783 3203 1854 qui
3242 1799 3362 1838 eam
3393 1785 3604 1841 sincere
3633 1786 3843 1852 docet,

588 1873 852 1929 Praeterea
883 1873 935 1928 hi
968 1892 1074 1931 non
1103 1877 1276 1931 solum
1326 1892 1395 1932 ex
1443 1877 1568 1942 hoc,
1618 1878 1714 1933 sed
1752 1878 1874 1933 aliis
1901 1893 2114 1950 quoque
2141 1886 2190 1946 B
2218 1876 2264 1932 is
2292 1875 2424 1930 alios
2445 1875 2683 1930 olfendit.
2709 1875 2810 1944 Qui
2833 1886 3011 1931 autem
3036 1890 3154 1932 eam
3199 1875 3502 1932 aifecmndo
3523 1877 3843 1948 adulterat,

516 1980 684 2022 sacra:
705 1965 1000 2037 Scriptum
1025 1969 1192 2034 libris,
1214 1979 1466 2040 tanquam
1485 1970 1680 2026 divinis
1708 1971 2113 2042 purissimisque

515 2060 747 2116 fontibus
774 2061 1018 2116 haustam
1051 2064 1330 2119 veritatem
1357 2064 1492 2120 hanc
1521 2065 1837 2136 sapientiam
1865 2080 2115 2120 necessa-

520 2155 623 2221 rio,
650 2155 725 2209 ait
752 2155 1132 2222 Tertullianus,
1176 2167 1579 2223 consectantur,
1609 2166 1668 2212 ut
1708 2167 1926 2213 :etcrna:
1952 2157 2112 2214 saluti

517 2261 628 2302 sua:
673 2249 958 2304 consulant
985 2249 1003 2323 (
1031 2249 1333 2306 Tertullian.
1378 2251 1677 2323 Apologet.,
1707 2268 1825 2325 cap.
1852 2254 1924 2309 46
1945 2294 1959 2320 ,
1990 2270 2110 2326 pag.

531 2341 685 2412 500).
713 2341 953 2398 Gentiles
998 2357 1127 2400 vero
1178 2344 1478 2416 philosophi
1532 2346 1853 2411 veritatem,
1898 2347 2110 2418 inquit,

515 2432 756 2501 alfectant
782 2477 796 2502 ,
829 2445 876 2490 et
926 2435 1216 2504 affectando
1258 2448 1626 2509 corrumpunt,
1662 2448 1716 2492 ut
1759 2440 1846 2508 qui
1895 2440 2113 2512 gloriam

513 2536 720 2598 captant
752 2529 770 2598 (
798 2527 938 2582 Ibid.
968 2545 1081 2599 cap.
1110 2529 1202 2597 47,
1247 2547 1366 2602 pag.
1402 2529 1509 2588 515
1531 2532 1571 2602 ).
1602 2530 1744 2587 Nihil
1783 2533 1980 2602 quippe
2029 2534 2112 2589 eis

515 2621 687 2690 magis
727 2621 877 2677 cordi
917 2632 1069 2689 erat;
1099 2637 1256 2693 quam
1283 2632 1340 2677 ut
1365 2624 1620 2692 nominis,
1652 2623 1830 2684 famze.
1853 2639 1916 2679 ac
1938 2640 2110 2694 vanae,

513 2711 697 2780 gloria:
721 2713 1086 2768 celebritatem
1109 2729 1324 2786 quoquo
1347 2718 1508 2771 modo
1533 2728 1950 2787 aucuparentur.
1979 2719 2114 2788 Qua-

515 2812 735 2874 propter
755 2805 822 2859 ab
850 2805 941 2860 illo
961 2815 1144 2876 postea
1167 2817 1425 2863 vocantur
1442 2809 1621 2879 gloria:
1641 2818 1688 2862 et
1711 2811 2012 2882 eloquentia:
2031 2827 2107 2866 so-

514 2898 614 2954 lius
659 2899 914 2954 libidinosi
959 2899 1172 2974 (Idem,
1214 2902 1303 2956 lib.
1366 2903 1430 2956 de
1485 2903 1680 2970 Anim.,
1734 2920 1848 2973 cap.
1901 2904 1932 2957 7
1966 2907 2006 2975 ),
2059 2903 2110 2960 id

518 3001 622 3058 est,
653 2992 971 3047 avidissimi.
999 2993 1121 3048 Alio
1147 3003 1325 3048 autem
1353 2995 1402 3050 in
1429 2995 1566 3050 libro
1590 3011 1604 3050 :
1637 2994 2006 3066 PhilosOphns,
2032 2998 2112 3051 in-

520 3085 656 3155 quit,
687 3084 867 3157 gloria!
906 3086 1119 3140 animal.
1147 3089 1321 3158 Atque
1351 3089 1464 3144 haec
1491 3091 1724 3144 auctoris
1753 3091 1920 3145 nostri
1947 3091 2112 3146 verba

513 3179 876 3252 Hieronymus
924 3180 1066 3236 haud
1105 3181 1266 3238 dubie
1306 3192 1597 3250 mutuatus,
1633 3185 1800 3255 ipsius
1831 3187 2112 3241 sententias

2216 1962 2310 2023 hoc
2335 1969 2446 2040 ipso
2472 1969 2673 2024 nomine
2696 1969 2938 2024 eamdem
2963 1969 3187 2041 gratiam
3206 1969 3345 2040 apud
3360 1969 3503 2024 illius
3520 1971 3845 2028 insectato-

2216 2077 2305 2119 res
2328 2063 2424 2118 init
2448 2104 2463 2129 ,
2502 2079 2660 2134 quam
2692 2063 2940 2119 illusores
2967 2075 3022 2118 et
3050 2072 3418 2134 corruptores.
3447 2064 3840 2132 Quamobrem

2215 2158 2444 2229 gentiles
2482 2159 2790 2230 philosophi
2849 2158 3080 2231 agnitam
3116 2158 3399 2215 veritatem
3428 2168 3693 2231 tanquam
3729 2164 3840 2216 mi-

2216 2253 2290 2307 mi
2316 2253 2543 2308 aliorum
2574 2251 2737 2318 dicta,
2787 2251 2955 2320 facta,
3009 2260 3064 2308 et
3108 2265 3391 2323 personas,
3442 2252 3705 2309 affectant
3762 2269 3837 2310 ac

2215 2355 2592 2416 corrumpunt.
2659 2346 2872 2401 Dixisse
2925 2354 3105 2401 autem
3159 2343 3525 2402 Tertullianus
3575 2347 3832 2416 videtur,

2217 2439 2564 2510 philosophos
2580 2437 2863 2494 affectasse
2883 2438 3161 2494 veritatem
3193 2451 3299 2492 non
3328 2437 3541 2507 quidem
3587 2439 3829 2506 inimice,

2216 2541 2277 2588 ut
2303 2533 2356 2588 in
2389 2531 2669 2588 codicibus
2689 2531 3070 2600 manuscriptis
3108 2529 3366 2600 scriptum
3403 2538 3486 2586 est
3515 2531 3830 2587 scribarum

2215 2626 2522 2690 oscitantis,
2552 2625 2640 2695 qui
2669 2638 2741 2678 ex
2775 2625 2943 2694 prima
2967 2622 3142 2678 littera
3173 2639 3221 2675 m
3245 2621 3382 2677 duas
3408 2623 3462 2677 in
3488 2622 3825 2679 effecerunt:

2216 2717 2310 2773 sed
2338 2718 2516 2788 potius
2541 2717 2760 2782 mimice,
2795 2714 3248 2786 quemadmodum
3273 2715 3325 2770 in
3350 2715 3458 2771 alio
3487 2715 3625 2771 libro
3647 2715 3825 2782 dixit,

2214 2809 2423 2865 Mithrae
2447 2809 2670 2864 militem
2696 2823 2818 2864 esse
2845 2808 2997 2880 quasi
3025 2809 3236 2863 mimum
3257 2809 3488 2880 martyrii
3507 2807 3708 2881 (Idem,
3729 2809 3822 2864 lib.

2217 2903 2281 2958 de
2301 2919 2476 2959 coron.
2499 2905 2553 2957 in
2584 2904 2701 2972 ﬁn.,
2732 2920 2852 2974 pag.
2883 2900 3032 2974 151).

2287 2995 2507 3051 Fatetur
2552 2995 2730 3065 itaque
2774 2995 2842 3049 ab
2878 2994 3068 3050 iisdem
3101 2993 3439 3066 philosOphis
3487 2995 3688 3066 srepius
3715 3010 3815 3051 co-

2214 3090 2415 3161 gnitam
2454 3090 2733 3146 veritatem
2761 3107 2773 3142 :
2811 3088 2937 3154 Quis
2962 3089 3114 3154 enim,
3160 3089 3350 3160 inquit,
3383 3099 3676 3160 poetarum,
3706 3090 3821 3162 quis

2215 3183 2580 3249 sophistarum,
2611 3181 2696 3252 qui
2721 3197 2819 3236 non
2848 3181 2912 3236 de
2951 3183 3312 3249 prophetarum
3356 3181 3493 3250 fonte
3518 3180 3814 3251 potauerit'l

512 3272 830 3344 subscripsit
857 3295 870 3330 :
901 3272 1252 3344 PhilosOphus
1294 3276 1472 3346 gloria:
1514 3277 1727 3342 animal,
1757 3286 1804 3331 et
1846 3279 2109 3349 papularis
2135 3285 2180 3350 α
2215 3277 2349 3333 Inde
2387 3277 2544 3350 igitur
2570 3285 2616 3331 et
2643 3274 2933 3347 philosophi
2975 3274 3112 3328 sitim
3163 3273 3354 3346 ingenii
3398 3273 3478 3327 sui
3524 3273 3821 3345 rigaverunt

513 3380 655 3418 αυτ-ω
683 3376 832 3435 atque
859 3382 1122 3421 rumorum
1148 3367 1245 3422 vile
1264 3368 1616 3438 mancipium(
1638 3367 1938 3441 Hieronym.
1965 3371 2110 3441 epist.

514 3455 614 3520 54,
661 3455 730 3510 ad
779 3454 1110 3525 Pammach.,
1157 3475 1277 3530 pag.
1329 3459 1498 3530 585).
1549 3463 1620 3515 At
1664 3461 1964 3529 Luciauus,
2013 3463 2114 3518 etsi

513 3547 797 3614 ethnicus,
827 3549 928 3605 hos
972 3549 1326 3621 philoSOphos
1374 3553 1533 3622 longe
1575 3554 1751 3610 acrius
1800 3555 2112 3610 insectatur.

513 3641 698 3698 Palam
745 3643 947 3713 quippe
990 3654 1269 3699 asseverat
1310 3645 1432 3700 illos
1472 3660 1641 3716 genus
1664 3663 1784 3702 esse
1813 3647 2113 3714 hominmn,

514 3739 676 3804 ἀργὸν,
733 3739 1007 3804 φιλόνεικον,
1043 3741 1297 3806 κενόδοξον,
1320 3743 1560 3807 ὶεῦχςσλθν,
1611 3743 1876 3810 ὑπόλιχνιν,
1921 3743 2116 3808 ὑπόμω-

511 3850 610 3895 ρον,
665 3835 1014 3897 τιτυφωμένον,
1063 3834 1230 3899 ὕϐρεώς
1289 3835 1550 3897 ἀνάπλεων,
1601 3835 1681 3887 καὶ
1727 3837 1802 3885 in
1847 3832 1952 3886 καθ’
1987 3841 2118 3900 Ομη-

513 3941 594 3989 ριν
636 3925 773 3983 εἴπω,
814 3927 958 3990 ἄχθος
1003 3926 1228 3993 ἀριὺρης.
1287 3922 1541 3989 Otiosum,
1588 3926 1970 3991 contentiosum,
1999 3927 2114 3996 gla-

515 4012 607 4064 ritc
652 4012 878 4079 auidum,
923 4015 1265 4082 iracundum,
1318 4017 1453 4087 gulae
1500 4019 1821 4086 studiosum,
1882 4018 2112 4086 stultum,

517 4107 823 4175 [asluosum,
857 4110 1317 4178 contumeliosum,
1374 4122 1424 4166 et
1453 4151 1467 4177 ,
1529 4123 1583 4166 nt
1628 4114 1785 4168 verbis
1831 4113 2116 4170 Homericis

517 4199 683 4252 dicam
721 4216 740 4254 :
785 4199 1006 4256 Telluris
1055 4203 1235 4257 inutile
1296 4205 1494 4274 pondus
1566 4203 1819 4276 (Lucian.
1868 4205 2117 4261 Icarome-

518 4292 629 4356 ni.,
665 4309 784 4364 pag.
811 4293 918 4351 759
969 4305 1013 4350 et
1065 4313 1202 4368 seqq.
1226 4299 1267 4369 ).
1312 4299 1468 4353 Plura
1519 4297 1695 4354 adhuc
1757 4299 1848 4355 ille
1915 4301 1969 4354 in
2018 4315 2117 4356 suo

519 4386 586 4442 dc
616 4387 777 4443 sectis
806 4387 1019 4460 dialogo
1071 4389 1259 4461 (Idem
1306 4391 1633 4464 llicronynu,
1668 4412 1788 4466 pag.
1821 4394 1927 4451 284
1952 4395 1995 4466 ),
2028 4397 2115 4453 ubi

519 4489 670 4536 certo
699 4495 758 4536 se
797 4481 864 4536 ab
918 4484 1169 4539 omnibus
1218 4487 1492 4556 accepisse
1545 4496 1771 4544 testatur
1816 4491 2115 4561 Epicureos

519 4583 803 4645 corruptos
822 4575 1032 4632 deliciis
1054 4591 1115 4631 ac
1143 4578 1544 4649 voluptatibus;
1586 4581 1974 4652 Peripateticos
2021 4601 2117 4655 pa-

2219 3373 2237 3444 (
2267 3370 2570 3426 Tertullian.
2613 3369 2836 3442 Apolog.
2865 3411 2880 3434 ,
2927 3386 3049 3440 cap.
3074 3369 3163 3437 47,
3194 3385 3314 3440 pag.
3349 3366 3515 3439 5l5).
3546 3366 3818 3424 Hactenus

2219 3464 2382 3519 editio
2409 3463 2706 3534 Rigaltiana
2736 3476 2859 3516 cum
2900 3461 3020 3515 aliis
3051 3470 3209 3531 atque
3251 3459 3412 3515 etiam
3439 3457 3820 3528 manuscriptis

2220 3555 2419 3611 nostris
2463 3553 2738 3610 codicibus
2773 3573 2786 3608 :
2819 3552 2910 3607 sed
2943 3551 2995 3606 iu
3025 3552 3141 3608 istis
3185 3552 3323 3620 lucc,
3366 3560 3638 3622 amputata
3667 3566 3699 3605 a
3726 3549 3819 3606 Ri-

2218 3648 2402 3719 galtio,
2436 3647 2644 3718 adjecta
2693 3654 2862 3700 sunt:
2903 3644 2971 3700 Ut
3020 3661 3134 3716 quin
3177 3645 3240 3699 de
3291 3645 3474 3700 nostris
3525 3644 3730 3709 habent,
3759 3658 3819 3697 ea

2219 3750 2511 3810 comparent
2547 3740 2670 3794 illis.
2699 3739 2897 3796 Verum
2937 3740 2982 3794 si
3010 3738 3124 3794 haec
3151 3738 3400 3809 Rigaltio,
3446 3747 3539 3793 aut
3587 3735 3818 3792 erranti-

2221 3833 2321 3888 bus
2344 3835 2690 3905 typographis
2720 3833 3057 3898 exciderunt,
3105 3833 3225 3904 quis
3253 3833 3514 3903 majorem
3545 3832 3663 3903 ejus
3689 3830 3814 3886 dili-

2219 3927 2452 3997 gentiam
2504 3943 2610 3981 non
2654 3927 3021 3984 desiderabit?
3068 3923 3122 3982 Si
3147 3941 3275 3981 vero
3329 3926 3374 3979 is
3420 3924 3569 3980 solus
3600 3922 3814 3994 proprio

2221 4028 2394 4074 marte
2422 4035 2483 4074 ea
2512 4021 2751 4086 abstulit,
2785 4022 2902 4091 quis
2933 4019 3210 4074 audaciam
3242 4019 3386 4074 illius
3412 4019 3608 4089 poterit
3648 4033 3813 4072 excu-

2221 4111 2540 4168 sare?Nam
2590 4115 2705 4169 haec
2743 4113 2810 4167 ad
2862 4112 3184 4168 Tertulliani
3235 4111 3532 4166 institutum
3582 4112 3814 4166 maxime

2220 4207 2442 4263 faciunt.
2517 4208 2858 4264 Probandum
2921 4206 3182 4278 siquidem
3237 4212 3548 4276 susceperat
3590 4204 3814 4276 gentiles

2222 4301 2570 4375 philosophos
2613 4301 2921 4358 christianis
2969 4301 3194 4356 scientia
3239 4299 3462 4354 omnino
3487 4309 3813 4370 praepostere

2222 4396 2512 4468 adsequari.
2543 4393 2760 4450 Atillud
2787 4403 2934 4450 recte
2960 4409 3025 4448 eo
3041 4393 3408 4459 demonstrat,
3427 4390 3570 4462 quod
3589 4400 3646 4444 ut
3663 4403 3812 4445 suam

2223 4505 2343 4546 cum
2390 4498 2575 4543 nostra
2613 4486 2915 4542 doctrinam
2945 4494 3357 4554 compararent,
3383 4498 3451 4538 ex
3497 4497 3655 4538 sacro
3693 4495 3814 4552 pro-

2226 4584 2503 4656 phetarum
2552 4581 2698 4636 fonte
2750 4579 2998 4634 hortulos
3021 4592 3179 4642 suos,
3212 4586 3272 4630 ut
3309 4573 3586 4632 Ciceronis
3637 4575 3813 4630 verbis

520 4670 702 4724 randis
729 4670 1170 4742 cumnlandisque
1200 4672 1401 4728 divitiis
1432 4676 1692 4733 inservire
1715 4718 1728 4740 ,
1759 4687 1814 4732 et
1855 4681 2116 4750 quosdam
2143 4703 2197 4763 D
2227 4688 2456 4740 utmnur,
2481 4671 3040 4746 irrigaverantUdem,
3063 4669 3268 4726 loc.-cit.
3291 4685 3459 4740 supr.,
3488 4685 3602 4738 cap.
3626 4668 3683 4733 4,
3711 4675 3808 4722 art.

521 4779 585 4819 ex
619 4763 722 4819 illis
755 4764 1037 4820 immodice
1066 4767 1468 4832 contentiosos;
1501 4769 1804 4826 Platonicos
1856 4789 2115 4843 arrogan-

524 4867 624 4920 tes,
656 4859 892 4926 turgidos
923 4859 1057 4914 fastu
1090 4860 1278 4925 nimio,
1307 4870 1361 4914 et
1397 4861 1584 4931 gloriae
1628 4864 2067 4934 Cttpicntissitnos
2101 4884 2115 4920 :

525 4960 568 5005 oi.
596 4956 878 5008 πλειτωνικυὶ
908 4995 921 5017 ,
979 4952 1181 5023 inquit,
1235 4959 1542 5026 rsrbpwwu,
1604 4962 1686 5008 uati
1722 4961 1966 5026 φιλόδοξοί
2000 4963 2114 5013 εἱσι.

524 5043 655 5112 Qua:
683 5044 898 5114 quidem
927 5045 1029 5101 huc
1057 5048 1438 5116 cnngessimus
1465 5049 1532 5102 ad
1562 5063 1770 5116 eorum,
1821 5067 1940 5120 quae
1993 5068 2117 5107 mox

521 5137 724 5192 Auctor
763 5146 950 5192 noster
977 5137 1222 5193 dicturus
1253 5149 1356 5203 est,
1405 5139 1865 5210 anticipationem.
1906 5142 2012 5198 Sed
2051 5143 2120 5200 de

524 5229 611 5285 his
632 5232 741 5300 jam
760 5231 959 5302 aliquid
975 5232 1024 5287 in
1049 5235 1314 5302 superiori
1341 5233 1719 5291 dissertatione
1745 5235 2116 5294 delibavimns.

601 5323 915 5395 Philosophi
947 5325 1107 5396 igitur
1136 5325 1475 5383 fraudulenta
1505 5328 1746 5383 veritatis
1797 5332 2120 5385 ostentatio-

521 5431 593 5473 uc
623 5417 800 5486 pravis
844 5418 1187 5488 opinionibus
1232 5420 1377 5475 illam
1423 5419 1816 5487 adulterabant,
1851 5435 1919 5476 ne
1966 5430 2120 5493 pate-

522 5508 661 5565 facta
711 5510 903 5581 vulgus
956 5511 1205 5567 insanum
1234 5513 1569 5579 oil‘enderet,
1599 5523 1653 5569 et
1703 5525 1759 5570 ut
1787 5515 1888 5586 ipsi
1929 5515 2114 5571 ialsam

523 5620 676 5660 vanae
698 5605 1016 5661 eruditionis
1041 5605 1266 5676 gloriam
1297 5607 1398 5661 sibi
1431 5615 1704 5675 parerent,
1744 5622 1807 5662 ac
1850 5623 2117 5664 venaren-

528 5711 640 5756 tur.
683 5699 1183 5764 Verumenimvero,
1209 5702 1261 5754 in
1311 5710 1577 5771 quantum,
1635 5703 1709 5755 ait
1735 5702 2120 5770 Tertulliauus,

525 5795 697 5849 odium
727 5795 912 5866 flagrat
941 5794 1146 5862 veritas,
1168 5795 1432 5865 infantum
1454 5796 1538 5863 qui
1564 5812 1673 5849 eam
1693 5811 1755 5851 ea:
1777 5796 1879 5864 ﬁde
1895 5805 2123 5867 prwstat,

525 5886 758 5954 offendit.
791 5887 889 5957 Qui
911 5899 1080 5944 autent
1109 5890 1382 5960 adulterat,
1411 5889 1506 5945 hoc
1533 5890 1754 5946 maxime
1774 5893 1974 5947 nomine
1997 5907 2120 5964 gra-

2224 4773 2257 4825 4
2279 4772 2318 4840 ).
2348 4769 2534 4838 Neque
2565 4768 2614 4822 id
2661 4767 2815 4822 valde
2844 4765 3063 4821 difficile
3096 4763 3224 4835 ipsis
3252 4771 3388 4818 erat.
3432 4763 3590 4817 Sacra
3619 4763 3812 4833 quippe

2221 4862 2433 4918 Veteris
2465 4861 2796 4915 Testamenti
2860 4858 3123 4927 scriptura
3184 4855 3432 4911 omnibus
3480 4853 3810 4909 ethnicorum

2221 4954 2802 5018 commentationibus,
2833 4952 2909 5006 uti
2941 4953 3053 5021 ipse
3097 4951 3192 5015 ait,
3240 4956 3295 5004 et
3340 4965 3436 5003 nos
3468 4947 3607 5003 haud
3646 4945 3810 5004 semel

2223 5044 2580 5112 osmndimus,
2633 5057 2716 5103 cst
2745 5047 2900 5116 longe
2921 5043 3210 5112 antiquior.
3242 5041 3402 5096 Plura
3445 5043 3622 5111 itaque
3649 5041 3812 5095 docu-

2224 5151 2404 5198 menta
2432 5157 2495 5197 ex
2523 5141 2693 5196 sacris
2716 5138 2914 5193 nostris
2942 5135 3112 5198 libris,
3140 5135 3280 5189 sicut
3304 5134 3430 5190 alibi
3459 5149 3486 5188 a
3516 5135 3669 5188 nobis
3694 5149 3814 5204 pro-

2226 5234 2405 5289 batum
2442 5242 2546 5298 est,
2578 5231 2734 5286 furati
2766 5239 2912 5295 sunt,
2944 5237 3000 5282 ut
3054 5226 3361 5283 christianis
3400 5241 3555 5298 pares
3597 5225 3812 5282 scientia

2225 5327 2574 5384 crederentur
2629 5323 2834 5394 (Supr.
2865 5338 2979 5391 cap.
3011 5320 3064 5384 6,
3095 5329 3192 5374 art.
3245 5320 3278 5374 4
3320 5328 3369 5374 et
3412 5336 3573 5390 seqq.,
3603 5329 3724 5374 tom.
3776 5317 3809 5372 l.

2225 5420 2477 5490 Apparet.
2507 5435 2626 5488 pag.
2657 5415 2784 5480 584,
2812 5417 2937 5482 551,
2967 5413 3072 5470 909
3093 5423 3148 5468 et
3171 5413 3310 5468 1112
3341 5421 3386 5466 et
3409 5413 3592 5484 seqq.).

2292 5512 2386 5568 Ast
2406 5508 2702 5582 piliiOSOphi
2721 5510 2796 5564 illi
2814 5509 3010 5580 gloriw,
3033 5508 3109 5562 ait
3123 5506 3499 5571 Tcrtullianus,
3515 5516 3561 5560 et
3579 5505 3813 5577 eloquen-
3839 5493 3848 5500 ’

2226 5609 2309 5662 tia:
2336 5607 2494 5661 solius
2522 5605 2802 5666 libidinosi,
2841 5604 2885 5657 si
2914 5603 3038 5673 quid
3059 5603 3110 5655 in
3139 5601 3298 5656 sacris
3343 5601 3631 5671 Scripturis
3659 5598 3816 5666 offen-

2227 5701 2430 5764 derunt,
2459 5698 2663 5769 digestis
2689 5713 2752 5750 ex
2777 5712 2870 5765 pro
2895 5695 3129 5750 instituto
3167 5694 3477 5748 curiositatis
3516 5693 3586 5747 ad
3604 5692 3815 5763 propria

2228 5807 2385 5862 opera
2429 5797 2679 5843 uerterunt
2709 5786 3033 5858 (Tertullian.
3080 5784 3374 5856 Apologet.,
3402 5802 3499 5858 cap
3557 5785 3646 5850 67,
3695 5799 3812 5854 pag.

2232 5884 2382 5962 515).
2412 5884 2520 5946 Sed
2539 5882 2797 5959 Rigaltius
2821 5883 2891 5942 ibi
2919 5880 3300 5941 reluctantibus
3323 5882 3537 5955 scriptis
3558 5879 3816 5950 editisque
