4092 6352
274 246 382 355 92o

1398 289 1853 354 DISSERTATIO
1891 291 1954 350 D.
1995 292 2085 351 LE
2121 291 2435 354 NOUBRY.

3467 299 3574 360 950

273 413 549 473 codicibus
569 455 585 478 ,
618 411 820 471 delevit
842 426 1036 469 nomen
1064 410 1366 482 Scripturis,
1392 420 1551 483 atque
1576 410 1703 467 illud
1729 410 1870 482 dige-
1895 411 1950 470 Α
1974 407 2044 465 do
2069 409 2231 465 etiam
2252 410 2319 465 ad
2350 410 2604 467 Nationes
2635 408 2802 478 libro,
2831 410 2921 467 ubi
2952 410 3129 469 adhuc
3164 411 3355 484 probat
3392 411 3574 486 philo-

272 509 366 566 stis
388 508 781 565 substantivum
810 522 950 574 esse,
980 521 1153 579 eoque
1173 506 1313 562 idem
1343 520 1405 561 ac
1430 506 1570 560 libris
1598 504 1870 575 signiﬁca-

275 600 322 656 ri
351 600 654 671 suspicatus
682 610 785 656 est.
826 597 932 655 Sed
962 613 1263 670 perperam.
1304 596 1516 653 Etenim
1543 596 1869 667 adjectivum

275 703 379 759 cst,
413 692 555 765 quod
581 684 723 750 idem
756 701 913 749 sonat
960 708 1024 748 ac
1082 691 1338 764 dispositis
1386 699 1442 747 et
1476 690 1744 755 ordinatis,
1787 689 1872 746 vel

277 787 545 859 explicatis
586 796 642 844 et
697 786 1085 857 interpretatis.
1136 786 1321 842 Primo
1348 783 1546 857 quippe
1564 798 1725 840 sensu
1751 780 1872 839 Vir-

275 878 433 952 gilius
452 878 587 936 dixit
606 877 675 936 de
701 877 905 950 Sibylla
930 895 947 935 :
1574 944 1577 951 η

480 1006 734 1059 tecumque
754 994 807 1043 in
827 992 954 1044 foliis
976 993 1237 1059 descripsit
1258 994 1473 1045 carmina
1488 992 1659 1057 Virgo,

400 994 734 1111 granumque
754 994 807 1043 in
827 994 954 1044 foliis

450 1064 602 1120 εδει-ιι
621 1071 669 1107 in
691 1070 969 1108 numerum.

924 1116 1131 1187 (Virgil.
1144 1115 1181 1169 ι.
1210 1117 1300 1183 III,
1323 1117 1515 1170 [Εηείά.
1533 1133 1583 1169 v.
1610 1116 1743 1182 145.)

279 1223 333 1283 id
359 1231 464 1292 est,
486 1222 909 1297 inquitServius,
930 1224 1165 1294 ordinat,
1188 1234 1240 1281 et
1258 1224 1495 1296 disponit
1519 1224 1692 1296 (Serv.
1718 1223 1870 1294 ibid.,

283 1332 386 1392 pag
408 1316 563 1391 295).
583 1316 725 1374 Alibi
744 1317 903 1374 etiam
931 1318 1034 1375 hoc
1055 1326 1113 1374 et
1136 1311 1372 1374 secundo
1396 1317 1696 1390 signiﬁcatu
1725 1335 1739 1373 :

572 1465 589 1484 .
656 1429 728 1481 Ita
752 1431 939 1494 digerit
970 1432 1133 1481 omnia
1155 1429 1373 1485 Calchas.

936 1512 1104 1583 (Virg.
1130 1513 1169 1566 Ι.
1197 1514 1264 1579 II,
1290 1512 1503 1579 .1-3neid.,
1528 1531 1578 1567 v.
1611 1515 1750 1581 182.)

290 1621 424 1688 sive,
450 1620 529 1677 uti
550 1620 726 1679 adhuc
749 1622 970 1680 Servius
998 1604 1382 1694 interpretatur
1411 1622 1587 1693 (Serv.
1624 1621 1774 1690 ibid.,
1817 1636 1874 1693 p.

278 1711 432 1786 233),
464 1714 701 1769 numinis
731 1715 1171 1781 commotionem,
1206 1714 1289 1769 vel
1319 1712 1503 1781 futuri,
1532 1713 1584 1769 id
1605 1722 1687 1769 est
1707 1756 1722 1781 ,
1755 1728 1877 1771 ora-

278 1808 520 1863 culorum
547 1806 787 1863 ordinem
811 1806 1012 1878 pandit,
1044 1822 1141 1862 seu
1167 1806 1398 1873 ordinat,
1432 1816 1485 1863 et
1507 1805 1760 1878 disponit.

350 1897 553 1955 Deinde
571 1898 962 1971 Rigaltiushaec
978 1898 1161 1967 verba,
1178 1915 1240 1954 ea:
1258 1914 1351 1970 pro
1371 1899 1621 1964 instituto,
1642 1898 1721 1956 sic
1746 1913 1871 1955 cor-

277 1989 379 2063 rigi
405 1991 674 2063 scribique
702 1992 891 2057 voluit,
917 1991 1097 2048 exinde
1120 2002 1370 2065 regestum
1406 2008 1498 2063 pro
1532 1991 1781 2059 instituto,
1810 2006 1876 2048 ac

278 2082 494 2139 tandem
524 2084 708 2140 addito
740 2084 844 2140 hoc
870 2083 1035 2140 verbo
1062 2094 1333 2156 regestum,
1358 2098 1552 2143 nomen
1582 2098 1735 2154 opera
1755 2085 1875 2140 nul-

276 2178 330 2235 lo
350 2178 536 2236 codice
578 2180 762 2247 citato,
796 2179 1013 2250 penitus
1038 2178 1322 2235 resecavit.
1372 2178 1664 2234 Nobiscum
1695 2188 1873 2236 tamen

278 2270 480 2328 faciunt
507 2288 697 2330 omnes
744 2272 933 2328 iuediti
962 2260 1199 2341 codices,
1259 2282 1315 2330 et
1336 2282 1461 2329 ante
1498 2273 1746 2329 eumdem
1774 2274 1872 2329 lli-

279 2351 658 2437 galtium‘editi
687 2383 702 2434 ;
728 2366 831 2423 nisi
862 2365 1006 2437 quod
1032 2365 1087 2421 in
1116 2364 1201 2420 his
1232 2366 1621 2438 antiquioribus
1646 2366 1875 2437 legimus

279 2477 343 2516 ea:
370 2461 731 2533 improstituto.
762 2460 868 2517 Sed
901 2460 1003 2516 hoc
1043 2472 1356 2531 corruptum
1384 2460 1613 2517 videtur.
1640 2460 1698 2517 ln
1747 2460 1877 2516 sub-

278 2555 627 2626 sequentibus
654 2563 832 2610 antem
863 2553 1193 2611 editionibus
1231 2553 1440 2609 sublata
1486 2554 1582 2609 fuit
1618 2554 1876 2626 praeposi-

279 2644 356 2700 tio
382 2661 465 2717 ex,
510 2660 574 2701 ac
617 2646 875 2717 scriptum
907 2645 1222 2717 simpliciter
1273 2662 1366 2717 pro
1394 2645 1642 2700 instituto.
1687 2645 1876 2701 Melius

278 2737 517 2809 quidem,
548 2737 641 2793 sed
666 2738 890 2795 delinire
922 2753 1028 2794 non
1053 2737 1316 2794 audemus
1346 2754 1464 2809 qua:
1494 2753 1621 2794 vera
1643 2738 1717 2793 sit
1738 2738 1871 2794 Ter-

280 2829 487 2885 tulliani
529 2830 706 2898 lectio,
739 2829 1276 2907 donecjncorruptus
1296 2831 1488 2904 aliquis
1517 2830 1689 2889 codex
1714 2847 1870 2904 repe-

279 2920 471 2980 tiatur.

350 3016 553 3075 Sensus
580 3027 757 3076 tamen
783 3019 899 3092 ejus
921 3018 1011 3076 hic
1037 3020 1223 3092 procul
1249 3020 1412 3079 dubio
1457 3036 1582 3079 esse
1607 3021 1823 3079 videtur
1853 3040 1870 3081 :

280 3110 326 3168 si
357 3111 658 3185 philosophi
688 3130 757 3170 ex
775 3116 945 3171 sacris
971 3114 1297 3187 Scripturis,
1328 3128 1475 3175 recte
1523 3118 1788 3175 ordinatis
1821 3126 1880 3174 et

1973 501 2212 572 sophicre
2238 503 2519 572 sapientiae
2542 502 2832 560 vanitatem
2860 504 3388 578 imbecilliwtemqtte
3411 522 3572 578 aper-

1975 594 2182 650 tissime
2231 594 2597 651 demonstrari
2646 612 2713 652 ex
2759 595 3073 667 opinionum
3122 598 3401 668 varietate,
3447 614 3570 671 quae

1976 700 2079 741 non
2105 686 2342 757 aliunde,
2369 703 2531 759 quam
2559 688 2627 743 de
2654 688 2896 744 veritatis
2940 689 3241 761 ignorantia
3293 692 3570 748 manavit:

1975 777 2187 835 Etenim
2207 778 2319 834 licet
2340 798 2429 849 per
2452 781 2815 850 curiositatem,
2843 783 3036 854 inquit,
3055 783 3360 839 omnimoda:
3382 784 3576 841 littera-

1976 879 2103 926 tura:
2129 872 2462 944 inspicienda
2485 872 2673 929 divinis
2696 891 2892 947 quoque
2910 874 3213 947 Scripturis,
3240 889 3296 932 ut
3319 878 3574 949 antiquio-

1975 964 2138 1033 ribus,
2167 964 2543 1036 possintvideri
2567 967 2875 1034 incursasse,
2900 977 2945 1023 et
2971 968 3091 1025 inde
3116 971 3365 1027 nonnulla
3394 971 3574 1045 demp-

1975 1062 2098 1118 sisse
2146 1060 2407 1133 (Tertul.,
2459 1061 2548 1118 lib.
2615 1061 2659 1118 ll
2692 1063 2761 1118 ad
2802 1062 2957 1131 Nat.,
3020 1082 3136 1136 cap.
3196 1065 3315 1136 2);
3370 1067 3575 1139 simpli-

1981 1154 2197 1210 citatem
2230 1163 2407 1211 tamen
2433 1154 2548 1227 ejus
2590 1155 2979 1227 despicientes,
3030 1168 3087 1214 et
3127 1159 3313 1231 gloria:
3354 1160 3576 1219 libidine

1975 1246 2198 1318 insuper
2237 1246 2405 1313 ducti,
2462 1249 2734 1304 inventam
2776 1249 2830 1305 in
2859 1249 3027 1306 sacris
3059 1251 3258 1308 nostris
3283 1251 3576 1326 Scripturis

1975 1338 2261 1397 veritatem
2289 1340 2662 1407 immutarunt,
2686 1349 2739 1397 et
2765 1340 3229 1400 adulteraverunt.

2048 1433 2224 1506 Atque
2269 1434 2389 1489 inde
2426 1444 2472 1490 et
2501 1434 2858 1506 aquibusdam
2906 1450 3132 1507 quoque,
3187 1437 3328 1494 sicut
3382 1438 3475 1494 ille
3519 1438 3574 1495 in

1978 1527 2348 1601 Apologetico,
2403 1527 2517 1597 ait,
2558 1529 2717 1599 ejecta
2755 1529 3104 1602 philosophia,
3154 1547 3186 1585 a
3232 1530 3502 1600 Thebanis,
3543 1549 3577 1588 a

1979 1621 2278 1694 Spartiatis,
2304 1632 2351 1677 et
2398 1622 2619 1694 Argivis,
2656 1622 2775 1677 dum
2802 1624 2885 1701 .ad
2938 1633 3116 1678 nostra
3162 1624 3575 1681 contaminantttr

1980 1713 2305 1785 (Tertullian.
2326 1713 2617 1786 Apologet.,
2648 1732 2762 1786 cap.
2793 1714 2888 1781 47,
2916 1732 3037 1787 pag.
3067 1716 3223 1788 515).
3246 1715 3323 1772 Ita
3346 1716 3571 1789 quidem

1905 1814 1954 1875 B
1983 1808 2037 1863 in
2086 1807 2299 1879 Rigaltii
2343 1807 2837 1880 posterioribusque
2877 1809 3227 1866 editionibus.
3282 1812 3352 1867 At
3393 1811 3446 1867 in
3477 1827 3574 1867 no-

1977 1900 2105 1956 stris
2123 1900 2396 1957 codicibus
2427 1901 2806 1973 manuscriptis
2829 1945 2846 1972 ,
2878 1912 2934 1960 et
2958 1903 3345 1962 vetustioribus
3365 1904 3523 1963 editis
3551 1921 3567 1961 :

1978 1991 2133 2062 Inde,
2156 1995 2359 2066 opinor,
2408 2003 2454 2049 et
2479 2012 2511 2050 a
2546 1995 2992 2066 quibusdam......
3017 1996 3422 2068 Spartiacis.....
3451 1997 3575 2054 dum

1977 2087 2047 2142 ad
2091 2096 2264 2143 nostra
2319 2087 2495 2160 (male
2538 2086 2591 2142 in
2620 2088 2891 2144 nonnullis
2916 2087 3263 2157 editionibus,
3295 2106 3326 2143 a
3374 2094 3575 2163 vestra)

1977 2189 2244 2248 conantur,
2266 2179 2692 2238 subaudiendum
2737 2180 2987 2236 imitando
3042 2199 3390 2255 corrumpere;
3438 2184 3577 2241 sicut

1978 2272 2111 2328 dixit
2131 2289 2282 2345 poma
2305 2282 2556 2329 conantur
2581 2273 2743 2347 (Ibid.
2773 2292 2891 2345 cap.
2915 2275 3006 2342 40,
3039 2294 3160 2349 pag.
3186 2276 3346 2348 478),
3377 2278 3571 2349 supple

1978 2375 2180 2419 matura
2204 2364 2332 2435 ﬁeri.
2358 2364 2467 2422 Cur
2496 2375 2699 2433 autem,
2728 2383 2758 2422 a
2789 2383 2918 2440 quo,
2947 2383 3011 2424 ac
3039 2368 3193 2440 cujus
3241 2385 3426 2441 opera,
3481 2380 3576 2426 aut

1978 2455 2299 2528 negligentia
2327 2457 2584 2513 omissum
2611 2457 2772 2527 fuerit
2820 2459 3043 2515 verbum
3084 2465 3285 2531 opinor,
3333 2478 3397 2516 ac
3444 2462 3572 2533 quid

1979 2547 2053 2604 ibi
2081 2556 2290 2617 noceat,
2318 2548 2474 2605 nobis
2494 2551 2631 2606 sicut
2652 2551 2829 2607 nullus
2852 2551 3039 2616 edixit,
3059 2552 3131 2607 ita
3155 2552 3575 2612 Tertullianeum

1978 2656 2100 2699 esse
2123 2642 2279 2699 facile
2300 2644 2417 2700 aliis
2443 2645 2813 2717 persuadebis.
2853 2645 2932 2701 Eo
2978 2645 3180 2718 quippe
3228 2664 3395 2704 sensu
3447 2648 3575 2706 alibi

1979 2735 2143 2791 utitur
2164 2736 2267 2792 hoc
2283 2739 2467 2805 verbo,
2493 2737 2579 2793 ubi
2597 2737 2665 2793 de
2694 2754 2754 2794 re
2775 2737 2875 2795 sibi
2906 2738 3129 2796 minime
3150 2740 3315 2797 dubia
3333 2741 3573 2799 disserit.

2049 2827 2134 2883 Ad
2163 2827 2389 2899 ejectam
2404 2844 2532 2885 vero
2547 2828 2616 2885 ab
2652 2829 2882 2885 etlmicis
2903 2829 3294 2903 phiIOSophiam
3315 2833 3460 2904 quod
3502 2844 3577 2890 at-

1982 2919 2135 2988 tinet,
2176 2922 2466 2977 Athenzeus
2485 2930 2668 2977 narrat
2696 2921 2931 2993 (Atlten.,
2961 2922 2999 2977 ι.
3024 2920 3118 2991 XI,
3150 2940 3198 2978 c.
3242 2925 3328 2992 η,
3364 2943 3419 2997 ρ.
3447 2924 3570 2994 542,

1981 3022 2029 3068 et
2062 3012 2151 3068 lib.
2177 3012 2319 3083 XIII,
2347 3031 2465 3086 cap.
2492 3014 2548 3080 9,
2578 3033 2631 3087 p.
2660 3013 2787 3087 160)
2808 3014 3095 3085 sophistas,
3122 3030 3185 3071 ac
3214 3015 3350 3072 duos
3375 3016 3576 3088 Epicu-

1981 3122 2106 3165 reos
2124 3108 2471 3180 philosophos
2495 3109 2732 3165 Alcaeum
2757 3117 2813 3165 at
2841 3109 3131 3166 Philiseum
3158 3108 3293 3165 urbe
3308 3124 3403 3166 sua
3423 3111 3580 3168 allo-

279 3205 582 3276 explicatis,
601 3207 801 3279 aliquid
821 3209 929 3264 veri
954 3207 1252 3277 hauserint,
1276 3209 1405 3267 iuno
1422 3225 1517 3282 pro
1529 3211 1873 3279 curiositatis,
1902 3216 1949 3281 ρ
1981 3201 2175 3268 manis.
2205 3217 2393 3258 omnes
2413 3202 2653 3272 eiusdem
2670 3210 2831 3259 secta!
2856 3202 3053 3274 oppido
3072 3217 3172 3258 suo
3191 3219 3220 3257 ει
3247 3201 3563 3273 Messeniis

280 3310 374 3352 seu
404 3297 583 3353 nimiae
611 3313 703 3354 eas
740 3298 881 3353 male
909 3299 1210 3369 explicandi
1268 3316 1413 3357 cura:
1460 3302 1722 3368 instituto,
1752 3317 1877 3358 ver-

282 3397 462 3444 terunt
487 3388 553 3445 ad
578 3391 789 3460 propria
819 3406 1005 3460 opera,
1031 3391 1134 3445 lloc
1162 3401 1266 3461 est,
1299 3392 1366 3448 ad
1395 3393 1553 3450 falsas
1587 3394 1731 3467 vulgi
1756 3395 1875 3466 opi~

279 3481 471 3538 niones
516 3483 908 3554 popularesque
935 3499 1174 3541 errores.
1206 3485 1341 3541 Cum
1369 3485 1510 3541 enim
1543 3486 1753 3542 divinas
1786 3502 1878 3543 es-

280 3588 341 3630 sc
363 3589 468 3629 non
508 3574 813 3641 crederent,
860 3575 1038 3631 datam
1064 3577 1162 3633 sibi
1192 3585 1521 3648 putaverunt
1550 3579 1667 3635 illas
1697 3578 1877 3635 inter-

279 3665 520 3738 polandi,
551 3675 606 3724 et
632 3681 728 3738 pro
751 3667 904 3723 libito
923 3668 1309 3743 interpretandi
1337 3668 1669 3726 facultatem.
1695 3669 1879 3743 Neque

280 3762 442 3821 etiam
484 3760 840 3832 intelligentes
865 3776 1049 3818 earum
1077 3762 1408 3819 documenta
1441 3762 1790 3832 obscuritate,
1823 3773 1878 3820 et

281 3853 515 3910 Judaicis
542 3855 745 3911 umbris
773 3854 1004 3923 obvolvi,
1052 3857 1326 3927 aspernati
1373 3866 1499 3913 sunt
1521 3856 1662 3913 illius
1679 3857 1880 3930 simpli-

281 3946 494 4005 citatem
529 3947 855 4022 (Tertullian.
878 3949 1000 4006 ibid.
1031 3967 1152 4022 pag.
1181 3950 1333 4024 5l5).
1362 3950 1706 4023 Quapropter
1726 3954 1870 4024 quod

282 4040 335 4098 in
368 4042 451 4097 his
479 4052 683 4098 certum
733 4052 1071 4115 repererunt,
1123 4041 1431 4099 effecerunt
1483 4044 1767 4111 incertum,
1813 4061 1878 4103 ac

280 4151 405 4191 vera
439 4138 772 4210 rejicientes,
822 4149 913 4195 aut
964 4140 1112 4218 veris
1162 4138 1296 4194 falsa
1324 4142 1639 4205 miscentes,
1698 4143 1877 4200 inter-

282 4239 575 4285 verterunt.
608 4229 715 4286 Sed
761 4230 830 4287 dc
876 4231 959 4287 his
988 4231 1135 4301 plura
1169 4231 1418 4288 Clemens
1458 4231 1875 4302 Alexandrinus,

282 4328 342 4374 ut
378 4337 474 4376 suo
504 4322 626 4377 loco
657 4323 1037 4380 annotavimus
1093 4323 1241 4396 (tom.
1277 4325 1303 4381 1
1334 4324 1587 4398 Apparet.
1617 4344 1738 4400 pag.
1772 4326 1872 4384 871

283 4420 330 4464 et
362 4410 461 4466 115
485 4421 530 4465 et
551 4415 738 4484 πίθῳ).

357 4502 531 4558 Variis
570 4522 732 4575 porro
788 4509 840 4563 id
886 4509 1257 4573 Tertullianus
1285 4514 1476 4585 probat
1524 4512 1876 4584 (Tertullian.

1981 3308 2344 3365 quoscumque
2391 3295 2550 3350 etiam
2591 3310 2757 3366 regno
2781 3308 2881 3350 suo
2905 3294 2973 3350 ab
2990 3294 3282 3365 Antiocho,
3312 3311 3377 3352 ac
3417 3295 3568 3369 Lysi-

1982 3386 2194 3453 macho,
2214 3394 2271 3442 et
2295 3402 2363 3443 ex
2388 3388 2559 3443 Attica
2583 3387 2795 3458 publico
2809 3386 3089 3459 Sophoclis
3112 3387 3289 3444 edicto
3309 3388 3378 3444 ab
3396 3388 3440 3444 A
3455 3389 3576 3445 the-

1983 3479 2258 3536 niensibus
2303 3481 2575 3551 eXpulsos,
2617 3495 2680 3536 ac
2720 3480 2936 3538 tandem
2969 3480 3383 3555 philosophiam,
3413 3491 3577 3555 atque
3618 3520 3622 3529 ι

1982 3568 2328 3642 rhetoricam,
2368 3588 2399 3627 a
2444 3571 2868 3630 Lacedaemoniis
2894 3573 3183 3631 admissam
3218 3592 3325 3632 non
3372 3575 3560 3633 fuisse.

1984 3663 2237 3735 Ejusdem
2265 3679 2393 3721 vero
2412 3665 2816 3723 Atheniensium
2856 3667 3057 3725 decreti
3100 3669 3345 3725 meminit
3390 3668 3568 3727 Julius

1984 3755 2193 3826 Pollux,
2238 3756 2381 3829 quod
2426 3761 2561 3827 νόμος
2589 3764 2779 3822 ἅττ-αὐτ
2830 3760 2900 3816 ab
2940 3775 3008 3816 eo
3055 3768 3276 3816 vocatur
3323 3759 3566 3834 (Pollux,

1984 3852 2072 3908 lib.
2106 3851 2199 3921 XI,
2219 3870 2338 3925 pag.
2366 3854 2518 3923 427).
2549 3853 2666 3909 Non
2698 3855 2826 3910 dicit
2846 3863 3024 3911 tamen
3054 3853 3185 3910 illud
3210 3870 3242 3911 a
3289 3854 3562 3927 Sophocle
3658 3908 3671 3925 ,

1983 3945 2201 4014 datum,
2238 3947 2333 4003 sed
2380 3946 2574 4003 factam
2616 3947 2874 4004 duntaxat
2908 3948 3026 4016 ejus
3080 3949 3430 4006 mentionem.
3462 3949 3572 4007 Vc-

1960 4056 2104 4096 irum
2132 4040 2393 4097 Athenaeo
2422 4050 2606 4111 aperte
2633 4041 2953 4114 suffragatur
2972 4041 3240 4110 Laertius,
3271 4045 3361 4115 qui
3389 4045 3578 4101 simili-

1986 4142 2069 4191 ter
2097 4135 2612 4191 asseruitconditam
2641 4150 2832 4191 revera
2871 4135 2940 4191 ab
2987 4138 3175 4192 eodem
3211 4135 3479 4208 Sephocle
3507 4137 3585 4194 lc-

1985 4246 2104 4303 gem
2133 4247 2235 4303 qua
2253 4231 2475 4291 vetitum
2500 4230 2616 4300 fuit,
2642 4248 2709 4288 ne
2730 4233 2850 4302 quis
2873 4231 3074 4288 scholae
3103 4232 3577 4305 philosophorum,

1987 4328 2089 4384 nisi
2118 4337 2308 4383 senatu
2338 4336 2393 4383 et
2415 4326 2567 4397 plebe
2590 4326 2924 4398 approbante
2954 4335 3228 4396 pratesset,
3257 4340 3416 4383 secus
3437 4328 3582 4397 capi-

1988 4429 2041 4477 te
2063 4422 2388 4492 plecteretur
2408 4417 2630 4493 (Laert.,
2645 4416 2806 4484 Iib.V,
2834 4418 2887 4472 in
2922 4415 3021 4472 Vit.
3043 4414 3389 4488 Tlteophras.,
3410 4417 3571 4490 5'58).

1987 4512 2093 4572 Sed
2118 4515 2185 4570 ad
2218 4515 2545 4584 propositum
2567 4521 2811 4568 nostrum
2856 4521 2950 4568 aut
2984 4510 3117 4566 nihil
3155 4524 3249 4567 aut
3272 4526 3461 4584 parum
3506 4511 3586 4567 fa—
3681 4526 3685 4531 '

284 4597 578 4669 Apotoget.,
606 4614 719 4669 cap.
749 4600 837 4666 47,
857 4619 976 4673 pag.
1000 4602 1878 4678 5l5)philosophorumepinioni-
1904 4619 1960 4680 ι)
1989 4613 2064 4667 cit
2086 4625 2239 4680 aquo
2264 4619 2317 4665 et
2341 4607 2610 4679 quomodo
2660 4622 2725 4664 ea
2756 4607 2843 4664 lex
2887 4607 3105 4665 condita
3156 4606 3317 4665 fuerit
3339 4623 3355 4663 :
3377 4604 3582 4662 sufficit

283 4689 385 4745 bus
413 4698 468 4745 et
495 4689 769 4747 erroribus
802 4690 870 4747 de
898 4693 992 4748 Dei
1044 4705 1263 4765 natura,
1293 4697 1550 4768 qualitate
1589 4708 1643 4753 et
1700 4700 1884 4775 ιιι-ογί-

283 4782 496 4851 dentia;
527 4783 595 4840 de
620 4784 802 4840 mundi
845 4787 1141 4853 creatione,
1171 4799 1226 4844 et
1262 4787 1649 4858 diuturnitate;
1680 4791 1749 4848 de
1780 4790 1884 4847 hu-

1987 4716 2118 4757 sane
2147 4709 2204 4756 ut
2228 4700 2344 4771 ejus
2365 4700 2521 4770 jussu
2551 4700 2747 4770 reiecta
2777 4701 2848 4757 sit
2893 4701 3250 4773 philosophia.

2058 4793 2222 4850 Nobis
2243 4802 2420 4849 autem
2449 4796 2517 4849 A.
2568 4792 2775 4868 Gellius
2800 4795 3020 4851 exhibet
3044 4794 3193 4861 illud,
3225 4804 3385 4866 atque
3409 4793 3573 4851 etiam

284 4892 456 4933 mana:
498 4878 690 4934 animae
721 4887 934 4946 natura,
964 4894 1127 4951 quam
1173 4882 1267 4937 alii
1326 4883 1727 4954 incorporeum,
1752 4885 1889 4941 divi-
1989 4887 2134 4945 aliud
2175 4887 2722 4955 senatusconsultum,
2752 4887 3009 4959 additque
3055 4890 3277 4944 tertium
3330 4902 3361 4942 a
3393 4886 3582 4943 Domi-

285 4985 426 5033 nam,
460 4979 516 5027 et
539 4978 817 5039 aeternam,
841 4971 931 5027 alii
960 4972 1329 5029 dissolubilcm
1363 4984 1417 5030 et
1437 4990 1757 5047 corpoream
1797 4993 1886 5033 es-

284 5074 345 5117 se
373 5063 784 5132 arbitrabantur,
817 5073 977 5137 atque
1002 5067 1070 5123 de
1091 5066 1236 5122 illius
1271 5076 1392 5136 post
1418 5070 1670 5139 corporis
1697 5070 1884 5127 interi-

288 5161 399 5209 tum
431 5162 588 5222 statu,
615 5157 808 5227 ptenis,
851 5167 907 5214 et
955 5159 1210 5230 praemiis.
1241 5157 1453 5216 Omnes
1496 5170 1678 5217 autem
1705 5163 1884 5219 varias

287 5244 449 5302 hasce
494 5246 706 5303 illorum
749 5250 1032 5320 Opiniones
1060 5251 1186 5308 alibi
1231 5253 1630 5309 enueleavimus
1668 5271 1732 5311 ac
1765 5254 1880 5311 dis-

285 5339 551 5395 cussimus
584 5340 603 5410 (
632 5338 791 5414 Supr.
822 5360 936 5415 cap.
988 5345 1022 5401 5
1047 5387 1062 5412 ,
1112 5354 1215 5402 art.
1242 5344 1297 5414 4,
1328 5355 1375 5400 et
1400 5362 1515 5418 cap.
1537 5346 1569 5401 9
1593 5388 1608 5413 ,
1636 5354 1738 5402 art.
1782 5348 1805 5403 l
1836 5356 1882 5403 et

285 5448 448 5506 seqq.;
477 5433 745 5492 Dissertat.
796 5438 850 5493 in
871 5437 1133 5508 Lactant.,
1177 5456 1293 5511 cap.
1315 5441 1403 5505 l2,
1431 5450 1531 5495 art.
1566 5442 1593 5497 1
1642 5451 1689 5496 et
1713 5458 1880 5515 seqq.;

285 5543 402 5598 cap.
426 5527 517 5595 14,
544 5538 645 5583 art.
674 5530 700 5587 1
729 5539 774 5583 et
801 5529 837 5584 2
864 5539 911 5592 et
937 5548 1101 5603 seqq.;
1128 5541 1175 5587 et
1202 5548 1318 5605 cap.
1340 5532 1434 5603 23,
1485 5544 1588 5590 art.
1620 5533 1647 5591 1
1679 5545 1726 5590 et
1749 5551 1880 5608 seq.;

285 5629 333 5676 et
361 5637 478 5691 cap.
502 5621 595 5692 28,
618 5632 720 5681 art.
752 5624 787 5680 4
808 5633 854 5679 et
884 5623 962 5696 6).

354 5712 538 5787 Neque
564 5715 618 5772 in
647 5715 755 5776 hoc
781 5727 984 5775 tantum
1010 5718 1346 5791 apologetico
1371 5720 1582 5780 Auctor
1603 5732 1788 5781 noster
1808 5723 1880 5780 ita

285 5806 543 5867 adversus
562 5808 909 5885 philos0phos
935 5812 1161 5887 gentiles
1178 5811 1433 5886 disputat,
1467 5817 1563 5876 sed
1589 5817 1644 5876 in
1667 5833 1879 5877 secun-

1992 4979 2136 5035 tiano
2164 4980 2458 5050 imperante
2478 4980 2842 5046 censtitutum,
2874 4996 2982 5051 quo
3007 4977 3317 5049 philosophi
3354 4994 3462 5034 non
3488 4993 3579 5033 so-

1988 5072 2097 5128 lum
2126 5071 2318 5141 Roma,
2359 5071 2453 5127 sed
2482 5071 2631 5127 Italia
2677 5088 2892 5143 quoque
2924 5071 3193 5127 interdicti
3222 5080 3368 5140 sunt,
3417 5079 3579 5143 atque

1987 5164 2189 5222 idcirco
2238 5166 2536 5237 Epictetum
2567 5166 2689 5224 inde
2716 5165 3082 5223 Nicomediam
3112 5166 3409 5223 secessisse
3435 5164 3574 5239 (Gel.

1986 5258 2075 5315 lib.
2098 5257 2216 5314 XV.
2238 5257 2397 5315 Noct.
2425 5260 2533 5314 Att.
2558 5276 2674 5330 cap.
2700 5261 2810 5331 14).
2835 5259 3158 5315 Mentionem
3173 5274 3387 5331 quoque
3421 5258 3580 5331 hujus

1985 5352 2146 5410 edicti
2171 5353 2459 5410 Suetonius
2478 5352 2876 5426 facit(Sueton.,
2898 5353 2987 5409 lib.
3014 5351 3128 5410 Vlll
3144 5354 3196 5409 in
3227 5350 3330 5409 Vit.
3358 5349 3582 5421 Domit.,

1989 5444 2019 5519 ᾗ
2049 5446 2160 5518 10).
2193 5446 2300 5504 Sed
2324 5447 2676 5503 Philostratus
2700 5446 2906 5503 addidit
2934 5455 3141 5503 tantum
3170 5455 3435 5504 terrorem
3460 5446 3584 5504 inde

1985 5541 2258 5597 incussum
2285 5540 2651 5612 philosophis,
2694 5548 2752 5597 ut
2790 5550 2995 5598 mutato
3023 5540 3230 5609 habitu,
3253 5541 3345 5598 alii
3372 5541 3425 5596 in
3455 5540 3583 5597 Ilis-

1982 5634 2218 5705 paniam,
2238 5634 2326 5689 alii
2352 5634 2405 5690 in
2433 5634 2617 5707 Libyae
2643 5643 2700 5692 et
2719 5636 2954 5709 Scythiae
2982 5636 3193 5695 deserta
3212 5636 3576 5708 confugerint,

1982 5725 2070 5782 alii
2098 5727 2398 5783 Domitiano
2438 5741 2560 5785 sese
2586 5727 2927 5800 adjunxerint
2950 5729 3215 5786 scelerum
3233 5728 3580 5787 consiliarios

1983 5816 2349 5892 (Paeonian,
2374 5819 2462 5877 tib.
2481 5817 2595 5891 vn,
2620 5819 2684 5877 de
2712 5819 2810 5878 vn.
2833 5821 3033 5897 Apoll.,
3072 5839 3130 5897 ρ.
3152 5820 3306 5897 877).
3328 5820 3572 5896 Denique
3602 5806 3615 5815 “
