4092 6352
551 316 654 376 951

1627 306 1698 365 ΙΝ
1733 298 2203 365 TERTULLIANI
2237 296 2767 362 APOLOGE'I‘ICUM

3758 300 3876 363 932

551 442 612 491 ut
634 433 782 505 plura
818 438 1107 493 taceamus,
1152 423 1281 483 alibi
1329 423 1810 483 animadvertimus
1868 421 2060 478 litteris
2112 437 2140 476 a
2170 423 2225 484 Α
2250 428 2356 475 tem
2385 420 2588 476 Auctor
2617 427 2802 475 noster
2835 413 3031 474 dixerit
3063 416 3347 485 lutulentis,
3384 416 3499 476 sive
3535 420 3865 495 mulcatis,

551 529 828 585 Clemente
850 519 1213 580 Alexandrino
1242 518 1553 577 mandatum
1585 519 1745 575 toties
1774 532 2003 591 graecam
2028 515 2145 588 phi-

550 620 849 693 loSOphiam
883 616 1125 688 periisse,
1152 617 1362 688 quoties
1389 631 1418 671 a
1446 612 1846 687 magistratibus
1878 610 2143 683 prohibita

2251 521 2363 582 aut,
2410 523 2467 569 ut
2484 513 2558 569 ait
2590 512 2949 586 Hieronymus
2976 554 2993 581 ,
3040 513 3232 582 lutatis,
3288 529 3384 571 seu
3470 515 3589 573 luto
3635 517 3865 578 infectis

2252 607 2481 679 pedibus,
2550 605 2736 665 audies
2777 621 2845 664 ex
2895 605 3087 666 eodem
3132 606 3347 664 Laertio
3397 607 3588 666 ductos
3633 611 3710 667 ab
3758 612 3864 670 hoc

548 714 645 770 fuit
668 712 841 784 (Tom.
880 710 904 766 Ι
960 711 1238 782 Apparat.,
1269 726 1390 782 pag.
1421 706 1576 778 825).
1632 705 1900 765 Cancrum
1951 703 2153 779 meritq
2254 701 2487 774 Diogene
2530 699 2821 771 discipulos
2871 702 2987 758 sine
3013 701 3207 759 calceis
3234 707 3573 773 ἀνυποδήτους,
3605 720 3736 763 cum
3771 706 3863 765 ille

549 802 853 876 philosophi
914 801 1078 858 hasce
1125 816 1311 873 pinnas
1342 809 1623 872 propterea
1660 796 1950 860 dederunt,
1998 792 2143 867 quod

547 897 779 972 aguitam
800 895 1078 953 veritatem
1120 893 1563 962 adulteraveriut,
1604 907 1666 947 ac
1716 894 1779 945 de
1825 890 2051 959 veritate,
2084 899 2143 945 ut

544 993 620 1046 ait
650 989 1030 1056 Tertullianus,
1053 984 1441 1059 disputaverint
1470 994 1647 1040 contra
1685 983 1943 1039 ueritatem
1969 984 1987 1052 (
2010 978 2139 1036 Ter-

545 1083 752 1139 tullian.
787 1081 1082 1154 Apologet.,
1116 1096 1232 1152 cap.
1279 1078 1371 1147 46,
1402 1096 1520 1150 pag.
1550 1077 1701 1150 500).
1725 1073 1831 1133 Sed
1871 1075 1924 1131 in
1955 1083 2027 1131 tot
2056 1090 2144 1130 er-

545 1194 729 1233 rorum
778 1176 1030 1249 abyssum
1060 1188 1155 1230 eos
1206 1171 1561 1245 prmcipitavit
1587 1185 1728 1227 caeca
1755 1167 2003 1225 humanae
2028 1167 2141 1241 glo-

541 1270 637 1326 ria:
682 1277 737 1326 et
761 1284 908 1323 aurte
936 1265 1210 1339 popularis
1236 1264 1521 1335 cupiditas,
1554 1279 1616 1319 ac
1664 1261 1848 1318 libido.

611 1363 816 1420 Verum
848 1360 1172 1428 Christiani,
1203 1361 1397 1432 spretis
1438 1358 1711 1413 hominum
1745 1356 2009 1423 laudibus,
2042 1372 2137 1413 ve-

539 1458 754 1515 ritatem
783 1457 835 1510 in
876 1454 1041 1511 sacris
1070 1452 1361 1523 Scripturis
1395 1450 1663 1516 traditam,
1689 1446 2013 1515 necessario,
2057 1448 2137 1504 in-

540 1550 654 1621 quit
682 1547 1065 1612 Tertullianns,
1114 1554 1362 1617 appetunt
1393 1554 1439 1599 et
1468 1548 1660 1616 integre
1686 1552 1905 1610 servant,
1948 1551 2001 1597 ut
2050 1542 2139 1611 qui

537 1642 692 1699 saluti
748 1658 855 1697 sine
881 1650 1062 1697 curant
1095 1638 1305 1711 (lbid.).
1337 1640 1513 1710 Atque
1543 1636 1667 1693 inde
1698 1636 1961 1692 adversus
1990 1650 2137 1691 com-

540 1735 764 1807 pellatos
806 1752 833 1787 a
857 1749 915 1790 se
939 1732 1171 1805 gentiles
1195 1732 1295 1786 rite
1322 1730 1595 1787 concludit
1629 1748 1641 1784 :
1669 1728 1851 1799 Neque
1880 1731 1942 1783 de
1979 1729 2136 1784 scien-

2251 803 2441 868 γυμναῖς
2468 800 2579 853 nec}
2610 800 2746 868 χιόνα
2781 802 2948 854 iniret
2985 798 3136 853 nudis
3165 799 3373 870 pedibus
3400 800 3564 856 nivem
3598 802 3859 859 calcabat.

2250 889 2506 957 Quamvis
2519 905 2645 961 ergo
2669 897 2867 946 tantam
2887 899 3252 962 paupertatem
3277 892 3452 964 palam
3481 893 3857 966 proﬁteretur,

2246 1001 2354 1040 non
2421 986 2598 1041 minus
2645 994 2823 1042 tamen
2865 998 3023 1058 quam
3083 987 3235 1046 dives
3281 987 3434 1046 Plato
3483 991 3758 1063 superbia:
3806 1003 3860 1049 et

2247 1079 2567 1149 arrogantia:
2593 1078 2724 1134 vitio
2763 1078 2979 1135 inﬂatus
3015 1090 3149 1137 erat.

2316 1169 2574 1242 Superbis
2606 1170 2786 1242 itaque
2828 1170 2936 1227 illis
2964 1171 3299 1245 philosophis
3337 1172 3710 1233 Tertttlli‘anus
3749 1178 3857 1236 rite

2243 1262 2467 1334 opponit
2507 1261 2892 1333 Christianum,
2945 1265 3035 1336 qui
3073 1282 3164 1321 nec
3218 1266 3273 1321 in
3328 1284 3625 1339 pauperem,
3676 1272 3854 1328 multo

2242 1354 2420 1410 minus
2450 1356 2502 1409 in
2532 1355 2748 1411 divitem
2776 1356 3000 1428 superbit
3027 1355 3382 1429 (Tertullian.,
3422 1361 3695 1435 Apologet,
3731 1382 3849 1438 cap.

2241 1447 2331 1513 46,
2390 1464 2508 1519 pag.
2542 1447 2668 1504 500.
2710 1446 2847 1504 Ibid.
2876 1466 2992 1521 cap.
3015 1448 3108 1518 25,
3149 1468 3269 1523 pag.
3325 1451 3478 1525 422).
3525 1452 3850 1515 Christianis

2241 1542 2559 1611 enimvero,
2614 1541 2959 1599 fraternitatis
3016 1544 3251 1611 vinculo,
3284 1556 3340 1601 ut
3386 1562 3547 1621 supra
3595 1551 3851 1607 animad-

2241 1635 2519 1705 vertimus,
2587 1644 2641 1693 et
2692 1638 2992 1695 sanctitatis
3040 1640 3232 1712 spiritu
3276 1641 3601 1712 conjunctis,
3662 1644 3846 1704 omnia

2245 1736 2444 1798 praeter
2483 1745 2698 1797 uxores,
2748 1733 3056 1789 communia
3105 1742 3276 1802 erant,
3308 1734 3563 1810 nullaque
3581 1735 3652 1794 de
3678 1752 3845 1811 supe«

537 1830 629 1891 tia,
655 1844 813 1900 neque
854 1828 918 1881 de
947 1824 1245 1897 disciplina,
1286 1834 1341 1879 ut
1380 1825 1592 1896 putatis,
1625 1839 1883 1895 aequamur
1923 1820 2133 1897 (Ibid).
2166 1834 2213 1895 Β
2242 1824 2384 1878 riore
2412 1824 2579 1895 gradu
2619 1835 2710 1880 aut
2747 1824 3010 1897 dignitate
3037 1827 3332 1884 contentio.

536 1918 688 1975 Nulla
723 1920 882 1990 igitur
908 1916 1079 1990 magis
1106 1916 1386 1987 inmqualis
1413 1931 1477 1971 ac
1507 1925 1833 1987 prtepostera
1863 1910 2134 1987 c’ompara-

538 2011 611 2066 tio
639 2011 706 2066 ab
729 2010 960 2067 ethnicis
984 2009 1100 2066 ﬁeri
1124 2009 1331 2082 potuit,
1363 2024 1521 2080 quam
1554 2021 1809 2080 utrosque
1827 2006 2047 2063 scientia
2081 2016 2135 2062 et

534 2102 816 2175 disciplina
841 2102 1199 2174 adaequando.
1230 2100 1413 2173 Neque
1439 2100 1631 2171 potiori
1649 2100 1770 2171 jure
1787 2098 2134 2156 venditabant

533 2197 769 2266 arquales
800 2210 1065 2267 paresque
1096 2208 1221 2251 esse
1272 2193 1409 2249 alias
1448 2193 1661 2249 illorum
1708 2193 1955 2261 virtutes,
1989 2192 2132 2264 quod

527 2290 639 2362 jam
675 2305 797 2346 cum
829 2288 1160 2345 Tertulliano
1190 2295 1376 2343 nostro
1403 2294 1487 2343 est
1515 2284 1946 2358 espendendum.

1112 2395 1410 2437 ARTICULUS
1461 2395 1539 2435 III.

534 2475 701 2543 Quam
721 2483 1029 2547 prwpostere
1068 2473 1281 2547 gentiles
1307 2471 1653 2527 contenderim
1676 2486 1852 2542 parem
1879 2484 1986 2525 esse
2013 2469 2131 2541 phi-

600 2567 929 2639 losophorum
950 2582 1158 2621 suorum
1187 2575 1338 2637 atque
1354 2562 1765 2619 Christianorum
1784 2561 2126 2633 probitatem,

601 2668 778 2714 contra
807 2675 960 2728 quam
1004 2656 1253 2729 Diogenes
1278 2653 1569 2728 superbiam
1613 2652 1850 2709 Platonis
1895 2654 1999 2708 alia
2038 2670 2127 2708 suo

597 2752 775 2823 perbia
825 2750 1138 2807 c‘onculcavit
1167 2767 1186 2805 .'
1223 2767 1474 2805 summam
1513 2750 1670 2820 fuisse
1722 2748 2125 2804 Christianorum

600 2845 941 2911 modestiam,
963 2856 1140 2899 contra
1164 2861 1316 2916 quam
1336 2842 1667 2916 Pythagoras
1690 2853 1734 2898 et
1752 2841 1929 2897 Zenon
1948 2851 2126 2913 tyran-

599 2940 766 2996 nidem
794 2941 1196 3012 affectaverant;
1248 2936 1526 2993 maximam
1576 2937 1733 3009 fuisse
1757 2936 1921 2991 animi
1969 2937 2123 2991 chri-

597 3036 877 3091 stianorum
903 3032 1232 3104 mquitatem,
1261 3042 1439 3085 contra
1479 3046 1632 3101 quam
1671 3026 1943 3100 Lycurgus
1990 3045 2122 3098 apo-

593 3127 881 3211 carteresin:
906 3123 1138 3196 optavit;
1183 3132 1435 3178 servatam
1464 3120 1642 3177 sedulo
1672 3137 1704 3175 a
1733 3120 2024 3175 christianis
2049 3120 2117 3189 [i-

2312 1915 2515 1973 Dehinc
2548 1934 2673 1974 vero
2696 1918 2739 1973 si
2789 1930 2998 1991 agatur,
3050 1921 3222 1992 inquit
3259 1920 3629 1989 Tertullianus
3673 1923 3839 1996 (Ibid.

2237 2026 2353 2079 cap.
2387 2009 2478 2078 46,
2524 2028 2644 2082 pag.
2679 2010 2832 2083 500),
2868 2012 2931 2067 de
2958 2011 3223 2082 modestia,
3273 2030 3394 2086 qua:
3449 2015 3502 2071 in
3541 2014 3727 2073 animo
3764 2027 3845 2074 est

2236 2100 2523 2156 continens
2548 2102 2845 2159 moderatio
2873 2103 3246 2175 cupiditatum,
3283 2106 3424 2162 nulla
3455 2124 3587 2164 sane
3618 2102 3828 2166 in'stitui

2238 2202 2412 2263 potest
2439 2192 2772 2251 Christianos
2805 2197 2957 2253 inlcr
2983 2204 3035 2253 et
3059 2198 3285 2269 gentiles
3315 2203 3669 2272 comparatio.
3698 2202 3831 2258 Nam

2236 2284 2582 2360 Pythagoras,
2635 2290 2707 2344 uti
2742 2289 2835 2346 ille
2882 2291 2975 2354 ait,
3023 2292 3164 2361 apud
3193 2291 3431 2362 Thurios,
3473 2292 3649 2350 Zenon
3702 2295 3840 2368 apud

2236 2378 2574 2437 Priennenses
2618 2383 2941 2455 tyrannidem
2984 2383 3247 2453 affectant.
3301 2386 3520 2444 Litteris
3567 2389 3771 2462 quippe
3808 2406 3839 2448 a

2237 2472 2453 2530 Laertio
2503 2475 2771 2546 proditum
2823 2477 3051 2549 legimus
3090 2476 3364 2536 incensam
3424 2480 3453 2536 it
3509 2479 3838 2540 Crotoniatis

2241 2564 2451 2623 Milonis
2478 2567 2718 2637 domum,
2751 2570 2840 2626 ubi
2870 2579 2995 2627 tunc
3012 2580 3129 2628 erat
3153 2571 3486 2646 Pythagoras
3506 2618 3521 2645 ,
3570 2582 3835 2649 τυραννίδες

2235 2666 2438 2716 ἐπίθεσιν
2484 2666 2812 2735 εὗλαϐοὗμενοι
2836 2707 2850 2729 ,
2886 2662 3014 2720 Cum
3044 2666 3153 2737 ejus
3200 2668 3520 2738 tyrannidem
3562 2677 3835 2726 metuerent

2240 2751 2434 2825 (Laert.
2466 2754 2555 2809 lib.
2574 2754 2714 2823 VIII,
2746 2757 2798 2811 in
2821 2757 2906 2811 vit.
2937 2755 3161 2830 Pythag.
3193 2757 3355 2832 §58).
3384 2759 3614 2817 Excitali
3652 2771 3833 2819 autem

2231 2844 2388 2917 hujus
2442 2847 2694 2915 incendii,
2742 2864 2851 2920 quo
2875 2850 3054 2906 vivum
3083 2851 3442 2925 Pythagoram
3492 2854 3649 2911 exuri
3687 2856 3831 2912 vole-

2231 2939 2379 3003 bant,
2422 2955 2487 2995 ac
2509 2940 2639 2996 belli
2666 2941 2763 3012 ipsi
2795 2941 3181 3015 discipulisque
3206 2945 3321 3017 ejus
3343 2945 3479 3002 illati
3504 2949 3830 3004 mentionem

2228 3029 2448 3086 Tzelzes
2477 3042 2530 3087 et
2558 3031 2843 3090 [:unblicus
2857 3033 3035 3092 fecere
3063 3036 3487 3106 (Tzetz.chiliad.
3522 3040 3611 3096 11.
3644 3057 3699 3097 v.
3738 3036 3824 3097 67.

2228 3132 2276 3180 et
2303 3138 2438 3197 seqq.
2471 3124 2660 3181 lambl.
2689 3129 2742 3182 in
2765 3127 2851 3182 vlt.
2885 3127 3113 3202 Pythag.
3147 3148 3265 3204 cap.
3296 3133 3386 3201 55,
3418 3145 3540 3190 tom.
3576 3136 3628 3202 Ι,
3656 3135 3829 3208 Appa-

596 3218 730 3286 tlem,
756 3227 935 3273 contra
973 3232 1126 3288 quam
1155 3214 1489 3288 Anaxagoras
1517 3213 1713 3285 negavit
1735 3212 2014 3285 hospitibus
2035 3212 2124 3268 de-
2149 3236 2195 3300 ρ
2225 3227 2327 3271 rat.
2358 3232 2476 3289 pag.
2517 3218 2654 3275 1246
2695 3230 2743 3276 et
2781 3222 2966 3295 seqq.).
2988 3222 3258 3291 Quorsum
3297 3241 3428 3298 ergo
3457 3226 3586 3283 illud
3642 3228 3824 3285 incen-

593 3315 855 3386 positum;
884 3313 1068 3367 mirant
1095 3310 1253 3382 fuisse
1293 3309 1688 3365 christianorum
1718 3307 2120 3378 simplicitatem,

594 3418 771 3463 contra
790 3423 941 3479 quant
960 3404 1258 3460 Aristoteles
1279 3420 1309 3459 a
1334 3402 1445 3457 loco
1471 3417 1561 3457 suo
1584 3400 1793 3455 dimovit
1823 3398 2118 3466 IIermiam,

593 3511 641 3559 et
669 3502 909 3557 adulatus
948 3510 1020 3556 est
1060 3497 1358 3554 Alexandro
1400 3496 1621 3568 Magno,
1652 3506 1804 3568 atque
1829 3495 2121 3567 Aristippus

590 3596 644 3651 in
666 3612 899 3668 purpura
928 3594 1365 3664 nepotabatur,‘et
1401 3589 1626 3662 Hippias
1669 3590 1859 3644 civitati
1905 3589 2122 3645 insidias

590 3690 811 3762 paravit.

592 3784 672 3839 Ad
713 3781 944 3838 moralcs
985 3781 1117 3837 alias
1143 3779 1577 3837 Christianorum
1621 3784 1781 3848 atque
1839 3775 2116 3846 gentilium

520 3878 750 3932 virtutes
779 3873 826 3928 si
849 3885 1031 3930 nostro
1053 3889 1176 3928 cum
1212 3871 1547 3928 Tertulliano
1598 3878 1954 3938 transeamus,
2011 3884 2119 3925 non

518 3970 698 4026 minus
738 3965 976 4038 profecto
1028 3965 1324 4021 discrimen
1369 3963 1509 4019 inter
1547 3961 1686 4028 illas,
1743 3976 1902 4032 quam
1956 3977 2119 4034 supra

516 4068 864 4125 memoratas,
912 4056 1318 4129 deprehendere
1347 4062 1450 4111 est.
1476 4053 1531 4111 Si
1556 4054 1619 4108 de
1644 4053 1895 4124 probitate
1939 4054 2117 4109 enim-

516 4169 664 4220 vero,
696 4153 834 4207 sicut
862 4150 951 4206 ille
983 4149 1129 4219 loqui
1180 4155 1358 4213 amat,
1413 4161 1510 4202 seu
1551 4160 1759 4200 morum
1790 4143 2115 4215 integritate,

525 4245 604 4301 vel
636 4242 1090 4316 quemadmodum
1126 4241 1287 4313 vulgo
1317 4240 1546 4307 dicitur,
1579 4236 1648 4295 de
1672 4237 1989 4294 humilitatis
2020 4239 2119 4293 vir-

519 4349 631 4396 tute
657 4348 894 4394 certetur
920 4338 1062 4393 inter
1079 4337 1312 4408 gentiles
1342 4345 1397 4391 et
1413 4331 1759 4398 christianos,
1788 4324 1921 4400 ecce,
1944 4332 2119 4404 inquit

512 4435 626 4504 ille,
650 4431 932 4500 lutulentis,
958 4432 1042 4488 vel
1071 4433 1213 4489 sicut
1242 4430 1367 4486 alibi
1408 4428 1645 4500 scripsit,
1684 4425 1983 4482 ctenulentis
2026 4441 2118 4497 pe-

511 4531 660 4585 dibus
700 4527 948 4600 Diogenes
991 4526 1234 4597 superbos
1264 4523 1499 4579 Platonis
1553 4532 1693 4577 toros
1721 4521 1826 4576 alia
1877 4518 2117 4591 superbia

511 4623 741 4678 deculcat
795 4620 1144 4694 (Tertullian,
1181 4619 1470 4690 Apologet.,
1495 4614 1719 4687 «th6,
1752 4631 1873 4687 pag.
1909 4613 2033 4681 500,
2069 4620 2117 4669 et

513 4717 600 4772 lib.
628 4715 691 4770 de
718 4714 888 4779 Pall.,
919 4730 1035 4785 cap.
1068 4713 1148 4782 4).
1183 4709 1378 4767 Nonne
1416 4719 1597 4764 autem
1632 4707 1992 4779 Hieronymus
2043 4705 2112 4762 ad

511 4813 656 4867 hunc
694 4807 1012 4865 Tertulliani
1058 4805 1233 4861 locum
1265 4802 1588 4859 collineasse
1623 4799 1855 4867 videtur,
1888 4799 1975 4854 ubi
2003 4797 2113 4855 aie—
2215 4816 2448 4862 raverat,
2500 4805 2857 4864 Philostratus
2884 4821 3012 4865 vero
3058 4827 3070 4863 ε

512 4904 604 4959 bat
633 4902 921 4974 Diogenem
966 4898 1150 4954 lulatis
1192 4895 1422 4969 pedibus
1458 4892 1821 4964 conculcasse
1873 4890 2113 4947 Platonis

511 4996 691 5053 divitis
710 4992 1236 5069 loros(Hieronym.,
1260 4990 1348 5045 lib.
1384 4987 1448 5055 ll,
1477 4988 1595 5043 adv.
1626 4986 1924 5042 Jauianian.
1946 5029 1960 5055 ,
1983 5000 2107 5058 pag.

510 5089 638 5148 205.
665 5106 681 5157 ;
710 5089 907 5155 Laert.,
937 5087 1025 5143 lib.
1059 5083 1125 5141 VI
1154 5085 1208 5141 in
1236 5084 1326 5140 vit.
1360 5081 1608 5153 Diogem,
1643 5079 1670 5152 §
1695 5078 1831 5152 26)?
1854 5079 1960 5135 Sed
1988 5087 2114 5136 ante

511 5196 800 5255 utrumque
836 5180 1084 5238 Laertius
1128 5188 1311 5235 narrat
1358 5177 1651 5249 Diogenem
1700 5173 1825 5229 dum
1875 5172 2114 5229 Platonis

510 5282 767 5349 στρώματα.
795 5274 1046 5340 calcaret,
1072 5272 1276 5329 dixisse
1305 5281 1450 5327 πατῶ
1474 5279 1561 5327 τὶν
1586 5272 1831 5328 Πλάτωνος
1857 5289 2111 5322 κενοσπιυ-

513 5374 638 5435 δίαν,
681 5365 833 5424 Calco
866 5364 1102 5420 Platonis
1120 5366 1271 5420 inane
1295 5362 1542 5431 studium,
1576 5360 1782 5432 ipsique
1832 5356 2109 5414 Platonem

508 5461 852 5533 respondisse
881 5478 892 5513 :
919 5448 1043 5516 όσιῦ
1078 5465 1161 5516 τιοῧ
1188 5461 1333 5529 τΰρου
1359 5460 1642 5528 διαφαίνεις,
1686 5452 1830 5513 duitas
1854 5462 1928 5521 μῆ
1972 5476 2109 5509 τετυ-

508 5562 707 5628 possunt
739 5574 753 5611 :
793 5552 1053 5621 Quantum
1083 5553 1270 5625 fastum
1299 5548 1550 5618 ostendis,
1592 5548 1678 5620 qui
1736 5546 1876 5602 nullo
1922 5555 2114 5602 tumere

508 5650 647 5723 {astu
672 5650 829 5706 videri
857 5649 1039 5720 cupis!
1067 5655 1158 5704 aut
1182 5654 1238 5701 ut
1267 5645 1356 5701 alii
1384 5644 1580 5710 ferunt,
1621 5640 1754 5698 dixit
1799 5640 2064 5711 Diogenes
2093 5652 2107 5694 :

510 5762 644 5803 πατῶ
679 5752 759 5802 τὸν
794 5749 1041 5804 Πλάτωνος
1091 5742 1249 5813 τύρων,
1278 5736 1429 5793 Colca
1460 5734 1697 5792 Platonis
1743 5739 1978 5809 fastum;
2023 5731 2110 5791 cui

507 5834 660 5896 Plato
679 5833 954 5909 respondit
982 5852 995 5892 :
1022 5840 1160 5905 ἕτέρῳ
1185 5854 1239 5906 γε
1255 5836 1401 5904 τὺρῳ,
1428 5828 1518 5887 sed
1541 5828 1648 5885 alio
1703 5830 1861 5885 ἰδίω.
1889 5825 1987 5886 Cui
2013 5839 2109 5885 au-

2226 3309 2373 3367 dium
2398 3323 2453 3369 et
2474 3314 2694 3383 bellum,
2726 3316 2827 3372 nisi
2854 3317 2980 3389 quia
3020 3335 3110 3389 res
3152 3336 3341 3387 novas,
3384 3338 3448 3380 ac
3489 3322 3824 3397 tyrannidem

2228 3422 2490 3478 usurpare
2517 3409 2859 3479 moliebatur,
2891 3421 3003 3479 aut,
3030 3423 3089 3469 ut
3108 3415 3184 3470 ait
3206 3414 3478 3485 Laertius,
3505 3419 3604 3474 hoc
3629 3418 3744 3486 alii,
3762 3431 3824 3473 ne

2226 3496 2319 3554 ille
2347 3507 2594 3568 tentaret,
2641 3517 2829 3559 revera
2875 3503 3174 3562 timebant?
3213 3507 3331 3564 Jam
3363 3524 3491 3565 vero
3516 3508 3823 3566 observavi-

2227 3606 2345 3646 mus
2377 3591 2652 3650 Zenonem
2683 3594 2945 3664 Eleatem,
2974 3612 3095 3653 cum
3123 3615 3152 3654 a
3198 3611 3428 3673 tyranno
3456 3601 3710 3675 Demysio
3733 3617 3823 3659 seu

2223 3681 2473 3741 Nearcho
2500 3686 2565 3740 ad
2598 3702 2852 3743 arcanum
2884 3688 3097 3761 aliquod
3125 3690 3263 3746 haud
3294 3691 3455 3749 dubie
3495 3694 3821 3765 conjuratio-

2225 3775 2308 3830 nis
2328 3775 2661 3847 prodendum
2694 3781 3020 3837 cruciatibus
3044 3791 3398 3854 torqueretur,
3423 3785 3656 3856 linguam
3675 3799 3821 3842 suam

2224 3867 2474 3939 expuisse
2519 3869 2573 3924 in
2625 3880 2934 3942 tyrannum.
2962 3871 3130 3929 Nobis
3154 3874 3368 3945 quidem
3395 3890 3501 3930 non
3531 3877 3660 3933 latet
3689 3876 3820 3932 hanc

2223 3963 2386 4018 animi
2436 3961 2803 4021 fortitudinem
2862 3967 3188 4023 Anaxarcho
3237 3967 3269 4023 it
3318 3968 3661 4040 quibusdam,
3694 3980 3817 4042 puta

2222 4055 2419 4125 Plinio,
2446 4066 2501 4112 et
2523 4055 2736 4113 Valerio
2760 4058 3012 4128 Maximo,
3038 4060 3107 4116 ab
3136 4060 3255 4117 aliis
3278 4060 3619 4118 Diomedonti
3639 4062 3817 4120 tribui.

2223 4149 2330 4207 Sed
2360 4151 2538 4221 plures
2567 4152 2677 4221 alii,
2717 4167 2747 4207 a
2778 4153 3072 4210 nobisloco
3102 4156 3349 4226 proxime
3376 4165 3675 4213 memorato
3713 4157 3821 4213 lau-

2222 4243 2355 4312 dati,
2386 4258 2502 4299 eam
2549 4243 2754 4301 Zenoni
2794 4244 2967 4302 Eleati
3014 4245 3343 4303 adscribunt.
3400 4249 3481 4304 Ex
3528 4248 3595 4305 iis
3641 4259 3815 4306 autem

2220 4350 2367 4392 unus
2416 4344 2500 4394 est
2528 4335 2868 4405 Plutarchus,
2917 4342 3006 4412 qui
3061 4341 3374 4399 testificatur
3398 4342 3674 4401 Zenonem
3702 4344 3816 4400 Par-

2226 4431 2456 4489 menidis
2530 4442 2759 4508 γνώριπον
2805 4435 3114 4507 discipulum
3164 4434 3459 4508 (Plutarch.
3520 4435 3613 4493 lib:
3658 4432 3700 4505 l,
3753 4434 3817 4492 ad

2223 4525 2413 4593 Colot.,
2439 4544 2560 4601 pag.
2595 4527 2779 4602 1126),
2809 4529 2893 4586 vel
2914 4529 3076 4586 siculi
3105 4530 3245 4600 aliis,
3272 4540 3409 4588 teste
3430 4529 3668 4599 Laertio,
3695 4532 3806 4603 pla-

2221 4620 2351 4687 cuit,
2382 4630 2569 4676 natura
2597 4629 2691 4676 aut
2717 4621 3008 4694 adoptione
3037 4622 3230 4691 lilium,
3261 4624 3422 4680 tantis
3477 4626 3757 4681 tormentis
3780 4637 3809 4677 a

2220 4715 2474 4788 Demysio
2500 4722 2734 4788 tyranno
2784 4717 3172 4787 excruciatum,
3216 4716 3340 4789 quia
3371 4716 3590 4775 insidias
3620 4717 3699 4775 illi
3727 4733 3814 4791 pa-

3117 4817 3279 4872 Ζγξνων
3308 4815 3333 4864 ὃ
3356 4816 3588 4878 Eleis-nc,
3623 4810 3810 4882 inquit,

2216 4908 2303 4953 τὶν
2328 4902 2552 4971 Νεάρχου
2578 4907 2662 4957 τοῦ
2711 4906 2880 4957 Μύσοῦ
2932 4909 3218 4960 καταϐαλὼν
3264 4906 3537 4975 τυραννίδα,
3570 4912 3687 4970 ἥλω,
3735 4905 3811 4959 καὶ

2215 4997 2535 5064 στρεϐλωθεὶς,
2568 5003 2673 5057 τοὺς
2700 5006 2785 5068 μὲν
2814 5003 2985 5055 ἑαυτοῦ
3010 5002 3279 5069 ξυνωμότας
3309 5001 3662 5065 citrea-tmen“
3696 5004 3745 5055 οἳ
3766 5003 3812 5053 δι

2219 5092 2337 5152 ἦσαν
2355 5102 2420 5161 τῳ
2440 5095 2641 5163 τυρεὶννῳ
2657 5098 2875 5163 pasam,
2907 5094 3173 5149 διαϐάλλων
3198 5119 3389 5156 τουτους
3417 5102 3477 5156 ὣς
3504 5100 3807 5167 οὗβεϐιίους⁸

2220 5187 2263 5233 οἱ
2287 5190 2372 5249 μὲν
2399 5186 2458 5241 ὡς
2487 5179 2561 5235 ἔπ’
2589 5186 2780 5245 ἀληθέσι
2799 5198 2904 5243 ταῖς
2933 5186 3115 5245 αἰτίαις
3139 5188 3393 5241 sinebatur
3413 5191 3438 5241 ὃ
3459 5185 3502 5239 δ’
3518 5192 3730 5258 ἓλεῦθιρα
3753 5174 3837 5243 τὶ,

2217 5280 2393 5328 Mosam
2438 5283 2600 5345 ἤνοιγε,
2649 5285 2741 5329 τὶν
2781 5279 3034 5347 τυραννίδα
3085 5280 3190 5349 περὶ
3233 5283 3377 5351 ἑαυτῇ
3424 5286 3626 5351 apii)“.
3674 5276 3811 5334 Zeno

2217 5362 2419 5419 Eleates
2487 5363 2713 5420 Nearclti
2762 5365 2919 5438 Μυεὶὶ
2975 5368 3297 5440 tyrannidem
3351 5380 3569 5428 evertere
3594 5380 3811 5438 tentant,

2219 5456 2657 5527 deprehensusqne
2683 5498 2698 5525 ,
2768 5473 2883 5512 cum
2934 5460 3088 5515 variis
3153 5459 3423 5533 suppliciis
3476 5469 3807 5534 torqueretur,

2217 5548 2382 5603 socios
2450 5549 2819 5621 coniurationis
2860 5551 3068 5607 minime
3112 5553 3337 5624 prodidit
3390 5572 3410 5611 :
3449 5555 3539 5611 sed
3587 5572 3712 5628 quos
3732 5562 3808 5627 ty-

2216 5658 2380 5698 ranno
2402 5642 2677 5712 ﬁdissimos
2716 5655 2944 5714 noverat,
2981 5646 3342 5717 calumniatus,
3385 5658 3438 5703 ut
3476 5658 3635 5704 morte
3661 5649 3803 5704 dant-

2215 5744 2458 5792 narentur
2503 5732 2687 5803 e/fecit.
2726 5734 2850 5810 Ipse
2911 5748 3080 5795 autent
3138 5737 3360 5812 Mysiam
3422 5739 3668 5807 liberavit,
3727 5751 3807 5813 ty-

2212 5824 2479 5885 rannidem
2501 5824 2555 5884 in
2577 5842 2631 5886 se
2656 5827 2822 5902 ipsum
2836 5846 3008 5889 errare
3028 5831 3224 5905 faciens
3247 5829 3575 5907 (Philostrat.
3591 5829 3798 5903 lib.Vll,
