4092 6352
221 325 342 385 953

1346 319 1791 383 DISSERTATIO
1829 324 1894 382 D.
1930 319 2021 382 LE
2058 322 2368 386 NOURRY.

3424 325 3534 390 951

225 450 295 504 de
324 447 424 504 Vit.
453 446 650 517 Apott.,
685 461 797 517 cap.
831 447 882 514 l,
905 462 1029 518 pag.
1055 445 1201 519 320).
1225 443 1383 504 Cives
1407 448 1572 514 enim,
1597 445 1734 502 facto
1754 459 1840 502 re-

1950 446 2376 519 leasIrestitutum.
2398 446 2468 504 In
2487 453 2696 519 utroque
2722 446 2843 518 ﬁdei
2870 445 3160 518 ambiguum
3181 445 3296 502 vitta
3327 446 3532 518 pericu-

224 543 451 614 pentino
491 542 712 610 impetu,
751 540 891 595 sicut
940 542 1013 595 ait
1051 539 1318 607 Laertius,
1357 539 1623 610 lapidibus
1681 538 1830 594 illum

225 633 523 693 obruerunt
553 632 746 704 (Lacrt.
770 631 858 686 lib.
886 631 976 698 IX,
1004 633 1056 687 in
1085 633 1183 687 vita
1201 631 1443 698 Zenonis,
1471 630 1499 705 ᾗ
1522 631 1830 702 27).Adda-

227 743 354 783 mus
403 729 501 782 hoc
530 728 674 782 latini
706 727 980 782 Ciceronis
1003 728 1370 784 testimonium
1398 746 1412 781 :
1453 726 1594 782 Zeno
1626 724 1832 781 Eleates

229 837 501 893 perpessus
527 831 602 876 est
630 822 802 876 omnia
843 821 1031 892 potius,
1059 838 1212 892 quam
1246 822 1474 876 conscios
1499 819 1728 875 delenda:
1750 829 1831 892 tg-

230 914 468 967 rannidis
494 914 756 969 indicaret.
798 913 938 968 Alibi
969 929 1097 970 vero
1113 915 1265 972 illum
1295 915 1612 985 simpliciter
1649 914 1704 968 in
1724 923 1832 968 tor-

233 1008 419 1062 mentis
461 1016 693 1061 necatum
733 1007 950 1063 tradidit
989 1006 1175 1078 (Cicer.
1204 1007 1292 1063 lib.
1335 1004 1381 1062 Il
1449 1005 1664 1062 Tuscul.
1711 1024 1829 1078 pag.

235 1098 362 1166 N6,
390 1097 482 1154 lin.
513 1099 548 1154 2
568 1108 612 1153 et
630 1099 718 1154 lib.
741 1099 884 1156 illde
901 1099 1092 1155 Natur.
1124 1101 1274 1157 Deor.
1302 1117 1422 1173 pag.
1444 1099 1568 1167 252,
1601 1101 1693 1154 lin.
1717 1099 1831 1170 28).

309 1190 414 1245 Sed
443 1191 564 1261 quia
613 1191 795 1262 plures
837 1191 1066 1248 Zenonis
1111 1193 1329 1249 nomine
1384 1192 1635 1263 appellati
1685 1201 1831 1260 sunt,

236 1298 346 1339 non
377 1284 596 1339 minima
636 1282 862 1340 forsitan
913 1284 1188 1340 dubitandi
1250 1286 1390 1340 ratio
1443 1294 1526 1340 est
1564 1293 1740 1340 utrum
1789 1284 1836 1340 is

237 1391 399 1446 quem
452 1376 810 1434 Tertullianus
850 1376 1120 1433 Zenonem
1176 1379 1494 1450 simpliciter
1539 1387 1832 1448 nuncupat,

237 1467 355 1538 ipse
381 1470 451 1524 sit
480 1469 660 1526 Zenon
681 1471 916 1538 Eleates,
943 1472 1030 1542 qui
1053 1471 1268 1542 quidem
1302 1487 1408 1527 non
1437 1472 1631 1528 dicitur
1675 1471 1836 1529 affec-

239 1573 405 1632 tasse,
455 1566 549 1620 sed
606 1564 840 1620 voluisse
885 1566 1060 1635 potius
1109 1565 1420 1622 subvertere
1479 1565 1833 1638 tyrannidem.

239 1653 440 1710 Verum
466 1656 785 1726 responderi
814 1657 1011 1728 poterit
1040 1655 1190 1712 illum
1212 1656 1339 1712 dum
1371 1656 1591 1712 insidias
1610 1666 1848 1729 tyranno

240 1748 539 1816 moliretur,
574 1758 684 1804 tum
713 1750 976 1820 cogitasse
1003 1749 1074 1805 de
1119 1763 1286 1822 regno
1327 1749 1468 1806 illius
1495 1750 1831 1821 occupando.

1935 547 2126 603 lumest
2153 543 2434 615 (Ambros,
2467 542 2555 597 lib.
2583 541 2707 598 llde
2725 542 2880 613 oﬂic.,
2915 559 3032 613 cap.
3059 540 3150 607 56,
3183 558 3302 612 pag.
3335 541 3437 600 105
3479 547 3526 598 et

1933 657 2037 710 seq.
2060 657 2119 695 ac
2141 640 2228 693 lib.
2260 637 2310 701 1,
2343 637 2407 692 de
2435 651 2621 690 excess.
2655 634 2832 705 Satyr.
2863 633 2965 706 §3,
3005 651 3120 706 pag.
3158 634 3344 705 HM).

2010 734 2296 797 Prmterea,
2329 731 2372 784 si
2397 729 2461 784 de
2486 728 2828 796 simplicitate,
2877 730 2949 782 ait
2979 727 3364 797 Tertullianus,
3410 745 3536 784 con-

1936 827 2129 889 sistam,
2161 833 2308 879 tanto
2358 822 2526 893 magis
2569 821 2623 876 in
2669 837 2786 876 eam
2819 829 3003 891 peccat
3043 821 3280 892 gentilis,
3331 830 3532 893 quanto

1938 919 2106 989 magis
2133 917 2460 974 Christianus
2483 915 2628 971 illam
2655 914 2868 986 assequi
2903 916 3151 971 conatur.
3177 915 3307 970 Nam
3338 915 3534 971 Aristo-

1937 1011 2055 1066 teles
2085 1009 2389 1082 familiarem
2416 1024 2564 1063 sttum
2596 1005 2860 1062 Hermian:
2890 1008 3102 1080 turpiter
3146 1006 3253 1062 loco
3297 1010 3536 1064 excedere

1938 1105 2055 1176 fecit
2107 1101 2437 1172 (Tertullian.
2488 1099 2779 1172 Apologet.,
2835 1116 2947 1170 cap.
2982 1098 3075 1166 46,
3133 1116 3251 1171 pag.
3283 1101 3430 1171 500).
3465 1103 3535 1156 At

1939 1195 2153 1252 Laerlio
2179 1195 2222 1248 si
2251 1193 2541 1259 credimus,
2575 1191 2818 1248 Hermias
2869 1191 2956 1246 ille
2996 1192 3274 1247 eunuchus
3317 1192 3431 1258 iuit,
3480 1203 3534 1248 et

1939 1291 2318 1346 Atarnensium
2375 1289 2484 1344 ilex
2533 1282 2770 1359 Ᾰταρνεων
2807 1292 3025 1359 τύραιησς
3076 1287 3291 1359 (Laert.
3341 1289 3428 1343 lib.
3462 1288 3530 1354 V,

1939 1388 1992 1440 in
2045 1387 2134 1440 vit.
2196 1385 2431 1448 Aristot.,
2486 1381 2514 1453 ᾗ
2565 1383 2644 1453 5),
2677 1382 2742 1436 ad
2769 1397 2929 1452 quem
2957 1397 3077 1435 cum
3107 1381 3422 1437 Aristoteles
3443 1397 3534 1438 ve-

1940 1480 2128 1544 nisset,
2172 1479 2312 1534 illius
2339 1477 2627 1533 amicitiam
2657 1476 2758 1531 sibi
2804 1477 2873 1530 ita
2903 1475 3228 1542 conciliavit,
3273 1486 3329 1530 ut
3369 1477 3538 1547 impe-

1941 1572 2159 1628 travcrit
2188 1570 2348 1625 ﬁliam
2372 1570 2509 1640 ejus.
2539 1570 2657 1625 sive
2701 1568 3078 1634 concubinam,
3121 1583 3279 1638 quam
3319 1567 3536 1623 adama-

1941 1663 2047 1727 bat,
2076 1663 2322 1718 dari’sibi
2354 1677 2596 1726 uxorem,
2641 1660 2778 1716 sicut
2806 1658 2933 1714 alibi
2961 1674 2989 1713 a
3038 1659 3192 1714 nobis
3217 1668 3532 1714 annotatum

1944 1759 2086 1828 (tom.
2119 1755 2140 1811 l
2171 1754 2442 1825 Apparat.,
2475 1768 2594 1824 pag.
2642 1749 2822 1822 1152).
2853 1750 2909 1805 ln
2926 1749 3282 1806 animiautem
3315 1750 3536 1805 omnino

239 1841 528 1913 Praeterea,
557 1858 676 1898 cum
706 1858 894 1914 magna
921 1844 1084 1900 fuerit
1107 1845 1175 1900 de
1205 1844 1362 1914 hujus
1407 1845 1639 1901 Zenonis
1662 1858 1835 1903 morte
1864 1851 1912 1911 Β
1941 1849 2077 1920 grati
2109 1845 2471 1903 testimonium
2502 1844 2820 1900 Aristoteles
2867 1841 3035 1898 fertur
3083 1841 3391 1898 immolasse
3419 1858 3538 1896 mu-

243 1935 554 2004 Opinionum
588 1937 837 2004 varietas,
857 1937 981 2007 quid
1009 1937 1204 1992 mirum
1231 1938 1274 1992 si
1302 1938 1682 2007 Tertullianus,
1703 1940 1836 1996 alios

241 2039 478 2096 secutus,
526 2030 794 2100 singulare
831 2031 1028 2102 aliquid
1051 2032 1123 2088 de‘
1145 2033 1246 2088 hoc
1269 2033 1485 2090 Zenone
1518 2033 1838 2090 tradiderit?

242 2111 508 2178 Czeterum
551 2126 594 2180 si
638 2119 760 2196 quis
786 2125 947 2181 alium
979 2127 1131 2182 nobis
1181 2127 1453 2184 Zenonem
1511 2130 1730 2197 indicet,
1784 2139 1840 2186 et

243 2218 443 2273 certius
469 2219 1132 2290 probaverittyrannidem
1177 2221 1244 2276 ab
1279 2222 1370 2280 illo
1415 2223 1581 2278 fuisse
1619 2223 1838 2278 allecta-

246 2322 374 2380 tam,
396 2328 582 2369 manus
613 2313 758 2370 illico
786 2315 1050 2371 dabimus.
1095 2316 1163 2372 At
1191 2315 1260 2373 de
1285 2315 1499 2373 Zenone
1535 2327 1717 2388 postea
1746 2317 1841 2374 ad-

245 2405 350 2461 huc
370 2407 657 2477 agendum.

316 2499 514 2554 Contra
541 2513 720 2555 autem
752 2499 1079 2556 christianus
1129 2499 1198 2555 ab
1241 2500 1329 2556 illa
1370 2501 1650 2573 regnandi,
1685 2511 1738 2558 et
1786 2502 1840 2558 in

246 2591 472 2646 aliorum
506 2605 669 2662 regna
695 2591 980 2648 invadendi
1010 2592 1302 2663 cupiditate
1323 2609 1418 2664 per
1446 2609 1603 2665 quam
1635 2592 1841 2664 longis-

247 2684 386 2739 sime
415 2685 597 2750 abest;
628 2693 680 2739 ut
710 2694 833 2754 pote
879 2685 967 2755 qui
997 2699 1097 2741 nec
1125 2684 1420 2752 edilitatem,
1455 2685 1528 2740 ait
1562 2685 1843 2740 Tertullia-

248 2791 372 2842 nus,
397 2775 501 2832 hoc
525 2785 628 2844 est,
663 2778 862 2833 nullum
892 2778 1280 2849 magistratum,
1319 2779 1520 2835 nullum
1573 2778 1841 2849 publicmn

249 2883 445 2924 munus
472 2868 694 2938 aﬂ‘ectat.
725 2870 917 2926 Αἰαίης
939 2883 1140 2941 autem,
1172 2881 1232 2927 ut
1271 2883 1392 2943 post
1422 2872 1716 2928 Varronem
1744 2887 1843 2927 an-

251 2961 628 3030 notatFestus,
656 2964 809 3019 initio
848 2965 1063 3036 quidem
1087 2965 1262 3020 dictus
1292 2976 1395 3031 est,
1426 2965 1514 3036 qtti
1543 2965 1844 3020 divinarum

253 3057 685 3128 privatarumque
731 3059 924 3114 aedium
959 3075 1141 3114 curam
1187 3060 1430 3130 gerebat.
1482 3059 1589 3116 Sed
1620 3060 1721 3116 hoc
1747 3077 1845 3116 no-

253 3165 374 3204 men
400 3149 466 3204 ad
492 3151 625 3206 alios
651 3152 994 3223 magistratus
1026 3163 1208 3223 postea
1241 3153 1561 3208 translatum
1591 3164 1672 3208 est
1699 3151 1847 3224 (Ter-

1942 1942 2077 2005 lieri,
2107 1957 2169 1994 ac
2192 1941 2240 1994 in
2273 1939 2414 1994 illius
2443 1949 2496 1994 et
2519 1938 2753 1993 Hermia:
2782 1937 3042 1992 honorem
3069 1936 3351 2006 scripsisse
3379 1934 3534 2008 hym-

1942 2042 2329 2104 num,propter
2354 2049 2512 2104 quem
2558 2032 2846 2103 impietatis
2870 2040 3152 2086 accusatus
3203 2040 3286 2087 est
3326 2031 3534 2104 (At/ten.

1942 2124 2030 2180 lib.
2059 2123 2177 2191 XV,
2210 2124 2474 2194 Deipnos.,
2505 2139 2619 2194 cap.
2677 2123 2764 2190 10,
2821 2140 2940 2195 pag.
2995 2122 3121 2189 696,
3177 2121 3328 2179 Suid.
3362 2123 3429 2177 ad
3457 2123 3538 2196 ν.)

1943 2219 2046 2275 Sed
2065 2235 2172 2290 quo
2195 2219 2306 2274 huic
2326 2219 2566 2290 pluribus
2585 2219 2810 2274 testibus
2838 2219 3252 2287 conﬁrmantur,
3285 2234 3351 2276 eo
3396 2219 3541 2275 (καί.

1942 2312 2100 2367 cilius
2133 2313 2355 2382 probatu
2383 2327 2479 2367 cur
2503 2321 2558 2366 et
2583 2310 2852 2382 quomodo
2906 2311 3148 2367 llermias
3205 2312 3273 2367 ab
3329 2328 3394 2368 eo
3447 2323 3540 2370 aut

1944 2422 2011 2462 ex
2040 2420 2224 2476 regno,
2247 2405 2332 2460 vel
2359 2420 2422 2460 ex
2457 2405 2555 2459 hac
2578 2405 2683 2459 vita
2713 2405 2916 2474 ejectus
2943 2406 3032 2458 sit.
3054 2404 3348 2460 Aristoclcs
3373 2405 3537 2472 enim,

1945 2498 2189 2570 ejusdem
2213 2497 2521 2554 Aristotelis
2546 2498 2862 2568 discipulus,
2890 2497 3084 2553 fatetur
3127 2498 3342 2569 quidem
3391 2500 3538 2556 illutn

1947 2593 2127 2648 multis
2165 2593 2446 2647 calumniis
2477 2593 2805 2658 lacessitum,
2853 2605 2986 2663 quas
3029 2591 3307 2646 confutare
3343 2591 3543 2649 ibidem

1946 2686 2238 2740 connititur
2285 2686 2548 2755 (Aristocl.
2604 2685 2745 2756 apud
2784 2683 2998 2753 Euseb.,
3027 2685 3114 2740 lib.
3147 2684 3263 2739 XIV
3298 2683 3540 2756 Pra'par.

1948 2777 2171 2850 Evang.,
2206 2795 2324 2849 pag.
2349 2778 2447 2834 791
2492 2788 2537 2832 et
2575 2776 2758 2849 scqq.).
2806 2778 2874 2833 At
2903 2777 3066 2833 nimia
3112 2777 3252 2833 haud
3298 2778 3458 2835 dubie
3490 2781 3546 2836 in

1947 2872 2260 2943 magistrum
2285 2885 2439 2926 suutn
2466 2870 2629 2925 animi
2658 2871 3014 2941 propensione
3033 2871 3197 2926 multa
3233 2871 3417 2942 procul
3446 2872 3547 2926 du-

1949 2964 2038 3019 bio
2063 2963 2405 3019 dissimulare
2427 2964 2615 3033 potuit.
2645 2962 2784 3030 Quid
2816 2962 2998 3034 igitur,
3029 2963 3075 3019 si
3121 2963 3237 3020 haec
3266 2963 3547 3021 Aristoclis

1949 3059 2183 3114 adulatio
2221 3073 2286 3114 eo
2339 3059 2506 3130 magis
2541 3057 2870 3113 Tertulliano
2915 3068 3164 3128 suspecta
3216 3057 3397 3126 fuerit,
3441 3073 3548 3129 quo

1949 3154 2149 3208 certius
2177 3152 2390 3208 aliunde
2420 3151 2682 3208 didicerat
2719 3151 2906 3207 laesum
2948 3150 3015 3206 ab
3044 3152 3329 3207 Aristotele
3384 3153 3546 3208 etiam

255 3241 454 3294 tullian.
480 3242 748 3314 Apologet.
778 3260 892 3312 cap.
912 3243 1000 3309 46,
1029 3261 1147 3314 pag.
1182 3244 1315 3308 500;
1353 3242 1535 3310 Varro,
1566 3243 1758 3310 lib.lV,
1784 3245 1847 3300 de
1871 3250 1917 3315 (ζ
1949 3244 2337 3300 amicissimum
2368 3243 2471 3298 sibi
2499 3243 2791 3300 Hermian).
2825 3243 2959 3298 Nam
3003 3243 3075 3298 illi
3119 3245 3341 3314 Opponit
3371 3243 3546 3300 chris-

255 3331 383 3403 ling.‘
411 3333 556 3388 latin.
609 3333 637 3405 §
671 3333 734 3389 14
762 3351 776 3399 ;
820 3333 961 3389 Fest.
993 3335 1078 3390 lib.
1127 3334 1246 3403 XX,
1277 3335 1340 3389 de
1376 3337 1592 3406 signi/ie.
1637 3335 1842 3393 Verbor.

254 3428 321 3481 ad
363 3429 574 3485 Verbum
603 3431 843 3504 Edilis).

324 3547 460 3602 Tum
488 3548 684 3603 deinde
700 3548 1089 3618 Tertullianus,
1117 3551 1160 3606 si
1181 3551 1243 3605 de
1265 3550 1424 3604 animi
1446 3551 1681 3619 aequitate
1703 3548 1850 3622 (nos-

259 3644 323 3698 tri
350 3642 565 3698 codices
594 3658 755 3699 manu
779 3645 995 3716 antiqua
1015 3646 1240 3710 exarati,
1260 3645 1558 3716 priscmque
1584 3643 1850 3699 editiones

257 3736 650 3809 a’quanimitate)
691 3738 791 3794 hoc
841 3748 940 3804 est,
995 3755 1146 3810 aequa
1187 3739 1355 3794 sedati
1395 3739 1555 3792 animi
1598 3739 1852 3793 constitu-

259 3831 422 3895 tione,
464 3831 786 3902 congrediar,
816 3847 928 3886 ecce
955 3843 1142 3904 praesto
1172 3831 1313 3886 nobis
1341 3840 1411 3885 est
1438 3829 1724 3901 Lycurgus,
1765 3829 1852 3900 qui

258 3927 646 3994 apocarteresin:
699 3927 908 3995 optavit,
939 3927 1076 3997 quod
1108 3927 1240 3998 leges
1286 3927 1394 3996 ejus
1424 3923 1650 3979 Lacones
1678 3941 1850 3979 emen-

260 4015 458 4072 dassent
491 4016 818 4086 (Tertullian.
848 4020 946 4074 loc.
973 4020 1107 4090 cit.),
1133 4018 1581 4090 quemadmodum
1606 4018 1853 4088 superius

261 4110 666 4180 explicavimus.
697 4113 764 4167 At
789 4112 1134 4179 christianus,
1167 4111 1366 4166 uti-ait
1414 4122 1600 4166 auctor
1647 4120 1848 4178 noster,

261 4202 407 4257 etiam
430 4203 698 4259 damnatus
721 4205 786 4260 ab
811 4205 1042 4261 ethnicis
1087 4220 1237 4260 suam
1272 4215 1488 4276 pr0ptcr
1514 4205 1849 4276 religionem,

263 4302 370 4349 tum
401 4305 608 4353 servata
640 4312 855 4369 semper
884 4298 1074 4354 eadem
1098 4298 1264 4354 animi
1308 4297 1638 4369 aequalitate,
1664 4298 1854 4370 gratias

262 4389 384 4460 agit,
413 4389 551 4444 sicut
571 4399 758 4460 postea
778 4391 1127 4448 ostendemus
1167 4390 1331 4463 (lnfr.
1361 4408 1476 4462 cap.
1516 4389 1603 4455 l6,
1645 4399 1740 4444 art.
1775 4389 1852 4461 ὅ).

331 4483 511 4553 Pergit
541 4483 678 4538 idem
711 4486 824 4551 ipse
851 4495 1036 4540 auctor
1054 4497 1266 4542 noster:
1321 4484 1381 4540 Si
1413 4485 1476 4539 de
1515 4486 1635 4553 ﬁde,
1681 4483 1857 4539 omni-

265 4577 361 4631 bus
390 4591 604 4646 semper
628 4578 911 4645 servanda,
941 4578 1263 4634 christianus
1289 4593 1412 4634 eum
1439 4577 1656 4633 ethnico
1703 4593 1855 4632 com-

1953 3341 2156 3394 tianum
2190 3337 2486 3405 hominem,
2517 3338 2607 3409 qui
2637 3353 2727 3392 nec
2754 3337 3015 3391 inimicum
3056 3353 3202 3391 suum
3225 3337 3365 3391 [cedit
3393 3335 3547 3406 (Ter-

1953 3434 2154 3487 tullian.
2175 3432 2464 3502 Apologet.,
2493 3447 2609 3503 cap.
2632 3429 2726 3502 b6,
2760 3448 2879 3503 pag.
2912 3430 3040 3496 500,
3074 3430 3198 3485 ibid.
3226 3447 3342 3501 cap.
3386 3431 3449 3485 51
3503 3437 3551 3485 et

1952 3525 2020 3580 57
2058 3526 2112 3595 ),
2145 3524 2430 3590 utdivinis,
2464 3523 2912 3594 quemadmodum
2959 3522 3155 3594 saepius
3208 3523 3550 3579 observatum

1953 3626 2053 3681 est,
2106 3617 2440 3686 obtemperet
2495 3616 2796 3686 praeceptis,
2850 3615 3047 3686 quibus
3087 3613 3304 3685 jubetur
3349 3614 3552 3670 nullum

1954 3710 2152 3774 odisse,
2177 3709 2391 3765 Izcdenti
2414 3709 2582 3764 viCcm
2607 3724 2713 3763 non
2737 3707 2987 3775 reddere,
3018 3707 3240 3779 diligere
3282 3707 3548 3776 inimicos,

1955 3823 2017 3863 ac
2047 3824 2142 3878 pro
2171 3808 2235 3862 iis
2263 3807 2427 3862 Deum
2459 3805 2688 3871 precari.
3005 3863 3012 3866 _

2030 3902 2207 3972 Pergit
2229 3901 2346 3957 ille:
2377 3898 2524 3955 Idem
2569 3900 2862 3956 Aristoteles
2890 3907 2993 3952 tam
3020 3898 3234 3969 turpiter
3259 3895 3553 3952 Alexandro

1955 4000 2170 4069 regendo
2197 3995 2362 4066 potius
2379 3993 2636 4060 adulatur,
2664 4009 2820 4064 quam
2867 3991 3064 4046 Platoa
3093 3988 3346 4061 Dionysio
3375 3988 3550 4044 vendi.

1957 4101 2092 4144 tatur
2109 4088 2240 4162 (1b.,
2261 4088 2403 4151 ολδ.
2422 4105 2474 4159 p.
2499 4087 2643 4158 500).
2671 4086 2897 4156 Quidam
2923 4102 3050 4142 vero
3069 4085 3260 4157 quibus
3276 4083 3556 4140 obscurior

1958 4185 2073 4240 hre
2104 4183 2314 4256 phrasis
2335 4183 2444 4237 visa
2472 4190 2575 4247 est,
2607 4180 2676 4237 ibi
2719 4181 2908 4252 potitus
2941 4195 3036 4251 pro
3060 4179 3227 4251 potius
3257 4177 3542 4250 legendum

1959 4296 2078 4336 esse
2103 4277 2429 4336 existimant.
2463 4277 2568 4334 Sed
2593 4275 2810 4343 frustra,
2831 4286 2883 4333 et
2929 4285 3114 4331 contra
3159 4273 3404 4331 codicum
3435 4289 3558 4330 om-

1960 4373 2106 4426 nium
2151 4370 2610 4426 reclamationem.
2659 4367 2797 4436 Quid
2837 4369 3113 4425 enimvero
3151 4370 3194 4421 si
3241 4366 3558 4424 adverbium

1962 4467 2130 4535 potius
2155 4461 2222 4518 ab
2248 4473 2468 4519 auctore
2521 4470 2709 4518 nostro
2754 4470 2996 4517 sumatur
3045 4474 3143 4532 pro
3184 4460 3352 4527 citius,
3392 4460 3555 4531 prius,

1961 4559 2075 4614 sive
2101 4555 2261 4613 etiam
2293 4557 2475 4627 magis,
2511 4555 2581 4610 ita
2610 4561 2668 4610 ut
2709 4554 2852 4610 illius
2893 4567 3084 4610 sensus
3108 4553 3204 4609 sit:
3237 4551 3551 4607 Aristoteles

266 4643 525 4741 ponatur,
583 4643 919 4744 Anaxagoras
970 4673 1253 4742 depositum
1305 4673 1500 4742 negavit
1555 4670 1846 4742 hospitibus.

1962 4648 2249 4705 Alexandri
2281 4647 2474 4720 Magni,
2500 4649 2654 4704 sieuti
2683 4663 2841 4704 nemo
2893 4647 3084 4714 nescit,
3116 4655 3432 4717 praeceptor,
3473 4643 3555 4698 ci-

265 4759 448 4822 Nonne
476 4773 651 4822 autem
703 4766 773 4821 ibi
815 4764 1002 4822 alludit
1028 4765 1352 4836 adscriptam
1381 4780 1409 4819 a
1438 4764 1726 4820 Plutarcho
1753 4763 1862 4818 his-

269 4864 452 4920 toriam
487 4863 726 4928 Perielis,
778 4863 868 4935 qui
899 4861 1339 4934 repetundarum,
1371 4861 1669 4932 peculatus,
1698 4869 1860 4930 atque

270 4958 523 5026 pecuniae,
580 4973 698 5028 qua:
729 4955 868 5028 apud
901 4956 1165 5028 Prytanas
1218 4954 1461 5026 deposita
1516 4953 1708 5018 fuerat,
1760 4967 1859 5008 ex-

272 5063 446 5118 pensas
467 5060 768 5119 accusatus,
805 5059 862 5105 ut
887 5066 946 5106 se
975 5058 1251 5120 purgaret,
1295 5049 1666 5118 Anaxagoram
1699 5046 1862 5116 trepi-

271 5139 400 5196 dans
423 5141 580 5211 cjecit
605 5159 672 5197 ex
694 5144 843 5210 urbe,
869 5142 1118 5214 misitque
1160 5142 1212 5197 in
1240 5142 1457 5198 exilium
1481 5139 1774 5210 (Plutarch.
1809 5139 1861 5193 in

283 5229 391 5286 Vita
424 5230 659 5300 Perielis,
693 5251 810 5306 pag.
841 5234 963 5300 109,
993 5244 1114 5289 tom.
1156 5233 1223 5303 l).
1271 5233 1467 5288 Verum
1513 5231 1859 5299 Christianus,

274 5325 342 5380 uti
370 5325 558 5395 adjecit
601 5326 986 5394 Tertullianus,
1029 5337 1174 5382 extra
1217 5327 1383 5396 ﬁdelis
1414 5337 1620 5380 vocatur
1645 5323 1863 5399 (Tertul-

275 5418 393 5472 lian.
428 5415 597 5490 ibid),
643 5418 694 5476 id
721 5427 823 5484 est,
872 5434 980 5475 non
1024 5419 1198 5475 solum
1242 5419 1354 5476 suis
1393 5417 1718 5484 christianis,
1768 5416 1862 5473 sed

273 5511 427 5567 etiam
457 5514 661 5570 exteris
699 5513 1101 5586 quibuscunque
1136 5512 1444 5569 hominibus
1472 5512 1651 5568 datam
1702 5511 1860 5568 ﬁdem

274 5616 483 5676 przcstat
510 5622 723 5680 semper
748 5608 1027 5664 illibatam.
1054 5607 1211 5663 Plura
1241 5617 1418 5663 autem
1461 5608 1527 5663 de
1555 5606 1797 5679 deposito
1831 5621 1862 5663 a

275 5699 572 5756 christianis
613 5701 841 5759 fideliter
883 5700 1154 5757 servando
1193 5700 1508 5756 Ambrosius
1540 5701 1594 5756 in
1641 5701 1751 5755 suis
1795 5699 1863 5758 de

275 5789 630 5848 lllmistrorum
657 5793 868 5862 ciliciis,
904 5793 1119 5865 alioque
1148 5792 1201 5848 in
1229 5791 1366 5848 libro
1393 5790 1654 5862 diSputat,
1686 5791 1864 5864 ibique

277 5879 434 5939 dixit:
496 5879 644 5940 Nihil
671 5885 874 5942 interest
903 5893 1075 5941 utrum
1103 5882 1305 5954 abjures
1335 5881 1644 5955 depositum,
1677 5901 1740 5938 an
1772 5884 1864 5938 tto-

1966 4744 2067 4798 tius
2085 4743 2363 4812 magisque
2392 4741 2618 4813 turpiter
2643 4741 2692 4796 ei
2717 4741 2964 4796 adulatus
2993 4748 3094 4804 est,
3120 4752 3278 4808 quam
3312 4735 3558 4805 nequiter

1965 4833 2114 4889 Plato
2145 4848 2174 4888 a
2208 4833 2460 4905 Dionysio
2489 4842 2717 4904 tyranno
2735 4831 3038 4887 vcnditatus
3065 4828 3185 4883 fuit.
3219 4828 3296 4882 De
3322 4825 3560 4884 Platonis

1963 4939 2140 4985 autem
2159 4928 2466 4984 venditione
2485 4927 2609 4984 alibi
2627 4924 3019 4996 disseruimus(
3052 4935 3170 4977 tom.
3212 4922 3233 4978 l
3279 4921 3556 4992 Apparat,

1966 5037 2082 5093 pag.
2111 5021 2238 5089 554,
2273 5020 2397 5088 020,
2428 5021 2586 5086 illi,
2634 5027 2679 5074 et
2706 5017 2922 5074 Dissert.
2951 5016 3002 5070 in
3034 5014 3296 5082 Lactant.‘,
3319 5032 3436 5084 cap.
3465 5014 3556 5083 39,

1965 5125 2060 5170 art.
2100 5114 2208 5186 10).
2263 5113 2374 5170 Nec
2427 5115 2603 5170 minus
2655 5119 2866 5170 constat
2893 5109 3237 5166 Aristotelem
3285 5108 3558 5165 adulatum

1965 5224 2087 5264 esse
2119 5207 2442 5274 Alexandro,
2495 5206 2645 5277 cujus
2673 5204 3038 5272 ambitionem,
3085 5211 3142 5257 ut
3167 5203 3269 5258 alia
3301 5201 3429 5258 vitia
3474 5211 3558 5257 ta-

1965 5316 2204 5370 ceamus,
2239 5317 2342 5357 non
2384 5301 2542 5356 modo
2574 5315 2678 5354 non
2703 5298 2979 5370 repressit,
3004 5296 3098 5352 sed
3127 5296 3276 5363 fovit,
3303 5305 3356 5351 et
3378 5294 3564 5350 adula-

1966 5395 2127 5451 tionis
2157 5395 2382 5450 artiiicio
2407 5391 2856 5453 emollivitraomu
2877 5401 2962 5460 μὲν
3006 5390 3104 5454 οὖν,
3131 5389 3203 5444 ait
3227 5388 3558 5455 Plutarchus,

1965 5499 2052 5544 riu
2079 5497 2346 5559 φιλοτιμίαν
2400 5491 2546 5544 discos
2591 5492 3003 5558 παριμυθυὺμενπ
3039 5481 3330 5556 (Plutarch.
3366 5483 3420 5536 in
3459 5479 3562 5537 Vil.

1966 5579 2272 5645 Alexandr.,
2305 5596 2421 5650 pag.
2447 5577 2574 5645 668,
2599 5588 2717 5632 tant.
2756 5579 2834 5650 1).

2035 5697 2171 5753 Tum
2199 5696 2391 5753 dehinc
2407 5695 2764 5754 Tertullianus
2786 5715 2798 5753 :
2819 5695 3108 5769 Aristippus
3137 5695 3188 5750 in
3209 5711 3446 5767 purpura
3467 5693 3561 5750 sub

1966 5808 2152 5863 magna
2173 5789 2432 5864 gravitatis
2462 5790 2622 5861 specie
2640 5799 2925 5862 nepotatur,
2976 5788 3029 5844 id
3060 5796 3166 5857 est,
3195 5786 3466 5844 luxuriose
3507 5795 3564 5844 ct.

1967 5882 2384 5956 intemperanter
2405 5879 2552 5940 vixit.
2587 5879 2860 5941 Memoriae
2887 5887 3068 5940 autem
3121 5876 3365 5938 Laertius
3403 5893 3560 5936 man-
