4082 6356
585 260 698 334 935

1676 276 1745 334 iN
1781 276 2245 337 TERTULLIANI
2283 280 2559 341 APOLOG
2568 282 2818 343 ETlCUM
3752 291 3842 357 936

587 389 735 447 davit
766 389 1073 463 DiOnysittm
1099 388 1345 482 jussisse,
1376 387 1710 482 utquodami
1731 391 1785 447 in
1811 390 2057 447 convivio
2072 392 2184 449 siu-
2209 397 2263 456 Α
2287 394 2412 452 dat:
2441 397 2582 453 Adeo
2607 399 2730 469 quid
2754 398 3022 472 (quaedam
3045 400 3340 461 editiones:
3361 404 3500 474 Quid
3522 408 3665 482 adeo)
3683 411 3837 481 simile,

587 484 694 555 guli
723 492 869 538 veste
900 496 1165 552 purpurea
1196 480 1363 536 induti
1389 480 1885 552 saltarent(Laert.,
1916 484 2004 539 lib.
2035 483 2082 539 ll
2129 485 2183 540 in

596 571 703 632 Vit.
729 575 938 645 Aristip.
967 573 994 646 §
1023 574 1141 649 78):
1166 573 1319 643 Quod
1344 576 1558 647 quidem
1588 592 1710 633 cum
1755 578 1905 633 Plato
1932 594 2181 635 recusas-

586 676 691 734 set,
712 668 1016 739 Aristippus
1040 678 1190 723 veste
1221 669 1320 724 hac
1346 678 1587 741 prompte
1605 681 1838 742 sumpta,
1872 672 2033 742 coepit
2076 672 2184 727 sal-

587 766 722 825 tare,
755 757 959 831 hosque
986 775 1123 831 quos
1151 750 1440 832 Gregorius
1469 761 1857 830 Nazianzenus,
1897 772 1949 818 et
1991 763 2185 820 Suidas

585 844 993 926 Euripidisesse
1035 853 1508 927 aliirmant(Greg.
1541 855 1680 912 Naz.
1699 872 1859 912 carm.
1895 855 2064 913 Iamb.
2090 857 2179 924 18,

586 962 708 1019 pag.
739 945 867 1016 209,
897 945 1049 1003 Suid.
1081 949 1215 1002 adv.
1255 942 1546 1019 aptatum
1576 946 1597 1021 )
1646 935 1832 1006 versus
1876 949 2153 1006 recitavit:

962 1082 971 1092 .
1006 1082 1017 1093 .
1051 1082 1061 1092 .
1097 1082 1106 1092 .
1141 1054 1216 1094 Καὶ
1237 1055 1305 1106 γὰρ
1328 1056 1364 1092 ἰν
1387 1054 1635 1106 pulsique»;

957 1106 990 1155 ὁ
1011 1121 1092 1163 νοῦς
1116 1115 1137 1155 ὅ
1161 1119 1298 1169 «om
1320 1118 1361 1155 οὗ
1385 1113 1683 1169 διαξοαᾳνίσιται.

713 1220 729 1250 ξ
795 1224 812 1239 .
882 1224 895 1236 .
958 1185 1136 1250 Neque
1158 1187 1211 1236 in
1232 1186 1567 1238 sacrisLiberi

710 1249 997 1313 Sapientum
1021 1249 1197 1313 pudica
1216 1263 1358 1301 mens
1380 1264 1607 1315 umquam
1623 1251 1965 1316 corrumpitur.

586 1331 753 1389 Adire
782 1334 982 1404 poteris
1006 1332 1319 1405 Gregorium
1344 1333 1760 1401 Nazianzenum,
1805 1336 1894 1405 qui
1936 1333 2003 1389 ibi
2046 1333 2185 1389 alio-

587 1440 707 1482 rum
726 1424 1162 1496 philosophorum
1183 1426 1305 1481 vitia
1323 1427 1596 1497 componit
1616 1442 1739 1482 cum
1757 1424 2180 1484 Christianorum

586 1519 872 1576 virtutibus
898 1518 1077 1592 (Greg.
1109 1517 1250 1575 Naz.
1278 1520 1377 1575 loc.
1423 1520 1556 1593 cit.).
1584 1522 1755 1577 Porro
1782 1531 1958 1577 autem
1985 1521 2054 1578 de
2091 1537 2186 1578 eo-

587 1614 710 1671 dem
737 1615 1028 1686 Aristippo,
1071 1613 1162 1670 sed
1191 1615 1349 1672 tacito
1377 1616 1496 1686 ejus
1544 1617 1778 1683 nomine,
1827 1617 2188 1673 Tertullianus

586 1716 772 1764 noster
796 1707 951 1764 alibi:
980 1707 1167 1776 Audio,
1198 1707 1395 1779 inquit,
1423 1717 1467 1763 et
1497 1709 1549 1763 in
1595 1725 1827 1781 purpura
1852 1708 2187 1781 philosopha-

2288 488 2477 559 Supple
2521 490 2751 557 habent,
2798 493 3131 565 philosophus
3175 506 3223 551 et
3258 497 3595 556 christianus?
3639 499 3837 576 Cra-cite,

2288 579 2377 635 ubi
2410 582 2747 651 potissimum
2780 584 3082 657 philosophi
3110 586 3425 655 ﬂoruerunt,
3456 601 3503 646 et
3530 593 3659 659 caeli,
3686 595 3732 650 id
3756 608 3838 669 est,

2289 671 2402 726 veri
2428 673 2516 727 Dei
2545 683 2599 729 et
2624 674 2826 731 Christi
2857 679 3178 750 discipulus?
3198 680 3336 749 Quid
3357 680 3700 755 philosophus
3716 692 3842 759 [ante

2288 768 2591 837 negotiator,
2622 770 2735 826 sive
2762 770 2942 843 gloria:
2974 773 3186 840 animal,
3237 784 3295 829 ιιι
3322 777 3483 848 paulo
3510 788 3633 836 ante
3672 781 3838 839 dictum

2288 868 2393 925 est,
2425 868 2481 914 et
2508 859 2841 919 Christianus
2864 865 2979 920 vita:
3007 865 3192 938 (editio
3236 867 3451 940 Rigaltii
3498 884 3552 928 et
3578 871 3689 929 alia:
3718 875 3842 932 dein-

2287 964 2415 1021 ceps
2443 952 2647 1026 salutis)
2692 957 3012 1028 negotiator?
3056 958 3192 1026 Quid
3231 959 3582 1034 philosophus
3617 965 3841 1024 verborum

2290 1051 2518 1112 tantum,
2548 1053 2603 1100 et
2622 1045 2947 1105 Christianus
2973 1053 3225 1122 factorum
3245 1056 3517 1125 operator?
3540 1054 3671 1124 Quid
3689 1058 3841 1117 Chris-

2291 1138 2465 1194 tianus
2507 1157 2677 1195 rerum
2725 1143 3028 1214 aediﬁcator,
3077 1155 3133 1202 et
3170 1146 3522 1219 philosophus
3555 1150 3843 1208 destructor?

2289 1228 2427 1298 Quid
2474 1229 2839 1303 philosophus
2872 1236 3084 1304 amicus,
3113 1236 3455 1297 Christianus
3481 1241 3702 1298 inimicus
3732 1260 3842 1301 erro-

2288 1321 2383 1390 ris,
2412 1337 2698 1381 commune
2746 1325 2989 1383 habent?
3016 1330 3085 1385 At
3112 1328 3377 1401 Rigaltius
3407 1333 3619 1404 propria
3644 1337 3842 1392 auctori-

2292 1420 2400 1468 tate
2428 1414 2544 1470 htec
2569 1416 2876 1487 posteriora
2922 1419 3082 1475 verba
3113 1423 3395 1478 resecavit.
3445 1422 3578 1480 Tum
3606 1425 3779 1484 deinde
3798 1426 3839 1483 in

2291 1505 2569 1562 codicibus
2624 1510 2823 1565 nostris
2875 1510 3114 1580 ineditis,
3160 1525 3216 1570 et
3269 1514 3430 1571 editis
3474 1518 3839 1581 vetustioribus:

2292 1596 2429 1665 Quid
2457 1600 2680 1656 veritatis
2700 1601 3051 1673 interpolator,
3096 1615 3147 1661 et
3172 1606 3474 1680 integrator,
3512 1618 3557 1664 et
3596 1626 3840 1682 apressor,

2294 1700 2339 1744 et
2362 1692 2561 1762 furator
2579 1693 2689 1763 ejus
2708 1705 2754 1748 et
2774 1707 2963 1752 custos.
2987 1696 3260 1769 Rigaltius
3285 1715 3415 1756 vero
3446 1701 3561 1758 lucc
3587 1702 3654 1758 ita
3676 1705 3839 1759 immu~

588 1808 697 1856 ικηι
716 1799 973 1871 (Ta-mu,
1000 1801 1089 1856 ab.
1120 1801 1184 1857 de
1210 1796 1404 1869 p‘amo’
1435 1819 1552 1874 εαρ,
1602 1803 1676 1869 4;
1708 1800 1866 1871 idem,
1897 1802 2187 1874 Αροιορει,,
2218 1811 2268 1872 Β
2297 1787 2445 1840 tavit:
2465 1786 2797 1858 interpolator
2812 1790 3019 1860 erroris,
3036 1800 3082 1846 et
3102 1791 3379 1865 intcgrator
3396 1796 3640 1862 veritatis;
3659 1807 3700 1851 et
3724 1801 3843 1869 fura-

586 1911 706 1967 cap.
735 1896 826 1963 46,
856 1913 975 1968 pag.
1000 1894 1159 1966 500).

663 1988 887 2044 Demum
917 1988 1007 2044 ille
1045 1988 1274 2061 adjecit:
1332 1986 1554 2061 Hippias
1586 1988 1707 2043 dum
1746 1988 1935 2044 civitati
1976 1987 2191 2042 insidias

588 2082 830 2154 disponit,
859 2080 1139 2149 occiditur:
1166 2083 1263 2137 hoc
1292 2099 1385 2154 pro
1410 2082 1539 2151 suis,
1571 2082 1713 2137 omni
1738 2081 2005 2137 atrocitate
2028 2080 2185 2135 dissi-

589 2178 742 2247 potis,
764 2192 909 2232 nemo
953 2193 1179 2249 unquam
1208 2178 1416 2233 tentavit
1456 2178 1784 2233 cltristianus.
1825 2176 2016 2232 Mirum
2059 2191 2191 2232 sane

587 2284 749 2342 quam
768 2281 1080 2342 corruptum
1104 2271 1175 2327 sit
1201 2271 1254 2326 in
1287 2272 1662 2342 manuscriptis
1685 2270 1959 2327 codicibus
1982 2269 2190 2341 Hippiae

589 2378 808 2419 nomen.
839 2363 895 2418 lu
922 2362 1134 2419 duobus
1160 2363 1422 2435 siquidem
1451 2364 1650 2419 nostris
1670 2361 2065 2433 antiquioribus
2109 2362 2190 2417 le-

590 2456 731 2526 gitur
772 2454 1044 2523 lcthidias,
1075 2454 1130 2511 in
1168 2454 1380 2511 duobus
1431 2455 1824 2511 recentioribus
1869 2452 2192 2509 Colbertinis

590 2545 875 2615 lcthiclias,
904 2547 957 2602 in
1003 2547 1319 2619 quibusdam
1346 2547 1468 2604 aliis
1496 2546 1706 2613 Hidias,
1753 2545 1898 2618 quod
1944 2546 2192 2618 proprius

590 2640 802 2696 accedit
827 2639 896 2696 ad
922 2638 1049 2696 illud
1080 2639 1326 2711 Hippias,
1371 2640 1425 2696 in
1467 2639 1628 2697 editis
1667 2638 1983 2696 exhibitum.
2029 2643 2101 2695 At
2124 2638 2193 2696 de

592 2732 784 2805 Hippia
805 2743 1047 2790 nostrum
1075 2743 1352 2789 auctorem
1399 2748 1586 2789 revera
1626 2731 2030 2804 intelligendum
2072 2746 2195 2788 esse

591 2826 899 2883 conﬁrmari
926 2840 1056 2883 sane
1079 2822 1254 2896 potest
1278 2827 1360 2881 his
1381 2824 1661 2882 Ciceronis
1695 2824 1908 2881 verbis:
1947 2823 2195 2896 Nefarius

593 2916 842 2991 Hippias,
879 2916 1133 2973 Pisistrati
1157 2917 1318 2989 ﬁlius,
1336 2918 1491 2989 quiin
1514 2916 1846 2971 Marathonia
1863 2932 2037 2988 pugna
2064 2917 2195 2971 ceci-

593 3013 688 3079 dit,
715 3029 860 3068 arma
883 3021 1059 3069 contra
1088 3012 1308 3084 patriam
1333 3016 1502 3083 ferens
1527 3012 1682 3085 (Cic.,
1715 3011 1803 3066 lib.
1828 3009 1902 3067 IX
1925 3010 1994 3064 ad
2038 3010 2191 3067 Attic.

591 3109 742 3180 epist.
772 3106 860 3174 12,
883 3124 1003 3180 pag.
1038 3106 1190 3177 506).
1237 3106 1395 3163 Plura
1421 3117 1603 3163 autem
1646 3105 1716 3163 de
1746 3106 1838 3163 illo
1869 3106 2192 3175 Herodotus,

591 3201 906 3271 Pausanias,
940 3202 1154 3268 Suidas,
1185 3213 1241 3259 et
1266 3202 1357 3257 alii
1388 3201 1689 3274 (llerodot.,
1737 3203 1824 3257 lib.
1852 3201 1946 3275 l,§
1978 3202 2066 3268 61,
2099 3201 2189 3257 lib.
2220 3213 2265 3277 ρ

596 3297 661 3367 V,
683 3296 800 3371 §95
829 3307 876 3353 et
902 3314 1040 3371 seqq.
1072 3296 1328 3364 Pansam,
1356 3297 1444 3351 lib.
1473 3296 1513 3364 Ι,
1567 3313 1689 3368 pag.
1720 3294 1814 3362 20,
1862 3295 2017 3351 Suid.
2048 3295 2117 3350 ad
2137 3311 2189 3350 v.

591 3380 926 3462 inte;).Sed
958 3404 1062 3447 non
1091 3389 1227 3446 adeo
1254 3399 1459 3445 certum
1487 3398 1571 3445 est
1601 3390 1743 3444 hunc
1768 3388 1944 3460 ipsum
1966 3402 2106 3455 esse,
2126 3387 2194 3444 de

593 3498 701 3556 quo
754 3493 1004 3556 tanquam
1033 3481 1352 3555 philosopho
1380 3481 1750 3538 Tertullianus
1800 3482 2058 3553 loquitur,
2089 3481 2194 3537 nisi

595 3590 718 3632 eum
747 3575 1099 3648 philosophia:
1124 3589 1347 3646 operam
1383 3574 1600 3631 dedisse
1642 3574 1977 3646 probaveris.

664 3668 816 3724 Alius
844 3668 912 3723 ab
939 3666 1131 3725 eodem
1159 3665 1321 3722 Suida
1349 3675 1677 3722 memoratur
1695 3665 1916 3737 Hippias
1936 3664 2194 3737 Sophista

595 3770 651 3817 et
677 3761 1048 3835 philosophus,
1084 3759 1427 3816 llehesidami
1458 3759 1776 3829 discipulus,
1822 3759 1911 3830 qui
1952 3759 2193 3814 animum

594 3873 693 3917 sua
718 3867 866 3923 sorte
892 3865 1203 3913 contentum
1228 3871 1350 3912 esse
1378 3855 1622 3911 docebat.
1670 3853 1866 3910 Nonne
1914 3861 2095 3909 autem
2148 3852 2196 3908 is

595 3961 699 4019 cst,
730 3952 820 4022 qui
850 3966 880 4005 a
906 3949 1186 4015 Cicerone,
1218 3957 1278 4004 ut
1303 3949 1430 4004 alibi
1457 3947 1692 4007 diximus
1738 3945 1757 4017 (
1789 3956 1911 4000 tom.
1947 3944 1970 4001 Ι
2022 3943 2198 4016 Αρρα-

596 4052 720 4108 rat.,
745 4059 866 4115 pag.
903 4040 1087 4114 1222),
1122 4042 1411 4112 plurimum
1440 4039 1707 4106 laudatus,
1737 4037 2070 4109 gloriabatur
2108 4036 2195 4090 ni-

598 4134 671 4197 hil
701 4149 820 4190 esse
848 4134 953 4189 ulla
983 4135 1034 4188 in
1062 4142 1179 4189 arte
1206 4132 1348 4202 quod
1378 4132 1493 4201 ipse
1519 4129 1797 4187 nesciret?
1851 4128 1963 4185 Sed
2012 4129 2058 4184 si
2108 4128 2196 4184 hic

598 4225 949 4297 philosophus
978 4225 1094 4292 luit,
1128 4224 1284 4289 nobis
1330 4234 1479 4279 certe
1531 4237 1707 4293 neque
1754 4220 1966 4287 Cicero,
2024 4235 2196 4292 neque

599 4316 815 4383 Suidas,
845 4333 947 4389 qua
979 4327 1153 4373 morte
1188 4316 1404 4383 ohierit,
1456 4315 1781 4371 indicarunt.
1830 4313 1972 4369 Vero
2016 4314 2196 4385 itaque

599 4410 829 4466 similius
852 4408 1096 4481 pluribus
1125 4409 1266 4465 haud
1293 4408 1453 4465 dubie
1481 4407 1751 4464 videbitur
1781 4406 1978 4462 factum
2006 4423 2035 4461 a
2057 4407 2194 4462 Ter-

600 4503 819 4559 tulliano
843 4503 912 4559 de
941 4503 1122 4574 priore
1152 4501 1342 4574 Hippia
1370 4515 1707 4567 sermonem,
1741 4501 1845 4556 nisi
1875 4498 2031 4572 hujus
2080 4499 2198 4571 piti-

598 4595 807 4668 losophi
838 4610 1032 4652 nomen
1061 4595 1114 4650 in
1141 4594 1257 4665 ejus
1288 4604 1435 4651 textu
1464 4595 1533 4651 ab
1574 4594 1932 4651 oscitantibus
1960 4594 2195 4650 librariis
2219 4615 2275 4675 Β

598 4687 762 4745 fuerit
777 4699 1112 4761 corruptum.

672 4784 744 4837 At
770 4793 920 4837 certo
947 4782 1148 4838 certius
1183 4790 1266 4838 est
1292 4780 1435 4854 quod
1460 4781 1549 4837 ille
1568 4778 1775 4837 addidit
1804 4782 1932 4837 nihil
1961 4797 2198 4854 unquam

598 4855 784 4932 contra
833 4876 1058 4947 patriam
1106 4891 1257 4931 suam
1306 4883 1628 4930 attentatum
1678 4889 1707 4926 a
1752 4872 2082 4938 christianis,
2116 4883 2198 4929 ta-

599 4969 756 5025 metsi
786 4969 920 5022 onmi
940 4969 1205 5023 atrocitate
1224 4967 1630 5038 suppliciorum,
1656 4965 1760 5021 sibi
1787 4966 1857 5020 ob
1878 4967 2193 5038 religionem

598 5075 752 5116 suam
781 5059 1125 5129 iullictorum,
1173 5059 1455 5132 dissipatis,
1480 5074 1576 5114 seu
1602 5058 1847 5114 laceratis
1875 5067 1930 5114 et
1960 5061 2196 5116 enceatis

600 5151 931 5227 (Tertullian.
959 5153 1249 5225 Apologet.,
1282 5169 1399 5223 cap.
1443 5151 1537 5218 46,
1567 5168 1686 5222 pag.
1719 5148 1866 5223 500).
1914 5152 1960 5206 A
1986 5151 2200 5209 Christo

598 5260 831 5317 namque
886 5246 1089 5312 edocti,
1144 5245 1511 5301 columbarum
1563 5243 1962 5315 simplicitatem
2014 5245 2194 5300 imita-

602 5337 817 5405 bantur,
839 5338 1215 5410 neminemque
1234 5337 1520 5401 laedentes,
1549 5335 1619 5392 de
1638 5336 1888 5392 omnibus
1914 5335 2202 5393 studebant

598 5428 734 5485 bene
764 5429 980 5496 mereri,
1003 5437 1060 5485 et
1102 5428 1166 5485 iis
1190 5430 1375 5497 etiam,
1406 5426 1503 5501 qui
1528 5427 1651 5485 illos
1700 5435 1846 5483 tanta
1883 5427 2197 5486 crudelitate

599 5521 953 5579 trucidabant.

667 5618 798 5687 Quis
817 5628 997 5674 autem
1019 5616 1129 5689 jam
1159 5615 1313 5674 facile
1349 5633 1457 5674 non
1484 5618 1656 5676 cernit
1681 5632 1842 5691 quam
1868 5625 2020 5676 recte
2059 5616 2193 5673 Ter-

595 5711 847 5766 tullianus
867 5707 920 5781 (Ι
929 5709 1058 5784 bid.)
1079 5717 1201 5781 post
1224 5709 1492 5768 institutas
1515 5711 1655 5767 inter
1682 5710 2036 5783 phiIOSOphos
2056 5724 2184 5782 gen-

596 5803 718 5862 tiles
744 5815 802 5863 et
822 5803 1158 5864 Christianos
1180 5805 1630 5879 comparationes,
1647 5804 1731 5862 his
1749 5806 1929 5865 verbis
1953 5804 2183 5864 conclu-

2296 1888 2376 1933 tor
2399 1880 2508 1951 ejus
2536 1890 2584 1935 et
2628 1882 2843 1936 custos?
2880 1883 2986 1939 Sed
3028 1885 3152 1955 quia
3201 1884 3511 1942 emendatio
3560 1887 3645 1944 illa
3682 1888 3842 1945 nullius

2294 1970 2494 2027 codicis
2522 1970 2624 2028 ﬁde
2656 1972 2861 2042 nititur,
2884 1973 2954 2030 ab
2978 1975 3073 2031 illo
3101 1975 3241 2032 haud
3263 1977 3426 2034 dubie
3456 1979 3589 2035 facta
3613 1991 3717 2048 est;
3740 1995 3845 2052 quo-

2296 2065 2438 2119 niam
2469 2063 2560 2119 illa
2587 2064 2750 2120 verba
2775 2065 3109 2135 obscuriora,
3144 2083 3244 2125 nec
3275 2070 3409 2127 satis
3442 2071 3691 2144 elegantia
3724 2070 3844 2127 vide-

2294 2154 2508 2213 bantur.
2551 2154 2690 2224 Quid
2743 2168 2922 2214 tamen
2967 2160 3217 2231 prohibet
3262 2162 3551 2233 quominus
3606 2162 3763 2236 qualia
3804 2163 3845 2219 in

2296 2248 2573 2304 codicibus
2605 2253 2802 2306 nostris
2827 2250 3094 2323 descripta
3121 2262 3269 2319 sunt,
3293 2255 3526 2325 genuina
3552 2270 3668 2311 esse
3693 2254 3845 2311 dican-

2297 2352 2404 2412 tur,
2439 2344 2635 2416 hicque
2660 2345 2728 2401 sit
2756 2359 2942 2401 eorum
2965 2360 3184 2404 sensus:
3209 2347 3569 2420 Philosophus
3588 2359 3666 2405 est
3684 2350 3846 2405 verita-

2296 2437 2386 2505 tis,
2418 2438 2469 2492 in
2498 2453 2650 2494 sacra
2681 2448 2864 2495 nostra
2917 2438 3195 2511 Scriptura
3245 2441 3481 2511 traditae,
3534 2442 3843 2512 interpolator,

2296 2530 2421 2600 quia
2470 2545 2682 2587 errores
2731 2546 2857 2588 suos
2888 2532 3305 2605 interponendo,
3336 2551 3533 2591 novam
3577 2536 3624 2592 ei
3662 2535 3846 2591 formam

2296 2620 2471 2677 dedit:
2522 2633 2604 2679 est
2633 2624 2795 2679 etiam
2827 2627 3050 2696 furator,
3080 2627 3539 2699 quandoquidem,
3587 2638 3641 2683 ut
3688 2626 3847 2698 saepius

2297 2713 2549 2783 diximus,
2578 2715 2732 2786 plura
2762 2732 2825 2772 ex
2860 2718 2944 2771 illa
2977 2717 3268 2791 decerpsit,
3299 2735 3364 2776 ac
3400 2721 3654 2792 corrupit.
3694 2719 3845 2776 Chris-

2298 2809 2477 2864 tianus
2518 2819 2695 2866 autem
2723 2812 2950 2867 veritatis
2980 2825 3062 2869 est
3092 2814 3391 2886 intcgrator,
3441 2826 3488 2871 et
3531 2831 3770 2883 expressor
3812 2822 3848 2868 et

2297 2912 2498 2969 custos;
2543 2905 2667 2976 quia
2714 2906 2860 2961 illam
2917 2908 3178 2979 integram
3235 2909 3478 2978 exhibet,
3522 2911 3766 2983 esprimit,
3804 2915 3846 2963 et

2297 2995 2550 3051 cusmdit.
2582 2995 2765 3068 Neque
2796 3014 2955 3069 porro
2994 2998 3261 3071 Rigaltius
3302 3002 3373 3058 ibi
3399 3018 3589 3059 manus
3612 3017 3726 3058 snas
3746 3015 3847 3055 con-

2298 3088 2478 3155 tinuit,
2506 3090 2600 3146 sed
2629 3090 2847 3147 abstulit
2890 3092 3067 3148 adhuc
3114 3093 3229 3149 lucc
3275 3095 3654 3168 subsequentia
3688 3092 3844 3150 verba:

2298 3178 2570 3251 Antiquior
2595 3183 2827 3238 omnibus
2846 3186 3050 3254 veritas,
3085 3186 3137 3240 ni
3175 3186 3352 3258 fallor.
3403 3187 3526 3255 Quo
3571 3197 3731 3243 autem
3753 3184 3847 3255 jure

2300 3272 2419 3329 lucc
2447 3273 2757 3345 dempserit,
2785 3292 2849 3332 ex
2880 3276 3260 3333 audacioribus
3293 3279 3410 3335 aliis
3442 3280 3559 3351 ejus
3598 3276 3846 3334 correctio-

2297 3368 2456 3424 nibus
2488 3369 2619 3423 satis
2671 3370 3001 3443 intelligitur.
3047 3370 3211 3428 Nobis
3259 3388 3419 3444 porro
3469 3373 3846 3428 sulllciatanno-

2298 3467 2443 3516 tasse
2498 3460 2673 3516 varias
2727 3471 2908 3518 textus
2955 3462 3266 3519 Tertulliani
3314 3464 3593 3533 lectiones,
3624 3479 3681 3519 ac
3722 3475 3847 3533 quam

2296 3564 2444 3609 recte
2472 3564 2679 3609 asserat
2709 3554 2866 3627 longe
2917 3558 3349 3626 prtestantiorem
3391 3573 3514 3615 esse
3562 3555 3847 3614 Christiano-

2296 3661 2415 3701 rum
2461 3650 2618 3717 quain
2649 3647 3092 3720 philosophorum
3124 3650 3449 3721 doctrinam,
3479 3647 3850 3721 moresqueillo—

2297 3753 2438 3806 rum,
2487 3755 2645 3810 quant
2696 3742 3059 3811 quorumlibet
3106 3743 3477 3809 ethnicorum,
3533 3742 3769 3798 eastiores
3808 3744 3849 3792 et

2297 3833 2611 3889 sanctiores.
2637 3832 2755 3888 iam
2792 3849 2921 3890 vero
2951 3835 3017 3891 de
3047 3834 3131 3891 his
3157 3836 3653 3907 comparationibus
3679 3835 3726 3890 in
3753 3845 3850 3887 nos-

2298 3933 2376 3980 tra
2398 3925 2465 3980 ad
2491 3924 2705 3982 Minucii
2736 3925 3015 3983 Octavium
3068 3928 3455 3987 dissertatione
3500 3929 3697 4002 egimus
3739 3921 3850 3998 (υἱε-

2296 4027 2470 4074 sertat.
2501 4019 2556 4074 in
2581 4017 2933 4093 Minut.,cap.
2962 4022 3051 4089 15,
3080 4031 3181 4077 art.
3206 4020 3285 4094 4).

2897 4134 3124 4192 CAPUT
3162 4134 3305 4193 XIV.

2298 4244 2378 4303 De
2398 4245 2804 4304 Christianorum
2828 4250 3067 4321 jejuniis,
3092 4227 3402 4322 paenitentiae
3445 4250 3696 4324 operibus,
3723 4246 3853 4321 preci‘

2367 4339 2465 4394 bus
2484 4381 2500 4408 ,
2530 4350 2576 4395 et
2612 4342 2823 4406 solemni
2852 4342 2952 4397 diei
2987 4343 3256 4398 dominica:
3282 4344 3431 4414 festo,
3454 4362 3515 4400 ac
3538 4353 3716 4417 quanta
3741 4338 3850 4395 iniit

2370 4431 2600 4489 omnibus
2626 4434 2832 4489 illorum
2860 4445 2907 4490 et
2935 4436 3197 4506 gentilium
3224 4435 3534 4505 di/ferentia.
3638 4436 3656 4449 “

2832 4566 3129 4607 Αιιτιρυιιυε
3166 4532 3381 4608 Ριιιιιυε.

2305 4663 2470 4731 Quam
2495 4647 2651 4737 longa
2676 4673 2723 4718 et
2750 4664 2961 4719 horrida
2998 4666 3187 4738 fuerint
3205 4666 3410 4737 jejunio
3453 4664 3850 4722 Christianorum:

2373 4765 2618 4826 quantum
2657 4754 2719 4809 ab
2748 4757 2843 4810 hac
2879 4755 3194 4831 abstinentiae
3219 4759 3486 4814 seueritate
3520 4760 3731 4813 abessent
3757 4765 3850 4806 con-

2374 4847 2504 4902 uiuia
2544 4858 2588 4902 et
2615 4864 2774 4903 caena:
2799 4846 3209 4921 Megarensium,
3237 4851 3458 4905 tribuum
3475 4892 3491 4917 ,
3525 4850 3787 4911 curiarum,
3805 4853 3850 4894 ac

2376 4941 2719 5007 decuriarum,
2751 4940 3163 4998 Herculanarum
3188 4945 3523 5012 decimarum,
3536 4944 3849 5017 polluctorum.

2377 5036 2762 5106 Apaturiorum,
2792 5037 3178 5111 Dionysiorum,
3210 5042 3493 5096 Atticorum
3522 5036 3849 5111 mysteriorum:

2377 5132 2743 5204 Serapicamm
2766 5149 3044 5205 uenarum,
3076 5134 3162 5189 ubi
3197 5135 3262 5191 de
3301 5135 3566 5208 sparteolis
3589 5142 3637 5190 et
3661 5123 3850 5200 infanti-

2374 5226 2465 5282 bus
2502 5227 2763 5298 parasitis.

2371 5341 2608 5398 Creteras
2630 5341 2770 5398 inter
2795 5341 3221 5400 Christianorum
3251 5344 3473 5402 virtutes
3499 5342 3719 5401 maxime
3746 5331 3852 5392 emi-

2300 5434 2411 5489 cuit
2443 5444 2549 5488 tatn
2573 5433 2756 5489 sedula
2778 5475 2794 5500 ,
2825 5450 2986 5506 quam
3014 5435 3148 5492 dura
3170 5436 3495 5509 jejuniorum
3521 5425 3847 5493 observando-

2299 5541 2420 5580 rum
2455 5540 2583 5581 cura
2611 5536 2666 5581 et
2691 5526 2995 5582 sollicitudo
3017 5569 3033 5595 ,
3079 5544 3183 5601 qua
3212 5545 3319 5585 non
3351 5531 3556 5596 minus,
3591 5538 3739 5598 quam
3757 5516 3851 5574 aliis

2301 5619 2619 5688 virtutibus,
2673 5620 2742 5677 ab
2791 5623 3023 5679 ethnicis
3071 5623 3468 5696 discrepabunt.
3534 5621 3682 5693 Saepe
3734 5610 3849 5671 enim

2300 5715 2502 5786 smpius
2539 5729 2604 5771 ac
2643 5714 2867 5787 publicis
2894 5716 2946 5772 in
2977 5716 3370 5775 calamitatibus
3407 5717 3635 5775 divinam
3671 5702 3850 5767 miseri-

2300 5807 2539 5865 cordiam
2579 5822 2688 5865 non
2725 5824 2827 5882 pro
2863 5825 2924 5869 se
2955 5819 3162 5872 tantum
3183 5852 3201 5882 ,
3228 5811 3325 5870 sed
3352 5812 3463 5871 suis
3489 5810 3645 5868 etiam
3668 5817 3754 5879 pro
3773 5795 3853 5855 ini-
