4092 6352
294 332 402 394 957

1421 330 1874 390 DlSSERTATlO
1912 331 1978 390 Ι).
2016 330 2107 390 LE
2142 332 2449 392 NOUBBY.

3484 337 3593 397 958

296 450 492 517 micis,
537 462 643 505 non
687 446 1049 523 perfunctorie
1074 489 1090 515 ,
1148 446 1241 504 sed
1291 446 1579 505 durissima
1622 449 1890 522 rigidioris
1915 450 2214 515 Adecuriis
2260 448 2573 506 ructantibus
2605 447 2951 523 (Tertullian.
2996 450 3287 524 Apologet.,
3324 460 3452 525 cap.
3478 453 3586 523 59,

292 545 481 618 jejunii
500 544 874 601 observatione
888 559 1112 600 exorare
1132 543 1485 601 conabantur.
1511 543 1708 599 Audias
1730 543 1889 599 velim

296 641 588 712 ipsummet
616 637 1002 694 Tcrtullianum
1027 655 1040 693 :
1088 636 1221 705 Nos,
1250 637 1456 709 inquit,
1485 636 1693 708 ieiuniis
1720 635 1889 702 aridi,

297 734 402 794 hoc
448 743 564 802 est,
605 734 834 793 conlecti
877 743 932 790 et
968 732 1210 801 arefacti,
1251 732 1447 805 quippe
1492 733 1583 803 qui
1622 746 1727 786 non
1773 729 1894 787 aliis

296 830 430 885 cibis
455 841 614 899 quam
645 827 811 883 aridis
842 837 951 882 tum
980 826 1269 883 vescimur.
1296 825 1430 881 Nam
1462 824 1551 881 ille
1580 824 1705 880 alibi
1731 840 1891 891 seras,

296 924 389 990 ait,
423 920 501 978 vel
528 922 703 977 aridas
728 937 887 989 escas,
921 936 984 978 ac
1011 920 1169 993 paulo
1194 919 1530 991 explicatius,
1557 918 1897 991 :rerophagias
1934 913 1957 930 °

298 1015 619 1072 observamus
638 1057 654 1081 ,
693 1014 939 1071 siccantes
964 1013 1130 1068 cibum
1162 1014 1225 1067 ab
1251 1011 1391 1067 omni
1416 1027 1568 1066 carne
1587 1053 1601 1079 ,
1640 1009 1778 1064 omni
1798 1010 1894 1081 ju-

297 1108 541 1175 rulentia,
573 1117 621 1163 et
650 1105 963 1162 avidioribus
988 1103 1266 1177 quibusque
1294 1104 1478 1176 pomis,
1509 1120 1573 1158 ne
1598 1100 1722 1174 quid
1748 1102 1895 1157 vino-

296 1201 462 1257 sitatis
499 1199 578 1256 vel
610 1199 841 1264 edamus,
882 1198 961 1254 vel
1002 1205 1251 1270 putemus,
1278 1196 1469 1252 lauacri
1503 1210 1699 1267 quoque
1737 1194 1896 1249 absti—

306 1295 535 1350 nentiam
579 1301 939 1364 congruentem
976 1289 1312 1361 ariddvictui
1356 1285 1708 1360 (Tertullian.
1752 1272 1894 1359 Apol-

297 1386 476 1460 loget.,
506 1402 623 1459 cap.
653 1385 902 1458 40,,pag.
932 1383 1040 1441 478
1065 1400 1082 1453 ;
1124 1382 1239 1441 libr.
1274 1383 1338 1438 de
1369 1380 1616 1455 Jejuuiis,
1644 1398 1759 1454 cap.
1792 1382 1819 1438 1
1848 1390 1897 1441 et

294 1495 411 1550 cap.
446 1480 563 1551 15).

364 1573 494 1641 Quis
518 1580 697 1628 autem
725 1570 906 1627 aridus
934 1570 1031 1627 ille
1050 1569 1223 1636 cibus,
1249 1576 1302 1625 et
1327 1581 1449 1641 qua:
1473 1581 1596 1624 esca
1623 1564 1772 1622 arida
1803 1564 1894 1634 sit,

297 1666 345 1724 si
376 1666 443 1723 ab
467 1664 774 1739 Epiphanio
805 1665 1062 1739 postules,
1098 1664 1193 1720 tibi
1222 1661 1572 1735 respondebit
1598 1677 1707 1719 non
1734 1660 1895 1717 aliam

290 1775 434 1828 esse,
475 1760 578 1816 nisi
624 1755 817 1832 panem
844 1801 858 1827 ,
904 1758 984 1815 sal
1035 1768 1091 1815 et
1130 1772 1345 1829 aquam.
1387 1755 1492 1812 Per
1533 1764 1679 1811 totos
1718 1763 1895 1810 autem

1994 559 2096 616 pag
2120 542 2273 614 475),
2288 542 2537 599 videlicet
2564 542 2740 598 cibum
2767 553 3055 616 potumque
3085 544 3328 611 nimium,
3357 547 3446 617 qui
3478 562 3591 605 non

1995 643 2244 709 potuerat
2291 637 2344 693 in
2393 636 2674 694 stomacho
2714 636 2915 709 digeri,
2965 636 3375 706 exhalantibus,
3409 641 3592 695 acescit

1995 746 2102 785 aer.
2127 728 2232 786 Sed
2259 728 2542 801 numquid,
2579 728 2809 800 inquies,
2838 728 2892 784 id
2927 729 3044 785 sine
3074 744 3263 801 magna
3293 729 3593 803 hyperbole

1995 825 2064 881 ab
2100 825 2218 895 ipso
2244 824 2407 880 scribi
2438 823 2649 895 potuit?
2689 823 2830 892 Quid
2860 831 3059 891 autem,
3089 823 3282 879 amabo
3321 833 3405 891 te,
3448 833 3595 880 vetat

1996 918 2285 990 quominus
2310 917 2362 973 id
2392 917 2498 974 dici
2530 918 2696 989 possit
2725 916 2794 972 de
2820 916 3045 987 publicis
3069 917 3352 986 conviviis,
3383 933 3504 989 quae
3535 918 3592 974 in

1996 1010 2206 1083 magnis
2246 1010 2601 1083 quorumdam
2644 1009 2875 1077 dierum,
2906 1026 2970 1066 ac
3011 1010 3309 1083 praesertim
3358 1012 3595 1082 impera-

1996 1115 2174 1162 torum
2201 1104 2631 1162 solemnitatibus
2687 1104 2740 1160 in
2767 1103 2908 1170 loro,
2940 1104 3147 1176 plateis
3159 1104 3405 1174 publicis,
3436 1105 3592 1173 vicis,

1998 1206 2054 1253 et
2081 1197 2293 1253 urbium
2319 1196 2570 1269 compitis
2604 1196 2795 1252 instrui
2820 1195 3104 1252 solebant?
3132 1195 3283 1252 Tunc
3310 1197 3453 1253 enim
3480 1196 3597 1251 sin-

2000 1290 2160 1361 gula»,
2189 1304 2253 1346 ac
2289 1297 2414 1346 totae
2451 1289 2614 1346 urbes
2639 1288 2985 1355 exhibebant,
3026 1298 3082 1344 ut
3107 1288 3245 1345 infra
3274 1289 3595 1358 videbimus,

1999 1384 2346 1441 tabernarum
2369 1383 2758 1455 etpopinarum
2789 1382 3044 1453 speciem.
3079 1380 3217 1449 Quid
3245 1362 3597 1453 ergoomirum

1997 1476 2045 1534 si
2093 1485 2237 1532 tanta
2278 1475 2623 1535 multitudine
2678 1474 2983 1542 hominum,
3022 1473 3173 1530 cibos
3217 1475 3512 1548 indigestos
3544 1482 3602 1532 et

1998 1568 2354 1625 immoderate
2381 1577 2625 1641 sumptos
2651 1566 3037 1633 exhalantium,
3055 1567 3296 1623 ructibus
3322 1582 3416 1624 aer
3442 1583 3600 1625 aces-

1998 1661 2183 1719 ceret?
2213 1661 2498 1719 Turnebus
2542 1663 2720 1733 itaque
2765 1661 2984 1717 nomine
3026 1661 3185 1716 curiis
3221 1662 3416 1717 frustra
3454 1662 3602 1719 desi-

1999 1755 2151 1827 gnari
2178 1754 2401 1826 putabat
2420 1770 2480 1811 ea
2505 1753 2769 1821 convivia,
2793 1769 2911 1824 qua:
2933 1753 2985 1808 in
3012 1753 3123 1824 ipsa
3145 1753 3292 1809 curia
3321 1769 3350 1807 a
3371 1752 3604 1810 Curiali-

296 1854 419 1912 illos
434 1856 845 1928 jejunationum,
877 1855 954 1911 uti
983 1854 1073 1911 ille
1100 1853 1355 1925 loquitur,
1386 1862 1440 1908 et
1463 1851 1895 1922 xerop/tagiarum
1924 1860 1974 1921 Β
2002 1847 2103 1904 bus
2150 1848 2418 1903 dabantur
2462 1847 2744 1920 (Turneb.,
2774 1846 2863 1902 lib.
2887 1845 2983 1901 Xll
3021 1846 3260 1914 Advers.,
3303 1863 3422 1919 cap.
3471 1846 3600 1921 i5).

291 1948 409 2005 dies
431 1946 513 2005 las
541 1945 865 2005 Christianis
889 1961 996 2003 non
1021 1955 1138 2004 erat
1160 1945 1326 2002 hosce
1352 1944 1523 2012 cibos,
1555 1944 1898 2016 quantumvis

291 2056 487 2116 parum
535 2042 842 2100 esculentos
901 2050 955 2097 et
998 2055 1211 2107 suaves,
1266 2039 1457 2111 quovis
1501 2037 1608 2095 diei
1655 2047 1897 2108 tempore

286 2144 618 2208 priegustare
639 2134 929 2207 (Epiphan.
958 2133 1196 2205 Exposit.
1218 2131 1335 2203 (id.,
1368 2129 1395 2203 ᾖ
1422 2129 1516 2199 22,
1547 2146 1667 2202 pag.
1691 2127 1894 2200 1015);

287 2230 388 2285 sed
417 2229 484 2286 ab
509 2228 689 2299 omni,
711 2229 785 2285 ait
809 2227 984 2284 adhuc
1011 2227 1213 2283 Auctor
1239 2232 1444 2287 noster,
1473 2224 1589 2278 vita
1614 2231 1778 2294 (rage,
1802 2236 1898 2277 seu

289 2337 626 2394 quocumque
647 2321 769 2378 cibo
801 2320 949 2375 dilati
982 2317 1324 2392 (Tertullian.
1343 2313 1637 2388 Apologet.,
1666 2330 1779 2386 cap.
1802 2311 1894 2380 10,

285 2432 407 2487 pag.
435 2414 603 2487 487),
634 2413 777 2470 hunc
816 2411 1032 2468 nonnisi
1071 2424 1193 2467 sero
1230 2424 1293 2466 ac
1341 2408 1440 2464 sub
1473 2406 1648 2463 noctis
1686 2405 1895 2461 initium

286 2509 591 2565 sumebant.
632 2506 817 2581 Neque
855 2506 1048 2562 horum
1096 2503 1381 2561 verborum
1428 2501 1543 2558 hazc
1588 2511 1769 2557 nostra
1813 2510 1898 2556 est

285 2602 595 2673 explicatio,
645 2600 743 2658 sed
785 2601 989 2673 ipsius,
1033 2598 1126 2672 qui
1171 2597 1298 2654 alibi
1338 2594 1679 2668 apertissime
1725 2591 1893 2649 dixit:

288 2696 611 2753 Abstinentes
653 2696 716 2750 ab
754 2696 844 2764 eis,
878 2711 992 2767 qua:
1034 2704 1237 2759 tamen,
1283 2689 1738 2763 quemadmodum
1778 2687 1893 2744 hae-

285 2789 439 2847 retici
488 2788 729 2861 quidam,
761 2805 863 2844 non
905 2787 1185 2857 rejicimus,
1230 2784 1317 2839 sed
1365 2782 1649 2851 differimus
1676 2782 1694 2853 (
1724 2778 1892 2849 Idem,

285 2884 372 2939 lib.
405 2883 470 2940 de
509 2882 713 2956 Jejun.,
741 2896 873 2956 'cap.
927 2883 991 2938 15
1025 2883 1086 2953 ),
1119 2890 1278 2951 atque
1320 2879 1391 2934 ita
1453 2875 1655 2949 jojuuia
1710 2868 1894 2931 nostra

287 2977 341 3033 in
369 2991 655 3050 vesperum
705 2974 1074 3048 producimus.
1120 2973 1372 3041 Qninimo
1416 2970 1695 3036 Christus,
1745 2977 1887 3025 teste

289 3071 561 3142 Eusebio,
609 3080 905 3129 sectatores
957 3085 1084 3127 suos
1124 3069 1381 3127 docuerat
1425 3067 1492 3123 ad
1537 3065 1736 3123 multos
1777 3066 1895 3123 dies

288 3166 408 3222 cibo
439 3174 494 3222 et
518 3165 647 3221 vino
674 3148 1049 3222 lubentissime
1085 3163 1358 3221 abstinere
1378 3202 1395 3230 ,
1423 3161 1617 3217 durum
1645 3176 1709 3216 ac
1733 3174 1893 3217 seve-

294 3276 412 3317 rum
442 3275 604 3332 agere
630 3259 841 3316 vivendi
866 3267 1239 3331 genus,'alque
1260 3256 1579 3311 immensam
1598 3268 1705 3309 non
1732 3250 1892 3308 modo
1918 3262 1965 3326 ο

289 3353 551 3420 virorum,
599 3368 781 3411 verum
826 3352 992 3410 etiam
1036 3350 1321 3406 mulierum
1373 3346 1774 3404 multitudinem
1823 3362 1891 3401 eo

290 3446 621 3518 impulerat,
678 3455 739 3502 ut
782 3445 979 3517 spretis
1028 3456 1319 3514 corporum
1380 3440 1685 3507 alimentis,
1754 3437 1893 3493 divi-

290 3555 479 3595 narum
540 3540 721 3610 potius
771 3538 1064 3595 lectionum
1115 3534 1431 3592 rationalem
1491 3533 1667 3589 cibum
1724 3546 1889 3604 appe-

288 3639 465 3686 terent
510 3629 757 3702 (Euseb,
782 3639 914 3685 orat.
972 3627 1036 3683 de
1060 3627 1205 3683 laud.
1254 3625 1593 3693 Constantini,
1621 3641 1738 3697 cap.
1774 3625 1847 3689 17
1872 3665 1888 3692 ,

290 3739 425 3795 pag.
477 3720 626 3793 661).
689 3720 827 3791 Quid
878 3722 1074 3775 mirum
1120 3718 1321 3791 igitur,
1379 3718 1424 3773 si
1480 3717 1533 3771 lii
1582 3716 1652 3771 ab
1699 3715 1888 3772 eodem

291 3814 623 3872 'l‘ertulliauo
652 3825 837 3869 nostro
878 3812 1127 3869 dicuntur
1154 3811 1297 3867 omni
1324 3809 1415 3865 illa
1455 3808 1768 3864 continentia
1794 3823 1888 3864 ex-

292 3907 453 3979 pressi
478 3905 816 3981 (Tertullian.
842 3904 1132 3977 Apologet.,
1153 3921 1269 3976 cap.
1290 3903 1383 3969 40,
1403 3919 1525 3976 pag.
1545 3885 1698 3976 481),
1715 3902 1766 3958 id
1787 3910 1889 3970 est,

291 4001 362 4057 ita
402 4000 645 4057 exhausti
674 3980 733 4056 ut
756 4000 1048 4056 deﬁcerent
1074 3998 1315 4070 corporis
1345 3995 1527 4052 vires?

346 4095 560 4177 ‘Verum
594 4095 662 4151 ab
692 4096 790 4150 hac
818 4093 1243 4149 Christianorum
1276 4090 1611 4163 frugalitate,
1645 4087 1888 4146 ciborum

290 4188 613 4245 abstinentia
666 4197 723 4245 et
766 4188 984 4260 jejuniis
1032 4188 1188 4258 plane
1220 4187 1535 4258 penitusque
1560 4183 1893 4241 dissidebant

293 4299 463 4340 «(eum
510 4284 890 4351 ethnicorum,
941 4282 1173 4354 profusis
1223 4279 1528 4350 sumptibus
1576 4287 1887 4347 apparata},

296 4376 646 4431 immoderata
672 4375 941 4442 convivia,
972 4372 1421 4444 computationes,
1443 4369 1886 4432 comessationes,

299 4468 674 4525 helluationes.
729 4467 966 4522 Primum
1008 4466 1150 4520 enim
1197 4463 1585 4534 Megarensium
1634 4461 1892 4529 intempe-

297 4561 500 4624 rantia,
531 4559 605 4613 ait
624 4558 985 4614 Tertullianus
1010 4557 1167 4626 plane
1196 4553 1531 4625 redarguitur
1579 4551 1680 4607 hoc
1704 4550 1892 4621 Dioge-

2001 1942 2135 1999 Nam
2184 1942 2546 1999 Tertullianus
2586 1943 2654 1998 de
2711 1940 2820 1997 illis
2865 1940 3093 2013 publicis
3142 1940 3406 1999 conviviis
3453 1940 3599 1998 haud

2000 2035 2164 2092 dubie
2191 2033 2570 2106 intelligendus
2605 2044 2707 2090 est.

2053 2127 2208 2185 Tum
2238 2127 2327 2184 ille
2348 2135 2574 2199 postea':
2609 2125 2790 2191 Saliis,
2820 2125 3013 2196 inquit,
3044 2124 3112 2201 de
3136 2126 3329 2198 quibus
3351 2141 3450 2184 nos
3472 2127 3603 2185 alibi

2000 2222 2229 2294 egimus,
2263 2222 2536 2278 coenaturis
2555 2221 2776 2276 creditor
2797 2221 2892 2275 erit
2916 2222 3230 2277 necessarius
3257 2221 3601 2294 (Tcrtullian.

2000 2315 2105 2372 loc.
2135 2314 2282 2388 cit.);
2312 2315 2434 2385 quia
2459 2313 2640 2370 nullus
2667 2329 2762 2385 par
2786 2320 2904 2369 erat
2930 2312 3203 2385 impensas
3244 2315 3458 2371 illorum
3501 2315 3600 2374 de—

1999 2414 2222 2478 repente
2250 2405 2529 2462 solvendo.
2561 2405 2616 2461 Si
2649 2413 2827 2460 tamen
2873 2404 3027 2460 nobis
3073 2419 3179 2460 non
3225 2405 3414 2462 credas
3441 2405 3604 2479 (Dis~

2000 2509 2174 2555 certat.
2213 2501 2268 2555 in
2296 2492 2492 2554 Miiiut.
2544 2498 2751 2564 Oetam,
2779 2514 2897 2569 cap.
2935 2497 3028 2563 ΞΟ,
3066 2509 3167 2555 art.
3195 2500 3288 2572 5),
3325 2478 3486 2571 idque
3510 2478 3608 2558 tibi

1998 2592 2134 2648 velis
2173 2592 2424 2664 probari,
2482 2592 2604 2646 audi
2640 2590 2755 2646 haec
2794 2590 2944 2646 Festi
2995 2592 3196 2647 verba:
3240 2593 3415 2649 Salios
3444 2611 3476 2648 a
3499 2594 3608 2649 sal-

2000 2686 2158 2740 tando
2210 2685 2397 2751 dictos,
2438 2682 2617 2765 quibus
2660 2700 2752 2755 per
2780 2698 2954 2738 omnes
2987 2685 3096 2739 dles
3116 2726 3130 2751 ,
3160 2684 3462 2757 ubicumque
3488 2704 3605 2741 mae

1997 2788 2121 2833 nent
2138 2819 2154 2844 ,
2181 2779 2303 2849 quia
2327 2777 2515 2848 ampla:
2540 2787 2803 2848 ponuntur
2828 2790 3006 2844 ciente,
3036 2778 3080 2831 si
3111 2793 3227 2847 quas
3255 2777 3375 2833 alite
3396 2795 3601 2851 magna:

1997 2879 2135 2936 sunt,
2182 2869 2396 2926 saliares
2437 2869 2772 2943 appellantur
2807 2866 2979 2940 (Fest.
3024 2868 3095 2923 ad
3136 2886 3184 2927 υ.
3212 2870 3339 2928 Salii
3364 2870 3405 2943 ).
3449 2871 3598 2941 Quo-

1997 2964 2139 3023 circa
2165 2965 2393 3022 canebat
2423 2963 2680 3020 Horatius
2707 2979 2721 3017 :

2150 3077 2292 3129 Nunc
2314 3086 2392 3129 est
2411 3077 2698 3135 bibendum,
2716 3087 2848 3133 nunc
2871 3074 3002 3137 pede
3018 3074 3180 3126 libero

2151 3140 2397 3192 Pulsanda
2416 3138 2581 3199 tellus,
2603 3151 2733 3190 nunc
2750 3137 3009 3188 saliaribus

2251 3202 2444 3254 Ornare
2469 3202 2692 3265 pulvinar
2706 3201 2911 3251 deorum

2247 3260 2598 3330 'l‘empus'erat
2619 3264 2841 3328 dapibus,
2864 3260 3078 3312 sodales.

2889 3343 3082 3407 (Horat.
3103 3342 3186 3396 lib.
3205 3351 3241 3409 t,
3261 3342 3342 3396 od.
3368 3344 3474 3411 27.)

1994 3475 2171 3548 Dapes
2200 3475 2398 3547 quippe
2426 3474 2651 3532 saliares
2678 3481 2836 3529 vocat
2860 3472 3088 3544 Opimas,
3117 3472 3595 3544 exquisitissimos,
3648 3542 3659 3549 υ

1995 3567 2313 3639 magnisque
2339 3565 2643 3639 sumptibus
2668 3574 3025 3637 comparatas,
3050 3565 3246 3635 quibus
3271 3567 3601 3623 onerabatur

1993 3659 2245 3734 pulvinar
2293 3660 2542 3725 deorum,
2597 3667 2653 3714 et
2689 3656 2933 3729 posthaec
2973 3672 3005 3711 a
3048 3656 3207 3712 Saliis
3251 3659 3596 3716 vorabantur.

1994 3752 2127 3809 Eam
2157 3766 2289 3809 sane
2317 3750 2388 3807 ob
2411 3765 2657 3807 caussam
2682 3747 2938 3805 Claudius
2966 3747 3277 3820 imperator,
3310 3750 3385 3805 uti
3412 3760 3599 3807 narrat

1993 3846 2330 3906 Suetonius:
2385 3845 2542 3917 .Ictus
2588 3842 2766 3899 nidore
2812 3843 3017 3915 prandii
3064 3844 3199 3913 quod
3260 3845 3315 3898 in
3360 3845 3597 3915 proxima

1995 3939 2182 3996 Martis
2209 3938 2319 3995 wdc
2341 3937 2712 4010 apparabatur,
2743 3936 2940 3990 deserto
2966 3934 3224 4001 tribunali,
3251 3935 3505 3990 descendit
3527 3938 3599 3991 ad

1890 4072 1893 4077 -
1992 4034 2309 4100 sacerdotes,
2356 4046 2559 4101 unaque
2586 4028 2837 4084 discubuit
2868 4027 3117 4098 (Sueton.
3150 4028 3200 4082 in
3238 4026 3338 4083 Vit.
3370 4028 3597 4099 Claudii,

1995 4126 2023 4200 ᾗ
2052 4126 2166 4200 35).
2198 4126 2458 4198 Apuleius
2497 4137 2626 4180 vero
2657 4122 2732 4177 ait
2767 4136 2964 4193 equum
3008 4135 3166 4175 suum
3208 4130 3353 4175 tanta
3402 4121 3595 4179 hordei

1994 4221 2147 4292 capia
2186 4227 2485 4273 saturatum
2524 4216 2692 4271 fuisse
2716 4256 2731 4281 ,
2766 4223 2819 4267 ut
2857 4212 3067 4267 saliares
3096 4228 3149 4266 se
3174 4229 3397 4268 ctenasse
3424 4213 3599 4269 crede-

1993 4321 2070 4369 ret
2096 4310 2342 4385 (Apuleii,
2376 4307 2715 4379 bletamorplt.
2738 4294 2950 4372 libilV,
2978 4312 3090 4376 post
3118 4305 3301 4376 med.).

2067 4406 2197 4462 Salii
2223 4414 2401 4459 autem
2429 4411 2584 4457 erant
2609 4401 2917 4457 sacerdotes
2942 4397 3204 4464 Herculis,
3229 4398 3297 4453 de
3328 4414 3434 4469 quo
3463 4400 3595 4457 Ter-

1998 4497 2251 4554 tullianus
2293 4498 2409 4550 huic
2438 4494 2755 4550 subnectit:
2800 4489 3214 4545 Herculanarum
3254 4492 3587 4559 decimarum,

1998 4598 2045 4647 et
2093 4588 2429 4660 polluctorum
2483 4583 2873 4655 (manuscripti
2928 4584 3141 4639 codices
3194 4585 3590 4657 pollinctorum)

295 4655 377 4710 nis
420 4652 567 4708 dicto
601 4669 615 4706 :
667 4650 992 4722 Megarenses
1033 4653 1315 4714 obsonant,
1356 4646 1499 4716 quasi
1546 4644 1769 4697 crastina
1812 4642 1895 4696 die

1999 4689 2244 4751 sumptus
2272 4678 2511 4734 tabularii
2552 4677 2748 4750 (iidem
2789 4677 2950 4740 editi,
2984 4687 3035 4730 et
3066 4675 3153 4729 alii
3187 4692 3290 4729 non
3323 4676 3448 4730 editi
3496 4642 3590 4733 co:

297 4746 570 4810 morituri;
629 4744 888 4812 cedi/icaut
938 4758 1086 4807 vero,
1152 4739 1299 4812 quasi
1348 4752 1612 4809 nunquam
1661 4735 1894 4788 morituri

297 4838 461 4911 (Ibid.
482 4855 595 4911 cap.
624 4836 715 4904 59,
742 4853 861 4907 pag.
880 4835 1031 4907 A75).
1050 4833 1155 4890 Sed
1184 4834 1227 4887 si
1247 4831 1458 4886 Laertio
1484 4828 1643 4882 Iidem
1670 4825 1891 4893 habeas,

298 4932 674 5003 Agrigentinus
714 4914 1067 4999 Empedocles
1115 4924 1342 4998 (Laert.,
1383 4920 1473 4976 lib.
1522 4918 1744 4986 Vlll,in
1789 4917 1892 4972 Vit.

301 5021 604 5093 Empedoa,
639 5021 668 5094 §
692 5023 818 5095 55);
852 5021 897 5075 si
921 5019 1157 5079 IEliauo,
1188 5016 1286 5071 hos
1309 5016 1454 5087 ipsos
1482 5012 1630 5067 Plato
1659 5009 1893 5082 (:Elian,

299 5114 388 5169 lib.
424 5114 516 5168 Xll
552 5114 674 5172 Var.
711 5113 935 5180 "istan,
959 5130 1073 5183 cap.
1105 5109 1175 5165 28
1208 5108 1263 5181 );
1309 5108 1353 5162 si
1408 5094 1714 5171 Plutarcho,
1749 5104 1899 5158 Illio-

299 5206 420 5262 dios
446 5205 781 5263 Stratonicus
826 5207 927 5263 hoc
965 5204 1212 5261 convicio
1240 5198 1552 5256 verberavit
1579 5198 1598 5269 (
1623 5195 1893 5252 Plutarch.

300 5299 603 5374 deCupidit.
626 5301 768 5356 divit.
797 5300 1061 5373 pag.525,
1083 5295 1301 5371 tom.|l).
1331 5299 1401 5352 At
1425 5297 1555 5354 illud
1576 5311 1606 5349 a
1630 5294 1893 5365 pluribus,

300 5409 355 5455 et
380 5398 447 5453 de
481 5398 722 5469 pluribus
750 5398 855 5454 dici
892 5413 956 5453 ac
997 5397 1166 5468 repeti
1198 5395 1436 5467 potuisse
1474 5393 1597 5466 quis
1634 5391 1895 5447 inliciabi-

301 5493 425 5550 tur?
470 5492 800 5564 Quicumque
844 5506 1005 5561 porro
1048 5490 1248 5547 iuerint
1275 5489 1331 5546 hi
1361 5488 1562 5560 populi,
1591 5502 1619 5542 a
1647 5484 1897 5542 Christia-

301 5603 492 5645 norum
522 5588 812 5646 sobrietate
850 5597 905 5645 et
936 5586 1157 5659 jejuuiis
1183 5599 1445 5658 perquam
1475 5582 1707 5640 maxime
1735 5581 1899 5638 alieni

301 5690 477 5736 eftllll.

375 5775 443 5829 At
468 5790 574 5832 non
604 5773 672 5833 de
697 5774 802 5833 illis
828 5774 1014 5848 procul
1049 5773 1214 5831 dubio
1236 5816 1251 5840 ,
1295 5773 1393 5831 sed
1423 5773 1491 5830 de
1520 5772 1760 5845 pluribus
1780 5770 1902 5827 aliis

301 5864 406 5926 hoc
433 5867 639 5955 Auctor)
661 5879 846 5926 noster
878 5869 1190 5944 subjnmtit:
1232 5866 1328 5926 Tot
1352 5866 1580 5927 tribubus
1605 5876 1652 5924 et
1678 5866 1833 5923 curiis
1857 5872 1904 5921 ct

626 5960 1067 6027 Turonum
1110 5962 1164 6026 1.

1998 4772 2147 4829 dices
2186 4772 2483 4840 stabularii)
2524 4768 2871 4841 supputabunt
2911 4753 3254 4840 (Tertulluin.
3294 4767 3587 4841 Apologet.,

1997 4881 2115 4936 cap.
2159 4862 2252 4933 59,
2294 4880 2413 4935 pag.
2448 4862 2597 4933 475).
2625 4861 2980 4917 Pollinctores
3010 4873 3137 4911 vero
3164 4857 3433 4926 nugebant
3466 4876 3590 4916 cor-

1997 4972 2129 5028 pora
2166 4967 2497 5011 mortuorum
2536 4961 2591 5010 et
2628 4951 2789 5008 latins
2821 4949 3098 5006 curabant.
3144 4947 3337 5003 Verum
3369 4950 3592 5009 Tertul-

2002 5049 2178 5106 lianus
2213 5063 2321 5104 non
2359 5047 2573 5103 videtur
2600 5045 2668 5101 de
2696 5045 2779 5099 his
2809 5045 2998 5098 iecisse
3031 5056 3359 5099 sermonem.
3402 5043 3590 5104 Melius

2000 5156 2130 5213 ergo
2155 5139 2415 5211 scriptum
2438 5149 2521 5195 est
2548 5137 2885 5209 polluctorum
2904 5175 2920 5200 ,
2953 5132 3029 5187 uti
3060 5132 3368 5189 confirmari
3409 5145 3587 5207 potest

2001 5231 2107 5300 his,
2131 5231 2221 5304 qui
2250 5231 2374 5288 huic
2396 5230 2523 5288 loco
2550 5243 2655 5285 non
2687 5242 2875 5300 parum
2903 5224 3042 5281 lucis
3074 5224 3385 5307 praeferunt,
3413 5227 3590 5286 Plauti

1998 5324 2246 5382 versibus
2270 5342 2284 5381 :

2149 5439 2261 5492 Huc
2285 5440 2479 5490 venisse
2492 5438 2594 5502 jam
2614 5440 2838 5502 opus_est
2854 5437 3089 5502 quantum
3113 5440 3278 5498 potest

2154 5503 2239 5556 Uti
2256 5495 2511 5554 decumani
2535 5495 2721 5562 partem
2742 5495 2946 5562 Herculi
2971 5495 3258 5562 polluceam.

2501 5558 2687 5627 (Plaut.
2707 5559 2859 5614 Stich.
2885 5558 2985 5611 acti
3002 5567 3053 5621 lt,
3077 5572 3205 5611 scen.
3228 5560 3274 5622 l,
3298 5570 3341 5610 υ.
3363 5558 3469 5625 80.)

2002 5673 2243 5733 Gentiles
2262 5673 2404 5728 enim
2430 5671 2695 5728 decimam
2724 5672 2986 5727 bonorum
3008 5680 3230 5723 suorum
3261 5676 3492 5740 partem,
3522 5672 3604 5728 uti

2002 5769 2206 5825 Auctor
2230 5774 2415 5822 noster
2435 5765 2683 5836 superius
2701 5763 2931 5833 dixerat,
2958 5760 3171 5818 Herculi
3187 5762 3599 5834 consecrabant,

2006 5858 2461 5933 imponebamque
2501 5858 2555 5917 in
2592 5857 2712 5931 ejus
2749 5872 2899 5915 aram
2928 5897 2943 5922 ,
2984 5868 3051 5911 ac
3104 5860 3290 5926 postea
3320 5854 3603 5928 splendide

2859 5948 3179 6035 (Trente.)
