4076 6356
485 311 591 370 939

1551 308 1620 367 ΙΝ
1657 305 2122 366 TERTULLIANI
2160 304 2698 367 APOLOGETICUM

3699 299 3840 360 930

480 433 849 506 epulabantur.
882 430 1037 489 Unde
1063 429 1202 487 idem
1234 427 1491 485 Plautus:
1553 425 1841 495 Obsonate,
1870 425 2080 498 inquit,
2111 422 2163 490 Α
2188 435 2384 482 mentas
2409 435 2482 482 est
2505 425 2774 498 (Sueton.,
2801 424 2888 483 lib.
2913 423 2980 491 ll,
3002 423 3052 480 in
3067 422 3172 480 l’it.
3201 402 3419 499 August.
3447 420 3476 497 §
3514 421 3630 494 50).
3665 419 3844 489 Quis

487 525 838 598 pollucibiliter
869 525 888 598 (
905 523 1070 592 Idem,
1108 520 1402 578 .llustcllar.
1431 530 1532 576 act.
1553 517 1624 590 ll,
1657 536 1794 576 scen.
1817 517 1876 586 4,
1902 535 1950 574 υ.
1978 515 2087 591 Η).

489 610 682 674 Festus
713 632 841 673 vero
876 635 888 672 :
937 615 1210 670 Pollucere
1254 629 1561 670 merces.....
1609 615 1710 685 far,
1743 611 1975 682 polenta,
2012 609 2090 662 vi-

490 727 635 765 num.
658 707 872 765 Herculi
891 721 1058 765 autem
1081 710 1250 765 omnia
1280 709 1537 763 esculenta
1567 705 1902 778 pollucebant
1923 702 2088 778 (Fest.

495 805 565 858 ad
590 819 638 857 υ.
671 801 1011 876 Pollucere),
1057 803 1169 860 sive
1217 801 1479 858 decimam
1524 809 1730 871 partem
1770 797 2088 872 oll‘erebant.
2131 855 2139 864 ,

494 895 574 952 De
603 895 690 950 illa
731 908 911 963 autem
953 895 1198 952 Herculis
1231 895 1445 950 decima
1467 936 1481 961 ,
1511 891 1798 960 sacriﬁcio,
1840 901 1896 948 et
1931 890 2092 962 epulo

497 973 694 1044 vidcsis
737 988 1035 1044 Varronem
1059 1031 1074 1056 ,
1126 989 1494 1054 Plutarchum,
1541 985 1888 1051 Macrobium,
1923 985 2011 1056 qui
2041 991 2096 1040 ct

495 1080 840 1148 pollucibilcm
877 1098 1073 1136 ccenam
1115 1081 1341 1152 appellat
1383 1079 1592 1152 (Varr.,
1633 1077 1721 1134 lib.
1748 1077 1812 1148 V,
1853 1078 1916 1132 de
1940 1075 2092 1149 Ling.

498 1174 616 1241 lat.,
650 1192 770 1247 pag.
814 1174 920 1242 58;
954 1173 1221 1228 Plutarch.
1257 1173 1450 1241 Qucest.
1485 1171 1731 1238 Romam,
1781 1188 1902 1246 pag.
1948 1170 2094 1238 267;

502 1267 760 1336 Macrob,
791 1267 880 1324 lib.
915 1265 981 1324 lll
1011 1267 1302 1335 Saturnal.,
1332 1284 1447 1338 cap.
1480 1267 1568 1336 12,
1609 1268 1677 1324 13
1707 1276 1752 1322 et
1783 1265 1894 1339 l7).
1921 1265 2098 1335 Quan-

505 1363 573 1419 tis
603 1379 764 1435 porro
785 1365 1088 1435 sumptibus
1120 1373 1423 1434 pararetur,
1456 1361 1702 1418 tabularii
1727 1361 2093 1432 supputabunt,

511 1457 606 1526 qui
651 1456 899 1512 videlicet
975 1456 1251 1511 civitatum
1321 1465 1375 1510 et
1425 1454 1819 1524 provinciarum
1866 1455 2101 1510 rationes

508 1549 918 1620 computabant,
953 1548 1029 1603 uti
1057 1549 1222 1618 liquet
1251 1563 1317 1603 ex
1347 1545 1536 1604 codice
1575 1545 1980 1613 Theodosiano,
2009 1543 2101 1600 ubi

508 1657 646 1696 unus
684 1650 766 1696 est
805 1640 868 1695 de
906 1638 1174 1694 tabulariis
1220 1639 1424 1695 titulus.
1470 1639 1672 1694 Auctor
1701 1637 1884 1709 itaque
1919 1646 2104 1693 noster

510 1733 778 1810 significat
807 1741 982 1789 tantos
1013 1733 1176 1789 fuisse
1203 1732 1395 1789 harum
1423 1747 1700 1789 cumarum
1730 1738 1974 1802 sumptus
1994 1771 2008 1796 ,
2045 1739 2104 1786 ut

2198 524 2327 574 vero
2355 517 2511 576 facile
2541 535 2648 574 non
2682 518 2941 590 intelligat
2971 517 3362 574 Tertullianum
3397 517 3468 576 de
3497 516 3580 572 his
3608 529 3838 588 agere,

2199 612 2454 684 qui,eum
2496 612 2690 685 plebeii
2735 613 2973 684 vilesque
3003 611 3248 668 homines
3289 620 3490 676 essent,
3525 621 3844 681 noctuque

2201 721 2297 776 per
2337 706 2523 762 urbem
2570 707 2940 772 ambularent,
2981 705 3048 761 ad
3081 705 3283 761 fumum
3333 720 3504 763 caena:
3559 696 3842 780 opiparas

2200 799 2341 856 festo
2388 800 2662 872 Serapidis
2701 801 2976 857 iltSlrttcl'J‘:
3017 799 3424 867 excitabantur,
3469 807 3524 856 ct
3561 798 3629 856 ad
3683 812 3841 854 eam

2200 893 2604 949 accurrebant?
2650 893 2819 949 Porro
2849 903 3027 950 autem
3051 893 3175 974 haec
3206 891 3340 974 festa
3367 902 3421 948 et
3450 908 3600 950 sacra
3633 891 3838 948 Sera-

2202 989 2317 1058 pia,
2349 1002 2442 1043 seu
2469 987 2748 1058 Serapida,
2779 987 2865 1043 vel
2894 969 3166 1060 Serapidis
3206 969 3488 1043 sivelsidis
3505 985 3838 1058 appellata,

2201 1079 2448 1136 solebant
2478 1095 2662 1136 mense
2701 1080 2856 1152 aprili
2887 1079 3170 1135 celebrari.
3204 1077 3311 1135 Sed
3342 1077 3409 1134 de
3439 1077 3520 1134 his
3549 1079 3602 1132 in
3636 1092 3842 1148 supe-

2203 1173 2433 1230 rioribus
2462 1173 2930 1230 dissertationibus
2950 1190 2976 1227 a
3003 1174 3156 1230 nobis
3182 1182 3359 1230 actum
3389 1182 3473 1229 cst
3501 1169 3837 1244 (Dissertat.

2203 1267 2258 1321 in
2289 1266 2479 1322 Minut.
2513 1266 2712 1332 0ctav.,
2747 1284 2862 1338 cap.
2891 1265 2983 1331 22,
3007 1276 3112 1322 art.
3135 1265 3213 1338 i).

2275 1359 2572 1438 Sparteolis
2602 1362 2812 1432 peiores
2835 1361 3017 1432 procul
3035 1360 3198 1417 dubio
3224 1371 3376 1418 erant
3403 1361 3650 1434 parasiti,
3703 1377 3840 1418 om-

2206 1455 2352 1511 nium
2400 1471 2706 1511 mensarum
2741 1455 3036 1528 turpissimi
3083 1457 3334 1524 asseclze,
3384 1457 3472 1528 qui
3513 1457 3834 1531 affectant,

2207 1549 2380 1630 inquit
2409 1550 2609 1605 Auctor
2639 1561 2856 1618 noster,
2883 1551 2952 1605 ad
2979 1549 3197 1624 gloriati:
3219 1551 3533 1623 fantulanda:
3561 1551 3842 1607 libertatis

2207 1644 2299 1698 sub
2353 1653 2732 1724 auctoramento
2777 1641 3128 1718 (Tertullian.
3189 1644 3484 1718 Apologet.,
3532 1661 3650 1716 cap.
3702 1645 3837 1714 59,

2211 1754 2336 1810 pag.
2356 1733 2508 1812 ηδ),
2555 1737 2605 1791 id
2639 1745 2741 1804 est,
2773 1731 3227 1810 quemadmodum
3257 1752 3325 1792 ex
3350 1736 3637 1804 Cicerone,
3669 1733 3842 1794 Sue-

511 1832 613 1889 soli
644 1829 840 1902 publici
873 1829 1142 1893 tabularii,
1185 1826 1562 1908 computandis
1605 1826 1854 1882 maximis
1897 1840 2101 1895 expen-
2130 1848 2182 1908 Β
2213 1827 2358 1884 tonio
2401 1829 2624 1900 aliisque
2678 1829 2980 1902 colligitur,
3011 1829 3161 1902 quasi
3191 1829 3491 1902 stipendio,
3525 1830 3706 1902 pretio
3773 1837 3840 1886 et

502 1937 692 1981 sarum
720 1923 944 1978 summis
975 1920 1284 1989 assuefacti,
1311 1921 1430 1976 illos
1451 1935 1733 1976 numerare
1753 1919 1842 1974 vix
1865 1927 2104 1990 possent.

513 2019 698 2075 Potior
723 2018 884 2089 igitur
909 2026 993 2073 est
1015 2017 1130 2072 haec
1155 2015 1334 2082 lectio,
1367 2031 1525 2086 quam
1553 2013 1844 2080 stabularii,
1872 2011 1975 2068 hoc
2002 2022 2106 2082 est,

505 2127 774 2184 caupones
807 2119 862 2168 et
891 2097 1310 2181 tabernarii,‘qtii
1339 2109 1391 2165 in
1423 2107 1680 2180 cauponis
1703 2108 1815 2162 suis
1840 2116 2108 2178 sumptus,

513 2207 628 2262 sive
650 2219 872 2275 magnos
900 2205 1011 2260 sive
1041 2217 1256 2274 parvos,
1286 2201 1353 2257 ab
1378 2199 1726 2274 epulantibus
1748 2199 1940 2268 factos,
1963 2213 2113 2256 com-

512 2309 701 2372 putare
723 2297 934 2354 facilius
959 2302 1372 2353 consueverant.

580 2392 934 2464 Prosequitur
977 2389 1342 2446 Tertullianus
1377 2405 1390 2443 :
1444 2386 1707 2459 Apaturiis
1741 2428 1756 2456 ,
1808 2383 2072 2456 Dionysiis
2095 2426 2110 2450 ,

509 2486 758 2558 mysteriis
801 2484 982 2539 Atticis
1012 2497 1288 2553 coquarunt
1329 2480 1551 2535 delectus
1581 2479 1827 2534 indicitur
1875 2473 2116 2548 (Tertul-

509 2581 636 2634 lian.
671 2577 958 2649 Apologet.,
991 2593 1106 2649 cap.
1147 2573 1238 2643 39,
1281 2591 1399 2647 pag.
1429 2572 1596 2645 473).
1625 2567 1890 2646 Ᾰπατᾶριαι
1935 2581 2113 2626 autem

511 2673 768 2730 solemnis
793 2671 911 2728 dies
929 2669 1106 2726 'lestus
1139 2677 1276 2736 erat,
1302 2667 1391 2739 qui
1421 2667 1489 2722 ab
1516 2665 1936 2722 Atheniensibus
1963 2673 2118 2738 quot-

511 2765 668 2820 annis
723 2777 908 2818 mense
965 2761 1168 2816 octobri
1233 2774 1327 2831 per
1375 2767 1484 2814 tres
1533 2757 1651 2814 dies
1723 2756 2114 2812 celebrabatur.

517 2855 698 2913 Primo
745 2864 922 2910 autem
963 2853 1075 2921 die,
1111 2852 1331 2908 tribules
1362 2851 1476 2907 sive
1504 2850 1719 2907 sodales
1756 2849 1896 2918 huic
1924 2849 2119 2906 solem-

518 2948 670 3006 nitati
714 2946 972 3018 adscripti
1017 2945 1180 3000 simul
1227 2945 1452 3016 Opipare
1514 2943 1822 3000 coenahant.
1869 2941 2118 3000 Secundo

518 3041 626 3108 die,
649 3038 1024 3097 sacrificabant
1048 3036 1167 3094 Jovi
1193 3044 1247 3094 et
1270 3034 1542 3092 Minervas.
1567 3035 1750 3092 Tertia
1775 3033 1988 3090 tandem
2007 3035 2117 3101 die,

517 3148 715 3205 pueros
750 3141 805 3190 et
834 3131 1042 3204 puellas
1093 3131 1146 3186 in
1194 3128 1361 3188 curiis
1409 3128 1799 3187 inscribebant.
1844 3127 2119 3195 Memoria:

2213 1921 2464 1978 mercede
2503 1923 2690 1981 ventris
2737 1923 2868 1978 inter
2910 1923 3246 1979 contumelias
3285 1915 3562 1996 saginandi
3595 1917 3835 1998 (Cicer.,

2214 2016 2302 2074 lib.
2334 2015 2444 2073 ide
2476 2016 2620 2089 0/ﬁc.
2653 2035 2771 2090 pag.
2793 2019 2920 2086 572,
2945 2017 3039 2073 lin.
3061 2017 3362 2087 3;.Sueton.
3394 2019 3484 2075 lib.
3517 2015 3587 2074 Ill
3616 2019 3666 2072 in
3714 2017 3835 2072 Vit.

2219 2111 2412 2177 Tiber.,
2432 2111 2461 2186 ς
2483 2111 2560 2186 7).
2585 2111 2704 2168 Alio
2725 2123 2900 2171 autem
2925 2112 2978 2168 in
3007 2113 3146 2168 libro
3177 2129 3270 2170 eos
3300 2122 3455 2168 vocat
3482 2113 3667 2167 ventris
3697 2129 3838 2183 ape-

2215 2209 2401 2278 rarios,
2435 2224 2570 2280 quos
2625 2209 2878 2281 patientia
2919 2226 2949 2265 a
3005 2209 3221 2265 diabolo
3259 2209 3514 2282 inspirata
3555 2220 3835 2283 contume-

2220 2300 2360 2357 liosis
2403 2301 2636 2372 patronis
2679 2301 2986 2372 subjectione
3027 2301 3274 2357 libertatis
3317 2301 3510 2357 addicit
3563 2301 3584 2374 (
3617 2299 3839 2356 Tertul-

2220 2393 2369 2462 lian.,
2403 2395 2490 2451 lib.
2541 2397 2604 2450 de
2653 2394 2875 2451 Patient.
2919 2398 3010 2452 sub
3039 2397 3158 2466 ﬁn.,
3189 2413 3304 2468 cap.
3353 2395 3419 2456 16
3451 2396 3492 2472 ).
3520 2393 3628 2454 Sed
3679 2393 3837 2454 hanc

2218 2486 2682 2560 ignavissimorum
2723 2486 3002 2543 hominum
3047 2495 3258 2561 gentem
3301 2501 3413 2560 prae
3454 2487 3668 2546 caeteris
3694 2502 3836 2560 gra-

2220 2579 2378 2653 phice
2407 2579 2691 2637 Terentius
2734 2578 3008 2654 depingit,
3051 2597 3208 2653 quem
3248 2581 3293 2638 si
3323 2581 3474 2638 adire
3505 2589 3558 2639 te
3587 2589 3704 2637 non‘
3739 2581 3830 2654 pi-

2221 2682 2369 2746 geat,
2407 2673 2552 2747 quod
2583 2673 2634 2729 in
2664 2674 2979 2730 Tertulliani
3007 2674 3189 2732 verbis
3233 2672 3524 2732 obscurum
3554 2675 3830 2744 invenies,

2221 2768 2542 2842 explicatum
2567 2768 2790 2824 habebis
2809 2767 2829 2840 (
2849 2767 3050 2824 Terent.
3081 2768 3322 2824 Eunuch.
3353 2777 3453 2824 act.
3478 2767 3544 2836 ll,
3569 2785 3710 2825 scen.
3740 2767 3829 2842 2).

2295 2863 2378 2918 Ab
2413 2863 2496 2918 his
2534 2863 2720 2936 utique
2753 2863 3004 2920 omnibus
3047 2863 3184 2920 adeo
3213 2865 3582 2940 intemperatis
3611 2879 3679 2920 ac
3707 2863 3835 2920 libi-

2221 2955 2426 3013 dinosis
2455 2956 2792 3012 ethnicorum
2825 2957 2994 3014 cmnis
3023 2965 3076 3012 et
3106 2958 3360 3012 conviviis
3387 2958 3600 3030 penitus
3625 2958 3834 3014 abhor-

2223 3049 2414 3105 rebant
2448 3047 2771 3118 Christiani,
2807 3051 2896 3122 qui
2939 3065 3136 3122 corpus
3173 3065 3326 3106 suum
3371 3059 3478 3105 tam
3511 3051 3684 3122 longis
3723 3050 3830 3106 du-

2223 3141 2428 3212 risque,
2459 3142 2598 3197 sicut
2620 3142 2877 3206 diximus,
2896 3141 3117 3219 jejuniis
3137 3139 3500 3210 macerabant,
3518 3151 3576 3198 et
3599 3157 3830 3214 quorum

520 3237 698 3284 autem
729 3225 1032 3283 "BI‘OdOluS
1070 3224 1307 3296 Ρνοάίάῖῑ
1348 3223 1640 3280 Homerum
1659 3265 1674 3292 ν
1722 3223 1790 3279 ad
1832 3222 1972 3280 hanc
1999 3238 2116 3280 οω-
2147 3253 2193 3318 C
2225 3247 2378 3290 caana
2405 3233 2626 3291 omnino
2647 3231 2866 3308 frugalis
2887 3244 2942 3292 et
2963 3233 3356 3292 modesussima
3378 3243 3515 3306 erat,
3540 3234 3615 3292 uti
3637 3245 3831 3310 postea

465 3366 472 3372 .
519 3338 642 3379 nam
664 3338 692 3377 a
711 3321 984 3378 sodalibus
1011 3319 1309 3386 invitatum,
1355 3318 1556 3376 mensis
1580 3333 1762 3374 revera
1787 3319 2120 3398 accubuisse.

519 3414 630 3476 Sed
659 3415 784 3474 alibi
828 3413 969 3472 idem
998 3413 1285 3470 historicus
1330 3411 1490 3483 hujus
1521 3411 1647 3470 feSti
1675 3410 1852 3468 adhuc
1881 3411 2127 3477 meminit

519 3507 799 3581 (Herodot.
820 3508 873 3563 in
887 3505 988 3562 Vit.
1021 3505 1252 3573 ﬂamen,
1272 3504 1300 3577 ς
1323 3505 1392 3562 29
1413 3515 1458 3560 ct
1483 3521 1649 3576 seqq.,
1673 3519 1732 3560 ac
1752 3504 1842 3562 lib.
1862 3503 1904 3568 Ι,
1923 3504 1950 3575 §
1972 3503 2122 3576 M7),

513 3602 604 3661 de
631 3597 737 3673 quo
764 3609 1024 3672 prmterea
1054 3597 1266 3664 Pollux,
1297 3597 1514 3667 Suidas,
1545 3597 1739 3656 Petrus
1767 3596 2120 3668 Castellanus,

527 3695 766 3754 Joannes
812 3691 1104 3759 Fasoldus,
1161 3700 1325 3760 atque
1372 3690 1424 3747 in
1473 3690 1658 3761 primis
1683 3683 1918 3746 Joan'nes
1943 3688 2124 3745 Meur-

525 3789 638 3848 sius
662 3785 840 3860 (Poll.
871 3785 958 3840 lib.
991 3784 1077 3850 VI,
1112 3782 1267 3840 Suid.
1319 3781 1592 3840 Castellan.
1621 3780 1840 3838 Fasold.
1881 3781 1947 3838 de
1978 3777 2122 3837 Fest.

520 3898 700 3954 gratia,-
724 3881 944 3946 Meum,
963 3876 1176 3934 Gracia:
1207 3876 1356 3946 feria,
1389 3875 1456 3930 ad
1482 3891 1530 3930 υ.
1561 3875 1884 3948 ἀπιταύρισι).

597 3974 872 4046 Dionysia,
902 3985 994 4028 seu
1022 3973 1235 4026 διονῦσυι
1277 3966 1412 4024 festa
1432 3975 1588 4027 erant
1609 3967 1677 4024 ab
1705 3967 1913 4037 Atticis,
1943 3981 2129 4026 mense

531 4076 753 4134 octavo,
787 4066 838 4120 in
870 4063 1126 4136 Dionysi,
1167 4077 1263 4120 seu
1290 4058 1510 4125 Bacchi,
1541 4059 1804 4116 honorem
1824 4059 2126 4130 celebrata,

530 4173 654 4230 qua:
695 4167 750 4214 et
794 4155 1146 4214 Bacchanalia
1195 4152 1736 4226 coguomiuabantur.
1784 4153 1910 4210 llaec
1947 4161 2128 4212 autem

533 4249 788 4322 Dionysia
809 4257 862 4308 et
887 4249 1064 4306 Attica
1094 4245 1346 4320 mysteria
1373 4243 1703 4316 nuncupavit
1722 4244 2126 4313 Tertullianus;

539 4353 598 4402 ut
627 4343 953 4415 signiﬁcaret
979 4339 1167 4396 eadem
1195 4353 1318 4396 esse
1347 4336 1482 4394 festa
1529 4337 1723 4408 quibus
1771 4335 2130 4394 Athenienses

533 4450 716 4496 etenus
742 4433 1074 4506 apparabant
1099 4473 1112 4497 ,
1143 4439 1288 4488 tanta
1321 4430 1474 4501 copia
1513 4429 1760 4488 ciborum
1803 4430 2126 4488 delicatissi-

533 4544 768 4597 morum,
798 4536 856 4584 ut
881 4526 950 4583 ad
992 4526 1090 4582 hos
1114 4523 1483 4582 conficiendos
1511 4524 1670 4596 coqui
1694 4522 1979 4596 peritiores
2001 4523 2133 4582 seli-

534 4630 808 4696 gerentur.

603 4713 688 4770 Ad
719 4713 992 4771 Romanos
1019 4716 1193 4766 autem
1217 4751 1232 4776 ,
1261 4706 1535 4780 Serapidis
1569 4707 1704 4764 feSta
1731 4707 1848 4778 pari
1887 4722 2019 4764 sane
2047 4705 2132 4766 vel

533 4807 726 4880 majori
753 4806 916 4863 etiam
947 4802 1274 4860 coenantium
1316 4802 1725 4874 intemperantia
1755 4801 2093 4861 celebrantes
2112 4845 2128 4874 ,

532 4901 613 4960 sic
653 4900 985 4981 revertitur:
1025 4896 1108 4951 Ad
1145 4895 1344 4966 funium
1387 4911 1543 4951 ciente
1587 4895 1849 4966 Serapim:
1885 4897 2133 4966 sparteoli

533 4997 886 5056 excitabuntur
911 4989 1238 5062 (Tertullian.
1264 4989 1556 5062 Apologet.,
1573 5005 1690 5058 cap.
1714 4988 1805 5054 59,
1829 5005 1950 5061 pag.
1974 4989 2131 5063 675).

536 5087 802 5158 Sparteoli
847 5094 1025 5142 autem
1063 5082 1332 5150 quoddam
1377 5097 1546 5152 genus
1586 5091 1704 5138 erat
1745 5082 1998 5150 militum,
2039 5085 2131 5155 qui

533 5183 721 5240 Roma:
765 5180 820 5236 in
855 5179 1003 5236 urbis
1025 5179 1268 5246 tutelam,
1301 5183 1360 5232 ut
1387 5175 1460 5234 ait
1485 5183 1640 5232 vetus
1667 5175 1940 5232 iuvenalis
1965 5177 2132 5236 inter-

535 5293 682 5349 pres,
730 5289 851 5331 cum
876 5273 1046 5328 hamis
1071 5281 1125 5327 et
1144 5286 1302 5342 aqua,
1325 5270 1519 5342 quibus
1544 5269 1694 5342 ignes
1713 5272 2129 5342 restinguerent,

536 5369 746 5441 vigilias
773 5365 1000 5438 agebant
1027 5362 1288 5436 (Juvenal.
1325 5363 1468 5420 satir.
1493 5361 1587 5432 M,
1615 5377 1665 5417 v.
1688 5361 1852 5435 515).
1881 5361 1971 5420 Sic
2003 5379 2133 5423 vero

533 5459 1050 5534 cognominabantur
1077 5472 1107 5510 a
1127 5455 1319 5511 tunicis
1342 5463 1394 5511 et
1413 5453 1808 5523 calceamentis,
1834 5454 1971 5510 sicut
1996 5470 2132 5514 non-

532 5555 695 5611 nullis
716 5551 910 5619 visum,
933 5549 1020 5605 vel
1041 5549 1215 5620 potius
1239 5563 1270 5602 a
1293 5547 1700 5617 vasicsparteis,
1720 5545 1914 5616 quibus
1934 5562 2129 5619 aquam

529 5643 794 5701 ferebant.
840 5645 911 5696 At
936 5639 1259 5705 Suetonius,
1291 5637 1336 5694 si
1365 5636 1682 5694 Casaubono
1711 5636 1880 5706 ﬁdes,
1912 5638 2033 5694 illos
2059 5640 2132 5694 ab

529 5739 772 5810 Augusto
802 5733 1121 5805 imperatore
1142 5729 1412 5789 institutos
1434 5731 1580 5787 hisce
1601 5729 1779 5788 verbis
1803 5729 2129 5790 declaravit:

530 5825 790 5888 Adversus
816 5826 1052 5884 incendia
1075 5823 1316 5886 excubias
1363 5832 1642 5882 nocturnas
1679 5823 1952 5897 uigilesque
1980 5839 2126 5884 com-

2155 4667 2210 4729 D

2227 3325 2596 3384 ostendemus.

2821 3472 3118 3516 Ml'l'lCULUS
3155 3473 3213 3516 ll.

2231 3575 2400 3644 Quam
2443 3574 2641 3630 diversa
2683 3574 2887 3646 fuerunt
2932 3576 3300 3646 pcenitcntialja
3335 3576 3744 3632 Christianorum
3773 3592 3833 3630 ac

2301 3667 2569 3740 gentilium
2589 3683 2766 3740 Opera,
2790 3668 2969 3738 quibus
2990 3669 3068 3724 illi
3084 3669 3262 3724 rwlunt
3300 3669 3491 3724 invidia
3531 3669 3831 3737 madebant,

2302 3761 2356 3816 lii
2382 3777 2497 3816 vero
2524 3761 2696 3833 impiis
2731 3762 3180 3835 superstitionibus
3221 3777 3396 3818 verum
3435 3761 3602 3820 Deum
3631 3777 3833 3835 semper

2299 3853 2598 3910 irritabant.

2301 3969 2446 4026 Satis
2472 3969 2789 4028 Christianis
2818 3985 2924 4028 non
2952 3969 3050 4026 fuit
3076 3985 3181 4027 non
3213 3968 3386 4026 solum
3408 3968 3634 4040 publicis
3661 3967 3715 4024 in
3740 3983 3833 4025 ca-

2231 4062 2576 4129 lamitatibus,
2617 4061 2714 4118 sed
2741 4063 2858 4118 aliis
2881 4061 3042 4118 etiam
3071 4062 3263 4118 diebus
3289 4071 3394 4117 tam
3439 4075 3626 4118 severa
3655 4071 3836 4116 auste‘

2229 4154 2738 4226 raqnejejuniorum
2766 4154 3141 4210 observatione
3169 4156 3301 4210 iram
3330 4154 3422 4208 Dei
3451 4153 3664 4224 placare
3688 4169 3703 4218 ;
3733 4151 3830 4208 sed

2230 4247 2286 4302 in
2323 4263 2472 4302 sacco
2508 4247 2694 4315 etiam,
2740 4247 2818 4302 ait
2858 4245 3242 4312 Tertullianus,
3273 4255 3320 4302 et
3349 4246 3516 4301 cinere
3539 4246 3834 4300 volutantes

2232 4339 2398 4410 (male
2428 4339 2482 4394 in
2516 4338 2729 4395 duobus
2757 4339 3150 4412 antiquioribus
3178 4338 3454 4396 codicibus
3500 4337 3698 4394 nostris
3728 4337 3836 4392 vol-

2231 4431 2468 4499 vitantes,
2495 4431 2672 4506 littera
2710 4433 2729 4486 i
2766 4442 3097 4504 prmpostere
3136 4432 3376 4506 addita),
3419 4431 3612 4486 invidia
3651 4431 3836 4487 cmlunt

2233 4523 2494 4580 tundimus
2537 4523 2880 4598 (Tertullian.
2910 4525 3207 4599 Apologet.,
3234 4543 3351 4597 cap.
3394 4524 3487 4592 40,
3531 4541 3651 4597 pag.
3685 4524 3834 4596 487).

2242 4619 2382 4675 Tum
2429 4619 2613 4690 itaque
2668 4619 2836 4676 Deum
2879 4619 3190 4686 exoraturi,
3239 4633 3361 4675 sese
3422 4616 3739 4672 volutabant
3785 4617 3835 4672 iu

2235 4726 2395 4770 sacco
2422 4722 2477 4770 et
2503 4712 2684 4768 cinere
2707 4754 2724 4780 ,
2757 4727 2863 4789 non
2903 4725 3064 4768 secus
3106 4695 3265 4780 atque
3302 4710 3416 4778 alii,
3444 4709 3532 4785 qui
3557 4709 3837 4780 publicam

2235 4807 2306 4864 ob
2331 4807 2508 4865 scelus
2534 4821 2696 4878 grave
2719 4805 2941 4878 aliquod
2968 4806 3020 4862 in
3045 4804 3302 4861 Ecclesiis
3325 4802 3695 4876 paenitentiam
3719 4819 3839 4876 age-

2235 4897 2386 4954 bant.
2418 4898 2615 4954 llorum
2644 4898 2922 4954 enimvero
2951 4897 3262 4969 disciplina,
3304 4897 3442 4953 sicut
3479 4894 3606 4950 alibi
3633 4896 3840 4952 Auctor

2237 5001 2422 5048 noster
2452 4991 2702 5060 tradidit,
2753 4989 2816 5047 de
2851 4991 2964 5062 ipso
2993 4990 3190 5058 habitu,
3235 4998 3384 5062 atque
3421 4991 3578 5055 uictu,
3612 4988 3834 5046 mandat

2232 5073 2384 5140 sacco
2431 5094 2478 5141 et
2515 5085 2674 5140 cineri
2717 5083 2979 5150 incubare,
3021 5099 3208 5161 corpus
3252 5083 3486 5138 sordibus
3525 5081 3837 5152 obscurare,

2237 5178 2465 5233 animum
2507 5177 2806 5233 mmroribus
2834 5177 3055 5248 dejicere
3095 5175 3318 5251 (Idem,
3370 5176 3460 5234 lib.
3509 5175 3574 5231 de
3617 5175 3840 5245 Ρωηὶι..

2235 5287 2352 5342 cap.
2379 5270 2492 5341 9).
2524 5269 2594 5326 Et
2644 5269 2802 5340 paulo
2845 5278 3004 5342 post:
3033 5267 3199 5324 Extra
3241 5268 3469 5325 lwtitiam
3515 5275 3719 5340 oportet
3772 5269 3846 5325 di-

2237 5362 2462 5430 versari,
2511 5363 2565 5416 in
2630 5361 2978 5431 asperitudine
3035 5361 3202 5430 sacci,
3269 5370 3316 5417 et
3371 5348 3580 5417 horrore
3627 5343 3840 5430 cineris,

2238 5463 2288 5510 et
2339 5453 2443 5508 oris
2492 5453 2556 5508 de
2595 5452 2801 5526 jejunio
2853 5455 3074 5510 vanitate
3117 5453 3138 5528 (
3170 5453 3337 5519 Idem,
3367 5455 3518 5522 ibid.,
3545 5471 3664 5526 cap.
3697 5455 3767 5512 il
3802 5453 3839 5528 ).

2237 5544 2312 5603 Et
2335 5555 2482 5602 certe
2507 5545 2812 5620 Cyprianus
2841 5548 3020 5622 lapsos
3059 5547 3127 5604 ad
3149 5548 3521 5620 pcenitentiam
3553 5547 3638 5604 bis
3659 5548 3844 5614 verbis

2235 5635 2556 5696 adhortatur
2584 5657 2598 5695 :
2632 5638 2800 5696 Orare
2825 5650 3025 5712 oportet
3069 5641 3350 5714 impensius
3397 5651 3446 5697 et
3469 5657 3676 5712 rogare,
3709 5641 3848 5698 diem

2237 5731 2379 5788 luctu
2413 5733 2710 5807 transigere,
2746 5736 2934 5810 vigiliis
2955 5745 3130 5792 noctes
3155 5751 3218 5790 ac
3237 5734 3442 5808 ﬂetibus
3468 5733 3676 5801 ducere,
3710 5743 3845 5792 tem-

2237 5838 2335 5902 pus
2360 5843 2510 5888 omne
2533 5825 2833 5902 lacrymosis
2869 5817 3318 5914 lamentationibus
3360 5841 3628 5902 occupare,
3681 5837 3849 5888 strata
