4076 6356
314 351 426 415 9H

1450 351 1901 412 DISSERTATIO
1940 354 2001 411 D.
2041 351 2130 411 LE
2167 352 2474 413 NOURRY.

3514 358 3621 417 942

322 475 431 530 solo
452 475 731 542 adhaerere,
764 474 942 542 cineri,
971 472 1138 530 cilicio
1169 474 1325 546 (alias
1353 475 1407 530 in
1432 475 1601 531 cinere
1627 485 1673 530 et
1698 473 1910 548 cilicio),
1943 478 1994 538 Α
2020 489 2204 546 opera,
2234 474 2427 546 quibus
2454 474 2584 530 deos
2610 488 2735 529 suos
2759 472 2990 540 llectere,
3018 484 3072 530 et
3096 473 3216 530 illos
3243 475 3418 531 sedari
3459 493 3617 547 posse

321 577 370 624 et
406 571 636 625 sordibus
681 571 899 624 volutari
957 568 1249 642 (Cyprium,
1308 569 1395 625 lib.
1453 570 1514 624 de
1565 570 1768 639 Laps.,
1826 566 1917 626 sub

324 662 466 737 ﬁn.).
530 666 599 719 At
668 679 773 719 non
840 666 1011 719 solum
1060 664 1300 719 criminis
1351 664 1575 734 alicujus
1625 678 1768 732 reos,
1820 662 1915 719 sed

323 754 457 810 alios
504 772 716 827 quoque
748 754 1118 828 hujuscemodi
1151 756 1519 827 ptenitentiam
1550 757 1726 828 egisse
1769 766 1917 827 patet

323 865 387 906 ex
421 865 524 905 una
548 849 781 906 Celerini
809 850 953 906 edita
984 850 1122 906 inter
1150 850 1498 922 Cyprianicas
1526 851 1771 921 epistola,
1811 864 1918 921 qua

322 945 488 1016 lapsa:
526 946 728 1002 sororis
755 960 866 1000 suae
906 937 1113 1001 criufen
1144 945 1222 1000 sic
1247 959 1307 999 se
1336 944 1535 1000 deﬂere
1566 945 1914 1027 testiﬁcatur:

323 1038 433 1097 Pro
472 1041 615 1113 cujus
655 1042 805 1115 [actis
849 1058 939 1113 ego
985 1043 1035 1096 in
1076 1041 1255 1096 laetitia
1292 1040 1506 1096 Pascha:
1544 1041 1693 1110 ﬂens,
1737 1038 1820 1093 die
1858 1055 1921 1095 ac

329 1147 475 1192 nocte
504 1138 556 1191 in
586 1137 754 1192 cilicio
784 1145 830 1192 et
862 1138 1027 1192 cinere
1066 1124 1494 1210 lacrymabundus
1535 1138 1639 1193 dies
1670 1138 1830 1210 exegi,
1873 1145 1921 1192 et

326 1233 473 1303 exigo
497 1233 727 1303 usquein
755 1232 1055 1287 hodiernum
1093 1232 1112 1307 (
1136 1231 1303 1301 Idem,
1331 1230 1478 1305 epist.
1520 1230 1633 1304 9.1).

394 1321 588 1379 Crateri
610 1322 788 1395 itaque
804 1323 1112 1392 Christiani,
1131 1325 1230 1381 etsi
1249 1325 1441 1381 nullius
1461 1324 1680 1380 sceleris
1696 1324 1918 1391 conscii,

324 1415 665 1487 publicorum
716 1424 895 1472 tamen
945 1417 1321 1487 paenitentiam
1364 1417 1571 1472 actibus
1617 1427 1779 1487 atque
1828 1415 1924 1470 lia-

327 1508 477 1576 Iiitu,
520 1508 748 1578 inuidia,
791 1508 963 1581 inquit
1005 1509 1392 1576 Tertullianus,
1425 1510 1607 1566 caelum
1648 1510 1924 1565 tundebant

326 1602 575 1678 (Tertull.
599 1604 869 1675 Apologet.
901 1621 1017 1676 cap.
1049 1604 1143 1673 40,
1168 1623 1289 1677 pag.
1314 1604 1462 1675 487).
1501 1604 1557 1661 Si
1581 1604 1708 1676 quid
1748 1613 1922 1660 autem

336 1700 534 1756 nomen
578 1697 774 1752 invidia
816 1697 1161 1754 obscuritatis
1204 1698 1274 1753 ibi
1321 1689 1536 1761 habent,
1584 1697 1710 1753 huic
1754 1696 1926 1752 lucem

331 1793 566 1865 aliquam
595 1790 789 1849 afferre
825 1800 1049 1863 possunt
1077 1805 1160 1860 ea,
1191 1807 1311 1863 quae
1340 1792 1405 1847 de
1436 1791 1676 1863 ipsismct
1704 1789 1932 1861 ethnicis

334 1886 466 1944 alibi
496 1885 715 1942 tradidit
740 1905 754 1942 :
786 1886 939 1957 Apud
967 1888 1215 1958 quasdam
1236 1886 1460 1941 colonias
1488 1902 1658 1940 anmto
1688 1885 1790 1939 ritu
1818 1900 1930 1939 sac-
1961 1891 2011 1951 Β

333 1980 405 2035 cis
437 1979 620 2046 velati,
647 1988 693 2034 et
723 1980 887 2034 cinere
906 1979 1185 2048 conspersi,
1215 1978 1369 2034 idolis
1399 1978 1502 2032 suis
1529 1977 1776 2032 invidiam
1805 1994 1932 2047 sup-

330 2074 507 2148 plicem
537 2074 846 2147 objiciunt...
876 2071 1206 2128 Niniviticum
1230 2072 1378 2128 credo
1396 2072 1675 2144 justitiam.
1710 2071 1785 2127 De
1808 2086 1933 2125 san-

332 2169 435 2224 ctis
482 2182 613 2224 vero
670 2167 994 2240 martyribus
1024 2167 1223 2223 nostris
1254 2184 1267 2225 :
1301 2165 1534 2243 Clamant
1556 2167 1624 2219 ad
1657 2164 1935 2220 Dominum

332 2259 525 2315 invidia
572 2260 758 2315 animte
796 2269 1078 2331 martyrum
1121 2259 1211 2315 sub
1242 2260 1393 2314 altari
1434 2275 1451 2314 :
1496 2259 1731 2326 Quonam
1781 2246 1937 2328 usque

334 2369 436 2431 non
481 2346 757 2417 ulcisceris,
786 2352 1039 2420 Domine,
1072 2353 1369 2424 sanguinem
1400 2362 1627 2407 nostrum
1656 2354 1719 2408 de
1757 2353 1937 2409 incolis

336 2446 521 2501 terrm?
567 2444 763 2517 (Idem,
807 2447 894 2501 lib.
923 2445 987 2499 de
1017 2445 1185 2513 Orat.,
1220 2462 1335 2519 cap.
1359 2446 1414 2502 5.
1444 2443 1464 2520 )
1510 2446 1726 2502 Illorum
1776 2447 1936 2501 etiam

335 2539 612 2596 cicatrices
674 2547 828 2594 vocat
894 2539 1176 2594 invidiosus
1246 2539 1384 2610 apud
1451 2538 1763 2606 Christum,
1818 2539 1939 2609 quia

336 2632 511 2686 vicisse
562 2632 827 2701 cupierunt
884 2629 1076 2703 (Idem,
1132 2630 1218 2686 lib.
1270 2630 1334 2685 de
1375 2628 1631 2698 Pudicit.,
1686 2630 1737 2686 in
1796 2629 1936 2703 ﬁn.).

337 2724 476 2794 Quin
540 2726 700 2780 etiam
771 2725 839 2781 de
902 2726 1193 2797 semetipso
1269 2725 1515 2781 similiter
1565 2725 1751 2781 dixit:
1799 2724 1940 2781 Malo

339 2817 583 2875 invidiam
639 2820 727 2887 ei,
804 2818 913 2875 Deo
973 2818 1276 2886 videlicet,
1337 2815 1504 2891 facere
1552 2836 1642 2891 per
1700 2818 1941 2874 volunta-

348 2918 446 2967 tem
473 2910 633 2980 ipsius
659 2910 917 2981 pereundo
939 2952 953 2975 ,
983 2927 1134 2979 quam
1163 2911 1349 2978 bilem,
1375 2900 1658 2983 permeant
1685 2910 1944 2966 eradenda

345 3001 579 3079 (Idem,
634 3004 724 3061 lib.
770 3006 832 3059 de
877 3003 1015 3077 Fug.
1048 3005 1127 3060 ‘in
1184 3021 1410 3077 persec.,
1460 3022 1574 3075 cap.
1626 3003 1761 3076 10).
1803 3003 1944 3074 Quid

319 3098 535 3171 ,plura?
578 3097 779 3155 Statius
803 3097 896 3154 ubi
926 3106 1158 3155 mortem
1185 3099 1354 3170 patris
1383 3098 1661 3171 deplorat,
1698 3096 1823 3155 haec
1850 3113 1944 3155 cc-

343 3191 506 3249 cinit:

469 3306 627 3381 histor:
645 3313 785 3359 certe
808 3303 931 3357 alios
952 3319 1161 3370 snperos
1185 3312 1238 3357 et
1260 3312 1445 3357 tartara
1467 3304 1658 3371 pulsem

474 3369 679 3421 Invidia.
786 3431 932 3494 (sua.
959 3428 1045 3482 ιη),
1071 3438 1127 3482 ιχ
1145 3429 1407 3497 sylvar.in
1428 3428 1582 3497 patris
1605 3426 1829 3496 Epiced.)

356 3557 593 3617 Rursum
622 3565 800 3615 autem
830 3558 883 3614 in
912 3557 1007 3613 tilii
1026 3556 1321 3630 Epicedio:

478 3733 498 3758 ε
555 3728 577 3747 υ
642 3733 656 3746 .
720 3730 739 3747 .
810 3734 820 3745 .
884 3694 1060 3746 Nonne
1075 3695 1303 3746 horridus
1322 3696 1452 3758 ipsos

476 3757 663 3824 invidia
686 3771 890 3821 superos
922 3760 1200 3824 injuslaque
1226 3757 1407 3824 tartara
1426 3757 1650 3824 pulsem?

477 3820 651 3873 Nonne
670 3820 867 3885 gemam
891 3820 1137 3884 te,'cliare
1161 3822 1323 3888 puer?
1426 3820 1440 3824 '
1650 3881 1827 3949 (Ibid)

357 3992 428 4052 At
455 4008 591 4052 sane
620 4000 834 4051 constat
871 4008 1067 4050 nomen
1097 3992 1310 4050 invidiae
1356 3992 1423 4047 iis
1464 3991 1796 4048 omnibusin
1823 3988 1955 4047 locis

373 4103 480 4144 non
511 4089 783 4145 communi
830 4087 974 4144 illius
1016 4087 1317 4159 signiﬁcatu
1362 4086 1531 4157 accipi
1576 4100 1675 4157 pro
1726 4083 1852 4140 odio
1902 4092 1959 4141 et

356 4178 742 4239 malevolentia
762 4221 777 4246 ,
809 4189 899 4235 aut
925 4178 993 4234 de
1024 4179 1294 4259 prosperis
1333 4178 1628 4249 cujuspiam
1672 4176 1833 4232 rebus
1863 4174 1960 4231 do-

368 4272 506 4328 lore.
534 4272 667 4327 Nam
701 4273 801 4328 ista
832 4276 883 4329 in
912 4273 1081 4329 Deum
1106 4288 1206 4329 nec
1233 4272 1453 4339 cadunt,
1488 4286 1586 4327 nec
1613 4270 1676 4325 iis
1706 4269 1958 4340 tangitur,

362 4373 456 4420 aut
483 4366 745 4420 excitatur
773 4365 839 4420 ad
882 4365 1336 4421 misericordiam.
1369 4366 1437 4420 Et.
1467 4372 1613 4420 certe
1653 4362 1845 4420 Cicero
1878 4356 1981 4417 fa-’

371 4463 513 4512 tetur
537 4457 842 4526 ambiguum
872 4471 994 4511 esse
1024 4472 1218 4511 nomen
1250 4454 1470 4510 invidiae
1495 4471 1509 4507 :
1542 4454 1693 4519 Quod
1718 4454 1960 4523 verbum,

365 4547 561 4616 inquit,
593 4549 798 4601 ductum
821 4556 892 4602 est
922 4564 954 4600 a
978 4548 1128 4602 nimis
1150 4546 1397 4603 intuendo
1425 4551 1686 4618 fortunam
1726 4545 1960 4625 alterius,

340 4649 423 4723 ‘ut
444 4650 516 4695 est
540 4640 592 4695 in
622 4639 677 4693 Μ
684 4639 922 4710 enalippo
946 4654 966 4694 :

494 4751 692 4804 Florem
713 4754 936 4817 quisnam
956 4753 1171 4815 liberum
1192 4754 1364 4807 invidit
1382 4755 1586 4807 meum?

373 4877 515 4936 Male
536 4879 692 4936 latine
710 4878 928 4947 videtur,
951 4882 1041 4936 sed
1061 4882 1309 4955 praeclare
1329 4882 1503 4940 Actius
1519 4898 1538 4937 :
1559 4891 1613 4938 ut
1634 4881 1766 4939 enim
1784 4882 1972 4952 videre,

2008 570 2444 625 arbitrabantur.
2477 569 2613 624 Turn
2644 572 2784 626 enim
2816 571 3085 641 aquilicia,
3119 572 3481 643 nudipedalia,
3513 589 3611 645 po-
3696 634 3703 639 ,

2022 662 2153 732 pulo
2179 662 2585 727 denuntiabant,
2620 662 2959 732 deponebant
2987 665 3333 735 magistratus
3359 674 3412 720 et
3437 667 3614 737 digni-

2024 762 2191 809 tatum
2234 764 2448 810 suarum
2496 754 2743 826 insignia,
2785 757 2994 826 aliaque
3041 761 3290 829 agebant,
3321 759 3388 815 de
3418 762 3612 831 quibus

2022 848 2271 903 omnibus
2323 848 2458 903 intra
2500 863 2719 921 agemus
2762 848 2969 923 (Infra,
3002 868 3119 923 cap.
3148 852 3241 919 23,
3275 862 3375 909 art.
3406 853 3482 924 4).
3509 852 3618 910 Sed

2023 939 2281 996 factitinm
2314 940 2525 1008 Jovem,
2558 942 2798 1014 aliosque
2848 944 2936 1016 qui
2984 944 3054 999 dii
3089 960 3192 1000 non
3222 927 3394 1011 erant,
3428 961 3623 1019 perpe-

2024 1048 2137 1087 ram
2166 1032 2483 1089 invocabant
2510 1044 2564 1090 et
2590 1036 2963 1105 precabantur.
2990 1036 3188 1092 Verum
3216 1038 3412 1093 etenim
3446 1038 3614 1094 Deum

2025 1125 2202 1196 impiis
2228 1126 2334 1180 illis
2360 1127 2566 1183 actibus
2594 1138 2646 1183 ct
2669 1128 3140 1199 superstitionibus
3161 1129 3458 1195 irritantes,
3482 1129 3617 1185 nihil

2024 1220 2212 1290 procul
2250 1218 2411 1276 dubio
2436 1220 2503 1277 ab
2530 1235 2618 1290 eo,
2649 1221 2786 1277 sicut
2814 1236 2913 1278 nec
2941 1237 2971 1277 a
3002 1221 3149 1278 falsis
3177 1222 3278 1278 diis
3299 1223 3431 1290 suis,
3466 1232 3623 1294 pote-

2025 1321 2146 1370 rant
2174 1314 2479 1386 impetrare.

2625 1446 2915 1487 ARTICULUS
2952 1448 3029 1487 III.

2035 1542 2147 1610 Quo
2171 1541 2448 1599 Christiani
2478 1545 2627 1599 modo
2659 1546 2823 1600 Deum
2864 1554 3191 1619 precarentur
3216 1548 3324 1603 sine
3360 1549 3628 1617 monitore,

2105 1640 2342 1708 expansis
2369 1639 2439 1692 ad
2465 1637 2648 1693 (mlum
2677 1640 2930 1708 manibus,
2961 1641 3127 1711 capite
3151 1640 3308 1710 nudo,
3335 1643 3510 1697 anima
3538 1645 3625 1698 in-

2107 1740 2314 1785 nocente
2333 1772 2348 1797 ,
2377 1741 2527 1803 atque
2551 1731 2619 1785 ad
2649 1733 2892 1787 orientem
2923 1733 3168 1799 conversi,
3200 1749 3449 1805 quamque
3473 1734 3632 1790 dissi-

2109 1825 2218 1881 mili
2244 1826 2440 1882 ratione
2458 1827 2643 1882 cthnici
2672 1826 2792 1884 deos
2818 1843 2957 1893 suos,
2987 1844 3045 1882 ac
3061 1825 3239 1883 Persa:
3260 1829 3417 1884 solem
3443 1830 3633 1885 adora.

2111 1927 2241 1973 rent.

2111 2054 2399 2111 Christiani
2433 2055 2535 2122 his,
2567 2072 2687 2128 quae
2714 2058 3019 2124 retulimus,
3046 2058 3278 2115 horridis
3308 2060 3635 2129 poenitentia:

2041 2148 2332 2216 laboribus,
2365 2164 2472 2205 non
2502 2150 2672 2206 solum
2720 2151 3051 2222 publicarum
3092 2152 3452 2208 calamitatum
3499 2163 3637 2209 teni«

2041 2258 2194 2315 pore,
2228 2244 2321 2299 sed
2351 2244 2576 2316 singulis
2607 2245 2791 2314 etiam,
2822 2256 2880 2303 et
2907 2246 3059 2301 statis
3090 2247 3386 2317 praesertim
3415 2247 3601 2303 diebus
3621 2289 3636 2314 ,

2042 2335 2215 2391 Deum
2255 2346 2309 2392 et
2350 2351 2446 2403 pro
2479 2350 2538 2393 se
2573 2346 2627 2392 et
2662 2352 2761 2407 pro
2801 2337 2921 2392 aliis
2947 2338 3190 2403 orabant,
3233 2339 3342 2392 sine
3368 2339 3638 2403 monitore,

2042 2430 2119 2484 uti
2146 2430 2220 2483 ait
2250 2430 2453 2485 Auctor
2484 2439 2699 2496 noster,
2730 2431 2825 2488 sed
2857 2430 2923 2487 de
2953 2436 3153 2504 pectore
3192 2431 3379 2487 intimo
3411 2431 3640 2505 (Tertul-

2043 2521 2171 2575 lian.
2203 2520 2737 2595 Apolaget.,cap.50,
2765 2540 2887 2596 pag.
2921 2523 3072 2596 445).
3107 2524 3233 2579 Data
3269 2534 3446 2579 autem
3477 2540 3643 2596 opera

2044 2614 2205 2680 dixit,
2234 2615 2343 2669 sine
2369 2616 2655 2681 monitore;
2702 2616 2826 2688 quia
2877 2631 2996 2672 mos
3039 2615 3380 2673 etlmicorum
3418 2626 3555 2684 erat,
3587 2625 3646 2672 ut

2044 2708 2237 2781 aliquis
2266 2709 2514 2765 omnibus
2560 2710 2649 2782 qui
2706 2709 3067 2785 precabantur
3097 2711 3310 2782 prmiret
3338 2725 3492 2778 voce,
3519 2725 3647 2767 eos-

2046 2819 2149 2876 que
2185 2812 2564 2874 praemoneret.
2613 2803 2690 2858 Ad
2721 2804 2863 2860 hunc
2893 2818 3021 2859 vero
3047 2819 3252 2861 morem
3295 2804 3513 2876 quidam
3547 2790 3645 2860 re;

2045 2896 2297 2953 ferendos
2324 2905 2548 2953 censent
2573 2894 2671 2952 hos
2693 2894 2846 2952 Statii
2876 2911 3063 2953 versus
3089 2914 3104 2951 :

2170 3016 2302 3080 Hinc
2325 3017 2410 3067 tibi
2434 3023 2545 3068 vota
2568 3023 2758 3079 patrum
2785 3015 2937 3075 credi,
2962 3027 3310 3079 generosaque
3336 3014 3495 3080 pubes

2171 3078 2246 3142 :l'e
2271 3080 2513 3131 monitore
2536 3078 2666 3141 regi,
2685 3092 2850 3129 mores
2871 3085 2924 3128 et
2941 3080 3062 3130 facta
3086 3078 3297 3142 priorum

2172 3140 2375 3193 Dicere.

2803 3202 2971 3267 (Stat.,
2994 3201 3078 3254 lib.
3106 3211 3138 3253 v
3159 3198 3316 3267 Sylv.,
3334 3217 3380 3253 v.
3404 3202 3539 3268 488.)

1979 3296 2023 3360 C
2059 3305 2166 3364 Sed
2200 3306 2269 3364 ibi
2298 3323 2404 3363 non
2435 3268 2608 3382 agitnr
2634 3308 2702 3365 de
2728 3307 2850 3364 ullis
2878 3308 3127 3381 precibus
3180 3309 3444 3365 monitore
3465 3309 3651 3381 aliquo
3719 3327 3723 3331 ·

2058 3412 2336 3477 prmeunte
2361 3403 2624 3459 recitatis.
2653 3403 2733 3459 Ad
2765 3417 2855 3459 eas
2885 3412 3063 3458 autem
3088 3403 3307 3474 propius
3336 3402 3541 3460 accedit
3570 3403 3654 3460 his

2058 3495 2268 3551 Plinius
2297 3496 2477 3552 verbis
2501 3514 2514 3549 :
2552 3494 2787 3550 Vidimus
2806 3498 2955 3551 certis
2975 3496 3347 3568 precationibus
3371 3497 3656 3553 obsecrasse

2069 3606 2293 3646 sunnuos
2313 3590 2637 3661 magistratus
2660 3606 2678 3643 :
2708 3598 2754 3644 et
2782 3607 2843 3644 ne
2872 3589 2994 3661 quid
3012 3587 3274 3645 verborum
3305 3584 3659 3660 praetereatur,

2061 3692 2149 3737 aut
2189 3694 2557 3755 praeposterum
2593 3681 2813 3748 dicatur,
2853 3680 2918 3735 de
2960 3682 3151 3752 scripto
3189 3682 3373 3752 prteire
3400 3682 3651 3753 aliquem,

2058 3794 2333 3849 rursusque
2375 3778 2531 3832 alium
2572 3776 2830 3831 custodem
2872 3776 2987 3830 dari
3055 3778 3143 3845 qui
3186 3776 3445 3843 attendat,
3500 3776 3660 3831 alium

2060 3888 2176 3927 vero
2208 3871 2437 3944 prmponi
2472 3871 2560 3941 qui
2590 3870 2751 3943 [αυειί
2789 3870 2994 3939 linguis,
3029 3869 3080 3924 id
3109 3879 3191 3924 est
3239 3880 3434 3934 tacere,
3478 3868 3662 3939 jubeat

2061 3967 2257 4038 (Plin.,
2273 3965 2358 4021 lib.
2377 3963 2593 4023 XXVIII
2609 3974 2779 4019 natur.
2799 3963 2848 4017 11
2855 3965 2960 4030 ist.,
2980 3980 3094 4036 cap.
3113 3964 3168 4026 2,
3183 3980 3303 4035 pag.
3320 3961 3526 4034 556).Si
3545 3962 3666 4032 quis

2064 4071 2244 4119 tamen
2296 4059 2513 4131 objiciat
2555 4057 2644 4113 hic
2681 4058 2750 4113 de
2799 4057 3106 4128 praistigiis,
3148 4048 3365 4127 tumque
3409 4070 3665 4126 praenun-

2067 4156 2215 4213 tiatis
2240 4154 2465 4211 vocibus
2495 4150 2801 4207 sermonem
2834 4151 3060 4218 institui,
3084 4151 3130 4206 is
3159 4159 3304 4206 certe
3335 4165 3533 4223 negare
3564 4166 3663 4206 ne-

2067 4250 2239 4322 quibit
2269 4245 2615 4315 Plutarchum
2666 4244 2733 4300 de
2775 4244 3106 4300 solemnibus
3150 4243 3427 4315 gentilium
3470 4257 3659 4314 preca-

2070 4345 2306 4402 tionibus
2333 4343 2500 4413 loqui,
2532 4342 2620 4397 ubi
2651 4340 2885 4397 monitos
2914 4354 3012 4395 nos
3041 4339 3166 4395 facit
3190 4355 3218 4395 a
3248 4339 3419 4395 Numa
3450 4339 3666 4411 Pompi-

2067 4437 2141 4494 lio
2179 4444 2505 4508 prmceptum
2551 4433 2741 4500 fuisse,
2782 4441 2841 4487 ut
2878 4448 2996 4487 cum
3026 4432 3369 4502 magistratus
3397 4441 3452 4487 et
3480 4446 3666 4486 sacer-

2074 4505 2230 4585 dotes
2267 4505 2467 4598 ali'quid
2494 4526 2572 4581 rei
2604 4525 2797 4581 divinae
2821 4523 3042 4591 faciunt,
3067 4523 3347 4579 antecedat
3379 4537 3575 4593 pra-co,
3603 4536 3669 4578 ac

2071 4637 2264 4693 magna
2294 4636 2427 4676 voce
2455 4621 2649 4676 clamet
2677 4636 2690 4673 :
2721 4618 2836 4673 Hoc
2862 4635 2958 4690 age
2999 4633 3018 4673 :
3046 4624 3070 4672 ὁ
3100 4628 3249 4690 κίρυξ
3281 4626 3462 4689 πρόεισι
3484 4626 3671 4689 μεγάλῃ

1996 4709 2050 4773 Ι)
2076 4728 2220 4791 ρωνῇ,
2252 4722 2305 4770 ax
2328 4721 2410 4786 ἄγε
2434 4712 2769 4785 (Plutarch.,
2799 4721 2921 4767 tom.
2947 4709 2988 4773 I,
3024 4711 3077 4764 in
3114 4709 3228 4764 Vita
3256 4709 3447 4765 Coriol.
3477 4751 3494 4777 ,
3548 4726 3672 4782 pag.

2076 4807 2229 4880 225).
2281 4805 2508 4862 Jubebat
2557 4814 2734 4861 autem
2791 4820 2852 4861 ea
2903 4817 3056 4870 voce,
3113 4802 3302 4873 inquit,
3362 4816 3552 4858 omnes
3586 4817 3674 4859 re-

2078 4901 2180 4958 bus
2222 4899 2421 4957 divinis
2448 4914 2569 4967 esse
2612 4899 2868 4966 intentos,
2902 4913 3001 4953 nec
3045 4895 3154 4951 ullo
3191 4888 3353 4967 opere
3395 4905 3481 4951 aut
3511 4911 3677 4969 nego-

374 4976 446 5030 sic
475 4975 702 5032 invidere
716 4974 903 5041 ﬂorem
925 4978 1132 5044 rectius,
1161 4995 1313 5059 quam
1335 4976 1456 5033 flori
1479 4974 1691 5042 dicitur.
1719 4976 1835 5033 Nos
1853 4995 1944 5034 con

2078 4997 2155 5054 tio
2183 4995 2530 5070 interpellari.
2554 4994 2665 5053 lluc
2690 4992 2896 5049 accedit
2915 4989 3190 5047 Iuvenalis
3216 4990 3303 5060 qui
3331 4988 3398 5046 de
3456 4989 3675 5047 foemina

379 5070 644 5124 suetudine
663 5069 992 5143 prohibemur
1018 5089 1037 5126 :
1079 5081 1226 5144 poeta
1254 5072 1347 5143 jus
1384 5088 1535 5127 suum
1561 5073 1741 5137 tenuit,
1770 5081 1817 5127 et
1845 5072 1976 5128 dixit
2079 5089 2274 5149 Janum
2309 5088 2656 5161 Vestamque,
2684 5094 2744 5143 ιιι
2791 5084 2959 5142 pomo
2989 5083 3262 5152 vinceret,
3288 5091 3511 5156 rogante
3558 5082 3678 5140 ιιωα

379 5161 626 5216 audacius
655 5162 866 5234 (Cicer.,
901 5164 990 5219 lib.
1017 5163 1085 5220 lII
1134 5164 1371 5233 Tuscul.,
1398 5183 1521 5240 pag.
1554 5164 1680 5233 I5I,
1710 5166 1801 5223 lin.
1837 5166 1944 5240 10]

2081 5165 2281 5242 cecinit
2304 5198 2318 5238 :
2482 5178 2489 5185 “

381 5252 520 5320 Quid
564 5269 693 5325 ergo
736 5256 782 5309 si
821 5255 1189 5313 Tertullianus
1234 5274 1432 5315 nomen
1481 5258 1697 5315 invidiae
1742 5258 1970 5330 eodem,

379 5352 540 5417 atque
578 5346 797 5413 Actius,
846 5363 1005 5404 sensu
1035 5352 1333 5422 acceperit,
1361 5367 1461 5423 pro
1490 5346 1709 5419 intuitu,
1755 5352 1871 5407 visu
1922 5361 1978 5409 et

381 5448 601 5511 asuectn
640 5440 823 5497 miseri
862 5451 1035 5500 status
1074 5452 1129 5500 et
1182 5444 1394 5502 habitus
1424 5447 1801 5517 poenitentlum
1832 5446 1982 5503 ebri-

383 5533 703 5603 sﬁanorum,
731 5535 907 5609 quieo
934 5536 1166 5591 divinam
1192 5537 1614 5595 misericordiam
1648 5550 1887 5611 tangere,
1918 5553 1982 5598 ac

383 5640 725 5683 commovere
773 5629 1186 5686 connitebantur
1263 5628 1615 5703 (Tertullian.
1663 5634 1977 5707 Apologet.,

2244 5354 2257 5367 .
2326 5354 2337 5365 .
2408 5352 2421 5366 .
2485 5313 2765 5366 Stetitante
2782 5324 2933 5371 aram,
2958 5323 3054 5375 nec
3078 5315 3222 5374 turpe
3245 5309 3435 5375 putavit

2239 5379 2338 5435 Pro
2360 5377 2546 5431 cithara
2573 5376 2742 5427 velare
2764 5385 2925 5440 caput,
2948 5373 3225 5440 dictataque
3249 5373 3407 5425 verba

2240 5442 2469 5503 Protulit,
2481 5447 2537 5491 ut
2559 5453 2673 5491 mos
2687 5445 2781 5503 est.

2763 5499 3010 5564 (Juvenal.
3036 5499 3186 5553 Sutir.
3209 5501 3259 5561 6,
3281 5503 3387 5566 post
3408 5495 3565 5560 med.)

2095 5631 2219 5698 Adi,
2248 5631 2293 5687 si
2322 5637 2477 5687 vacat
2501 5637 2558 5686 et
2578 5627 3094 5697 lubet,Brissonium
3128 5628 3180 5683 in
3211 5640 3309 5683 suo
3339 5624 3405 5681 de
3420 5620 3693 5679 Formulis

385 5718 613 5791 εαρυιο,
642 5720 955 5794 rae-487)?
2089 5726 2229 5783 libro
2273 5722 2562 5797 (Brisson.,
2595 5722 2684 5778 lib.
2732 5720 2776 5778 I!
2809 5721 2872 5778 de
2896 5719 3104 5789 Form.,
3144 5735 3267 5793 pag.
3311 5717 3447 5791 68).
3494 5715 3699 5773 Verum

458 5811 666 5883 Negare
713 5823 1041 5871 autem—non
1088 5830 1378 5889 possumus
1406 5816 1475 5874 ab
1513 5817 1746 5877 ethnicis
1777 5834 1991 5891 quoque
2095 5816 2383 5876 Christiani
2413 5815 2574 5871 talem
2605 5830 2713 5871 non
2744 5814 3099 5872 admittebant
3128 5800 3449 5870 monitorem
3477 5825 3491 5876 ;
3531 5824 3702 5882 quap-

389 5910 508 5964 acta
555 5905 802 5981 quaedam
856 5909 910 5967 iu
957 5909 1620 5982 publiciscalamitatibus
1660 5911 1994 5987 poenitentiae
2101 5909 2390 5985 doquidem
2436 5924 2543 5967 non
2581 5925 2674 5969 ore
2705 5918 2909 5968 tantum
2964 5917 3019 5967 et
3057 5907 3234 5977 labiis,
3263 5904 3358 5965 sed
3389 5905 3452 5963 de
3477 5912 3702 5976 pectore,
