4076 6356
445 374 554 441 9ιὸ

1520 364 1585 422 1N
1623 360 2091 422 TEllTULLlANl
2128 357 2660 421 APOLOGETICUM

3641 356 3758 416 9η

397 501 401 505 ’
443 497 629 568 atque;
645 493 836 551 intimo
863 488 1183 559 sinceraque
1209 482 1390 544 cordis
1419 482 1614 542 affectu
1645 482 1814 540 Deum
1848 495 2041 554 preca-
2068 481 2119 542 A
2152 477 2316 552 (Tert.
2334 476 2455 550 ib.),
2477 450 2750 550 quomodo
2778 486 2808 529 a
2828 472 2983 530 nobis
3004 471 3056 529 in
3085 469 3454 544 superioribus
3480 469 3749 528 disserta-

449 591 670 649 bantur.

521 685 790 740 Prreterea
815 675 1044 735 orabant
1072 672 1269 732 caelum
1302 671 1658 743 suspicientes
1704 676 1760 724 et
1788 666 2044 736 manibus,

418 774 1021 851 .inquitTertullianus,
1054 769 1319 842 expansis,
1347 766 1430 822 vel
1457 760 1907 837 quemadmodum
1938 758 2048 815 alio

443 877 500 933 in
530 874 672 930 libro
698 871 978 949 loquitur:
1035 863 1148 922 Nos
1193 879 1312 918 vero
1354 877 1457 915 non
1494 857 1780 913 attollimus
1826 862 2043 919 tantum,

448 970 540 1026 sed
568 970 719 1024 etiam
748 963 1087 1037 expendimus
1112 977 1139 1015 e
1165 957 1437 1012 Dominica
1461 952 1698 1025 passione
1730 948 2047 1003 modulatum

445 1066 467 1138 (
498 1036 821 1120 Tertullian.
850 1057 1141 1129 Apologet.,
1190 1055 1308 1122 cap.
1364 1036 1435 1104 50
1455 1090 1470 1114 ,
1523 1063 1642 1138 pag.
1822 1059 1860 1138 ς-
1888 1040 2044 1138 idem,

447 1129 539 1213 lib.
576 1154 640 1210 de
694 1152 868 1220 Orat.,
910 1166 1027 1220 cap.
1061 1144 1214 1217 11),
1259 1144 1361 1198 hac
1412 1147 1524 1206 est,
1576 1137 1628 1192 in
1663 1132 1864 1192 Christi
1900 1129 2049 1187 cruci

446 1250 599 1308 affixi
639 1247 858 1305 modum
899 1260 963 1300 ac
1002 1241 1254 1303 formam.
1307 1237 1381 1291 De
1429 1234 1531 1290 hoc
1568 1240 1745 1313 autem
1793 1223 2050 1298 precandi

447 1359 604 1401 more
630 1341 759 1398 alibi
787 1336 1140 1395 disseruimus
1174 1330 1468 1405 (Disseruit.
1513 1326 1567 1379 in
1614 1322 1805 1378 Minut.
1842 1317 2046 1383 Oetam,

447 1454 565 1509 cap.
612 1434 702 1501 12,
735 1441 833 1488 art.
868 1429 948 1502 5).
994 1429 1064 1485 At
1099 1426 1224 1498 quia
1254 1420 1457 1479 ethnici
1483 1419 1644 1475 etiam
1674 1413 1868 1471 eodem
1889 1409 2049 1467 modo

446 1505 583 1588 deos
607 1542 758 1593 suos,
782 1526 919 1581 sicut
941 1521 1117 1577 adhuc
1141 1515 1500 1581 ostendimus,
1526 1508 1736 1583 precari
1759 1505 2045 1570 solebant;

456 1625 584 1683 ideo
605 1625 804 1680 Auctor
829 1626 1012 1674 noster
1036 1622 1153 1686 post
1180 1613 1294 1667 hzcc
1317 1607 1503 1674 verba,
1525 1602 1764 1677 expansis
1792 1598 2046 1665 manibus,

448 1715 672 1788 adjecit,
703 1711 823 1785 quia
847 1707 1076 1765 innocuis
1106 1703 1271 1777 (Tert.
1297 1698 1589 1772 Apologet.,
1611 1692 1881 1788 loc.gcit.).
1907 1690 2050 1788 ch-

449 1781 576 1865 tiles
596 1781 740 1862 enim
771 1815 961 1858 manus
988 1795 1298 1869 impietatis,
1322 1790 1661 1853 idololatrim,
1693 1785 1920 1856 aliisque
1946 1781 2050 1837 cri-

2149 572 2385 630 tionibus
2410 569 2582 627 fusius
2608 567 2937 640 explicatum
2972 565 3072 622 fuit
3112 563 3422 638 (Dissertat.
3452 565 3508 619 in
3547 562 3745 620 Minut.

2152 662 2356 733 Oetam,
2379 678 2495 734 cap.
2529 663 2620 730 12,
2644 669 2743 716 art.
2766 659 2823 728 2,
2847 659 2967 714 etin
2985 655 3247 725 Lactant.,
3269 673 3386 728 cap.
3411 656 3504 723 '55,
3533 648 3632 709 art.
3663 652 3739 725 1).

2148 756 2378 814 Tantum
2429 756 2608 826 itaque
2649 752 2805 810 abest
2855 761 2916 808 ut
2965 750 3258 807 Christiani
3301 749 3381 804 sic
3406 748 3575 804 Deum
3618 762 3744 818 pre-

2148 858 2334 906 cantes
2383 847 2802 912 erubescerent;
2847 843 3134 915 quinimo:
3191 838 3305 896 Nos
3351 839 3419 894 ad
3445 837 3615 895 Deum
3655 854 3746 893 ea:-

2149 959 2358 1014 pansos,
2387 941 2464 996 ait
2488 941 2694 996 Auctor
2721 944 2926 1005 noster,
2951 935 3157 1007 ungula
3184 932 3406 1006 fodiant,
3437 948 3608 987 cruces
3631 948 3744 986 sus-

2150 1033 2396 1106 pendant,
2457 1032 2601 1104 ignes
2647 1030 2909 1095 lambant,
2958 1027 3122 1099 gladii
3161 1024 3738 1098 gutturadetruncent,

2150 1125 2320 1181 bestia:
2336 1124 2565 1179 insiliant
2585 1137 2604 1178 :
2622 1129 2833 1195 paratus
2852 1129 2923 1174 est
2942 1118 3011 1172 ad
3026 1133 3173 1173 omne
3193 1116 3505 1188 supplicium
3522 1116 3629 1187 ipse
3647 1116 3744 1169 Ita-

2151 1220 2283 1275 bitus
2307 1218 2502 1273 orantis
2520 1214 2789 1271 christiani
2814 1211 3151 1283 (Tertullian.
3178 1211 3448 1284 Apologet.
3475 1209 3576 1266 loc.
3597 1210 3743 1282 cit.);

2149 1310 2242 1383 qui
2271 1326 2369 1366 nec
2398 1309 2710 1380 religionem
2737 1322 2887 1363 suam
2922 1305 3186 1376 profiteri,
3222 1320 3323 1360 nec
3345 1303 3513 1361 Deum
3534 1298 3746 1374 precari

2150 1404 2523 1463 erubescebat.
2547 1405 2617 1459 At
2634 1419 2738 1459 non
2764 1410 2970 1459 tantum
2997 1403 3162 1474 capite
3179 1400 3338 1468 nudo,
3361 1398 3457 1456 sed
3479 1407 3748 1470 prostrato

2150 1500 2313 1556 etiam
2339 1511 2587 1569 corpore,
2615 1497 2755 1553 sicut
2779 1495 2887 1574 alia
2912 1496 2965 1551 in
2993 1493 3373 1572 dissertatione
3411 1491 3744 1550 ostendimus

2153 1591 2451 1666 (Dissertat.
2478 1592 2531 1645 in
2556 1590 2776 1659 Arnob.,
2799 1607 2916 1662 cap.
2940 1588 2997 1658 8,
3018 1598 3120 1646 art.
3141 1588 3222 1661 2),
3243 1589 3419 1660 palam
3446 1596 3500 1647 et
3526 1586 3750 1660 publicis

2152 1684 2206 1740 in
2229 1684 2529 1756 synaxibus
2555 1697 2744 1754 preces
2772 1697 2898 1739 suas
2939 1679 3251 1738 fundebant.
3722 1672 3727 1677 ’

2224 1780 2308 1836 Ad
2337 1780 2453 1836 haec
2484 1794 2613 1836 vero
2658 1778 2711 1834 hi
2752 1778 2819 1834 ad
2862 1777 3153 1845 orientem,
3181 1786 3275 1833 aut
3300 1774 3752 1848 quemadmodum

447 1900 685 1958 minibus
723 1897 983 1969 pollutas;
1021 1867 1306 1949 Christiani
1351 1900 1481 1943 vero
1519 1897 1644 1940 suas
1680 1895 1786 1936 non
1826 1877 2040 1940 minus,
2080 1887 2127 1947 Β
2158 1872 2523 1929 Tertullianus
2554 1871 2826 1943 loquitur,
2861 1872 2931 1924 ad
2957 1870 3167 1925 orientis
3192 1869 3448 1942 regionem
3470 1867 3752 1936 conversi,

448 2008 611 2066 quam
642 1966 830 2064 pectus
851 1998 905 2045 et
931 1987 1193 2049 animum,
1224 1979 1451 2037 mundas
1485 1975 1648 2049 plane
1680 1984 1733 2028 et
1766 1982 1928 2043 puras
1982 1966 2048 2022 ad

448 2087 648 2144 coelum
678 2080 947 2155 precando
980 2077 1259 2134 tollebant.

524 2153 830 2246 Quinetiam
861 2174 959 2246 ipsi
1012 2171 1232 2240 insuper
1285 2164 1513 2222 orabant
1548 2160 1719 2232 capite
1765 2156 1922 2221 nudo,
1976 2153 2053 2209 ait

445 2274 626 2331 adhuc
653 2269 1037 2334 Tertullianus,
1087 2263 1206 2335 quia
1229 2277 1329 2316 non
1360 2256 1697 2314 erubescimus
1723 2250 1864 2327 (Ibid
1876 2250 1938 2321 .).
1972 2247 2052 2304 lbi

450 2379 632 2427 autem
683 2366 804 2423 illos
841 2360 1065 2435 opponit
1098 2356 1275 2413 adhuc
1302 2352 1616 2425 gentilibus,
1648 2346 1846 2420 quibus
1873 2342 2053 2400 velato

451 2464 631 2537 capite
671 2473 829 2518 orare
872 2438 940 2511 ac'
974 2452 1286 2511 sacrificare
1320 2462 1438 2503 tuos
1464 2455 1605 2501 erat.
1651 2440 1809 2509 Audi,
1843 2451 2050 2511 quaeso,

456 2555 525 2612 de
547 2555 651 2612 hoc
677 2552 781 2608 ritu
811 2546 1018 2619 Virgilii
1047 2543 1286 2600 carmina
1314 2560 1327 2596 :

604 2668 745 2745 astili
756 2655 1371 2745 ‘1‘.’§}E‘:P§“.‘E~‘3“Ef.“f!i"h
1377 2661 1521 2745 33:15
1528 2662 1735 2745 Ξιξξξθ
1756 2647 1958 2706 mea

605 2716 677 2782 Et
695 2728 866 2793 positis
887 2727 1003 2793 aris,
1018 2724 1117 2786 jam
1132 2728 1243 2771 vota
1263 2720 1314 2793 in
1341 2718 1513 2793 littore
1528 2716 1708 2793 solves,

604 2778 867 2854 ﬁurpureo
880 2778 1050 2837 velar'e
1065 2796 1229 2854 comas
1252 2781 1518 2854 adOpertus
1541 2778 1739 2854 amictu,

603 2840 684 2917 Ne
699 2840 794 2917 qua
814 2852 946 2917 inter
969 2853 1162 2898 sanctos
1180 2850 1329 2917 ignes
1346 2840 1394 2917 in
1415 2842 1605 2917 honore
1627 2840 1837 2917 deorum

603 2901 812 2967 ilosiiiis
830 2911 986 2961 facies
1008 2901 1246 2967 occurra't,
1285 2911 1339 2955 et
1363 2905 1525 2953 omnia
1548 2901 1732 2967 turbet.

605 2965 752 3029 iiunc
783 2975 901 3026 socii
920 2985 1111 3022 rnorem
1129 2965 1395 3029 sacrorum,
1421 2967 1553 3016 hunc
1570 2965 1677 3028 ipse
1701 2966 1892 3022 teneto,

606 3040 715 3092 Hac
733 3040 850 3092 casti
872 3040 1104 3086 maneant
1126 3034 1173 3081 in
1199 3031 1467 3092 relligione
1485 3034 1718 3092 nepotes.

888 3084 1094 3165 (Virgil.
1116 3093 1199 3146 tib.
1221 3100 1273 3142 Ill
1291 3084 1508 3153 liuent,
1527 3084 1573 3140 υἱ
1586 3088 1678 3139 405
1702 3092 1748 3138 et
1765 3084 1924 3151 seqq.)

457 3207 603 3278 Quos
628 3194 843 3280 quidem
874 3203 928 3259 in
955 3215 1143 3259 versus
1171 3198 1290 3256 lucc
1318 3196 1539 3253 Servius
1568 3192 1821 3250 observat
1849 3207 1864 3245 :
1913 3187 2055 3244 Sane

452 3299 717 3357 sciendum
750 3296 1095 3368 sacriﬁcantes
1133 3292 1231 3346 diis
1271 3290 1501 3347 omnibus
1532 3286 1701 3357 capita
1736 3284 1905 3339 velare
1926 3298 2045 3338 con-
2075 3293 2123 3356 ρ

453 3405 621 3450 suetos
646 3394 709 3448 ob
734 3396 846 3459 hoc,
874 3405 937 3445 ne
959 3404 1012 3444 se
1040 3388 1170 3443 inter
1190 3385 1486 3457 religionem
1507 3381 1702 3453 aliquid
1729 3379 1871 3451 vagis
1899 3376 2056 3446 offer-

455 3499 533 3544 ret
560 3486 836 3555 obtutibus,
861 3494 1071 3557 excepto
1093 3492 1288 3537 tantum
1306 3478 1556 3541 Saturno,
1590 3492 1653 3531 ne
1678 3473 1902 3529 numinis
1930 3472 2052 3527 imi-

457 3586 582 3640 tatio
602 3600 712 3641 esse
731 3582 1002 3647 videretur,
1033 3588 1078 3633 et
1110 3576 1350 3633 Herculis
1386 3574 1441 3629 in
1479 3573 1665 3643 templo
1695 3586 1807 3636 suo,
1852 3568 1977 3639 quia
2009 3575 2057 3622 et

454 3680 567 3751 ipse
593 3680 760 3749 capite
786 3686 963 3748 operto
1003 3684 1074 3730 est
1094 3717 1108 3740 ,
1141 3673 1219 3728 vel
1243 3671 1361 3744 quia
1389 3670 1468 3724 Ita:
1493 3684 1599 3722 arte
1632 3676 1752 3721 ante
1781 3665 2056 3719 adventum

457 3771 647 3828 Aiace:
670 3788 701 3826 a
726 3769 932 3827 lunone
960 3779 1008 3823 et
1041 3765 1279 3821 Evandro
1308 3770 1616 3820 consecratae
1645 3770 1763 3815 sunt
1797 3758 1970 3833 (Serv.
2004 3758 2058 3812 in

456 3869 545 3923 cit.
581 3882 733 3933 verm,
768 3881 886 3935 pag.
929 3859 1083 3931 292).
1124 3859 1197 3914 Ea
1227 3866 1404 3912 autem
1433 3855 1679 3924 exceptio
1707 3852 1839 3910 satis
1868 3850 2059 3924 probat

458 3960 606 4016 hunc
634 3960 795 4014 fuisse
823 3956 1099 4028 gentilium
1131 3955 1288 4009 ritum
1320 3961 1373 4006 ct
1409 3964 1639 4011 morem,
1684 3960 1847 4017 quem
1892 3946 2057 4001 etiam

460 4052 592 4109 deos
640 4050 919 4106 salutando
965 4057 1021 4103 et
1062 4044 1268 4102 orando
1315 4043 1693 4099 observabant.
1741 4044 1811 4097 At
1852 4039 1919 4096 de
1967 4038 2060 4093 illo

460 4143 617 4216 plura
638 4141 966 4205 Brissunius,
996 4153 1156 4210 quem
1182 4136 1332 4192 adire
1360 4135 1558 4206 puteris
1591 4133 1879 4203 (Brisson.,
1910 4131 1999 4188 lib.
2038 4131 2061 4188 Ι

463 4234 529 4290 de
554 4232 759 4298 Forum,
794 4249 912 4303 pag.
944 4229 1049 4286 MO
1077 4239 1121 4285 et
1152 4229 1336 4299 seqq.).

538 4324 829 4382 Christiani
859 4324 1036 4393 itaque
1074 4337 1105 4378 e
1144 4321 1413 4377 contrario
1453 4317 1682 4374 orabant
1710 4318 1847 4372 nudo
1875 4319 2061 4388 capite,

2154 1963 2323 2021 Deum
2370 1964 2724 2035 precabantur
2771 1956 3119 2036 (Tertullian.
3154 1962 3447 2034 Apologet.,
3489 1978 3608 2034 cap.
3646 1958 3751 2028 16,

2154 2072 2276 2128 pag.
2306 2054 2457 2129 569).
2482 2054 2670 2125 Neque
2696 2069 2815 2110 mos
2843 2053 2954 2120 ille,
2986 2053 3055 2110 de
3081 2068 3189 2124 quo
3212 2052 3341 2109 alibi
3367 2052 3756 2123 disputavimus

2156 2148 2325 2223 (tom.
2370 2147 2392 2202 Ι
2424 2149 2701 2220 Apparat.,
2748 2146 2837 2202 lib.
2878 2145 2967 2210 Ill,
3022 2146 3223 2201 dissert.
3254 2144 3310 2213 2,
3343 2162 3459 2216 cap.
3487 2144 3544 2210 8,
3567 2152 3665 2209 art.
3693 2144 3754 2211 7,

2165 2258 2286 2314 pag.
2330 2238 2516 2312 1040),
2556 2239 2861 2311 incognitus
2905 2238 3006 2293 fuit
3049 2236 3315 2303 ethnicis,
3364 2236 3458 2307 qui
3510 2234 3758 2291 solebant

2156 2335 2346 2393 eodem
2379 2349 2596 2405 quoque
2625 2333 2807 2400 modo,
2840 2331 2937 2387 sed
2967 2331 3123 2403 plane
3158 2330 3476 2402 penitusque
3499 2341 3757 2401 perverso

2158 2426 2387 2500 precari.
2418 2425 2780 2495 Quamobrem
2823 2423 3027 2480 Auctor
3055 2431 3242 2479 noster
3269 2421 3387 2478 illos
3423 2421 3568 2491 ipsos
3605 2418 3758 2474 hisce

2156 2520 2334 2578 verbis
2365 2518 2696 2588 compellat:
2742 2516 2987 2589 Plerique
3026 2524 3248 2576 vestrum
3293 2514 3621 2588 affectatione
3648 2513 3756 2567 ali-

2159 2612 2365 2687 quando
2393 2620 2440 2667 et
2464 2608 2687 2666 caelestia
2713 2608 3001 2674 adorandi,
3047 2607 3116 2662 ad
3156 2607 3280 2662 solis
3316 2616 3484 2661 ortum
3509 2603 3645 2659 labia
3672 2603 3752 2657 vi-

2158 2707 2315 2762 bratis
2340 2702 2683 2777 (Tertullian.
2731 2703 2830 2757 loc.
2878 2702 3013 2773 cit.).
3046 2700 3246 2767 Eadem
3279 2699 3367 2754 ille
3407 2698 3458 2754 in
3489 2697 3662 2770 primo
3684 2693 3756 2751 ad

2157 2799 2413 2857 Nationes
2470 2797 2609 2853 libro
2667 2795 2864 2864 repetit
2892 2796 2911 2866 (
2941 2793 3028 2848 tib.
3054 2792 3096 2861 l,
3140 2810 3255 2864 cap.
3290 2793 3378 2858 15,
3415 2807 3536 2863 pag.
3577 2787 3753 2861 579).

2158 2890 2375 2948 Testem
2403 2888 2561 2960 hujus
2589 2887 2754 2943 moris
2782 2886 2827 2941 si
2851 2886 3115 2957 requiras,
3146 2883 3423 2955 Virgilium
3444 2882 3630 2939 audire
3661 2896 3756 2953 po-

2160 2981 2310 3049 teris,
2345 2979 2461 3036 haec
2488 2979 2554 3034 de
2576 2978 2748 3035 IEuea
2772 2987 3051 3050 canentem
3079 2995 3093 3032 :

2313 3094 2501 3156 Susgit,
2527 3091 2816 3156 etactherei
2839 3095 3069 3156 spectans
3089 3090 3297 3156 orientia
3319 3087 3448 3156 Solis

2313 3151 2536 3214 Lumina,
2561 3155 2657 3203 rite
2679 3156 2809 3203 cavis
2832 3151 3008 3202 undam
3031 3152 3094 3202 de
3114 3153 3315 3202 flumine
3341 3151 3511 3214 palmis

2319 3216 2545 3275 Sustulit,
2566 3222 2619 3265 et
2641 3215 2766 3266 tales
2789 3214 2998 3266 effundit
3022 3216 3079 3264 ad
3103 3215 3289 3265 :ethera
3314 3226 3478 3262 voces.

2526 3274 2734 3345 (Virgil.
2754 3275 2839 3329 tib.
2859 3275 3188 3339 v1u£neid.,
3213 3290 3260 3327 υ.
3284 3276 3346 3325 68
3369 3282 3414 3327 et
3445 3274 3603 3341 seqq.)

2159 3388 2230 3447 Et
2249 3387 2356 3445 alio
2386 3387 2438 3443 in
2467 3385 2605 3442 libro
2630 3383 2700 3441 de
2740 3363 2861 3440 aliis
2894 3382 3157 3439 sacrificia
3183 3380 3496 3438 facientibus
3522 3398 3537 3436 :

2312 3518 2387 3571 Illi
2410 3518 2470 3568 ad
2493 3525 2783 3579 surgentem
2800 3516 3023 3579 conversi
3050 3514 3230 3564 lumina
3254 3512 3440 3573 Solem,

2318 3583 2449 3633 Dant
2485 3574 2660 3643 fruges
2681 3579 2907 3643 manibus
2928 3577 3097 3636 salsas,
3123 3586 3177 3643 et
3201 3584 3420 3643 tempora
3445 3574 3576 3643 ferro

2317 3644 2517 3694 Summa
2539 3637 2711 3694 notant
2730 3642 2990 3707 pecudum,
3018 3637 3317 3707 paterisque
3325 3639 3500 3707 gluria
3524 3637 3697 3707 libant.

2853 3700 3121 3767 (Ibiaflib.
3141 3700 3240 3762 xu;
3256 3713 3299 3753 v.
3325 3701 3387 3750 72
3410 3706 3455 3751 et
3475 3701 3634 3764 seqq.)

2169 3832 2399 3891 Servius
2438 3840 2615 3889 autem
2672 3832 2723 3887 in
2764 3829 2865 3885 hos
2893 3829 3108 3885 ultimos
3144 3841 3334 3883 versus
3362 3825 3487 3882 illud
3517 3824 3769 3882 animad-

2162 3927 2325 3985 vertit
2351 3944 2364 3983 :
2415 3925 2537 3982 Non
2558 3926 2734 3998 utique
2767 3940 2902 3979 nunc
2929 3933 3216 3995 surgentem
3244 3920 3401 3977 solem
3428 3919 3596 3987 dixit;
3616 3920 3768 3991 jam-

2164 4019 2360 4076 dudum
2387 4021 2519 4075 enim
2545 4019 2655 4075 dies
2679 4028 2788 4074 erat
2817 4034 2835 4073 :
2878 4017 2969 4072 sed
2998 4015 3324 4087 disciplinam
3350 4013 3768 4070 cwremoniarum

2164 4124 2363 4171 secutus
2384 4124 2477 4180 est,
2506 4123 2560 4169 ut
2587 4114 2828 4168 orientem
2850 4119 3081 4183 spectare
3120 4110 3305 4164 diceret
3353 4125 3467 4164 eum
3504 4108 3596 4178 qui
3636 4116 3770 4163 esset

2164 4216 2463 4280 precaturus
2486 4204 2687 4280 (Serm,
2716 4222 2839 4277 pag.
2872 4203 3022 4277 676).
3041 4202 3400 4270 Quamobrem
3428 4201 3649 4257 Latinus
3674 4199 3775 4257 Pa-

2167 4311 2321 4357 catus
2352 4300 2505 4355 initio
2533 4298 2860 4371 panegyrici,
2890 4312 3052 4371 quem
3081 4295 3409 4363 Theodosio,
3440 4310 3614 4366 eoque
3640 4309 3775 4365 pra:-

468 4418 596 4490 quia
636 4416 836 4472 dictum
867 4415 934 4471 ab
959 4414 1220 4485 Apostolo
1252 4420 1515 4468 noverant
1542 4429 1556 4466 :
1605 4408 1784 4465 Omnis
1812 4409 1889 4464 vir
1914 4424 2059 4465 orant

2168 4402 2341 4460 sente,
2368 4392 2735 4464 pronuntiavit
2762 4411 2775 4447 :
2822 4389 3024 4446 Divinis
3065 4389 3215 4445 rebus
3240 4398 3512 4460 oper-antes
3530 4429 3545 4453 ,
3574 4389 3628 4442 in
3653 4403 3774 4442 eam

472 4481 562 4565 aut
609 4508 918 4581 propltetans
967 4481 1129 4560 velato
1180 4506 1345 4575 capite
1367 4546 1382 4572 ,
1428 4505 1664 4577 deturpat
1713 4512 1864 4574 caput
1916 4516 2065 4557 suum
2168 4486 2282 4544 caeli
2311 4487 2519 4559 plagam
2543 4503 2635 4542 ora
2669 4484 3008 4550 convertimus
3028 4524 3042 4551 ,
3073 4500 3106 4538 a
3131 4499 3231 4555 qua
3256 4482 3383 4537 lucis
3407 4481 3673 4538 exordium
3695 4490 3777 4537 est
3820 4509 3824 4511 Α

471 4573 656 4672 (Paul.
687 4573 715 4657 ι
752 4602 821 4656 ad
856 4601 1111 4668 (Iovinum,
1141 4573 1257 4668 cap.
1289 4599 1387 4665 li,
1420 4598 1526 4653 v.4
1556 4573 1597 4671 )1
1630 4599 1697 4653 At
1737 4611 1833 4653 cur
1856 4594 2059 4651 Tertul-

2175 4581 2387 4654 (Pacat.
2433 4581 2695 4654 Panegyr.
2743 4579 3023 4647 Theodos.,
3065 4594 3187 4649 pag.
3227 4573 3382 4645 946).
3429 4575 3672 4647 Denique
3712 4582 3778 4631 ut

475 4668 671 4766 lianus,
704 4695 906 4766 inquiet
929 4692 1153 4764 aliquis,
1186 4706 1292 4747 non
1321 4693 1456 4746 lianc
1486 4668 1725 4760 apostoli
1755 4687 1934 4744 attulit
1980 4701 2059 4742 ra-

2176 4675 2357 4747 plures
2407 4675 2601 4733 missos
2647 4673 2943 4740 faciamus,
2995 4670 3216 4729 Ovidius
3266 4669 3336 4727 de
3383 4668 3482 4727 dea
3521 4668 3650 4726 Pale
3689 4683 3782 4726 ca-

475 4790 699 4856 tionem,
726 4788 813 4843 sed
832 4787 970 4859 quia,
998 4786 1075 4841 uti
1104 4785 1202 4853 ait,
1226 4800 1329 4838 non
1350 4782 1685 4837 erubescimus
1706 4779 1731 4835 ?
1754 4778 1864 4835 Nos
1890 4780 2071 4849 itaque
2095 4767 2134 4771 ⁷
2175 4767 2372 4826 nebat:

479 4879 607 4938 huic
642 4879 1093 4952 respondebimus
1125 4877 1263 4933 hanc
1302 4877 1371 4932 ab
1411 4890 1476 4932 co
1504 4874 1681 4930 datam
1712 4873 1917 4942 videri,
1947 4874 2071 4944 quia

479 4972 548 5029 ad
571 4972 902 5044 propositum
924 4986 1079 5029 suum
1101 4970 1335 5027 maxime
1361 4968 1713 5024 conducebat.
1738 4965 2073 5024 Christianos

477 5066 758 5123 enimvero
787 5066 1075 5138 gentilibus
1101 5064 1211 5132 ibi,
1244 5074 1302 5120 ut
1328 5063 1584 5130 diximus,
1611 5064 1853 5135 opponit.
1895 5062 1963 5119 At
1982 5061 2069 5131 hi,

479 5158 619 5215 sicut
653 5158 851 5215 ibidem
895 5158 1146 5229 subjecit,
1173 5156 1324 5213 falsis
1350 5155 1452 5212 diis
1477 5155 1856 5225 sacrificando,
1885 5170 2074 5226 quem-

477 5250 766 5309 admodum
794 5249 1099 5323 precando,
1139 5248 1439 5306 afferebaut
1481 5257 1595 5321 post
1644 5248 1814 5303 omnia
1839 5247 2075 5319 inquina-

479 5355 651 5401 menta
670 5346 823 5400 etiam
852 5344 1213 5399 conscientiam
1239 5358 1476 5414 spurcam
1504 5340 1743 5413 (Tertull.
1776 5340 2070 5413 Apologet.,

478 5454 595 5508 cap.
610 5436 698 5505 '50,
724 5438 843 5510 pag.
866 5437 994 5505 M3,
1010 5434 1160 5510 445),
1175 5447 1229 5492 et
1251 5436 1395 5491 omni
1420 5433 1688 5492 scelerum
1707 5448 1905 5505 genere
1922 5433 2077 5489 coin-

475 5533 776 5604 quinatam,
803 5533 873 5588 ob
899 5547 1060 5604 quam
1088 5532 1135 5586 si
1156 5530 1280 5602 quid
1305 5528 1522 5602 pudoris
1548 5527 1812 5600 reliquum
1836 5527 1917 5585 eis
1940 5526 2074 5584 fuis-

476 5634 582 5694 set,
611 5633 870 5696 perpetuo
896 5622 1168 5681 debebant
1203 5622 1401 5679 rubore
1429 5620 1682 5679 suﬂ'undi.
1713 5620 1914 5678 Contra
1943 5635 2074 5678 vero

480 5718 771 5776 Christiani
799 5719 909 5776 Deo
950 5735 1050 5776 suo
1079 5718 1435 5790 omnipotenti
1484 5715 1767 5784 olferebant
1790 5716 2074 5771 orationem

479 5814 543 5867 de
561 5828 714 5866 carne
734 5812 1087 5882 pudica,sicut
1107 5811 1264 5883 paulo
1280 5818 1403 5866 ante
1417 5809 1735 5865 notabamus
1759 5806 1882 5882 (art.
1905 5806 2074 5880 sup.),

472 5904 539 5960 de
589 5905 759 5961 aninta
814 5905 1088 5973 innocenti,
1141 5903 1203 5959 de
1257 5901 1457 5973 Spiritu
1525 5900 1720 5957 Sancto
1792 5903 2075 5972 profectam

2298 4881 2396 4947 His
2412 4881 2508 4933 dea
2531 4860 2757 4947 placanda
2784 4888 2879 4944 est,
2897 4881 3004 4947 haec
3026 4887 3079 4933 tu
3103 4892 3373 4931 conversus
3395 4877 3458 4930 ad
3477 4884 3616 4932 ortus

2361 4944 2454 4998 Dic
2473 4944 2668 5009 quater,
2694 4952 2751 4998 et
2764 4947 2876 4996 vivo
2898 4944 3074 5010 perlue
3091 4957 3206 4994 rore
3220 4956 3412 4993 manus.

2860 5044 3028 5113 (Ovid.
3053 5046 3139 5100 tib.
3160 5028 3217 5098 tv
3243 5048 3459 5110 Fastor.,
3480 5058 3527 5098 υ.
3541 5043 3682 5110 365.)

2177 5156 2249 5212 At
2278 5156 2491 5214 tametsi
2522 5155 2686 5214 fuerit
2710 5157 3014 5213 communis
3057 5157 3148 5213 ille
3183 5155 3603 5212 christianorum
3643 5166 3787 5225 gen-

2178 5246 2461 5321 tiliumque
2489 5248 2622 5305 ritus
2643 5289 2661 5318 ,
2688 5247 2809 5304 aliis
2833 5256 3012 5305 tamen
3039 5248 3341 5305 rationibus
3369 5246 3425 5303 hi
3452 5245 3586 5303 deos
3621 5258 3783 5313 suos,

2174 5338 2255 5396 illi
2280 5356 2411 5397 vero
2442 5341 2606 5397 Deum
2636 5356 2803 5397 unum
2833 5350 2890 5397 et
2913 5354 3101 5398 verum
3130 5342 3198 5397 ad
3223 5341 3492 5398 orientem
3520 5339 3784 5397 conversi

2177 5432 2446 5500 orabant;
2476 5433 2703 5504 gentiles
2733 5433 2877 5491 enim
2902 5474 2920 5502 ,
2966 5443 3026 5491 ut
3067 5442 3224 5491 notat
3263 5433 3650 5501 Tertullianus,
3688 5434 3786 5505 af-

2176 5527 2447 5600 fectatione
2485 5525 2730 5597 profecto
2767 5527 3005 5599 pessima
3049 5528 3330 5601 aliquando
3362 5529 3516 5583 etiam
3553 5524 3787 5582 caelestia

2177 5620 2431 5676 adorandi
2456 5618 2797 5692 (Tertullian.
2824 5622 3120 5694 Apologet.,
3147 5639 3267 5695 cap.
3310 5621 3402 5687 16,
3429 5638 3553 5696 pag.
3579 5620 3705 5688 571,
3729 5628 3789 5677 et

2179 5714 2269 5770 tib.
2292 5714 2315 5772 Ι
2342 5714 2412 5769 ad
2454 5713 2693 5783 Nation.,
2739 5732 2856 5789 cap.
2890 5716 2982 5784 1⁸5,
3005 5734 3129 5791 pag.
3156 5716 3306 5790 579).
3346 5717 3456 5773 Res
3479 5716 3642 5787 igitur
3669 5728 3788 5771 ca:-

2178 5804 2366 5876 lestes,
2394 5807 2602 5878 stellas,
2629 5808 2907 5879 nimirum,
2942 5824 3009 5868 ac
3029 5809 3272 5882 planetas
3294 5822 3420 5866 cum
3447 5806 3779 5875 adorarent,

2180 5899 2420 5977 deosque
2460 5917 2581 5965 esse
2604 5904 2979 5980 opinarentur,
3007 5903 3210 5965 idcirco
3245 5902 3315 5963 ad
3337 5900 3533 6003 solem,
3557 5900 3782 5962 illorum
