4076 6356
395 289 503 351 045

394 499 695 558 vertebant.

460 594 530 651 At
563 593 861 651 Christiani
914 594 1073 662 longe
1118 592 1350 649 diversis
1398 592 1698 650 rationibus
1745 592 1890 649 hunc
1933 594 1987 650 in

388 687 607 744 modum
640 688 1033 758 precabantur:
1079 702 1142 742 ac
1169 686 1507 757 pmissimum
1535 687 1660 758 quia
1684 686 1752 742 ad
1782 687 1987 758 paradi-

387 792 530 844 sum,
559 778 701 834 unde
737 778 895 849 ejecti
935 777 1173 846 fuerunt,
1212 787 1269 834 et
1300 778 1366 834 ad
1397 779 1563 835 solem
1587 779 1811 849 justitia:
1833 780 1987 836 Chri-

386 878 529 928 stum
559 869 845 927 l)ominum
867 871 1139 943 respicere
1162 870 1451 928 debebant.
1485 872 1632 928 Alias
1652 887 1782 929 vero
1807 872 1987 944 plures

385 979 453 1021 ex
476 964 638 1021 variis
662 964 1017 1035 scriptoribus
1046 964 1341 1021 cardinalis
1368 965 1515 1022 Bona
1541 966 1749 1035 retulit,
1775 981 1909 1038 quas
1932 967 1982 1023 in

390 1055 510 1128 ejus
541 1055 691 1113 libris
732 1056 909 1128 legere
938 1067 1242 1127 promptum
1274 1066 1376 1122 cst,
1424 1072 1525 1113 nec
1558 1056 1665 1116 huc
1691 1074 1985 1130 congerere

383 1148 748 1204 necessarium
800 1147 989 1220 (Bona,
1021 1148 1085 1203 de
1132 1149 1293 1203 divin.
1318 1147 1528 1205 .Psalm.
1580 1166 1697 1221 cap.
1743 1149 1872 1223 6,§
1912 1152 1980 1216 5,

385 1256 503 1312 pag.
533 1240 680 1311 177).
712 1239 1096 1296 Verumtamen
1127 1239 1387 1313 Origenes
1412 1284 1426 1307 ,
1456 1241 1614 1297 sicuti
1643 1242 1770 1298 alibi
1798 1243 1983 1299 obser-

380 1332 671 1405 v:tvimus(
704 1343 831 1388 tom.
858 1332 881 1388 1
910 1333 1188 1405 Apparat.,
1222 1351 1338 1406 pag.
1371 1335 1559 1407 1040),
1592 1336 1822 1408 ingenue
1851 1338 1982 1393 fato-

385 1435 471 1482 tur
500 1426 662 1497 hujus
683 1427 819 1483 ritus
841 1429 972 1484 satis
994 1428 1223 1484 validam
1247 1431 1511 1489 rationem
1540 1436 1645 1486 non
1670 1445 1829 1502 posse
1859 1447 1983 1503 pro-

362 1520 541 1577 'ferri.
595 1520 806 1578 Nemini
856 1532 1032 1578 tamen
1083 1522 1238 1578 facile
1292 1524 1704 1594 persuadebitur
1750 1526 1900 1581 illum
1949 1542 1978 1582 a

379 1613 697 1669 Christianis
741 1614 945 1669 nullam
987 1614 1059 1669 ob
1082 1629 1298 1670 causam
1336 1625 1635 1687 receptum,
1669 1618 1758 1689 qui
1788 1618 1858 1672 ita
1883 1634 1980 1689 pu-

379 1706 522 1763 blico
559 1718 615 1762 et
648 1708 886 1763 unanimi
915 1708 1155 1763 omnium
1185 1723 1452 1764 consensu
1479 1711 1888 1779 observabatur,
1923 1720 1981 1767 ut

1521 288 1970 349 DISSERTATIO
2008 291 2069 349 D.
2110 291 2198 351 LE
2236 292 2546 353 NOUBRY.

390 406 630 463 omnium
673 405 962 462 maximum
989 412 1042 463 et
1069 405 1406 479 primarium,
1442 415 1660 465 orantes
1694 422 1814 465 sese
1861 422 1993 465 con-
2018 410 2071 472 A

3594 306 3708 366 946

2679 428 2973 473 Αιιτιευιυε
3010 432 3088 473 ιν.

2095 546 2199 605 Cur
2225 547 2503 604 Christiani
2532 548 2665 605 diem
2692 550 3025 621 dominicum,
3053 553 3117 608 ab
3154 554 3367 612 ethnicis
3395 556 3513 614 Soli
3552 558 3695 616 dica-
3728 624 3737 633 ,

2168 651 2294 708 ιιιηι,
2333 642 2438 697 ιωιὶ
2464 642 2649 711 festum
2692 654 2920 716 agerent,
2951 646 3121 717 sicque
3144 663 3249 703 uno
3295 658 3493 705 tantum
3531 651 3696 709 locoa

2164 735 2437 807 gentilibus
2467 743 2512 790 et
2535 735 2736 792 Jndteis
2757 737 2891 793 diem
2916 736 3115 794 sabbati
3132 739 3409 798 solemnem
3431 741 3690 801 celebran-

2167 828 2295 882 tibus
2322 826 2687 898 discreparent.

2163 962 2316 1018 Alius
2342 980 2473 1020 sane
2528 979 2629 1020 nec
2672 965 2849 1021 minor
2889 966 3133 1037 profecto
3176 982 3329 1025 error
3358 978 3477 1026 erat
3516 971 3694 1043 genti-

2090 1056 2242 1125 lium,
2274 1058 2363 1128 qui
2391 1056 2570 1114 adltuc
2597 1058 2952 1129 opinabantur
2997 1059 3169 1116 solem
3200 1060 3320 1116 ideo
3348 1076 3380 1115 a
3425 1060 3692 1120 Christia-

2089 1151 2174 1206 nis
2202 1159 2451 1221 tanquam
2501 1151 2665 1207 Dcum
2715 1151 2850 1219 coli,
2895 1154 3018 1224 quia
3046 1153 3375 1210 dominicum
3412 1154 3576 1224 diem,
3623 1156 3693 1213 ab

2088 1240 2194 1298 illis
2250 1241 2361 1299 Soli
2415 1244 2673 1311 dicatum,
2705 1244 2756 1299 hi
2786 1260 2907 1300 cum
2937 1245 3119 1300 la-tilia
3148 1256 3389 1318 agerent.
3419 1248 3693 1317 Quamob-

2086 1349 2201 1391 rem
2239 1336 2604 1392 Tertulliauus
2636 1352 2731 1393 eos
2779 1339 2856 1394 sic
2900 1338 3096 1395 refellit
3140 1349 3194 1395 et
3218 1341 3487 1413 exagitat:
3515 1340 3692 1415 Eque

2086 1432 2130 1482 st
2156 1428 2291 1483 diem
2314 1429 2457 1494 solis,
2486 1428 2538 1485 id
2566 1439 2668 1495 est,
2711 1430 3064 1501 dominicum,
3108 1432 3298 1488 (milia:
3343 1433 3688 1505 indulgemus,
3722 1484 3733 1492 .

2085 1522 2192 1578 alia
2245 1525 2396 1597 longe
2439 1526 2672 1591 ratione,
2726 1542 2877 1597 quam
2929 1526 3176 1598 religione
3220 1528 3325 1582 sive
3374 1527 3517 1582 cultu
3545 1528 3692 1585 Solis

2085 1616 2419 1687 (Tertullian.
2446 1615 2896 1690 Apologet.,'cap.
2930 1618 3015 1685 I6,
3041 1635 3162 1690 pag.
3195 1617 3343 1690 571).
3374 1619 3541 1675 Tacet
3570 1619 3689 1691 qui-

2083 1708 2206 1767 dem
2231 1709 2343 1776 ille,
2370 1726 2490 1782 quae
2517 1725 2581 1766 ea
2608 1711 2679 1765 sit
2704 1710 2805 1766 alia
2834 1709 2973 1765 ratio
2997 1726 3092 1765 cur
3114 1726 3237 1765 eum
3269 1710 3412 1765 diem
3458 1710 3567 1766 laeti
3598 1719 3685 1767 at-

380 1816 479 1856 ncc
524 1799 768 1870 ipsismet
811 1799 1045 1856 ethnicis
1077 1800 1649 1879 ineompertus‘fuerit.
1694 1801 1828 1857 Nam
1856 1803 1980 1859 hinc
2009 1816 2058 1876 Β
2086 1817 2193 1873 que
2219 1801 2356 1859 adeo
2388 1802 2585 1859 festum
2611 1802 2969 1860 celebrarent.
2997 1799 3103 1857 Sed
3147 1801 3291 1855 illam
3328 1801 3485 1857 nobis
3512 1800 3686 1857 reddi-

386 1894 604 1968 quidam
627 1909 694 1951 ex
724 1895 829 1950 illis
851 1894 1263 1965 suspicabantur
1281 1910 1601 1967 corporeum
1624 1896 1818 1962 solem,
1842 1896 1982 1952 sicut

378 1991 453 2045 ait
485 1992 685 2047 Auctor
723 1998 913 2046 noster
936 2031 952 2056 ,
988 1989 1416 2057 Christianorum
1450 1989 1616 2045 Deum
1654 2003 1797 2055 esse,
1831 1998 1886 2045 et
1911 1989 1980 2043 ab

377 2085 484 2141 illis
509 2083 744 2139 adorari.
774 2082 879 2140 Sed
907 2082 1137 2139 absurda
1167 2082 1280 2139 lucc
1307 2081 1577 2138 calumnia
1608 2084 1795 2154 paucis
1825 2083 1976 2140 hisce

385 2177 566 2233 verbis
592 2177 661 2233 ab
686 2191 753 2233 eo
782 2176 1129 2232 contunditur
1153 2194 1167 2230 :
1200 2176 1281 2229 Ad
1317 2175 1502 2231 Persas
1522 2177 1568 2230 si
1595 2177 1728 2245 forte
1752 2176 1974 2248 deputa-

378 2268 561 2334 bimur,
595 2269 709 2324 licet
733 2270 924 2333 solem,
958 2285 1060 2323 non
1103 2269 1154 2323 in
1182 2268 1337 2323 linteo
1364 2270 1645 2339 depictum,
1677 2270 1971 2335 adoremus,

375 2362 615 2417 habentes
679 2362 848 2432 ipsum
895 2361 1079 2431 ubique
1129 2361 1182 2415 in
1231 2377 1324 2415 suo
1384 2363 1563 2433 clypeo
1618 2360 1966 2433 (Tertullian.

372 2454 667 2527 Apoluget.,
699 2472 815 2525 cap.
840 2452 931 2519 16,
958 2470 1080 2525 pag.
1113 2453 1277 2523 369).
1305 2453 1527 2510 Constat
1566 2463 1746 2510 autem
1774 2455 1972 2511 Persas

374 2546 607 2602 coluisse
632 2546 824 2611 solem,
854 2562 1014 2617 quem
1045 2561 1143 2617 pro
1167 2561 1295 2601 vero
1327 2546 1437 2602 Deo
1460 2546 1752 2603 habebant.
1779 2547 1971 2604 Testes

375 2639 649 2696 enimvero
691 2637 850 2710 hujus
893 2639 1183 2709 impietatis
1213 2649 1340 2695 sunt
1380 2638 1706 2706 Herodotus,
1748 2640 1965 2708 Strabo,

373 2730 616 2787 Justinus
642 2731 925 2788 historicus
945 2774 961 2799 ,
990 2743 1044 2789 et
1072 2733 1161 2789 alii
1188 2733 1497 2804 complures
1516 2775 1532 2801 ,
1561 2750 1698 2805 quos
1725 2734 1965 2806 quidem,

372 2840 443 2881 ne
465 2826 532 2881 ab
552 2825 671 2881 aliis
696 2810 894 2897 saepius
919 2835 1094 2881 aetum
1116 2840 1359 2896 agamus,
1384 2841 1488 2882 non
1515 2829 1825 2884 censuimus
1849 2844 1969 2885 esse

369 2918 721 2991 appellandos
765 2919 1078 2995 (Herodot,
1111 2922 1200 2977 tib.
1227 2922 1266 2988 1,
1300 2921 1477 2994 §l3l;
1504 2920 1704 2991 Strab.,
1728 2925 1817 2979 lib.
1870 2924 1967 2981 xv

372 3010 583 3084 Geogr.,
624 3030 745 3085 pag.
791 3013 930 3078 7'52;
961 3011 1181 3078 Justin.,
1216 3014 1306 3071 lib.
1351 3013 1369 3070 1
1413 3014 1637 3083 Histor.,
1678 3033 1793 3088 cap.
1821 3017 1890 3073 10
1921 3018 1967 3089 ).

369 3104 559 3161 Mirum
604 3106 782 3178 itaque
810 3106 942 3161 nulli
974 3106 1143 3163 videri
1170 3107 1331 3163 debet
1377 3107 1425 3163 si
1466 3108 1517 3163 hi
1557 3109 1689 3165 solis
1729 3110 1969 3167 cultores
2012 3170 2022 3177 ,

2090 1896 2170 1950 dit
2194 1895 2505 1951 Barnabas:
2535 1894 2741 1950 Idcirco
2768 1896 2899 1950 diem
2941 1905 3196 1963 octavum,
3243 1893 3435 1965 inquit,
3480 1894 3533 1950 id
3577 1904 3682 1961 est,

2091 1985 2422 2043 dominicum
2448 1989 2502 2042 in
2531 1988 2708 2041 laetitia
2728 1988 2949 2058 agimus,
2978 1988 3145 2057 inquo
3173 1994 3219 2040 et
3239 1983 3391 2041 Jesus
3412 1987 3687 2041 resurrexit

2083 2097 2115 2134 a
2140 2082 2373 2146 mortuis,
2402 2091 2583 2136 etcum
2610 2082 2949 2155 apparuisset,
2981 2081 3206 2136 ascendit
3235 2082 3306 2135 ad
3346 2082 3501 2138 cmlos
3541 2081 3691 2148 (Baro

2082 2172 2198 2228 nab.
2228 2173 2398 2243 epist.,
2420 2172 2448 2245 §
2474 2174 2558 2239 13,
2587 2173 2985 2246 pag.l6).Qood
3015 2173 3229 2245 quidem
3250 2172 3474 2245 pulchre
3489 2172 3685 2230 confir-

2081 2265 2451 2323 matJustiuus
2479 2278 2705 2338 martyr,
2731 2270 2817 2337 qui
2852 2266 3051 2322 idcirco
3082 2281 3188 2320 non
3207 2279 3362 2321 secus
3392 2280 3456 2320 ac
3482 2264 3688 2321 Barna-

2079 2361 2175 2418 bas
2238 2370 2295 2417 et
2354 2361 2716 2417 'l‘ertullianus
2773 2368 2955 2416 noster
3006 2368 3190 2430 aperte
3241 2358 3477 2415 declarat
3541 2358 3684 2415 hunc

2076 2454 2218 2512 diem
2238 2453 2370 2509 solis
2395 2453 2743 2524 appellatum,
2768 2467 2875 2523 quo
2892 2451 3178 2508 Christiani
3197 2451 3513 2523 congregari
3539 2451 3684 2507 sole-

2076 2549 2233 2605 baut:
2254 2564 2319 2622 τῇ
2347 2555 2432 2604 τοῦ
2462 2557 2594 2609 ἡλίσυ
2619 2556 2839 2619 λεγομξνῃ
2864 2556 3036 2618 ἡμέρᾳ,
3062 2546 3144 2601 die
3171 2562 3287 2617 qua:
3326 2546 3448 2601 solis
3474 2554 3681 2600 vocatur

2076 2641 2291 2709 (Justin.
2353 2643 2572 2715 Apolog.
2633 2644 2719 2712 l)._
2768 2641 2971 2697 Eodem
3041 2656 3256 2711 quoque
3296 2640 3512 2696 nomine
3542 2655 3683 2695 nun-

2073 2745 2298 2806 cupatur
2348 2736 2400 2789 in
2453 2735 2616 2789 variis
2663 2733 3001 2790 Constantini
3067 2733 3260 2804 Magni,
3321 2730 3678 2787 Valentiniani

2069 2827 2329 2899 junioris,
2359 2835 2415 2883 et
2440 2826 2733 2883 Theodosii
2763 2825 2991 2897 legibus,
3046 2825 3097 2880 in
3138 2838 3270 2907 quas
3314 2822 3678 2880 Gothofredus

2074 2921 2224 2993 plura
2255 2921 2307 2976 in
2333 2936 2447 2977 rem
2480 2928 2719 2975 nostram
2750 2920 2947 2991 aliique
2971 2918 3097 2976 alibi
3127 2919 3485 2995 observarunt
3523 2916 3676 2993 (Cod.

2078 3014 2358 3084 'l‘heodos.,
2391 3015 2492 3086 leg.
2525 3015 2548 3069 l
2585 3024 2631 3069 et
2658 3014 2694 3068 2
2724 3014 2787 3068 de
2815 3014 2979 3085 feriis,
3013 3031 3134 3085 pag.
3166 3013 3270 3069 118
3298 3025 3346 3067 et
3367 3011 3495 3083 seq.)

2144 3105 2448 3179 Aliquando
2494 3107 2656 3162 etiam
2709 3106 2823 3162 dies
2878 3105 3220 3171 dominicus,
3269 3105 3351 3160 vel
3407 3102 3676 3159 dominica

371 3198 519 3255 illum
565 3199 618 3255 in
660 3200 852 3272 clypeo
902 3199 1175 3270 depictum
1200 3199 1501 3267 haberent;
1534 3200 1967 3272 quandoquidem
1996 3215 2042 3278 ρ
2075 3201 2356 3267 solemnia,
2378 3199 2460 3256 vel
2478 3199 2795 3271 simpliciter
2823 3199 3149 3254 dominicum
3176 3195 3678 3269 cognominabatur.

378 3290 577 3346 milites
599 3292 714 3347 suis
752 3293 804 3346 in
834 3284 1039 3363 clypeis
1065 3291 1310 3364 depictas
1336 3292 1418 3347 vel
1443 3292 1680 3362 scalptas
1707 3292 1970 3365 imagines

374 3380 587 3438 deferre
648 3391 1064 3439 consueverant.
1126 3382 1381 3452 Quinimo
1439 3384 1485 3438 si
1548 3383 1723 3439 Plinio
1784 3386 1966 3442 credi-

372 3488 528 3540 mus,
562 3472 686 3531 inde
709 3474 1013 3531 derivatum
1058 3484 1143 3532 est
1184 3475 1319 3531 illud
1348 3476 1529 3548 clypei
1553 3492 1772 3533 nomen.
1801 3478 1970 3534 Addit

374 3582 546 3623 vero:
578 3566 737 3639 Origo
761 3569 914 3639 plena
934 3569 1135 3625 virtutis
1161 3570 1344 3639 faciem
1369 3560 1518 3626 reddi
1537 3571 1590 3626 in
1618 3581 1767 3626 scuto
1792 3573 1969 3642 cujus-

366 3675 462 3730 que
488 3702 501 3725 ,
537 3660 623 3730 qui
648 3661 802 3733 fuerit
826 3678 948 3716 usus
977 3661 1088 3717 illo.
1129 3661 1283 3718 Poeni
1317 3679 1382 3718 ea:
1405 3679 1534 3718 auro
1566 3663 1884 3735 factitarere,
1915 3676 1963 3721 et

368 3750 574 3822 clypeos
603 3763 647 3805 et
681 3742 929 3823 imagines
970 3770 1235 3825 secumque
1260 3756 1313 3808 in
1348 3756 1530 3810 castris
1571 3754 1732 3811 tulere
1757 3755 1775 3827 (
1801 3756 1965 3825 Plin.,

368 3842 453 3897 lib.
486 3841 685 3899 XXXV
732 3843 865 3900 Hist.
901 3855 1097 3913 natur.,
1128 3863 1244 3920 cap.
1275 3848 1330 3914 5,
1379 3864 1502 3920 pag.
1531 3849 1675 3916 177).
1711 3848 1807 3905 Cui
1839 3866 1968 3907 vero

368 3934 548 4006 ignota
577 3947 703 3993 sunt
729 3953 795 3992 ea
819 3980 834 4004 ,
867 3954 989 4009 qua:
1019 3919 1286 3997 Homerus
1315 3940 1385 3997 de
1414 3919 1638 3998 Achillis
1657 3984 1672 4008 ,
1705 3953 1760 3998 et
1790 3943 1965 4016 Virgi-

368 4028 472 4085 lius
496 4028 565 4086 dc
594 4029 785 4086 Enen:
813 4030 1019 4103 clypeis
1047 4047 1224 4103 graeco
1256 4032 1531 4103 lalinoque
1558 4034 1799 4090 carmine
1827 4036 1968 4091 ceci-

366 4122 598 4176 nerunt?
622 4121 641 4194 (
669 4120 878 4177 Homer.
900 4120 1062 4177 Iliad.
1086 4122 1275 4191 XVIII,
1300 4139 1348 4178 υ.
1370 4124 1498 4191 478,
1523 4134 1569 4179 et
1592 4142 1759 4198 seqq.;
1778 4125 1961 4198 Virgil.

367 4212 454 4267 lib.
489 4212 603 4269 VIII
633 4212 872 4281 1Eneid.,
918 4232 967 4270 υ.
1010 4215 1116 4274 99.5
1165 4228 1212 4272 et
1260 4217 1447 4289 seqq.).
1486 4218 1605 4273 Pari
1653 4220 1833 4292 itaque
1874 4236 1967 4275 ra-

369 4309 514 4364 tione
545 4308 721 4365 Persae
748 4312 802 4365 in
831 4310 1021 4383 clypeo
1044 4299 1328 4383 gestabant
1355 4313 1586 4386 effigiem
1615 4316 1745 4371 solis
1766 4358 1780 4381 ,
1805 4333 1962 4387 quem

368 4401 665 4457 maximum
694 4401 851 4458 deum
878 4419 1000 4460 esse
1024 4406 1442 4463 arbitrabantur.

440 4492 591 4560 Esto,
624 4494 854 4564 inquies,
894 4511 959 4551 ac
985 4497 1120 4553 cedo
1148 4498 1290 4554 hunc
1319 4499 1485 4556 fuisse
1530 4516 1724 4559 revera
1767 4503 1965 4560 Persa-

365 4600 486 4642 rum
536 4599 763 4643 morem.
797 4586 905 4643 Sed
937 4589 1207 4659 quomodo
1253 4590 1377 4647 inde
1423 4592 1600 4664 colligi
1629 4602 1805 4663 potest
1841 4596 1964 4666 quis

364 4692 527 4735 verus
553 4680 624 4735 sit
653 4678 969 4737 Tertulliani
1011 4686 1238 4740 sensus?
1284 4684 1538 4742 Nonnulli
1585 4687 1801 4759 quidem
1846 4689 1965 4761 ejus

364 4773 526 4833 verba
572 4773 652 4828 sic
703 4773 1159 4844 interpretantur:
1212 4778 1391 4833 Persrc
1437 4779 1491 4834 in
1542 4778 1710 4836 linteo
1744 4782 1968 4853 pingunt

362 4868 557 4933 solem,
588 4882 747 4939 quem
774 4868 1065 4925 Christiani
1101 4869 1301 4927 habent
1321 4871 1373 4925 in
1400 4872 1590 4945 clypeo
1615 4888 1735 4940 suo,
1777 4873 1828 4929 id
1864 4883 1966 4940 est,

364 4959 419 5016 in
474 4959 566 5015 illo
604 4958 693 5031 qui
745 4960 930 5017 mundi
982 4961 1170 5019 oculos
1218 4972 1276 5019 et
1325 4964 1494 5019 instar
1520 4965 1694 5036 elypei
1747 4975 1847 5031 est,
1880 4977 1972 5024 aut

364 5052 505 5108 sicut
554 5052 643 5108 alii
673 5054 883 5119 volunt,
930 5054 1139 5110 vultum
1190 5057 1320 5112 solis
1365 5065 1617 5128 tanquam
1673 5059 1724 5113 in
1773 5060 1966 5133 clypeo

367 5152 616 5199 cernunt.
643 5145 746 5202 Sed
770 5145 885 5201 haec
912 5148 1083 5220 magis
1111 5149 1293 5220 utique
1338 5150 1572 5216 subtilis,
1604 5166 1766 5221 quam
1794 5153 1964 5209 solida

278 5250 287 5260 ‘
366 5234 655 5305 esplicatio
699 5253 969 5308 tulitquam
998 5239 1165 5296 dubio
1193 5240 1377 5311 procul
1404 5242 1457 5296 in
1484 5253 1721 5299 mentem
1748 5242 1964 5301 Tertul-

364 5327 495 5384 liani
543 5341 787 5387 venerat.
813 5331 1119 5405 Simplicior
1144 5343 1349 5403 autem,
1385 5346 1440 5391 ut
1472 5352 1540 5392 ex
1568 5337 1868 5393 observatis
1896 5340 1965 5395 li-

364 5428 515 5493 quet,
546 5421 756 5478 videtur
801 5440 923 5481 esse
971 5425 1058 5481 hic
1106 5427 1248 5483 illius
1292 5443 1517 5486 sensus:
1572 5429 1788 5485 Ethnici
1829 5430 1964 5488 falso

362 5513 622 5584 putabant
642 5517 815 5573 solem
844 5533 875 5573 a
900 5517 1245 5589 Christianis,
1276 5522 1732 5592 quemadmodum
1773 5538 1804 5579 a
1831 5520 1953 5581 Per-

364 5608 444 5663 sis
466 5606 703 5664 adorari.
731 5607 862 5665 Nam
894 5608 950 5665 hi
980 5611 1033 5671 in
1064 5612 1266 5684 clypeis
1286 5614 1400 5669 suis
1423 5613 1654 5671 efﬁctam
1681 5624 1734 5671 et
1765 5631 1964 5687 reprm-

365 5708 631 5758 sentatam
684 5702 815 5758 solis
839 5702 925 5758 dei
970 5706 1054 5760 sui
1109 5706 1392 5777 imaginem
1431 5707 1630 5780 ubique
1669 5708 1961 5778 habebant,

364 5790 653 5852 Christiani
680 5809 812 5855 vero
840 5811 908 5854 ne
933 5796 1153 5870 quidem
1192 5798 1244 5856 in
1277 5799 1440 5859 linteo
1481 5801 1631 5862 ullibi
1674 5802 1960 5876 depictam.

1986 4635 2042 4696 D

2073 3282 2341 3364 Scriptum
2387 3293 2585 3365 quippe
2632 3292 2993 3347 Tertulliattus
3034 3302 3218 3346 noster
3262 3290 3505 3361 reliquit:
3537 3289 3679 3356 Quo-

2080 3385 2230 3439 modo
2251 3384 2511 3445 dominica
2538 3384 2785 3439 solemnia
2802 3384 3165 3438 celebrabimus
3204 3382 3470 3453 (Tertull.,
3495 3381 3586 3438 l.b.
3613 3382 3678 3437 de

2073 3475 2250 3548 Fuga,
2278 3493 2394 3548 cap.
2428 3477 2620 3548 ultim.)
2641 3475 2664 3529 ?
2682 3474 2979 3547 Cyprianus
3006 3491 3135 3531 vero
3162 3476 3213 3530 in
3232 3489 3326 3529 sua
3351 3474 3417 3528 ad
3455 3472 3679 3545 presby-

2074 3579 2241 3639 teros,
2281 3571 2537 3627 diaconos
2571 3581 2626 3625 et
2676 3570 2978 3625 universam
3017 3569 3225 3640 plebem
3254 3568 3474 3639 epistola
3507 3569 3677 3638 scrip-

2071 3666 2172 3722 sit:
2213 3664 2483 3722 Dominico
2513 3664 2718 3719 interim
2747 3665 2865 3735 legit
2890 3662 3052 3730 nobis,
3085 3662 3140 3716 id
3165 3672 3258 3731 est,
3286 3663 3580 3732 auspicatus
3602 3672 3676 3716 est

2073 3776 2280 3830 pacem,
2332 3759 2453 3813 dum
2493 3758 2693 3813 dedicat
2740 3758 3002 3813 lectionem
3047 3756 3337 3831 (Cypriae,
3382 3757 3526 3826 epist.
3578 3756 3671 3819 58,

2073 3870 2193 3923 pag.
2218 3852 2487 3924 57).Qua:
2515 3858 2817 3918 estautetn,
2856 3850 3081 3912 obsecro
3128 3859 3199 3916 te,
3242 3864 3304 3903 ea
3351 3849 3527 3912 lectio,
3571 3847 3674 3903 nisi

2073 3946 2183 4012 illa,
2212 3961 2332 4017 qua:
2378 3944 2429 4000 in
2468 3943 2695 4015 publicis
2725 3941 3150 3998 Christianorum
3192 3941 3442 4008 canibus,
3489 3940 3564 3996 uti
3617 3941 3671 3996 in

2071 4037 2319 4110 sequenti
2345 4037 2520 4107 capite
2543 4037 2806 4100 dicemus,
2856 4034 2969 4090 fieri
3018 4043 3392 4089 consueverat.
3439 4033 3495 4089 Si
3542 4032 3670 4103 quid

2026 4200 2039 4212 ἱ
2072 4147 2200 4187 vero
2223 4130 2421 4187 clarius
2448 4128 2801 4192 desiderabis,
2832 4126 3019 4183 audias
3054 4127 3212 4182 velim
3243 4125 3551 4191 Eusebium,
3580 4124 3676 4195 qui

2070 4226 2348 4282 memorias
2373 4222 2607 4296 prodidit
2645 4216 2786 4278 boui:
2812 4221 2919 4278 diei
2976 4220 3231 4278 dominici
3287 4220 3512 4275 solemni
3566 4218 3670 4275 ritu

2069 4317 2376 4375 celebrandi
2418 4331 2623 4373 morem
2661 4332 2692 4370 a
2722 4315 2940 4383 Christo
2986 4314 3217 4370 Domino
3256 4326 3535 4368 manasse:
3579 4304 3673 4383 ἐφ’

2069 4419 2273 4473 ἑκάστης
2324 4414 2582 4479 ἑϐδομάδος
2633 4420 2725 4463 cria
2773 4419 3004 4481 nuptast-iu
3053 4411 3444 4480 χρηματίζουσιν
3497 4414 3676 4473 ἡμέραν

2070 4511 2236 4575 ἑορτὴ
2282 4509 2413 4574 ἄγειν
2450 4507 2531 4557 επὶ
2554 4511 2712 4556 τά.πό
2759 4505 2997 4564 συνιόντας
3036 4504 3378 4573 παραδέδωκα,
3422 4500 3505 4551 tusi
3544 4500 3674 4551 αὖτὲι

2071 4606 2274 4667 σὼμσντα.
2335 4607 2562 4658 πιαίνειν,
2628 4603 2717 4656 τὰς
2784 4598 2834 4648 δι
2900 4590 3052 4664 duxit;
3119 4601 3288 4652 ὶιοξοις
3350 4594 3676 4659 «siticinum

2069 4692 2395 4759 ἀναζωπυρεῖν
2416 4681 2754 4759 «apsentibus.
2782 4685 3031 4757 Praecepit
3058 4696 3109 4739 ut
3131 4684 3347 4755 singulis
3371 4680 3672 4753 septimanis

2072 4781 2126 4837 in
2151 4797 2310 4835 unum
2337 4781 2714 4848 convenientes,
2736 4779 3048 4833 dominicum
3074 4776 3207 4831 diem
3230 4778 3413 4846 festum
3440 4782 3670 4844 agerent,

2073 4889 2166 4930 nec
2191 4890 2406 4945 corpora
2424 4890 2516 4926 sua
2547 4873 2860 4944 saginareut,
2888 4869 2973 4924 sed
3002 4870 3198 4922 animos
3230 4867 3413 4920 divinis
3442 4881 3670 4937 pra‘cep-

2075 4964 2294 5021 tionibus
2320 4964 2661 5037 reforillarent
2685 4963 2898 5038 (Euseb.
2928 4972 3057 5015 orat.
3079 4962 3139 5014 de
3155 4960 3296 5014 laud.
3324 4959 3668 5027 Const.mtin.,

2069 5072 2188 5129 cap.
2222 5057 2312 5124 17,
2345 5074 2467 5129 pag.
2496 5057 2650 5128 664).
2679 5059 2854 5126 Atque
2879 5052 2949 5109 ita
2981 5053 3227 5109 Valesius
3272 5051 3414 5108 hunc
3454 5052 3671 5109 Eusebii

2071 5150 2248 5205 locum
2279 5151 2679 5220 interpretatur,
2710 5149 2797 5219 qui
2829 5156 2955 5202 ante
2986 5146 3207 5203 verbum
3253 5158 3460 5201 πιαίνειν
3500 5145 3668 5216 parti-

2070 5243 2246 5300 culam
2273 5249 2326 5299 οὗ
2351 5242 2558 5298 librarii
2582 5242 2785 5297 incuria
2812 5241 3069 5296 omissam
3092 5239 3257 5296 fuisse
3300 5256 3404 5295 non
3434 5241 3665 5307 dubitat,

2070 5338 2192 5407 quia
2216 5345 2275 5393 τὸ
2312 5346 2519 5392 σαίνειν
2550 5350 2653 5391 non
2682 5335 2931 5391 convenit
2972 5333 3298 5390 christianis.
3325 5335 3515 5390 Postea
3539 5349 3669 5392 vero

2070 5430 2402 5503 Epiphanius
2428 5432 2493 5486 de
2536 5413 2724 5486 eadem
2751 5429 3033 5486 dominicae
3062 5429 3165 5487 diei
3210 5430 3520 5487 celebritate
3551 5428 3668 5485 hace

2068 5524 2282 5594 scriptis
2324 5521 2567 5578 tradidit:
2610 5529 2712 5585 Τὰς
2736 5530 2967 5596 κυνικὸς
2998 5527 3191 5586 ἀπάσαις
3220 5549 3273 5596 ap
3286 5529 3451 5597 υρερὲις
3480 5528 3672 5596 {quiest

2067 5624 2097 5677 ἡ
2142 5621 2257 5687 ἁγία
2300 5619 2424 5675 «αὐτῇ
2452 5624 2680 5676 κιοολιιιὶ
2731 5612 2991 5685 Eulaeus,
3039 5628 3123 5672 itast
3171 5624 3383 5685 συνάξεις
3432 5617 3515 5688 ἀρ’
3539 5623 3673 5673 ἕωθεν

2066 5714 2295 5775 interm,
2329 5713 2382 5765 οὗ
2407 5716 2639 5771 νηστεύει.
2672 5708 2970 5766 Dominicas
2995 5727 3167 5767 omnes
3195 5710 3351 5782 festas
3380 5710 3665 5784 hilaresque

2072 5803 2325 5860 catholica
2351 5805 2521 5862 sanxit
2550 5803 2804 5876 Ecclesia,
2835 5822 2895 5862 ac
2922 5803 3167 5863 solemnes
3192 5815 3465 5863 conventus
3494 5811 3663 5862 matu-
