4076 6356
407 191 514 250 917

1486 191 1555 249 ΙΝ
1593 188 2054 250 TERTULLIANI
2089 191 2623 256 APOLOGETICUM

3671 196 3793 260 948

409 312 531 364 linis
555 309 695 366 horis
735 307 931 375 indicit,
967 323 1057 364 nec
1084 307 1191 363 ulla
1209 307 1413 380 jejunia
1450 306 1666 363 celebrat
1706 306 2003 379 (Epiphan.
2035 316 2089 376 Α
2117 309 2468 369 hebdomadas
2488 313 2630 370 diem
2673 311 2874 387 Iudaeis
2914 323 2970 371 ct
3013 313 3217 372 Graecis
3262 313 3458 373 fuisse
3510 330 3783 377 sacrum.

420 403 651 475 I'prosit.
672 404 790 477 Μ,
820 403 846 478 §
875 403 965 469 22,
991 419 1111 473 pag.
1149 400 1292 472 105).
1325 400 1466 455 Alibi
1489 410 1666 455 autem
1698 414 1796 455 nos
1822 399 2007 456 admo-

415 507 510 554 uet
532 496 673 552 hunc
701 511 904 551 morem
929 495 995 551 ab
1016 494 1272 565 apostolis
1294 492 1557 565 proﬁcisci
1585 492 1633 565 (1
1642 492 1777 561 deat,
1806 492 2004 549 Hceres.

416 590 593 663 Arii,§
622 588 673 657 6,
704 606 821 662 pag.
846 588 996 661 910).
1029 587 1188 644 Plura
1216 588 1267 643 in
1287 586 1426 644 hanc
1455 602 1588 653 rem,
1615 602 1734 660 qua:
1758 586 2008 643 omnibus

413 692 540 740 nota
588 690 692 749 est,
726 682 1062 737 accumulare
1106 680 1238 738 nihil
1268 682 1425 753 plane
1469 695 1604 751 opus
1648 690 1751 736 est.
1798 679 2009 737 Sufﬁcit

414 776 557 832 enim
587 775 839 830 omnibus
868 776 1121 845 probasse
1147 775 1288 830 hunc
1305 776 1444 830 diem
1470 774 1522 829 in
1552 774 1771 839 Christi,
1802 789 1833 829 a
1866 789 2010 829 mor«

411 870 516 924 tuis
540 868 643 924 hoc
671 868 787 941 ipso
809 868 898 926 die
919 868 1157 939 excitati,
1191 868 1454 926 honorem
1483 869 1605 940 jure
1622 869 1812 926 merito
1845 865 2008 925 tuisse

407 960 732 1017 institutum.

472 1078 823 1149 Quapropter
846 1078 924 1135 sic
953 1077 1127 1150 pergit
1167 1077 1564 1134 'l‘ertullianns:
1615 1075 1854 1134 Secundo
1898 1078 2009 1133 loco

410 1173 474 1227 ab
496 1172 568 1226 eis
596 1172 895 1243 suutus,qui
924 1172 1057 1227 diem
1089 1172 1305 1228 Saturni
1332 1172 1435 1227 otio
1463 1180 1508 1226 et
1529 1172 1683 1227 uictui
1712 1162 2007 1239 decernunt,

412 1265 751 1320 exorbitantes
791 1274 837 1320 et
883 1265 983 1335 ipsi
1024 1281 1057 1318 a
1102 1264 1323 1320 Judaico
1372 1281 1529 1332 more,
1578 1280 1728 1336 quem
1770 1264 2010 1337 ignorant

412 1358 740 1427 (Tertullian.
790 1358 1082 1429 Apologet.,
1109 1375 1227 1430 cap.
1284 1358 1370 1426 l5,
1402 1375 1525 1430 pag.
1572 1359 1723 1430 557).
1753 1358 1857 1415 Sed
1893 1359 2012 1415 [nec

416 1450 633 1506 uberius
663 1450 964 1521 clariusque
991 1450 1119 1507 alibi
1144 1452 1413 1521 exposuit,
1455 1452 1543 1507 ubi
1588 1452 1818 1522 gentiles
1862 1451 2010 1509 hisce

415 1543 594 1601 verbis
620 1542 842 1599 aﬁatur:
908 1541 1007 1598 Vos
1030 1554 1163 1599 certe
1190 1545 1328 1612 estis,
1361 1545 1447 1612 qui
1489 1544 1641 1600 etiam
1691 1546 1745 1599 in
1789 1544 2010 1600 latercu-

414 1637 518 1692 lum
536 1647 727 1708 septem
754 1637 950 1692 dierum
998 1637 1156 1692 solent
1176 1637 1456 1709 recepistis,
1476 1649 1522 1692 et
1557 1654 1621 1692 ea:
1639 1637 1814 1693 diebus
1841 1641 2012 1709 ipsum

418 1732 737 1803 prtelegistis,
767 1747 866 1802 quo
885 1731 968 1785 die
996 1731 1257 1786 lavacrum
1282 1730 1610 1797 subtrahatis,
1636 1741 1724 1785 aut
1749 1732 1801 1786 in
1844 1748 2012 1803 vespe-
2039 1727 2087 1788 Β

413 1842 524 1880 rant
546 1823 817 1892 diﬂ'eratis,
849 1834 936 1878 aut
963 1825 1146 1893 otium,
1169 1834 1257 1879 aut
1286 1825 1563 1896 prandium
1606 1825 1811 1880 curetis.
1861 1824 2012 1893 Quod

415 1917 616 1989 quidem
668 1910 836 1988 facitis
879 1917 1219 1972 exorbitantes
1266 1926 1315 1973 et
1346 1918 1445 1989 ipsi
1491 1919 1723 1973 avestris
1771 1918 1840 1972 ad
1880 1919 2011 1973 alias

413 2008 701 2081 religiones.
732 2007 1059 2063 Juda'icnint
1081 2010 1218 2081 festi,
1248 2009 1477 2076 sabbata,
1521 2019 1566 2065 et
1606 2024 1749 2064 caena
1790 2026 1920 2081 pura
1962 2019 2013 2064 et

409 2103 621 2160 Judaici
668 2106 796 2158 ritas
848 2104 1189 2171 lucernarum,
1214 2115 1261 2160 et
1297 2106 1499 2178 jejunia
1547 2090 1660 2160 cum
1708 2109 1921 2179 azymis,
1963 2117 2012 2163 et

416 2199 668 2254 orationes
694 2197 962 2266 littorales,
985 2214 1100 2269 qua:
1126 2198 1298 2269 utique
1322 2199 1489 2255 aliena
1507 2210 1622 2254 sunt
1644 2199 1789 2255 a‘diis
1810 2200 2008 2256 uestris.

416 2296 589 2361 Quare
617 2306 671 2349 ut
697 2294 759 2349 ab
789 2311 996 2350 excessu
1022 2306 1264 2375 revertar,
1311 2296 1397 2367 qui
1445 2295 1602 2349 solent
1629 2303 1674 2348 et
1723 2293 1858 2347 diem
1904 2296 2012 2365 ejus

416 2387 560 2443 nobis
586 2388 925 2459 exprobratis,
955 2389 1214 2459 agnoscite
1240 2388 1569 2453 uicinitatem.
1617 2385 1744 2442 Non
1795 2387 1943 2459 longe
1981 2402 2014 2441 a

417 2479 648 2536 Saturno
679 2491 725 2535 et
749 2478 969 2535 sabbatis
986 2481 1168 2535 uestris
1196 2478 1582 2551 sumus(ldem,
1602 2477 1690 2533 lib.
1717 2478 1830 2535 lad
1857 2479 2010 2546 Nat.,

413 2592 530 2647 cap.
567 2575 656 2641 ts,
687 2590 807 2647 pag.
831 2573 983 2645 579).
1003 2554 1111 2629 Sed
1134 2573 1277 2629 dictu
1321 2571 1464 2629 haud
1493 2572 1648 2628 facile
1672 2588 1739 2627 an
1782 2573 2014 2644 genuina

416 2679 472 2725 et
526 2669 835 2738 incorrupta
889 2669 997 2723 sint
1047 2668 1164 2725 hinc
1215 2669 1399 2735 verba,
1453 2669 1710 2723 orationes
1766 2665 2015 2721 littorales

417 2758 598 2831 (Philo
617 2758 746 2813 Jud.
765 2760 818 2814 in
837 2758 1104 2827 Flaccum,
1131 2742 1252 2832 pag.
1282 2760 1409 2827 992,
1453 2758 1549 2829 Β).
1594 2759 1652 2814 Si
1696 2758 1841 2813 enim
1896 2758 2012 2817 haec

417 2869 447 2908 a
478 2852 812 2908 Tertulliano
859 2853 1057 2922 scripta
1087 2862 1232 2919 sunt,
1264 2852 1390 2923 quid
1420 2853 1483 2906 iis
1512 2850 1843 2921 signiﬁcetur
1870 2848 2017 2905 dictu

416 2947 594 3004 adhuc
618 2946 906 3013 difﬁcilius,
938 2962 1037 3003 nec
1065 2947 1205 3002 ullus
1232 2962 1294 3002 ea
1321 2947 1374 3001 in
1420 2946 1562 3001 notis
1601 2946 1716 3002 suis
1744 2945 2039 3016 explicare;

422 3042 667 3099 tentavit.
696 3040 964 3112 Numquid
992 3052 1173 3111 autem
1197 3041 1401 3096 Auctor
1440 3049 1626 3096 noster
1662 3038 1729 3094 ad
1758 3037 2015 3109 quasdam

2186 406 2406 461 Certum
2440 406 2618 477 itaque
2659 422 2728 463 ex
2765 406 3027 464 hactenus
3072 408 3229 466 dictis
3273 409 3621 481 unicuique
3652 425 3785 469 esse

2124 496 2305 566 debet,
2338 497 2533 569 .primo
2579 498 2912 556 Christianos
2942 501 3098 573 longe
3123 503 3225 557 alia
3262 504 3541 569 ratione,
3578 513 3643 559 et
3669 504 3783 562 alio

2110 591 2219 648 ritu
2238 592 2379 649 diem
2398 593 2530 649 solis
2558 594 2671 649 sive
2696 594 3022 652 dominicum
3044 596 3377 666 celebrasse,
3444 613 3643 669 quam
3675 596 3780 654 Ju-

2112 683 2260 740 dmos
2301 699 2364 741 ac
2431 687 2682 757 gentiles,
2729 686 2797 744 de
2838 687 3030 759 quibus
3071 687 3421 757 Laclantius,
3484 690 3797 762 quidquid

2112 780 2353 836 nonnulli
2383 780 2640 847 dixerint,
2673 782 2835 838 etiam
2879 782 3135 854 loquitur.
3185 783 3492 850 Secundo,
3528 785 3778 841 eosdem

2109 872 2446 931 Christianos
2470 890 2562 945 per
2592 874 2733 932 hunc
2756 875 2900 931 diem
2917 875 3201 933 indulsisse
3223 878 3458 944 ltetitiae,
3479 878 3774 935 nimirum

2112 965 2372 1035 spiritali;
2396 967 2521 1055 qqia
2537 981 2727 1024 omnes
2755 968 3011 1040 undique,
3039 978 3098 1025 ut
3119 985 3188 1025 ex
3212 969 3443 1026 Justino
3505 979 3777 1045 martyre

2113 1058 2239 1115 alibi
2267 1059 2851 1134 annotavimus(lbid.,
2880 1078 3002 1133 pag.
3023 1061 3141 1135 23),
3169 1063 3222 1119 in
3250 1063 3542 1120 eutndem
3576 1065 3775 1123 locum

2112 1152 2475 1223 conﬂuebant,
2502 1169 2816 1227 sacramque
2836 1171 3009 1222 suam,
3040 1172 3107 1214 eo
3132 1173 3239 1229 quo
3262 1159 3531 1215 diximus
3568 1158 3769 1229 modo,

2113 1245 2340 1318 agebant
2356 1248 2623 1319 syuaxitn.
2639 1247 2745 1306 Sed
2761 1249 2911 1320 plura
2940 1248 3009 1306 de
3034 1250 3124 1305 illa
3143 1261 3328 1309 noster
3346 1251 3769 1310 Tertullianus

2116 1339 2353 1409 tradidit,
2402 1357 2523 1413 quae
2554 1358 2698 1400 nunc
2743 1343 3075 1401 enucleauda
3094 1353 3240 1402 sunt.

2717 1477 2945 1536 CAPUT
2983 1478 3100 1537 XV.

2401 1590 2478 1648 De
2504 1594 2661 1649 sacris
2680 1593 3087 1651 Christianorum
3129 1597 3432 1670 synaxibus.

2638 1724 2933 1771 ARTICULUS
2971 1725 3181 1767 PRIMUS.

2121 1842 2287 1911 Quam
2304 1841 2365 1898 ob
2384 1859 2618 1899 caussam
2638 1843 2917 1911 Christiani
2935 1862 3107 1903 sacros
3125 1858 3279 1903 castus
3294 1848 3609 1918 inirent;de
3624 1852 3762 1924 [usis

2189 1939 2256 1993 ibi
2280 1936 2531 2011 precibus,
2562 1956 2623 1995 ac
2649 1941 2971 2011 potissimum
2993 1959 3088 2015 pro
3114 1960 3257 1998 mora
3283 1946 3428 2013 ﬁnis;
3457 1945 3536 2001 de
3573 1964 3757 2023 spera-

2188 2048 2304 2087 runt
2333 2031 2720 2103 Scripturarnnt
2752 2034 2961 2090 lectione
2982 2078 2995 2101 ,
3044 2047 3090 2091 et
3141 2037 3643 2106 cohortationibus;
3696 2040 3761 2095 de

2192 2123 2514 2197 prwsidibus,
2543 2123 2793 2196 probatis,
2842 2128 3145 2199 senioribus,
3195 2141 3241 2185 et
3283 2133 3551 2188 honorem
3602 2132 3755 2189 nullo

2188 2220 2371 2290 pretio,
2396 2219 2486 2275 sed
2513 2218 2796 2275 testimonio
2822 2221 3040 2293 adeptis.

2192 2373 2337 2431 Nihil
2375 2374 2535 2445 plane
2564 2375 2755 2432 intota
2802 2375 3228 2435 Christianorum
3269 2379 3600 2453 disciplina,
3648 2398 3746 2440 eo-

2123 2485 2351 2541 rumque
2390 2470 2629 2526 moribus
2653 2479 2788 2539 erat,
2819 2471 2963 2542 quod
2991 2474 3287 2531 acrioribus
3314 2474 3532 2533 ethnici
3568 2491 3748 2534 vexa-

2129 2562 2307 2620 verint
2330 2562 2637 2633 calumniis,
2667 2581 2826 2636 quam
2850 2565 3059 2621 illorum
3086 2583 3339 2639 syuaxcs,
3357 2586 3424 2627 ac
3452 2572 3746 2628 solemnes

2120 2656 2188 2712 ad
2235 2673 2387 2713 sacra
2431 2659 2688 2730 mysteria
2732 2659 2939 2731 agenda
2986 2672 3301 2718 conventus.
3354 2665 3745 2731 Quamobrem

2125 2748 2482 2805 Tertullianus
2525 2750 2890 2821 impudentem
2933 2754 3383 2812 calumniatortun
3435 2759 3738 2815 audaciam

2122 2842 2352 2898 noualio
2385 2842 2630 2899 validiori
2670 2854 2986 2916 argumento
3009 2849 3221 2917 penitus
3251 2853 3546 2922 comprimi
3578 2867 3741 2925 posse

2121 2937 2351 3007 censuit,
2382 2954 2545 3011 quam
2576 2940 2780 2996 sincera
2810 2950 2866 2997 et
2890 2942 3121 3013 simplici
3165 2960 3374 3013 eorum,
3403 2964 3536 3018 quae
3568 2948 3623 3003 in
3671 2947 3736 3003 iis

2122 3033 2437 3105 agebantur,
2463 3034 2819 3104 expositione.
2852 3035 3091 3090 Primum
3115 3036 3292 3106 itaque
3312 3047 3543 3095 enarrat
3571 3053 3735 3112 quem

418 3135 729 3192 Judmorum
761 3149 953 3206 preces
975 3133 1299 3201 collineavit,
1331 3148 1464 3205 quas
1507 3132 1679 3189 Judaei
1722 3132 1789 3187 ad
1814 3130 2007 3187 ﬁuvio-
2037 3133 2083 3197 C
2119 3130 2172 3186 iu
2197 3126 2357 3182 ﬁnem
2380 3127 2671 3209 Christiani
2693 3141 3179 3209 congregarentur:
3206 3129 3426 3198 Coimus,
3456 3132 3660 3204 inquit,
3680 3133 3733 3187 in

422 3244 545 3284 rum
565 3238 657 3283 aut
681 3227 910 3284 fontium
948 3227 1127 3284 littora
1155 3225 1380 3282 fundere
1404 3226 1673 3291 solebant,
1722 3235 2009 3296 antequam

415 3337 603 3379 eorum
633 3323 786 3394 aquis
814 3321 1198 3378 abluereutur?
1249 3320 1491 3393 Castigat
1531 3330 1710 3377 autem
1756 3320 2006 3392 gentiles,

410 3417 504 3488 qui
524 3416 839 3473 Christianis
872 3418 998 3473 vitio
1014 3417 1315 3483 vertebant,
1338 3416 1481 3488 quod
1509 3415 1649 3472 diem
1679 3417 2008 3472 dominicum

372 3586 377 3589 ν
412 3511 609 3569 festum
629 3521 866 3585 agerent.
892 3511 1007 3568 Non
1031 3512 1189 3584 longe
1208 3511 1353 3567 enim
1382 3511 1435 3566 hi
1455 3511 1778 3568 recedebant
1801 3512 1869 3567 ab
1886 3511 2010 3567 sab-

343 3653 351 3661 .
414 3606 555 3661 batis
578 3604 905 3671 Judaeorum,
935 3615 987 3662 et
1034 3605 1138 3661 ritu
1186 3604 1539 3676 ipsorummet
1567 3605 1862 3676 gentilium,
1919 3604 2012 3674 qui

422 3697 523 3753 soli
559 3697 721 3753 etiam
759 3712 921 3752 unum
969 3696 1319 3753 hebdomadas
1364 3696 1507 3752 diem
1550 3704 2009 3767 nuncupat-erant.

486 3790 757 3847 Praeterea
784 3790 1000 3862 singuli,
1034 3798 1092 3846 ut
1130 3790 1317 3846 scribit
1355 3789 1512 3845 Philo
1549 3788 1790 3857 Judaaus,
1830 3788 2011 3859 pepuli

416 3893 476 3941 ct
519 3886 763 3941 nationes
795 3883 1005 3940 tametsi
1027 3884 1139 3941 suis
1167 3883 1399 3955 prepriis
1427 3893 1482 3938 et
1527 3882 1754 3938 diversis
1805 3882 2012 3953 legibus

414 3979 656 4034 viverent
675 4021 689 4045 ,
709 3978 884 4034 nullus
903 3988 1077 4034 tamen
1100 3986 1237 4045 erat,
1259 3977 1350 4048 qui
1364 3988 1453 4032 om
1471 3982 1596 4050 ἱερὰν
1611 3982 1786 4039 ἐκείνην
1811 3979 2015 4046 ἑϐδόμην

409 4077 492 4127 οὐκ
516 4080 833 4140 incutimus,
864 4080 1017 4129 ἄνεσιν
1057 4076 1205 4129 πόνων
1241 4076 1325 4127 nisi
1366 4080 1606 4144 ῥαστώνην
1652 4078 1784 4142 αὐτῷ
1823 4096 1877 4128 τε
1924 4074 2014 4126 καὶ

408 4169 511 4224 τοῖς
539 4169 899 4231 πλησιάζουσιν,
934 4169 1013 4218 οὐκ
1029 4172 1284 4237 ἰλιυθέροις
1303 4168 1459 4235 μόνον,
1478 4168 1602 4222 ἀλλὰ.
1614 4169 1699 4225 nisi
1723 4170 1772 4220 δὲ
1801 4171 2013 4240 domum:

412 4264 590 4324 μᾶλλον
614 4260 661 4310 5t
694 4260 961 4327 ὑποζυγίοις
989 4261 1142 4319 διδοῦς
1167 4274 1180 4312 :
1213 4257 1432 4313 Sacrum
1454 4257 1599 4311 illunt
1629 4257 1763 4313 diem
1794 4274 1885 4329 per
1903 4258 2013 4313 sin-

414 4347 563 4421 gulas
588 4347 929 4404 hebdomadas
953 4359 1292 4405 recurrentem
1323 4366 1424 4405 non
1447 4349 1738 4417 honorant,
1762 4351 2015 4406 remissio-

415 4460 531 4499 nem
574 4424 824 4513 laborum,
853 4443 1106 4516 feriasque
1151 4443 1445 4511 offerentem
1489 4446 1852 4519 patrifamilias
1896 4461 2014 4501 cum

2117 3232 2303 3279 coetum
2324 3230 2370 3277 et
2388 3206 2826 3293 congregationem
2850 3230 2904 3275 ut
2928 3222 2996 3276 ad
3017 3221 3201 3288 Deum,
3217 3225 3362 3295 quasi
3376 3242 3539 3280 ntanu
3566 3229 3727 3299 facta,

2119 3316 2492 3400 precationibus
2514 3313 2795 3377 ambiamus
2815 3324 3014 3370 orantes
3037 3316 3055 3386 (
3082 3314 3275 3370 Tertul.
3318 3316 3573 3391 Apolog.,
3609 3332 3724 3389 cap.

2118 3412 2210 3476 59,
2234 3429 2290 3483 p.
2323 3408 2475 3485 467).
2494 3410 2600 3467 Sed
2630 3411 2748 3467 hare
2774 3411 2993 3466 totidem
3023 3411 3203 3468 verbis
3234 3412 3286 3467 in
3319 3416 3578 3471 omnibus
3604 3430 3729 3471 nos-

2118 3505 2218 3561 tris
2255 3504 2533 3560 codicibus
2560 3505 2956 3575 manuscriptis,
3011 3514 3069 3561 et
3113 3507 3346 3577 antiquis
3390 3508 3723 3566 editionibus

2119 3596 2406 3663 habentur,
2438 3597 2675 3669 Rigaltio
2697 3597 2961 3668 longiora,
2991 3614 3053 3653 ac
3083 3599 3217 3655 forte
3239 3600 3559 3659 obscuriora
3608 3602 3724 3658 visa

2118 3699 2263 3747 sunt.
2294 3688 2355 3745 In
2379 3698 2524 3746 textu
2555 3690 2714 3761 igitur
2739 3702 2927 3745 contra
2960 3690 3274 3763 ipsius,quo
3301 3709 3430 3750 usus
3447 3707 3555 3761 εει,
3586 3695 3722 3751 anti-

2119 3783 2321 3853 quioris
2350 3782 2550 3838 codicis
2586 3783 2769 3852 ﬁdem,
2823 3783 2941 3840 haec
2999 3795 3205 3841 tantum
3252 3788 3419 3842 voluit
3456 3788 3716 3845 retineri:

2120 3870 2322 3932 Coimus
2338 3878 2406 3932 ad
2439 3876 2626 3945 Deam,
2654 3879 2801 3951 quasi
2826 3896 2981 3934 manu
3008 3880 3168 3951 facta,
3198 3885 3577 3953 precationibus
3606 3900 3717 3938 ant-

2120 3972 2334 4025 biamus.
2367 3971 2475 4026 Cur
2501 3981 2680 4028 autem
2705 3981 2783 4028 tot
2808 3973 2968 4029 verba
2998 3974 3263 4031 deleverit
3293 3987 3480 4034 contra
3531 3977 3718 4034 unani-

2119 4082 2261 4123 mem
2287 4066 2532 4123 codicum
2556 4083 2903 4137 consensum,
2936 4085 3003 4125 ne
3033 4070 3308 4126 minimam
3355 4072 3573 4144 quidem
3595 4070 3714 4129 red-

2122 4162 2198 4218 dit
2227 4162 2511 4217 rationem.
2535 4162 2750 4219 Siccine
2775 4178 2903 4234 ergo
2935 4164 3167 4235 liigaltio
3194 4166 3345 4220 licuit
3376 4174 3484 4221 tam
3514 4164 3713 4224 veteris

2120 4254 2409 4326 Scriptoris
2431 4255 2625 4311 librum
2667 4265 2917 4326 tanquam
2944 4271 3095 4311 suum
3126 4273 3220 4328 pro
3244 4258 3394 4314 libito
3415 4260 3707 4331 corrigere,

2119 4365 2181 4405 ac
2209 4366 2329 4421 qua:
2363 4348 2578 4404 volebat
2625 4365 2691 4404 ex
2720 4349 2812 4404 illo
2839 4347 3081 4417 demere,
3109 4359 3164 4406 et
3207 4352 3525 4421 amputare?
3576 4349 3712 4406 Dixit

2119 4453 2299 4500 autem
2321 4443 2725 4500 Tertulliauus:
2751 4444 2960 4524 Coimus
2986 4445 3039 4498 in
3059 4454 3240 4499 ctutum
3269 4454 3317 4500 et
3364 4444 3710 4518 congregatio-

415 4537 701 4594 domesticis
723 4553 822 4592 non
839 4536 1070 4608 ingenuis
1099 4544 1316 4604 tantum,
1344 4555 1515 4593 verum
1536 4540 1687 4593 etiam
1715 4540 2008 4611 mancipiis,
2036 4545 2089 4606 D
2116 4554 2248 4606 nem,
2282 4538 2438 4593 sicuti
2463 4538 2654 4594 Cicero
2699 4548 2822 4610 post
2870 4538 3215 4594 Terentium:
3259 4540 3466 4596 Coimus
3513 4542 3568 4596 in
3612 4537 3706 4595 Pin

411 4642 458 4687 et
472 4632 720 4704 jumentis
745 4632 953 4703 insuper
980 4628 1174 4701 (Pltil.,
1207 4630 1295 4686 lib.
1329 4631 1441 4686 [de
1475 4630 1593 4687 Vita
1646 4632 1845 4706 Moys.,
1902 4642 2014 4705 post

412 4728 554 4796 init.,
584 4744 704 4799 pag.
734 4724 883 4798 657).
935 4724 1179 4781 Alterum
1207 4723 1449 4795 ejusdem
1471 4726 1643 4796 gentis
1671 4734 1861 4782 testem
1906 4725 2008 4781 ha—

412 4819 604 4877 bemus
631 4818 946 4891 Josephum,
975 4818 1065 4890 qui
1092 4818 1339 4875 similiter
1361 4817 1555 4874 edixit:
1602 4817 1846 4875 Oba‘e’mv
1869 4823 2009 4882 πόλις

411 4923 625 4981 enim,
655 4916 758 4967 οὐδὲ
800 4920 1073 4985 βάρϐαρος,
1105 4916 1209 4967 οὐδὲ
1237 4918 1283 4966 ἓν
1336 4919 1489 4979 ἔθνος,
1545 4920 1651 4967 ἔνθα
1700 4922 1772 4980 μὴ
1820 4921 1879 4969 τό
1919 4928 2010 4975 τῆς

411 5013 689 5077 ἑϐδομάδος,
716 5006 1027 5080 ἦνκᾶργοῧμιν
1070 5012 1244 5078 ἡμεῖς,
1292 5018 1348 5063 τὸ
1377 5018 1474 5070 ἔθος
1516 5011 1570 5064 οὗ
1621 5013 2005 5082 διαπεφοίτηκεν,

409 5103 494 5156 καὶ
522 5108 576 5155 ei
603 5105 841 5167 νησ-τεῖοιι,
873 5104 957 5155 καὶ
984 5106 1156 5171 λύχνων
1178 5104 1480 5163 ἀνακαύσεις.
1534 5100 1701 5157 Nulla
1733 5113 1805 5157 est
1834 5104 2010 5158 ciuitas

414 5194 710 5252 Graacorunt
730 5204 817 5248 aut
842 5193 1195 5262 barbarorum,
1220 5212 1310 5251 nec
1326 5196 1433 5251 ulla
1452 5213 1593 5268 gens,
1625 5197 1694 5252 ad
1712 5213 1865 5268 quant
1892 5214 2008 5267 sep-

412 5288 637 5355 timanae,
670 5288 723 5343 in
751 5303 853 5358 qua
891 5302 1156 5355 vacamus,
1206 5289 1516 5345 consuetudo
1557 5306 1658 5345 non
1700 5291 2002 5359 pervenerit,

404 5382 707 5453 jejuniaque
753 5395 814 5448 ac
865 5380 1172 5435 candelabra
1215 5399 1428 5438 accensa
1476 5380 1779 5455 (Joseplt.,
1827 5382 1917 5438 lib.
1961 5382 2006 5439 ll

409 5483 574 5528 contr.
594 5472 840 5544 Appiam,
875 5489 993 5545 pag.
1027 5469 1213 5546 1081).
1239 5473 1480 5547 Denique
1524 5475 1653 5553 alibi
1695 5462 2007 5534 observavi-

409 5580 529 5623 mus
577 5564 742 5637 (tam.
776 5564 1096 5638 lApparat.,
1125 5566 1213 5621 lib.
1266 5566 1351 5634 lll,
1404 5569 1602 5625 dissert.
1650 5569 1708 5638 2,
1752 5587 1867 5645 cap.
1915 5569 2006 5639 16,

410 5666 511 5713 art.
534 5657 591 5726 1,
624 5673 743 5728 pag.
778 5658 938 5729 1117)
965 5673 993 5711 a
1024 5656 1307 5715 Clemente
1354 5659 1720 5719 Alexandrino
1745 5672 1801 5719 et
1840 5660 2009 5720 Eusc-

405 5745 496 5804 bio
551 5747 730 5822 variis;
755 5750 1078 5825 scriptorum
1117 5750 1440 5811 testimoniis
1463 5754 1679 5826 probari
1719 5755 2007 5828 septimum

2112 4649 2271 4689 rteutn
2312 4632 2333 4705 (
2365 4631 2553 4699 Cicer.,
2574 4632 2667 4688 lib.
2694 4632 2803 4699 Vll,
2838 4620 2987 4705 epist.
3030 4635 3085 4701 5,
3132 4634 3201 4688 ad
3220 4633 3399 4704 Attic.,
3427 4653 3548 4709 pag.
3580 4632 3702 4697 9.75,

2113 4726 2206 4782 lin.
2228 4725 2263 4782 8
2288 4742 2303 4792 ;
2340 4725 2539 4781 Terent.
2565 4724 2830 4795 Eunuclt.,
2857 4736 2957 4783 act.
3004 4727 3093 4797 lli,
3122 4745 3257 4784 scen.
3302 4728 3359 4799 4,
3388 4745 3438 4786 υ.
3470 4729 3547 4802 1),
3581 4727 3701 4785 Vir-

2111 4820 2269 4892 gilius
2290 4827 2469 4876 autem
2491 4819 2719 4876 canebat
2743 4836 2758 4876 :

2409 4989 2424 5006 .
2491 4952 2686 5006 Socium
2710 4956 2865 5007 virtus
2887 4956 2982 5006 coit
3005 4956 3160 5007 omnis
3184 4958 3234 5006 in
3258 4970 3426 5009 unum.

2719 5032 2924 5106 (Virgil.
2950 5035 3034 5090 lib.
3056 5047 3096 5090 Χ
3120 5040 3336 5105 JEneid.,
3360 5055 3404 5092 υ.
3436 5041 3570 5109 410.)

2112 5187 2201 5248 Sic
2255 5198 2434 5246 autem
2500 5193 2806 5264 congregati
2858 5190 3147 5250 Christiani
3213 5199 3361 5268 quasi
3415 5215 3570 5255 manu
3617 5198 3697 5270 fa-

2112 5293 2194 5336 cta
2248 5282 2481 5355 undique
2528 5285 2696 5341 Deum
2753 5284 3079 5357 cingebant,
3141 5296 3196 5344 et
3258 5291 3597 5361 ambiebant,
3646 5290 3699 5346 ut

2098 5375 2269 5432 simul
2347 5387 2549 5433 orantes
2624 5377 2857 5434 divinam
2922 5379 3039 5450 ejus
3102 5381 3521 5440 misericordiam
3585 5399 3697 5459 pre-

2110 5470 2390 5525 cationibus
2448 5471 2560 5540 suis
2620 5469 2917 5528 ﬂecterent.
2984 5472 3091 5530 Nec
3152 5475 3416 5548 ingratam
3473 5478 3550 5535 illi
3593 5478 3694 5535 vim
3798 5484 3809 5489 '

2108 5560 2559 5618 t‘aciebant:Nam
2585 5563 2693 5619 litae
2728 5564 2823 5634 vis,
2870 5565 3046 5638 inquit
3091 5568 3294 5625 Auctor
3346 5566 3693 5641 noster,.Dco

2106 5665 2253 5730 grata
2278 5666 2349 5713 est
2373 5654 2715 5731 (Tertullian.
2748 5658 3040 5734 Apologet.,
3091 5678 3208 5736 cap.
3259 5661 3351 5732 59,
3394 5681 3516 5738 pag.
3543 5658 3687 5735 467),

2107 5765 2211 5824 qua
2230 5748 2539 5826 Christiani,
2554 5752 2853 5826 conjunctis
2872 5754 3115 5827 omnium
3141 5757 3413 5831 precibus,
3434 5771 3558 5821 eum
3577 5755 3686 5832 tore
