4076 6356
280 287 394 351 949

1386 282 1839 344 DlSSERTATIO
1876 283 1941 343 D.
1981 283 2074 343 LE
2112 283 2418 346 NOURRY'.

2136 174 2167 183 ν

3487 302 3596 362 950

281 401 555 463 midabilia
579 401 799 477 justitiaz
819 415 967 459 arma
996 416 1216 475 ponere,
1261 417 1328 460 ac
1371 404 1636 475 postulata
1682 402 1875 460 divina:

1991 421 2069 462 τῶν
2095 406 2249 460 κακῶν
2273 412 2448 463 causam
2476 417 2717 476 μιμγῖσεως
2749 411 2980 465 ποιεῖται.
3013 407 3212 466 Deinde
3238 411 3420 470 lectore
3444 418 3591 488 quieo

280 500 589 557 clementia:
616 498 754 554 dona
782 496 884 554 sibi
915 513 1019 553 non
1047 496 1315 570 denegare
1335 495 1562 568 quadam
1593 496 1744 568 quasi
1768 496 1879 553 vio-

284 595 447 654 lentia
472 594 753 673 cogebant.

354 689 412 745 In
441 687 584 742 hunc
623 695 800 742 autem
832 685 1049 741 modum
1095 684 1320 740 orabant
1368 698 1473 739 non
1511 697 1610 754 pro
1651 697 1709 738 se
1748 682 1879 754 ipsis

283 790 515 847 tantum,
564 779 662 835 sed
706 779 868 835 etiam
898 795 990 850 pro
1018 777 1425 848 imperatoribus,
1458 777 1532 831 uti
1582 775 1669 831 ille
1705 774 1880 831 adlme

186 934 217 945 ,κ
282 875 379 942 ait,
434 889 527 943 pro
573 872 817 926 ministris
865 887 1039 925 eorum
1056 911 1071 937 ,
1130 886 1189 923 ac
1238 866 1566 940 potestatibus
1610 865 1874 940 (Tertull.,

280 966 456 1039 ibid.),
488 964 540 1022 id
583 973 684 1033 est,
726 963 1123 1035 magistratibus
1165 972 1218 1018 et
1245 961 1582 1035 prmsidibus,
1628 962 1741 1018 sive
1787 979 1874 1018 ιιι»

279 1059 452 1127 bium,
508 1059 624 1115 sive
672 1059 1091 1129 provinciarum,
1139 1066 1194 1113 ct
1240 1057 1308 1113 iis
1360 1057 1607 1114 omnibus
1651 1074 1878 1130 quorum

279 1149 581 1219 ministerio
608 1149 673 1205 ad
697 1150 964 1221 regendos
990 1148 1217 1221 populos
1258 1149 1576 1217 utebantur;
1626 1167 1717 1221 pro
1744 1161 1879 1206 statu

278 1245 475 1312 sazculi,
492 1243 541 1300 id
565 1253 670 1312 est,
697 1243 928 1314 imperii,
962 1241 1222 1298 tttﬁrmus
1253 1252 1480 1299 essetac
1507 1243 1732 1309 stabilis,
1782 1258 1880 1300 nec

280 1338 477 1406 bellis,
534 1347 625 1393 aut
678 1336 1031 1392 seditionibus
1090 1346 1508 1403 concuteretur;
1563 1354 1654 1409 pro
1711 1354 1880 1393 rerum

278 1432 475 1504 quiete;
521 1438 578 1485 ut
604 1445 795 1486 omnes
843 1430 1149 1485 fruerentur
1189 1444 1405 1501 semper
1440 1429 1690 1500 optandae
1735 1431 1879 1502 pacis

277 1524 444 1580 bono.
469 1522 739 1579 Noverant
760 1522 902 1578 enim
925 1519 1240 1587 Christiani,
1265 1521 1405 1593 quod
1422 1521 1713 1592 Apostolus
1742 1538 1879 1593 prfe-

279 1625 499 1689 ceperat
549 1614 668 1671 ﬁeri
722 1614 1112 1682 obsecrationes,
1168 1614 1442 1682 orationes,
1488 1614 1876 1684 postulationes,

277 1713 563 1785 gratiarum
590 1713 834 1779 actiones,
880 1727 975 1783 pro
1005 1710 1236 1765 omnibus
1282 1710 1586 1780 hominibus,
1628 1729 1722 1783 pro
1744 1713 1877 1785 regi-

1982 508 2170 562 scente,
2198 488 2476 568 prtesidens
2506 498 2902 556 admonitionem
2927 503 3081 572 facit,
3115 520 3216 575 qua
3240 507 3309 560 ad
3335 516 3438 561 tant
3468 513 3591 580 pul-

1983 591 2223 645 chrarum
2252 609 2421 646 rerum
2464 593 2794 648 imitationem
2835 596 2962 650 alios
2988 609 3230 667 provocat
3272 611 3319 655 et
3356 605 3593 663 hortatur

1985 681 2202 755 (Justin.
2224 681 2342 759 ib.).
2367 686 2541 756 Atque
2562 686 2631 740 ita
2648 686 2736 742 ille
2757 687 3070 758 explicatius
3084 701 3313 761 enarrat,
3334 710 3474 766 quae,
3493 709 3594 756 cta

1984 792 2111 850 quo,
2145 785 2201 833 et
2242 793 2400 849 quam
2430 778 2501 835 ob
2526 793 2743 835 causam
2782 779 2933 837 facta:
2963 782 3160 840 fuerint
3199 786 3305 843 illa:
3334 789 3589 848 exhorta-

1984 869 2178 927 tiones.

1992 1038 2001 1047 ι
2056 963 2163 1020 Eas
2183 975 2381 1033 autem,
2407 966 2578 1038 pergit
2603 966 2988 1037 Tertullianus,
3018 972 3261 1042 proxime
3290 979 3592 1049 sequeban-

1986 1066 2071 1113 tur
2115 1059 2492 1130 castigationes,
2536 1069 2583 1114 et
2628 1076 2841 1116 censura
2876 1062 3048 1117 diuina
3078 1064 3357 1137 (Tertull.,
3402 1071 3527 1127 ibid.
3549 1072 3592 1144 ),

1984 1166 2117 1222 quas
2142 1151 2353 1221 quidem
2383 1151 2625 1208 Justinus
2656 1164 2882 1227 martyr,
2912 1165 3003 1211 aut
3034 1160 3156 1228 quia
3185 1161 3432 1218 brevitati
3459 1182 3593 1222 con-

1984 1245 2215 1313 sulebat,
2267 1254 2358 1301 aut
2386 1247 2510 1317 quia
2538 1246 2603 1302 ad
2645 1249 2978 1318 propositum
3024 1267 3177 1307 suum
3215 1269 3400 1324 parum
3432 1258 3592 1318 facie-

1986 1336 2131 1401 bant,
2160 1336 2368 1407 penitus
2388 1340 2825 1408 prietermisitAt
2847 1342 3105 1414 Origenes
3128 1345 3330 1421 diserte
3356 1352 3591 1420 primum

1985 1430 2177 1485 asserit
2203 1427 2540 1486 Christianos
2569 1431 2650 1486 sui
2680 1423 3183 1507 tetnporis'opera‘m
3212 1442 3593 1501 omnibusmo-

1985 1521 2066 1577 dis
2094 1521 2327 1588 dedisse,
2360 1534 2415 1577 ut
2454 1539 2640 1580 eorum
2669 1537 2965 1585 conventus
2995 1542 3050 1586 et
3089 1546 3320 1604 synaxcs
3360 1537 3595 1607 pruden-

1988 1613 2126 1670 tibus
2151 1613 2454 1670 hominibus
2482 1617 2905 1688 complerentur,
2937 1622 3130 1693 quibus
3158 1625 3414 1697 quidquid
3437 1644 3590 1700 egre-

1983 1709 2127 1779 gium
2160 1718 2215 1764 et
2244 1707 2485 1764 divinum
2527 1709 2808 1778 habemus,
2854 1714 3202 1785 popularibus
3245 1722 3588 1778 sermonibus

280 1807 392 1871 bus,
439 1815 484 1861 et
511 1803 741 1860 omnibus
770 1804 855 1876 qui
883 1803 935 1858 in
963 1803 1268 1858 sublimitate
1295 1815 1447 1868 sunt;
1488 1814 1541 1858 ut
1570 1805 1790 1877 quietam
1830 1818 1875 1861 et
1906 1816 1954 1875 Β
1983 1816 2045 1856 ac
2072 1816 2167 1872 pro
2184 1801 2516 1873 Singulorum
2539 1813 2694 1875 captu
2715 1806 3083 1877 explicabatur
3108 1807 3370 1884 (0rigen.,
3398 1815 3486 1869 lib.
3520 1815 3588 1872 lll

282 1898 614 1971 tranquillam
642 1898 795 1952 vitam
823 1896 1035 1969 agamus
1063 1896 1114 1951 in
1142 1898 1280 1951 omni
1321 1898 1506 1967 pietate
1556 1908 1602 1951 et
1648 1899 1879 1954 castitate

284 1993 333 2071 ,(1
373 1992 441 2047 ad
486 1990 709 2047 Timotlt.
741 2032 756 2059 ,
798 2008 913 2063 cap.
963 1988 1041 2058 ll,
1083 2008 1131 2045 υ.
1168 1990 1192 2046 1
1252 2000 1295 2045 et
1340 1989 1374 2044 2
1401 1990 1442 2062 ).
1504 1990 1667 2048 Deliis
1717 2008 1878 2063 porro

283 2088 553 2161 precibus,
583 2104 714 2161 quas
737 2086 1027 2145 Christiani
1054 2084 1107 2141 in
1153 2088 1264 2142 suis
1291 2086 1583 2158 synaxibus
1617 2103 1714 2158 pro
1741 2104 1801 2144 se
1826 2099 1879 2146 et

281 2182 401 2237 aliis
451 2181 672 2236 fundere
718 2180 993 2246 solebant,
1039 2179 1163 2234 alibi
1203 2178 1874 2252 disseruimus(Dissertat.

282 2274 337 2329 in
358 2274 709 2345 Arnob.,cap.
741 2273 795 2338 8,
826 2284 925 2330 art.
957 2272 1036 2346 2).

358 2367 695 2440 QuaprOpter
746 2366 877 2423 illud
930 2383 1072 2423 nunc
1118 2369 1405 2425 observare
1455 2377 1659 2426 tantum
1705 2370 1877 2442 juvat,

284 2461 428 2534 quod
450 2461 645 2517 ibidem
665 2460 1024 2517 Tertullianus
1049 2462 1262 2533 adjecit,
1287 2461 1623 2519 Christianos
1650 2465 1702 2519 in
1733 2465 1880 2522 hisce

286 2554 577 2627 synaxibus
606 2553 770 2608 Deum
794 2551 970 2609 adhuc
1011 2562 1255 2625 precatus
1285 2555 1448 2610 fuisse
1469 2572 1561 2627 pro
1590 2572 1733 2611 mora
1762 2557 1881 2627 ﬁnis

289 2643 619 2716 (Tertullian.
644 2643 936 2717 Apologet.,
955 2661 1071 2716 cap.
1092 2644 1181 2713 '59,
1205 2662 1325 2718 pag.
1348 2645 1497 2719 467).
1524 2646 1655 2714 Quis
1677 2656 1879 2719 autem,

292 2737 485 2793 amabo
503 2749 578 2805 te,
598 2737 687 2793 ille
706 2737 826 2794 ﬁnis
842 2748 979 2805 erat,
1008 2738 1111 2793 nisi
1143 2738 1306 2794 t0tius
1331 2738 1536 2805 mundi,
1567 2756 1728 2810 quem
1754 2755 1882 2797 eum

288 2830 518 2885 Bonitani
552 2830 762 2902 imperii
802 2831 952 2887 ruina
975 2830 1325 2887 evertendam
1370 2846 1493 2888 esse
1525 2833 1883 2905 opinabantur

287 2922 505 2997 (Idem,
555 2923 643 2978 lib.
691 2924 759 2977 ad
801 2923 1041 2995 Scaput.,
1083 2941 1201 2996 cap.
1248 2924 1346 2995 2).
1393 2924 1652 2994 Quamvis
1700 2935 1879 2982 autem

286 3015 422 3083 haec,
459 3006 527 3072 de
576 3033 679 3088 qua
724 3015 923 3088 aliquid
965 3027 1149 3088 postea
1194 3016 1479 3073 dicendum
1523 3016 1542 3089 (
1567 3016 1729 3089 Infr.,
1762 3036 1877 3092 cap.

284 3110 377 3177 21,
401 3120 500 3167 art.
533 3111 609 3183 l),
638 3110 858 3166 omnino
887 3110 1017 3166 falsa
1037 3110 1108 3165 sit
1130 3110 1312 3182 Opinio
1333 3153 1347 3179 ,
1380 3110 1504 3166 inde
1532 3120 1706 3166 tamen
1736 3112 1885 3181 inte).

1984 1906 2145 1949 contr.
2180 1892 2309 1949 Cels.
2330 1892 2373 1964 ).

2056 1988 2190 2045 Tum
2217 1989 2411 2046 deinde
2440 1989 3081 2052 Tertullianuscontinuo
3097 1997 3292 2070 adjecit
3317 2000 3384 2056 ab
3406 2001 3596 2060 iisdem

1983 2082 2211 2137 coetibus
2254 2096 2347 2137 eos
2380 2097 2600 2152 prorsus
2629 2083 2833 2153 ejectos
2855 2127 2869 2151 ,
2920 2087 3008 2155 qui
3040 2090 3309 2160 peccatis,
3342 2101 3501 2163 atque
3544 2095 3598 2150 in

1982 2174 2170 2246 primis
2199 2173 2417 2229 libidine
2446 2174 2701 2230 sordidati
2738 2188 2891 2232 erant
2921 2176 3265 2250 (Tertullian.
3300 2183 3594 2257 Apologet.,

1983 2286 2099 2341 cap.
2144 2269 2234 2337 39,
2279 2288 2330 2339 p.
2382 2270 2547 2342 469).
2583 2269 2801 2341 Triplex
2849 2288 2977 2328 vero
3023 2274 3161 2344 fuit,
3213 2287 3271 2333 ut
3320 2293 3419 2335 suo
3479 2281 3598 2339 loco

1984 2361 2351 2430 ostendemus,
2378 2372 2719 2432 peccatorum
2751 2364 3148 2439 criminumque
3175 2385 3346 2440 genus
3374 2382 3598 2444 propter

1985 2454 2126 2526 quod
2158 2453 2262 2509 lata
2284 2496 2300 2521 ,
2333 2453 2400 2510 ad
2433 2456 2742 2524 exemplum
2772 2458 3018 2529 Apostoli
3053 2459 3275 2531 (Paul.,
3303 2464 3447 2533 epist.
3483 2465 3501 2520 l
3529 2467 3599 2521 ad

1985 2546 2242 2614 Cornu/1.,
2262 2563 2377 2620 cap.
2404 2545 2469 2616 ν,
2487 2564 2535 2604 υ.
2556 2549 2589 2605 '5
2614 2560 2659 2603 et
2687 2567 2791 2621 seq.
2815 2548 2855 2623 ),
2877 2554 2929 2607 in
2951 2568 3075 2609 reos
3090 2558 3601 2616 excommunicatio-

1987 2642 2070 2696 nis
2096 2641 2385 2710 sententia,
2432 2642 2500 2697 ab
2540 2644 2790 2721 ecclesiae
2823 2646 3072 2719 ingressu
3107 2649 3447 2721 arpebantur.
3480 2653 3598 2711 Non

1987 2734 2135 2806 prius
2177 2745 2356 2791 autem
2386 2736 2591 2793 absolvi
2619 2748 2887 2809 poterant,
2921 2757 3081 2813 quam
3102 2744 3382 2803 'lxorumce
3409 2747 3597 2804 crimi-

1987 2846 2113 2886 num
2136 2830 2402 2901 publicam
2434 2832 2805 2903 paenitentiam
2834 2837 3091 2907 egissent.

2062 2924 2235 2978 Antea
2278 2930 2459 2979 tamen
2489 2924 2704 2979 illorum
2744 2912 2963 2996 peccata
3003 2929 3271 2987 debebant
3302 2929 3606 3005 diligentis-

1988 3014 2123 3071 sime
2153 3016 2455 3071 examinari
2482 3025 2537 3072 et
2558 3017 2795 3088 agnosci.
2825 3019 3187 3087 Quamobrem
3217 3023 3507 3097 iudicatur,
3527 3030 3605 3084 ait

1989 3110 2191 3165 Auctor
2220 3119 2419 3176 noster,
2450 3126 2635 3182 magno
2663 3128 2779 3166 cum
2822 3113 3064 3185 pondere,
3103 3126 3156 3169 ut
3181 3119 3320 3188 apud
3347 3130 3511 3176 certos
3539 3122 3604 3179 de

283 3204 498 3276 ligimus
520 3203 853 3259 Christianos
884 3202 1043 3258 t0ties
1076 3202 1242 3267 Deum
1273 3218 1371 3274 pro
1398 3203 1623 3257 llomani
1670 3203 1881 3275 imperii
1909 3217 1955 3281 ο
1991 3201 2085 3257 Dei
2115 3213 2422 3273 conspectu;
2449 3220 2799 3276 summumque
2829 3206 2990 3273 futuri
3005 3208 3195 3278 judicii
3236 3214 3596 3283 prtejudicium

284 3298 633 3354 diuturnitate
688 3311 914 3365 orasse,
968 3295 1182 3367 quaties
1242 3295 1391 3350 illum
1453 3310 1551 3365 pro
1613 3295 1883 3353 allerenda

283 3392 488 3459 mundi,
520 3391 741 3448 ﬁniendi
768 3406 916 3446 mora
943 3390 1313 3461 precabantur.
1340 3389 1398 3445 In
1428 3404 1581 3445 suum
1597 3390 1739 3446 enim
1766 3391 1885 3447 ani-

282 3501 454 3553 mum,
484 3494 807 3556 praepostere
828 3483 1066 3555 quidem,
1092 3482 1189 3537 sed
1213 3481 1422 3553 penitus
1452 3490 1629 3537 tamen
1662 3482 1885 3539 induxe-

283 3588 404 3637 rant
430 3578 713 3633 clausulam
730 3576 923 3642 sazculi,
956 3574 1071 3646 ipsa
1098 3573 1269 3630 adhuc
1288 3586 1414 3630 sunt
1433 3576 1685 3631 Auctoris
1708 3568 1887 3631 nostri

284 3673 481 3739 verba,
540 3670 765 3725 Romani
818 3670 1018 3741 imperii
1070 3680 1353 3723 commeatu
1394 3668 1649 3724 retardari
1675 3668 1883 3742 (Idem,

282 3768 575 3841 Apologet.,
595 3783 711 3837 cap.
742 3764 829 3830 δί,
861 3781 986 3835 pag.
1010 3762 1163 3832 447).

355 3865 424 3933 At
453 3870 711 3933 quantum
742 3856 859 3913 huic
888 3856 1039 3924 falsa,
1075 3864 1276 3912 tantum
1304 3855 1391 3910 illa
1422 3870 1548 3912 vera
1578 3864 1721 3923 sunt,
1766 3871 1885 3928 qua:

284 3958 336 4014 in
381 3955 549 4014 sacris
575 3953 1005 4012 Christianorum
1049 3951 1342 4023 synaxibus
1371 3960 1489 4007 acta
1533 3951 1613 4007 sic
1642 3966 1884 4007 comme—

282 4060 458 4108 morat
495 4068 507 4103 :
536 4049 741 4106 Coimus
770 4047 836 4101 ad
867 4048 1150 4101 litterarum
1190 4046 1475 4100 divinarum
1504 4061 1887 4100 commemora-

283 4145 465 4199 tionem
510 4139 707 4213 (Ibid.,
756 4157 871 4210 cap.
906 4139 997 4207 59,
1045 4156 1097 4210 p.
1132 4138 1260 4214 54),
1308 4137 1361 4194 id
1413 4148 1517 4206 est,
1560 4153 1745 4193 earum
1800 4139 1884 4194 leo

283 4241 514 4297 ctionem
568 4246 622 4294 et
665 4236 1055 4293 recitationem.
1080 4236 1212 4292 Nam
1244 4236 1296 4291 in
1322 4235 1422 4291 hoc
1445 4233 1679 4291 ﬁdelium
1701 4241 1879 4290 coetu:

283 4340 345 4393 τὲι
375 4337 861 4409 ἀπομγημονεὺμιτοι,
891 4340 948 4386 ιιι
974 4330 1049 4385 ait
1072 4329 1313 4386 Justinus
1339 4340 1562 4402 martyr,
1618 4345 1708 4386 τῶν
1734 4331 1885 4384 ἀποσ-

283 4432 444 4493 τόλων,
462 4435 490 4487 ἣ
514 4430 944 4497 τὲἰσιηονρᾶμμιιτα
954 4440 1042 4481 τῶν
1059 4434 1305 4495 πριφητῶν
1326 4428 1692 4496 ἀνάγινὼσιιιτοιι
1713 4428 1884 4491 μέχρις

285 4524 496 4593 (nupsi.
554 4520 924 4576 Commentariu
985 4519 1352 4592 apostolorum,
1394 4530 1483 4573 aut
1525 4498 1714 4590 scripta
1753 4534 1885 4588 apo-

1992 3304 2085 3363 est,
2113 3295 2157 3349 si
2201 3295 2315 3365 quis
2358 3296 2430 3348 ita
2459 3296 2742 3367 deliquerit,
2775 3306 2829 3351 ut
2866 3314 2897 3352 a
2927 3302 3384 3358 communicatione
3410 3307 3603 3363 oratio-

1991 3388 2090 3452 nis,
2119 3397 2166 3442 et
2196 3399 2487 3456 conventus,
2520 3399 2566 3444 et
2609 3391 2773 3445 cumis
2814 3392 2978 3446 sancti
3017 3397 3305 3451 commercii
3351 3398 3601 3471 relegetur

1990 3479 2011 3552 (
2050 3477 2349 3534 Tertullian.
2402 3480 2691 3552 Apologet.,
2740 3498 2855 3553 cap.
2903 3483 2995 3550 39,
3044 3502 3098 3555 p.
3148 3485 3255 3544 469
3287 3488 3330 3560 ).
3377 3491 3599 3549 Summa

1989 3572 2151 3643 igitur
2178 3588 2327 3642 cura,
2355 3581 2409 3629 et
2436 3588 2541 3643 qua
2581 3576 2755 3645 major
2779 3576 2926 3630 nulla
2957 3592 3079 3634 esse
3109 3590 3337 3650 poterat,
3377 3583 3601 3640 investi-

1988 3664 2203 3735 gabant,
2232 3680 2353 3737 quae
2380 3675 2436 3721 et
2463 3666 2642 3737 qualia
2670 3679 2826 3723 erant
2855 3684 3068 3726 reorum
3097 3683 3338 3747 peccata,
3366 3679 3602 3748 atquein

1987 3755 2265 3811 convictos
2314 3757 2636 3812 sententiam
2666 3756 2932 3829 ferebant,
2965 3765 3117 3832 quasi
3168 3764 3360 3835 Deum,
3405 3781 3601 3840 supreo

1987 3866 2136 3906 mum
2166 3850 2404 3906 omnium
2443 3850 2714 3922 jttdicem,
2762 3864 2889 3909 ante
2916 3856 3104 3912 oculos
3152 3857 3485 3917 habuissent.
3518 3862 3602 3921 Ea

1988 3944 2167 4017 itaque
2197 3944 2465 4001 sententia
2492 3946 2784 4002 niaximum
2812 3958 2930 4002 erat
2952 3948 3161 4019 judieii,
3202 3968 3229 4007 a
3259 3952 3371 4009 Deo
3401 3955 3456 4010 in
3484 3955 3603 4026 ipso

1988 4037 2174 4094 mundi
2215 4036 2323 4093 line
2353 4038 2559 4094 ferendi
2589 4039 2982 4110 pracjudiciutn.
3011 4041 3143 4097 Nam
3174 4045 3316 4100 sicut
3343 4045 3412 4104 ad
3441 4046 3603 4104 Pom-

1989 4134 2209 4205 ponium
2249 4131 2465 4204 scripsit
2505 4140 2692 4203 postea
2721 4134 3064 4206 Cyprianus:
3096 4138 3248 4208 Apud
3275 4138 3452 4208 ﬁdeles
3495 4157 3605 4197 scr-

1988 4240 2075 4281 vos
2121 4224 2219 4280 Dei
2247 4224 2469 4298 spiritali
2506 4226 2681 4298 gladio
2722 4230 3261 4287 eacommunicationis
3303 4235 3509 4306 superbi
3554 4245 3605 4293 et

1988 4337 2307 4383 contumaces
2338 4336 2605 4395 necantur,
2637 4327 2762 4382 dum
2801 4327 2865 4382 de
2892 4327 3127 4385 Ecclesia
3153 4330 3447 4401 ejiciuntur.
3492 4332 3603 4388 Nc-

1952 4472 1959 4477 .
1988 4438 2085 4492 que
2114 4423 2246 4477 enim
2275 4423 2437 4477 vivere
2464 4423 2592 4493 [oris
2621 4433 2853 4495 possunt,
2885 4438 3001 4478 cum
3030 4424 3212 4482 domus
3256 4426 3355 4483 Dei
3384 4443 3486 4482 una
3510 4429 3599 4497 sit,

1988 4525 2035 4569 et
2063 4516 2252 4570 nemini
2276 4516 2416 4570 salus
2455 4531 2564 4571 esse
2611 4516 2711 4571 nisi
2739 4517 2794 4571 in
2838 4515 3071 4573 Ecclesia
3100 4520 3259 4589 possit
3285 4522 3303 4593 (
3327 4522 3601 4592 Cyprium,

282 4614 549 4680 stolarum,
594 4611 765 4683 quoad
810 4620 1002 4683 tempus
1030 4616 1146 4684 fert,
1195 4612 1427 4683 leguntur
1465 4609 1698 4686 (Justiti.
1738 4611 1879 4681 Apo-
1901 4619 1955 4679 D
1981 4610 2130 4682 epist.
2158 4610 2212 4676 5,
2243 4608 2311 4661 ad
2337 4607 2575 4681 Pomp.);

284 4708 387 4780 log.
423 4707 475 4771 l,
503 4722 554 4760 ιι.
591 4703 719 4777 67),
748 4696 931 4760 autut
960 4703 1033 4759 ait
1057 4704 1415 4759 Tertullianus
1444 4721 1458 4760 :
1490 4704 1551 4760 Si
1582 4702 1705 4776 quid
1744 4719 1882 4775 prte-

282 4801 497 4857 sentium
526 4809 826 4871 temporum,
859 4798 1051 4870 quibus
1076 4797 1276 4854 ethnici
1304 4798 1356 4852 in
1374 4797 1706 4853 Christianos
1737 4806 1883 4853 tanta

283 4894 603 4952 crudelitate
638 4892 1038 4965 grassabantur,
1067 4891 1287 4963 qualitas
1324 4901 1413 4946 aut
1443 4908 1755 4963 prannonere
1791 4907 1881 4945 co-

284 4992 377 5063 git,
409 5000 494 5044 aut
519 5004 871 5061 recognoscere
897 4987 916 5058 (
935 4984 1265 5055 Tertullian.,
1306 4986 1403 5041 loc.
1433 4987 1522 5041 cit.
1546 4986 1587 5057 ).
1620 4986 1711 5042 llis
1736 4986 1883 5042 enim

286 5083 452 5139 sacris
476 5083 695 5140 vocibus
725 5081 883 5137 ﬁdem
930 5079 1240 5152 pascebant,
1285 5079 1563 5152 erigebant
1589 5094 1774 5151 spem,
1820 5095 1885 5137 ac

287 5177 533 5234 fiduciam
605 5176 1055 5255 securitatemque
1125 5189 1275 5230 suam
1348 5172 1599 5245 ﬁgebant.
1670 5171 1887 5229 Tradita

286 5285 500 5345 quoque
544 5270 597 5325 in
626 5270 705 5326 eis
734 5284 941 5325 morum
972 5277 1242 5340 praecepta
1272 5267 1470 5339 saepius
1514 5266 1808 5339 relegendo
1837 5276 1891 5323 et

285 5365 575 5431 audiendo,
615 5363 907 5422 ﬁrmiorem
933 5364 1229 5422 reddebant
1253 5363 1592 5436 disciplinam
1620 5379 1794 5433 suam,
1828 5376 1893 5419 ac

284 5469 432 5517 recte
461 5458 675 5516 vivendi
699 5459 982 5515 rationem.

356 5554 538 5611 Sacra:
568 5569 697 5611 vero
741 5553 1032 5625 Scriptura:
1080 5553 1364 5610 lectionem
1403 5552 1749 5625 excipiebant
1793 5566 1892 5608 ex-

285 5649 639 5717 hortationes,
686 5649 760 5705 ait
790 5649 993 5706 Auctor
1035 5658 1241 5705 noster.
1271 5648 1441 5705 Antea
1478 5647 1719 5706 Justinus
1751 5661 1893 5704 mar-

285 5753 406 5815 tyr:
444 5743 572 5800 Εἶτα.
601 5783 618 5810 ,
670 5743 861 5815 inquit,
924 5752 1226 5813 παυσαμένου
1275 5753 1359 5801 τοῦ
1406 5750 1817 5816 ἀναγινώσκοντας,
1866 5743 1891 5793 ὅ

288 5844 516 5912 προεστὼς
579 5840 663 5893 διὸ
731 5840 865 5913 λᾶγου
926 5849 1012 5898 τὶν
1080 5846 1314 5896 reveletur
1363 5840 1446 5894 uati
1499 5840 1755 5911 πρόκλησιν
1806 5852 1890 5903 τῆς

2058 4706 2408 4778 Prosequitur
2447 4702 2808 4760 Tertullianus
2838 4720 2853 4760 :
2883 4703 3171 4762 Prtesidcnt
3211 4706 3293 4762 his
3339 4702 3601 4764 Christia-

1987 4816 2178 4858 norutn
2210 4796 2461 4868 ccetibus,
2487 4797 2685 4869 probati
2730 4797 2917 4870 quique
2954 4800 3176 4855 seniores
3219 4797 3599 4872 (Tertullian.,

1987 4899 2088 4953 loc.
2117 4894 2249 4966 cit.).
2276 4891 2443 4949 Nobis
2470 4901 2651 4948 autem
2682 4908 2790 4947 non
2817 4891 3049 4962 explicat
3077 4892 3169 4963 qui
3198 4892 3397 4948 fuerint
3424 4895 3603 4951 illise-

1987 4988 2152 5044 niores
2202 4984 2570 5058 praesidentes,
2603 4999 2760 5055 quos,
2786 4984 2923 5038 sicut
2953 4983 3024 5038 ibi
3063 4982 3166 5039 hoc
3206 4984 3324 5040 solo
3351 4988 3593 5056 nomine,

1987 5078 2057 5138 ita
2105 5082 2157 5137 in
2185 5080 2311 5147 alio,
2346 5078 2433 5134 ubi
2461 5077 2528 5134 de
2571 5077 2761 5133 iisdem
2806 5075 3097 5148 synaxibus
3124 5077 3364 5149 disserit,
3407 5082 3597 5153 praesi-

1989 5178 2180 5236 dentes
2212 5174 2585 5233 tantummodo
2613 5173 2849 5246 appellat
2879 5190 2893 5228 :
2930 5172 3277 5229 Eucharistite
3311 5193 3603 5233 sacramen-

1994 5281 2119 5338 tum,
2150 5270 2341 5343 inquit,
2372 5281 2419 5325 et
2444 5270 2496 5324 in
2525 5278 2752 5339 tempore
2784 5267 2943 5322 victus
2969 5276 3016 5323 et
3043 5269 3276 5324 omnibus
3300 5270 3604 5330 mandatum

1994 5383 2027 5420 a
2055 5366 2275 5420 Domino
2305 5365 2458 5420 etiam
2502 5361 2820 5417 mttclucanis
2865 5361 3095 5429 cantibus,
3144 5379 3235 5418 nec
3276 5364 3338 5419 de
3382 5366 3605 5421 aliorum

1999 5476 2176 5529 manu,
2229 5475 2384 5529 quam
2432 5455 2811 5527 praesidentium
2853 5456 3097 5511 sumimus
3148 5456 3353 5529 (Idem,
3399 5462 3487 5515 (to.
3539 5477 3606 5517 ac

1997 5550 2185 5610 Coron.
2235 5551 2406 5617 milit.,
2454 5566 2571 5620 cap.
2626 5548 2726 5620 5).
2772 5550 2817 5605 Α
2863 5548 3073 5606 Justino
3118 5552 3281 5608 etiam
3320 5562 3599 5627 martyre,

1995 5654 2056 5703 ut
2094 5644 2252 5718 paulo
2276 5652 2401 5700 ante
2430 5642 2682 5717 vidimus,
2712 5643 3043 5717 singularum
3062 5660 3336 5718 synaxcon
3368 5663 3594 5718 praeses,

1997 5747 2224 5812 προεστώς
2260 5744 2464 5795 tantum
2482 5737 3044 5810 nuncupatbr.Verum
3059 5739 3284 5811 ipsemet
3309 5741 3601 5800 Tertullia-

1992 5850 2097 5895 nus
2127 5834 2214 5894 ubi
2240 5833 2309 5895 de
2327 5831 2467 5894 sacri
2492 5831 2848 5911 baptismatis,
2874 5833 3142 5896 iniisdem
3165 5836 3459 5913 synasibus
3478 5838 3599 5898 col-
