4076 6356
453 265 556 326 951

1545 258 1614 316 IN
1651 255 2116 317 TERTULLIANI
2154 253 2687 315 APOLOGETICUM

3654 253 3761 313 953

452 384 573 452 lati,
601 383 1062 440 administratione
1090 378 1347 453 disputat,
1380 387 1563 451 aperte
1582 377 1932 451 designatqui
1953 377 2061 434 sint
2085 381 2141 444 Α
2165 378 2324 433 raria.
2356 377 2414 434 In
2444 378 2638 449 priscis
2677 391 2744 433 ac
2770 374 3087 450 quibusdam
3114 374 3505 435 recentioribus
3540 376 3761 433 excusis

460 476 517 531 hi
549 476 825 547 pratsides.
858 475 931 529 Ibi
962 482 1142 530 autem
1173 473 1288 529 hate
1312 473 1544 544 ipsamet
1566 472 1684 543 ejus
1716 471 1882 528 verba
1920 471 2055 544 legi-

462 580 584 623 mus
610 583 623 620 :
654 566 828 621 Daudi
853 566 1055 639 quidem
1083 566 1418 638 baptismatis
1445 564 1594 620 habet
1611 566 1702 636 jus
1721 582 1949 620 summus
1977 582 2060 621 sa-

462 660 659 728 cerdos,
689 661 778 729 qui
800 668 870 715 est
889 658 1198 731 Episcopus,
1228 659 1411 713 dehinc
1454 658 1733 729 presbyteri
1754 668 1802 713 et
1836 657 2058 726 diaconi,

463 767 568 806 non
614 760 781 806 tamen
806 751 920 807 sine
949 752 1174 823 episcOpi
1200 751 1504 806 auctoritate
1525 791 1541 817 ,
1572 760 1781 822 propter
1820 735 2065 805 Ecclesia:

468 846 733 913 honorem,
762 861 860 917 quo
887 846 1049 912 salvo,
1093 846 1237 901 salva
1276 862 1381 916 pax
1409 854 1483 901 est
1523 844 1717 917 (Idem,
1746 844 1833 901 lib.
1865 835 2064 900 de‘Ba-

465 940 662 1011 ptism.,
691 957 805 1012 cap.
837 941 947 1011 l7).
973 940 1222 1012 Episcopi
1252 940 1411 1012 igitur
1441 939 1522 994 his
1553 939 1777 1010 aliisque
1803 939 2064 995 Christia-

465 1048 658 1088 norum
688 1033 983 1105 synaxibus
1027 1033 1407 1104 prrcsidebaut,
1435 1041 1489 1089 ct
1516 1047 1700 1089 eorum
1727 1035 2065 1099 auctoritate,

468 1127 770 1199 presbyteri
800 1136 857 1182 et
886 1126 1117 1182 diaconi.

541 1216 651 1274 Cur
699 1228 875 1275 autem
904 1220 1122 1275 seniores
1151 1220 1218 1275 ab
1249 1220 1341 1274 illo
1379 1229 1717 1286 vocarentur,
1752 1219 1836 1274 liis
1862 1218 2070 1277 discere

465 1320 549 1367 est
578 1311 828 1383 Cypriani
856 1311 1068 1367 verbis:
1099 1311 1419 1379 Iampridem
1448 1330 1539 1384 per
1568 1330 1738 1368 omnes
1762 1313 2067 1384 provincias,

467 1413 515 1457 et
546 1420 638 1475 per
662 1404 807 1458 urbes
848 1403 1115 1475 singulas,
1154 1404 1378 1459 ordinati
1423 1415 1538 1460 sum
1568 1406 1792 1477 episcopi
1832 1406 1882 1461 in
1926 1414 2073 1461 letale

467 1496 687 1565 antiqui,
720 1496 772 1549 in
799 1495 901 1565 [ide
930 1497 1133 1567 integri,
1163 1497 1219 1550 in
1249 1513 1485 1566 pressura
1513 1500 1731 1568 probati,
1755 1499 1807 1553 in
1834 1515 2075 1569 persecu-

469 1588 608 1642 tione
669 1589 939 1660 proscripti
999 1587 1319 1660 (Cyprium,
1373 1591 1521 1661 epist.
1574 1591 1646 1647 55
1698 1591 1768 1645 ad
1808 1576 2072 1662 Antoni).

468 1681 657 1737 Cernis
700 1682 772 1736 ibi
820 1682 1103 1752 episcopos
1151 1686 1328 1739 vocari
1380 1685 1433 1738 in
1483 1693 1641 1740 celate
1683 1686 1954 1757 antiquos,
2013 1701 2077 1742 ac

2162 487 2265 525 non
2286 470 2349 524 de
2377 470 2632 524 oneraria.
2668 468 2910 525 Pessime
2937 468 3152 526 tandem
3180 470 3231 524 in
3268 468 3489 525 Pamelii
3526 468 3765 533 editione

2162 580 2266 621 non
2292 564 2356 618 de
2380 562 2665 619 ordinaria.
2698 563 2832 619 Nam
2861 564 3086 633 singulis
3116 563 3305 620 saltem
3346 563 3651 630 mensibus,
3704 569 3764 618 ut

2165 672 2292 712 mox
2317 655 2542 723 dicetur,
2574 671 2636 712 ea
2676 670 2886 711 summa
2913 654 3273 711 deferebatur.
3309 654 3544 711 Primam
3581 655 3765 725 itaque

2165 750 2452 807 lectionem
2478 749 2691 806 caneris
2716 749 2952 821 praetulit
2978 747 3265 819 Rigaltius,
3299 757 3408 803 tum
3434 749 3561 819 quia
3588 747 3647 803 in
3672 762 3768 804 ve-

2169 845 2466 901 tustissimo
2508 844 2694 900 codice
2721 843 2968 910 habetur,
3000 852 3112 898 tum
3152 843 3275 915 quia
3301 842 3406 917 hoc
3432 842 3649 899 nomine
3674 841 3767 898 de-

2169 938 2442 993 honoraria
2467 936 2753 1009 signiﬁcari
2786 946 2935 1007 putat
2959 950 3245 1004 summam,
3268 951 3389 1008 qua:
3414 950 3516 992 nec
3539 934 3767 1002 venalis,

2170 1049 2259 1088 nec
2282 1030 2575 1100 redammte,
2600 1040 2660 1086 ut
2684 1031 2760 1086 ait
2785 1029 3170 1095 Tertullianus,
3200 1028 3479 1099 religionis,
3507 1037 3670 1101 atque
3696 1028 3767 1084 ita

2172 1125 2303 1181 nulli
2330 1123 2813 1181 dehonestamento
2841 1132 2977 1178 erat.
3005 1121 3178 1178 Minus
3206 1121 3387 1193 itaque
3410 1122 3551 1178 bene
3576 1136 3645 1177 ex
3671 1121 3773 1178 hoc

2171 1216 2390 1272 nomine
2418 1215 2506 1271 illa
2551 1215 2659 1271 duo
2687 1215 2752 1270 de
2778 1214 3055 1269 honoraria
3098 1229 3129 1270 a
3158 1213 3392 1271 librariis
3429 1212 3573 1271 facta
3609 1225 3769 1282 sunt;

2173 1310 2276 1367 nisi
2307 1310 2392 1365 his
2420 1308 2710 1381 signiﬁcari
2754 1310 2890 1365 velis
2920 1308 3060 1363 hanc
3090 1323 3363 1363 summam
3385 1322 3416 1362 a
3442 1306 3772 1374 christianis,

2174 1404 2264 1475 qui
2294 1417 2325 1457 a
2350 1401 2624 1473 gentilium
2665 1397 2806 1456 fastu
2836 1399 3059 1456 omnino
3089 1399 3477 1466 abhorrebant,
3515 1413 3624 1455 non
3659 1398 3775 1456 dari

2177 1496 2242 1552 ad
2268 1497 2497 1567 aliquem
2528 1495 2818 1550 humanum
2841 1495 3100 1550 [tortorem
3123 1493 3518 1564 aucupandum.
3548 1492 3608 1551 Si
3636 1508 3764 1549 vero

2180 1590 2463 1662 legendum
2490 1603 2715 1645 censeas
2742 1605 2844 1644 non
2872 1589 2937 1644 de
2962 1589 3202 1646 oneraria
3232 1604 3451 1655 summa,
3478 1604 3604 1660 quae
3630 1590 3777 1645 vide-

2181 1684 2309 1739 licet
2341 1682 2663 1759 Cltristianis
2693 1696 2795 1738 nec
2837 1682 3087 1747 molesta,
3132 1695 3234 1737 nec
3281 1681 3435 1736 oneri
3480 1690 3617 1747 erat,
3664 1680 3782 1736 huic

468 1773 698 1844 proinde
727 1775 968 1829 seniores.
1003 1774 1190 1832 Nonne
1217 1790 1344 1848 ergo
1373 1791 1439 1833 eo
1470 1777 1686 1834 nomine
1712 1778 2073 1837 Tertullianus
2103 1786 2151 1847 B
2179 1778 2339 1834 lectio
2378 1793 2483 1833 non
2513 1778 2691 1832 minus
2716 1791 2876 1847 quam
2908 1775 3207 1847 Rigaltiana
3253 1773 3561 1830 conﬁrmari
3605 1784 3787 1845 potest

469 1869 755 1940 episcopos
805 1868 1126 1940 designavit,
1180 1886 1409 1939 quorum
1459 1872 1649 1928 saltem
1707 1873 1922 1943 plurimi
1974 1888 2075 1929 suo

468 1973 718 2033 tempore
760 1964 1003 2021 seniores
1043 1975 1217 2033 erant,
1263 1974 1318 2022 et
1347 1975 1504 2023 actate
1534 1969 1917 2038 provecti‘iAd
1962 1970 2078 2027 hinc

468 2069 622 2122 vero,
653 2055 721 2111 ab
748 2056 938 2112 eodem
966 2057 1235 2130 Cypriane
1261 2058 1512 2115 dicuntur
1533 2060 1584 2115 in
1613 2077 1875 2132 pressura,
1900 2062 1952 2118 id
1970 2072 2075 2129 est,

470 2147 800 2203 cruciatibus
844 2164 941 2219 pro
966 2148 1168 2205 Christi
1200 2149 1303 2207 lide
1333 2160 1649 2208 constanter
1676 2154 1917 2209 toleratis
1960 2172 2080 2227 pro-

478 2240 601 2295 bati.
633 2226 755 2297 Alio
786 2250 964 2298 tamen
1008 2257 1170 2298 sensu
1199 2243 1267 2298 ab
1294 2243 1527 2300 Auctore
1558 2255 1743 2300 nostro
1768 2226 2082 2316 simpliciter

471 2342 851 2404 nuncupantur
896 2335 1115 2403 probati,
1159 2335 1413 2391 nimirum
1445 2336 1672 2392 aliorum
1715 2336 1969 2409 suﬁ'ragio
2011 2338 2082 2395 ob

472 2427 598 2481 vitm
641 2441 754 2483 sure
797 2428 1204 2484 sanctimoniam
1237 2429 1437 2500 probati
1465 2439 1519 2485 et
1547 2430 1727 2488 electi.
1758 2430 1878 2502 Ipse
1911 2433 2085 2488 enim.

474 2532 606 2572 vero
631 2517 749 2573 haec
778 2518 974 2575 ibidem
1001 2520 1277 2590 subiunxit
1316 2539 1329 2575 :
1364 2521 1626 2578 Honorem
1654 2524 1805 2579 istum
1834 2541 1935 2581 non
1962 2542 2081 2597 pre-

475 2611 569 2679 tio,
599 2612 688 2667 sed
715 2614 1001 2668 testimonio
1028 2614 1221 2685 adepti.
1269 2613 1450 2688 Neque
1490 2617 1625 2670 enim
1667 2618 1828 2686 pretio
1856 2618 1968 2674 ulla
2003 2635 2085 2675 res

477 2702 579 2758 Dei
624 2712 820 2759 constat
867 2704 1217 2777 (Tertullian.
1273 2706 1566 2778 Apologet.,
1615 2725 1733 2780 cap.
1764 2709 1854 2775 59,
1900 2710 2086 2781 p.469

476 2806 523 2851 et
564 2793 734 2868 seq.).
782 2796 952 2852 Nemo
1000 2799 1328 2869 auteruhnti
1377 2808 1643 2869 putamus,
1698 2801 1915 2873 negabit
1941 2802 2013 2858 ibi
2053 2818 2085 2860 a

480 2887 814 2944 Tertulliano
841 2890 987 2945 hisce
1017 2890 1196 2946 verbis
1224 2891 1468 2947 honorem
1509 2893 1662 2947 istum
1690 2891 1961 2965 designari
2001 2910 2088 2951 sa-

478 2997 605 3036 cros
656 2981 1022 3037 ministrorum
1075 2983 1167 3038 Dei
1218 2983 1456 3051 ordines,
1513 2985 1603 3056 qui
1656 2985 1803 3042 nullo
1847 2988 2083 3058 penitus,

480 3076 823 3146 quantumvis
866 3077 1106 3145 minimo,
1140 3079 1335 3149 pretio,
1368 3079 1464 3136 sed
1493 3090 1643 3136 certo
1671 3090 1727 3137 et
1766 3084 1912 3152 gravi
1952 3085 2083 3141 reli-

2184 1870 2265 1924 liis
2308 1868 2659 1940 sequentibus
2685 1868 3003 1924 Tertulliani
3043 1868 3267 1923 verbis:
3319 1865 3582 1921 Modicam
3622 1883 3788 1922 unus—

2180 1963 2389 2033 quisque
2415 1950 2597 2031 stipem
2624 1971 2880 2017 menstrua
2909 1960 3012 2028 die,
3038 1960 3117 2016 vel
3161 1976 3276 2015 cum
3315 1959 3453 2027 velit,
3485 1968 3534 2015 et
3560 1960 3605 2013 si
3636 1961 3789 2013 modo
3826 1954 3837 1967 ⁸

2181 2053 2321 2119 velit,
2364 2053 2480 2108 etsi
2511 2052 2661 2107 modo
2734 2053 2912 2123 possit,
2965 2053 3200 2124 apponit.
3258 2050 3400 2105 Nam
3446 2068 3595 2107 nemo
3645 2068 3788 2107 com-

2184 2146 2430 2218 pellitur,
2473 2146 2562 2201 sed
2630 2155 2808 2217 sponte
2858 2145 3055 2217 confert
3120 2143 3299 2216 (Ibid.
3320 2143 3357 2215 ).
3412 2142 3527 2199 Non
3596 2159 3789 2215 magno

2186 2240 2346 2310 igitur
2383 2240 2468 2295 vel
2499 2239 2706 2303 honori,
2742 2240 2826 2294 vel
2868 2238 3022 2294 oneri
3074 2253 3195 2293 esse
3227 2245 3438 2309 poterat
3483 2251 3547 2292 ea
3581 2236 3789 2293 modica

2187 2332 2435 2404 pecunia,
2463 2345 2624 2402 quam
2656 2330 3022 2401 unusquisque
3054 2345 3150 2400 pro
3172 2328 3325 2384 libito
3352 2344 3416 2385 ac
3438 2328 3691 2384 facultate
3708 2327 3791 2383 of-

2185 2424 2410 2482 ferebat.
2443 2423 2596 2491 Quod
2638 2406 2815 2479 autcm
2859 2423 3056 2493 adjecit
3080 2436 3203 2478 eam
3240 2436 3350 2483 non
3386 2436 3509 2478 esse
3538 2422 3683 2493 quasi
3709 2438 3793 2477 reo

2188 2519 2404 2589 dempta:
2452 2516 2713 2587 religionis
2763 2514 2958 2589 (Idem,
3011 2514 3163 2584 ibid.,
3214 2531 3330 2585 cap.
3364 2515 3433 2571 15
3463 2523 3509 2568 et
3548 2515 3617 2570 41
3639 2513 3791 2584 ),liis

2178 2611 2367 2681 yerbis
2394 2608 2641 2670 ethnicos
2668 2609 3002 2681 perstringit,
3033 2608 3123 2680 qui
3152 2623 3305 2664 sacra
3333 2608 3515 2664 omnia
3561 2608 3787 2672 venalia,

2190 2713 2250 2759 ut
2276 2704 2389 2773 ipse
2414 2703 2510 2770 ait,
2543 2710 2598 2758 et
2623 2701 2759 2757 infra
2788 2701 3161 2770 ostendemus,
3191 2699 3484 2771 habebant,
3515 2711 3569 2757 et
3597 2716 3691 2773 pro
3709 2700 3790 2757 eis

2188 2795 2476 2868 exigebant
2504 2795 2826 2853 mercedem.

2261 2888 2535 2945 Tesmtum
2569 2890 2806 2960 postlucc
2833 2888 3191 2945 Tertullianus
3239 2888 3365 2946 facit
3381 2903 3501 2946 eam
3526 2903 3790 2945 summam

2190 2985 2303 3039 sive
2346 2984 2538 3054 stipem
2578 2998 2608 3037 a
2637 2982 2957 3039 Christianis
3003 2981 3181 3039 datam
3222 2981 3386 3038 fuisse
3416 2993 3673 3038 menstrua
3708 2982 3793 3039 die

2189 3075 2396 3149 (lbid.,
2428 3092 2545 3147 cap.
2575 3076 2750 3145 39,1».
2801 3075 2973 3149 469),
3024 3076 3126 3132 hoc
3171 3086 3271 3143 est,
3324 3078 3494 3133 semel
3551 3092 3793 3149 unoquo-

481 3170 758 3242 giosorum
780 3156 1054 3237 hominum
1088 3172 1395 3227 testimonio
1418 3173 1547 3228 viris
1577 3173 1813 3244 probatis
1829 3184 1886 3231 et
1904 3177 2082 3235 electis

2195 3185 2304 3241 que
2346 3184 2554 3225 mense.
2598 3168 2805 3240 Stipem
2851 3170 2996 3226 enim
3043 3179 3353 3225 ntenstruam
3421 3171 3502 3226 sic
3558 3169 3789 3242 explicat

420 3328 427 3343 '
481 3260 717 3318 conferri
740 3261 1027 3318 debebant.
1062 3263 1343 3319 Rationem
1373 3264 1418 3319 si
1446 3281 1679 3336 quaeras,
1704 3266 1843 3323 hanc
1868 3266 1937 3323 ab
1962 3268 2091 3324 Am-

479 3354 689 3422 brosio,
718 3354 874 3410 dictis
897 3354 1211 3410 Tertulliani
1238 3356 1399 3428 plane
1427 3368 1839 3430 congruentem,
1865 3362 2050 3432 accipe
2076 3381 2107 3418 :-

487 3446 660 3502 Habes
686 3446 894 3502 Domini
915 3459 1224 3519 prwceptum
1248 3451 1376 3507 vatis
1404 3449 1602 3517 Elistci,
1633 3450 1853 3509 Giezum
1874 3454 2097 3525 punien-

480 3543 575 3605 tis,
608 3541 893 3613 exemplum
919 3543 1078 3614 gratis
1105 3543 1250 3610 dare,
1280 3560 1370 3598 nec
1391 3548 1602 3601 vendere
1623 3546 1982 3614 ministerium,
2004 3548 2096 3602 sed

486 3632 705 3701 o/ferre;
733 3650 834 3687 non
875 3633 1009 3687 enim
1035 3636 1195 3705 pretio
1224 3645 1431 3690 taxatur
1459 3635 1557 3691 Dei
1584 3639 1780 3707 gratia;
1809 3654 1900 3694 nec
1925 3639 1977 3693 in
2005 3655 2093 3694 sa-

486 3727 760 3780 cramentis
808 3726 1007 3779 lucrum
1050 3742 1294 3796 qurerere,
1342 3728 1432 3783 sed
1480 3729 1773 3798 obsequium
1819 3730 2096 3787 sacerdotis

486 3820 771 3891 (Ambros.
802 3862 817 3884 ,
878 3820 966 3874 lib.
1019 3818 1086 3875 IV
1130 3819 1484 3891 -Ea:position.
1536 3823 1591 3877 in
1645 3821 1814 3889 Luc.,
1873 3823 1901 3896 §
1953 3825 2024 3881 52
2050 3824 2093 3899 ).

483 3911 554 3966 Ει
581 3910 742 3983 paulo
771 3920 929 3982 post:
963 3909 1296 3980 lnexpiabilis
1324 3923 1397 3966 est
1427 3914 1562 3967 enim
1591 3915 1780 3968 uenditi
1805 3916 1961 3984 culpa
1993 3918 2093 3971 nti-

484 4002 684 4057 nisterii
720 4011 767 4057 et
806 4004 973 4074 gratia
1007 4019 1025 4057 :
1053 4004 1275 4059 vindicta
1315 4005 1530 4060 scelestis
1558 4008 1739 4061 transit
1772 4007 1842 4060 ad
1870 4019 2096 4076 posteros

487 4091 689 4162 (lbid.,
723 4094 752 4163 ἦ
787 4093 913 4167 55).
949 4094 1139 4150 Postea
1171 4095 1221 4149 id
1264 4095 1548 4151 conﬁrmat
1581 4098 1829 4168 exemplo
1857 4099 2095 4157 Simonis

489 4185 627 4256 Magi
655 4183 845 4256 (Ibid,
877 4185 966 4240 lib.
996 4185 1088 4254 IX,
1122 4185 1150 4258 ᾗ
1192 4185 1309 4261 19),
1342 4202 1370 4240 a
1401 4203 1506 4258 quo
1534 4188 1783 4256 simonia,
1814 4198 1920 4243 tam
1951 4206 2096 4261 saepe

489 4277 786 4333 canonibus
812 4278 1099 4342 Ecclesiae,
1154 4294 1217 4335 ac
1269 4289 1574 4336 sanctorum
1614 4280 1831 4338 Patrum
1881 4283 2096 4354 scriptis

491 4371 765 4440 damnata,
795 4387 990 4429 nomen
1021 4374 1244 4444 accepit.

1093 4547 1384 4590 Λιιτιουωδ
1422 4550 1481 4589 ιι.

470 4738 474 4743 .
499 4692 579 4748 De
604 4693 753 4761 stipe,
784 4708 936 4764 quam
963 4691 1241 4747 Christiani
1266 4692 1316 4745 in
1361 4696 1465 4746 suis
1491 4693 1768 4764 synaxibus
1793 4691 2092 4761 offerebant;

494 4804 506 4849 ﬁ
566 4785 653 4840 ubi
685 4786 904 4856 reposita
952 4785 1101 4851 fuerit
1128 4802 1145 4849 ;
1185 4793 1353 4837 utrum
1384 4784 1588 4838 illorum
1620 4785 1844 4840 charitas
1870 4766 2093 4856 tempore

562 4878 870 4934 Tertulliani
896 4878 1148 4948 refrixerit
1169 4894 1188 4941 ;
1212 4895 1271 4932 uc
1300 4880 1497 4949 quibus,
1527 4886 1575 4932 et
1597 4878 1665 4932 ad
1683 4894 1809 4949 quas
1834 4894 1956 4936 usus
1975 4897 2090 4951 qutz

560 4972 625 5025 ab
653 4972 723 5026 eis
750 4971 1001 5025 dabantur
1032 4970 1324 5042 dispensata
1358 4970 1479 5025 sint.

559 5127 869 5197 Quanquam
906 5125 1219 5182 Tertulliani
1246 5134 1488 5196 tempore
1525 5125 1592 5181 ab
1612 5125 1849 5182 Ecclesia
1876 5126 2090 5197 penitus

494 5219 765 5276 exsularet
791 5219 968 5273 omnis
998 5217 1288 5273 simoniaca
1313 5217 1493 5285 labes;
1524 5218 1576 5273 in
1604 5233 1667 5274 ea
1691 5225 1872 5274 tamen
1899 5218 2084 5289 domo,

492 5315 546 5369 in
579 5329 738 5384 quam
765 5312 1052 5369 Christiani
1101 5313 1165 5366 ad
1211 5327 1440 5384 synaxes
1477 5312 1709 5383 agendas
1747 5313 1903 5369 solito
1936 5328 2088 5370 more

488 5408 867 5474 convolabant,
913 5406 1206 5477 repositum
1257 5416 1373 5462 erat
1414 5423 1549 5462 arcte
1591 5400 1779 5479 genus,
1801 5407 1954 5462 sicuti
1998 5407 2087 5464 ille

489 5504 582 5565 ait,
613 5519 714 5557 non
739 5501 1080 5556 dehonoraria
1107 5517 1325 5564 summa,
1354 5501 1503 5571 quasi
1524 5502 1797 5569 redemptis
1822 5500 2086 5573 religionis

492 5596 839 5669 (Tertullian.
886 5596 1180 5666 Apologet.,
1229 5611 1276 5650 c.
1336 5596 1429 5675 (g9,
1487 5613 1541 5667 p.
1598 5595 1772 5666 469).
1806 5597 1980 5667 Atque
2013 5606 2085 5654 tta

483 5689 701 5760 quidem
733 5689 784 5742 in
814 5686 1025 5744 duobus
1059 5686 1446 5757 antiquioribus
1474 5688 1673 5745 nostris
1695 5688 1990 5746 codicibus.
2022 5686 2082 5746 In

477 5780 690 5840 duobus
715 5795 846 5838 vero
871 5780 1260 5838 recentioribus
1287 5777 1639 5852 Colbertinis,
1674 5796 1780 5838 non
1820 5779 1886 5837 de
1912 5780 2078 5837 hono-

2200 3264 2537 3321 Marcianus:
2580 3263 2903 3319 Permittitur
2930 3266 3243 3320 tenuioribus
3280 3265 3463 3335 stipem
3489 3275 3792 3321 menstruam

2196 3365 2445 3432 conferre,
2475 3360 2595 3414 dum
2632 3370 2796 3415 tamen
2825 3362 2981 3415 semel
3015 3360 3067 3415 in
3094 3377 3263 3415 mense
3297 3350 3501 3429 coeant,
3533 3360 3791 3433 quodnon

2196 3453 2250 3508 in
2283 3451 2439 3518 Urbe,
2473 3452 2562 3508 sed
2590 3453 2641 3506 in
2673 3451 2851 3517 Italia,
2886 3463 2936 3508 et
2981 3452 3253 3523 provinciis
3281 3454 3448 3507 locum
3492 3453 3676 3508 habere
3710 3453 3791 3507 di-

2196 3560 2288 3600 vus
2315 3562 2510 3615 quoque
2538 3544 2756 3600 Severus
2786 3546 3041 3616 rescripsit
3072 3546 3091 3619 (
3116 3544 3229 3600 Lib.
3259 3544 3445 3601 XLVII
3475 3543 3699 3617 Digest,
3728 3545 3795 3599 ti-

2198 3640 2293 3694 tul.
2346 3639 2439 3703 22,
2482 3637 2580 3711 leg.
2629 3640 2723 3711 1).
2778 3639 2979 3695 Eodem
3029 3649 3207 3695 autem
3259 3640 3460 3697 Severo
3496 3640 3793 3710 imperante

2201 3732 2336 3799 haec,
2363 3734 2438 3788 uti
2458 3748 2620 3804 supra
2651 3742 2966 3789 annotatum
2990 3742 3095 3801 est,
3118 3733 3481 3791 Tertullianus
3506 3733 3790 3791 scribebat.

2269 3826 2406 3894 Quid
2435 3842 2584 3898 ergo,
2617 3827 2820 3898 inquiet
2850 3826 3065 3899 aliquis,
3101 3827 3359 3899 numquid
3390 3837 3516 3883 tunc
3557 3828 3792 3885 refrixe-

2198 3930 2280 3977 rat
2303 3920 2736 3976 Christianorum
2762 3920 3033 3977 charitas?
3061 3920 3252 3987 Nonne
3277 3923 3566 3992 Apostolus
3589 3921 3653 3976 ad
3688 3919 3793 3977 Co-

2198 4012 2427 4068 rinthios
2454 4015 2744 4084 scripserat
2778 4031 2792 4067 :
2821 4011 2900 4068 De
2934 4013 3161 4069 collectis
3189 4030 3304 4086 qutc
3331 4015 3461 4083 [iant
3489 4017 3544 4069 in
3568 4023 3792 4082 sanctos,

2196 4107 2327 4162 sicut
2357 4107 2590 4162 ordinavi
2618 4106 2863 4162 Ecclesiis
2904 4106 3144 4174 Galatiae,
3172 4109 3244 4162 ita
3274 4118 3320 4163 et
3364 4124 3450 4164 vos
3477 4110 3648 4183 facile.
3693 4108 3795 4164 Per

2196 4216 2353 4254 unant
2377 4199 2574 4254 sabbati
2604 4201 2947 4272 unusquisque
2983 4210 3201 4255 vestrum
3245 4212 3477 4272 seponat,
3518 4202 3796 4257 recondens

2195 4290 2332 4361 quod
2377 4290 2422 4345 ei
2463 4291 2586 4345 bene
2616 4290 2896 4361 placuerit;
2922 4300 2977 4344 ut
3003 4308 3124 4359 non,
3151 4308 3266 4346 cum
3306 4308 3505 4357 venero,
3539 4302 3658 4346 tunc
3687 4294 3799 4348 col-

2198 4381 2340 4438 lecta:
2388 4384 2517 4453 ﬁant
2561 4381 2764 4451 (Paul.
2799 4382 2970 4454 Epist.
3019 4382 3038 4439 I
3086 4387 3157 4438 ad
3184 4383 3441 4451 Corinth.,
3491 4402 3608 4456 cap.
3650 4383 3793 4453 XVI,

2195 4491 2243 4530 v.
2277 4476 2302 4530 1
2334 4484 2379 4530 et
2402 4476 2437 4531 2
2458 4475 2499 4549 ).
2529 4475 2711 4548 Neque
2742 4477 2813 4533 ibi
2844 4478 2933 4533 ille
2960 4487 3188 4545 tantum,
3219 4478 3314 4535 sed
3355 4479 3409 4533 in
3449 4481 3645 4535 cunctis
3669 4497 3797 4550 pene

2117 4594 2170 4655 Ι)
2195 4569 2421 4645 epistolis
2446 4569 2572 4637 suis,
2601 4571 2677 4624 ait
2706 4570 3083 4647 Hieronymus,
3108 4571 3351 4641 loquitur,
3378 4574 3674 4644 et'pmcipit
3693 4572 3798 4628 Ec-

2193 4665 2361 4718 clesiis
2384 4666 2608 4736 gentium
2635 4681 2724 4736 per
2750 4682 2904 4719 unum
2929 4665 3148 4731 sabbati,
3186 4667 3283 4720 hoc
3308 4674 3402 4733 est,
3433 4667 3517 4721 die
3541 4667 3798 4722 dominico

2194 4775 2367 4813 omnes
2396 4763 2630 4830 conferre
2658 4758 2854 4824 debere,
2904 4775 3018 4829 qua:
3059 4757 3468 4830 Hierosolymam
3496 4759 3550 4813 in
3587 4768 3796 4814 sancto-

2192 4870 2306 4908 rum
2351 4853 2534 4908 solatia
2579 4854 2867 4925 dirigantur
2895 4844 3237 4927 (Hierongm.
3298 4853 3387 4909 lib.
3436 4852 3639 4909 advers.
3700 4853 3799 4908 Vi-

2188 4947 2372 5018 gilant.
2410 4946 2456 5017 ).
2520 4944 2689 5001 Jussit
2761 4961 2891 5016 ergo
2961 4945 3251 5015 Apostolus
3320 4943 3481 5000 hasce
3537 4945 3797 5002 collectas

2192 5040 2418 5112 singulis
2460 5040 2747 5096 dominicis
2792 5039 2925 5105 ﬁeri,
2958 5055 3022 5095 ac
3063 5039 3346 5110 pecuniam
3393 5040 3534 5109 apud
3580 5038 3798 5110 aliquos

2193 5133 2411 5204 deponi,
2444 5132 2620 5189 donec
2643 5132 2827 5203 egenis
2848 5133 3076 5202 aliisque
3103 5132 3315 5187 miseris
3345 5141 3400 5188 et
3426 5131 3797 5203 indigentibus

2194 5228 2516 5284 mitteretur.
2551 5226 2772 5281 Litteris
2813 5239 3028 5296 quoque
3058 5224 3302 5281 Justinus
3333 5235 3539 5298 martyr
3563 5225 3796 5282 manda-

2192 5320 2268 5375 vit
2296 5319 2436 5375 huuc
2466 5334 2671 5374 morem
2712 5332 2811 5372 suo
2851 5328 3093 5387 tempore
3132 5326 3427 5381 servatum,
3474 5332 3540 5373 ac
3567 5317 3799 5388 singulis

2192 5416 2493 5490 quibusque
2511 5413 2825 5488 synaxibus,
2867 5414 2956 5470 die
2976 5413 3107 5471 solis
3127 5414 3241 5471 sive
3261 5414 3533 5470 dominico
3550 5413 3752 5471 coactis
3773 5431 3791 5469 :

2192 5516 2235 5563 ei
2277 5514 2580 5579 sbxspaiivrse
2621 5509 2705 5561 καὶ
2739 5510 3056 5578 βουλόμενοι,
3098 5513 3227 5564 κατὰ
3276 5520 3550 5580 προαίρεσιν
3594 5514 3793 5568 ἔκοπτες

2184 5612 2273 5657 τὶν
2292 5606 2483 5664 ἑαυτοῦ,
2513 5606 2539 5654 ’ὸ
2557 5604 2787 5671 ﬂebitur
2828 5604 3008 5665 sese“,
3035 5604 3117 5655 uti
3137 5610 3192 5657 τὸ
3219 5604 3795 5674 συλλεγόμενονπαρὲτῷ

2187 5696 2775 5762 «pecuariam-tonat.
2800 5690 2901 5761 Qui
2919 5691 3229 5764 copiosiores
3250 5701 3388 5759 sunt,
3414 5702 3463 5748 et
3486 5693 3679 5760 volunt,
3696 5708 3795 5762 pro

2183 5783 2394 5840 arbitrio
2418 5783 2627 5858 quisque
2644 5800 2738 5841 suo
2750 5785 2886 5857 quod
2905 5784 3067 5842 visum
3092 5793 3188 5858 est,
3211 5785 3558 5856 contribuuut,
3586 5784 3796 5859 etquod
