4076 6356
340 288 446 355 955

1476 297 1926 360 DISSERTATIO
1960 298 2029 359 D.
2065 300 2154 360 LE
2191 298 2495 362 NOUBRY.

3532 301 3643 370 93b

338 414 412 470 ita
450 412 728 487 colligitur,
779 414 921 484 apud
993 414 1321 490 prmpositum
1383 414 1655 490 deponitur
1705 417 1936 493 (Justin.
1965 430 2021 491 Α
2049 417 2270 492 Eccles.,
2298 439 2414 495 cap.
2442 423 2532 491 5'5,
2566 439 2686 496 pag.
2711 420 2862 499 145).
2889 423 3029 495 Quin
3061 422 3221 483 etiam
3245 423 3549 499 Cyprianus
3569 425 3638 484 ad

340 519 557 582 martyr.
590 508 808 581 Apolog.
841 511 893 578 1,
925 527 980 565 n.
1010 511 1080 567 67
1100 511 1141 582 ).

410 602 467 660 Si
514 618 644 675 ergo
679 604 989 662 Tertulliani
1035 614 1193 664 aetate
1238 606 1375 666 hanc
1416 609 1610 681 stipem
1656 618 1932 666 menstrua

338 704 545 755 tantum
573 699 683 767 die,
730 715 957 772 eamque
1000 700 1264 758 modicam
1294 701 1585 779 Christiani
1617 704 1928 776 erogabant,

338 808 519 850 nonne
566 794 776 850 illorum
808 795 1175 852 misericordia
1222 805 1277 852 et
1305 795 1559 864 ebaritas,
1591 812 1696 852 non
1719 812 1928 869 parum,

339 888 413 943 uti
456 897 613 944 antea
642 890 1032 945 annotahainus
1080 890 1258 961 (supr.
1291 906 1409 959 cap.
1438 889 1528 957 12,
1557 899 1657 945 art.
1700 891 1790 961 5),
1825 889 1929 944 im-

337 982 538 1038 minuta
566 992 620 1037 et
645 980 917 1038 debilitata
936 983 1087 1038 erat?
1111 981 1296 1054 Neque
1323 980 1642 1054 Cyprianus,
1677 981 1750 1037 ibi
1772 996 1803 1035 a
1827 997 1928 1036 no-

335 1074 420 1130 bis
466 1075 684 1140 citatus,
718 1074 771 1130 id
813 1073 1133 1143 dissimulat,
1180 1076 1272 1146 qui
1312 1074 1380 1132 de
1421 1074 1624 1131 duriori
1668 1083 1928 1132 matronze

334 1167 639 1223 christianum
664 1167 717 1223 in
750 1183 1012 1240 pauperes
1037 1176 1091 1224 et
1121 1168 1347 1225 miseros
1376 1170 1556 1224 animo
1578 1169 1657 1225 sic
1686 1182 1925 1241 conque-

334 1261 503 1316 ritur:
538 1258 790 1332 Locuples
816 1269 862 1315 et
904 1261 1043 1317 dives
1072 1278 1144 1328 es,
1176 1272 1223 1316 et
1262 1263 1571 1317 dominicum
1600 1261 1855 1318 celebrare
1880 1272 1929 1318 te

332 1352 516 1420 credis,
545 1369 660 1424 qua:
682 1354 952 1408 corbonam
975 1355 1181 1409 omnino
1210 1372 1313 1410 non
1339 1357 1569 1425 respicis,
1597 1372 1712 1428 quae
1738 1358 1793 1411 in
1832 1359 1926 1412 do-

331 1446 572 1500 minicum
596 1446 707 1500 sine
732 1446 986 1515 sacriﬁcio
1013 1448 1172 1514 venis,
1200 1463 1316 1519 qua
1342 1458 1536 1517 portent
1563 1449 1627 1502 de
1646 1450 1921 1519 sacriﬁcio,

331 1539 466 1609 quod
508 1555 702 1611 pauper
738 1539 938 1605 obtulit,
984 1541 1143 1596 sumis
1176 1538 1455 1613 (Cyprian.
1498 1542 1653 1612 Uper.
1683 1550 1729 1596 et
1775 1539 1925 1598 Elec-

330 1614 529 1701 ntos.).
589 1630 787 1687 Verum
842 1632 1054 1689 tametsi
1111 1633 1326 1703 quidam
1390 1643 1515 1689 tunc
1576 1635 1816 1692 avaritiae
1847 1636 1924 1691 vi-

330 1723 406 1778 tio
455 1724 689 1795 correpti
715 1767 730 1791 ,
757 1724 957 1780 nullam
981 1739 1044 1781 ea
1070 1725 1157 1780 die
1181 1726 1376 1796 stipem
1404 1725 1743 1793 conferrent,
1769 1727 1921 1783 multi

2036 515 2381 590 presbyteros
2410 525 2468 575 et
2495 518 2751 575 diaconos
2771 519 2888 575 hrec
2915 520 3132 589 scripsit
3153 520 3205 576 in
3223 522 3419 578 verba:
3454 521 3637 590 Quan-

2037 616 2144 662 tum
2171 607 2240 663 ad
2260 620 2494 681 sumptus
2522 606 2859 683 squérendos
2881 612 2987 667 sive
3008 613 3131 678 illis,
3154 613 3243 684 qui
3270 613 3497 685 gloriosa
3517 629 3639 669 voce

2036 700 2205 758 Deum
2253 704 2472 775 confessi
2513 705 2568 758 in
2607 721 2809 761 carcere
2835 715 2954 761 sunt
2985 707 3263 773 constituti,
3313 707 3416 762 sive
3441 708 3506 763 iis
3551 709 3638 778 qui

2035 813 2285 868 pauperes
2333 806 2380 852 et
2431 798 2714 870 indigentes
2740 798 2993 869 laborant,
3041 808 3090 855 et
3128 801 3379 855 tamenin
3414 799 3635 857 Domino

2035 899 2378 962 perseverant,
2420 899 2536 963 peto
2572 890 2704 945 nihil
2749 891 2897 957 desit,
2939 907 3053 947 cum
3077 908 3276 948 summa
3303 894 3486 960 omnis,
3523 910 3637 965 qua:

2031 984 2239 1040 redacta
2295 993 2387 1051 est,
2432 984 2541 1040 illic
2558 986 2625 1039 sit
2673 985 2814 1056 apud
2851 986 3062 1042 clericos
3111 988 3383 1043 distributa
3429 998 3635 1060 promer

2031 1077 2283 1148 ejusmodi
2310 1092 2494 1143 casus;
2532 1088 2587 1132 ut
2612 1077 2853 1133 haberent
2890 1079 3063 1150 plures
3102 1080 3238 1135 unde
3263 1082 3332 1135 ad
3361 1082 3633 1136 necessita-

2030 1180 2102 1226 tes
2125 1179 2171 1227 et
2215 1188 2476 1243 pressurus
2515 1173 2834 1244 singulorum
2875 1174 3083 1245 aperari
3119 1175 3313 1245 possint
3357 1174 3631 1247 (Cyprian.

2029 1265 2176 1335 epist.
2207 1265 2289 1337 5).
2320 1265 2599 1332 Quomodo
2651 1276 2829 1322 autem
2877 1265 2977 1321 bac
3037 1266 3175 1338 stipe
3226 1277 3279 1323 et
3331 1267 3633 1338 cleemosy-

2029 1359 2114 1413 nis
2161 1357 2572 1413 necessitatibus
2622 1359 2890 1429 egentium
2964 1357 3386 1414 subveniendum
3447 1368 3628 1427 esset,

2028 1450 2227 1506 sic'ille
2267 1449 2581 1505 constituit:
2641 1449 2793 1515 Quod
2821 1449 2865 1503 si
2890 1450 3157 1521 penuriam
3183 1450 3321 1514 talis,
3372 1459 3418 1504 et
3457 1466 3629 1505 neces-

2027 1545 2228 1598 sitatem
2267 1543 2585 1613 paupertatis
2614 1541 2857 1608 obtendit,
2901 1551 3062 1613 potest
3105 1544 3238 1597 inter
3276 1551 3504 1609 crateras,
3544 1542 3632 1613 qtti

2026 1639 2281 1694 alimentis
2308 1636 2555 1699 Ecclesia:
2576 1638 2907 1701 sustinentur,
2948 1636 3103 1707 hujus
3126 1638 3336 1707 quoque
3361 1634 3631 1703 necessitas

2025 1732 2262 1804 adjuvari
2283 1748 2304 1798 ,°
2345 1732 2391 1786 si
2420 1740 2588 1786 tamen
2621 1739 2885 1785 contentus
2911 1730 2975 1784 sit
3001 1728 3388 1799 frugalioribus,
3417 1727 3506 1783 sed
3544 1728 3630 1782 in-

328 1814 677 1872 nibilominus
707 1818 859 1888 plura
881 1833 1005 1889 {non
1032 1819 1209 1874 solum
1238 1828 1495 1874 menstrua
1524 1820 1625 1887 die,
1657 1819 1751 1876 sed
1781 1821 1921 1877 sicut
1949 1837 1996 1898 Β
2025 1824 2318 1879 nocentibus
2357 1822 2499 1878 cibis.
2560 1820 2580 1895 (
2605 1820 2751 1876 Idem
2776 1863 2790 1887 ,
2822 1822 2971 1892 epist.
3019 1818 3099 1887 2',
3148 1816 3445 1888 Eucratio).
3492 1817 3629 1873 Eum

327 1910 403 1965 ait
449 1908 833 1977 Tertullianus;
876 1926 1001 1966 cum
1047 1911 1319 1978 volebant,
1373 1913 1697 1983 pauperibus
1736 1913 1920 1969 distri-

327 2003 539 2061 buenda
567 2004 945 2076 largiebantur.
977 2003 1051 2059 lbi
1100 2004 1377 2061 enimvero
1402 2006 1492 2061 ille
1518 2005 1757 2061 declarat
1788 2015 1922 2062 tau-

328 2106 437 2155 tam
462 2098 626 2155 fuisse
653 2098 794 2154 illam
823 2097 1249 2153 Christianorum
1283 2098 1677 2166 liberalitatem,
1707 2104 1765 2152 nt
1784 2097 1922 2169 ejus-

327 2186 467 2245 modi
491 2192 568 2246 vel
588 2191 826 2246 maxima:
845 2191 1129 2263 dilectionis
1153 2190 1380 2260 operatio
1401 2200 1572 2244 notam
1597 2189 1777 2245 nimia:
1797 2204 1922 2260 pro-

327 2284 417 2343 cul
455 2285 619 2341 dubio
661 2286 1004 2357 pecuniarum
1035 2283 1313 2341 eii‘usionis
1357 2284 1503 2339 nobis
1554 2284 1727 2338 inurat
1767 2300 1922 2354 penes

326 2381 593 2453 quosdam,
643 2378 895 2437 videlicet
940 2380 1168 2452 gentiles
1214 2379 1234 2451 (
1258 2377 1564 2435 Tcrtullian.
1620 2377 1917 2450 Apologet.,

330 2492 447 2547 cap.
479 2475 573 2543 39,
600 2491 656 2547 p.
686 2475 786 2531 471
811 2473 854 2546 ).

398 2569 606 2637 Quanta
636 2576 816 2623 autem
843 2575 988 2625 esset
1030 2568 1120 2624 illa
1150 2566 1577 2625 Christianorum
1618 2567 1830 2639 largitio
1856 2581 1921 2623 ac

326 2658 678 2716 beneficentia
704 2675 770 2716 es
800 2661 1250 2733 subsequentibus
1294 2660 1471 2717 adhuc
1498 2675 1758 2733 agnosces
1782 2660 1920 2717 'l‘er-

327 2738 534 2832 tulliani
561 2752 756 2819 verbis,
781 2753 975 2825 quibus
994 2762 1182 2825 aperte
1207 2764 1481 2811 asseverat
1501 2768 1642 2821 eam,
1666 2763 1918 2825 tanquam

325 2844 540 2917 pietatis
577 2845 898 2917 depositum,
929 2846 1292 2918 dispensatam
1321 2846 1486 2903 fuisse
1513 2848 1693 2919 egenis
1722 2849 1921 2904 alendis

324 2937 715 3009 humandisque,
751 2948 798 2994 et
826 2941 1016 3011 pueris,
1064 2957 1125 2995 ac
1171 2940 1378 3012 puellis,
1425 2957 1481 2994 re
1524 2957 1585 2994 ac
1624 2940 1921 3012 parentibus

272 3098 275 3099 ν
324 3029 595 3097 destitutis,
624 3032 831 3102 inatque
856 3034 1142 3088 domesticis
1164 3032 1389 3112 senibus,
1418 3034 1535 3089 item
1560 3035 1852 3105 naufragis;
1870 3042 1921 3088 et

323 3122 369 3177 si
390 3122 475 3192 qui
502 3122 556 3177 in
586 3124 821 3189 metallis,
849 3125 962 3179 sive
985 3123 1051 3179 ad
1081 3125 1294 3180 metalla
1319 3124 1579 3189 damnati,
1613 3135 1660 3179 et
1686 3127 1729 3180 si
1751 3126 1838 3196 qui
1865 3127 1919 3181 in

2025 1916 2204 1987 itaque
2257 1917 2309 1969 in
2363 1913 2605 1981 modum,
2650 1928 2875 1983 eamque
2916 1912 2987 1968 ob
3019 1925 3261 1967 caussam
3300 1913 3524 1982 pecunia
3573 1910 3626 1965 in

2023 2008 2315 2082 synaxibus
2343 2007 2540 2075 oblata,
2583 2014 2637 2062 et
2679 2006 2817 2076 apud
2847 2004 3073 2060 clericos
3095 2004 3359 2075 deposita,
3393 2002 3497 2069 bis,
3528 2002 3617 2074 qui

2025 2103 2284 2158 nominati
2314 2109 2458 2169 sunt,
2491 2099 2852 2171 indigentibus
2878 2098 3317 2155 distribuebatur.
3518 2167 3523 2172 η

2095 2193 2454 2263 Quamobrem
2480 2191 2838 2248 Tertullianus
2887 2191 3024 2246 hanc
3050 2190 3464 2246 cliristianorum
3496 2188 3629 2245 chao

2024 2291 2259 2358 ritatem,
2314 2303 2419 2359 qua
2464 2288 2645 2344 omnia
2681 2295 2875 2358 praeter
2902 2300 3116 2351 uxores,
3151 2283 3436 2340 indiscreta
3464 2282 3630 2340 hahe-

2025 2382 2175 2448 bant,
2209 2390 2411 2437 tantum
2455 2380 2684 2442 extollit,
2712 2386 2967 2449 quantum
3010 2376 3063 2430 in
3116 2374 3365 2431 ethnicos
3398 2389 3540 2442 eam,
3573 2382 3631 2430 ut

2025 2490 2188 2546 supra
2233 2473 2590 2539 ostendimus,
2631 2470 2855 2528 avaritia
2901 2478 2956 2524 et
3004 2468 3295 2539 cupiditate
3339 2467 3627 2523 insatiabili

2024 2569 2343 2625 dirimentes
2398 2566 2668 2623 invehitur
2728 2564 3061 2635 (Tertullian.
3092 2561 3359 2633 Apologet.
3387 2578 3504 2631 cup.
3533 2559 3625 2626 59,

2026 2678 2148 2732 pag.
2175 2660 2330 2729 bii).
2354 2658 2464 2715 Nec
2492 2659 2711 2725 mirum,
2735 2658 2806 2712 ait
2839 2656 2950 2722 ille,
2979 2655 3023 2710 si
3054 2654 3121 2709 ab
3149 2653 3453 2708 hominibus
3491 2652 3629 2707 adeo

2025 2754 2201 2811 avaris
2254 2767 2355 2809 nec
2402 2751 2692 2808 christiana
2739 2748 3000 2817 religione
3052 2745 3270 2801 imbutis
3313 2743 3629 2799 conriulutur

2026 2856 2169 2901 tanta
2186 2846 2433 2913 charitas,
2453 2844 2528 2899 uti
2555 2844 2607 2898 in
2628 2840 3020 2912 antiquioribus
3042 2838 3239 2895 nostris
3259 2836 3553 2902 codicibus,
3573 2845 3628 2891 et

2025 2941 2079 2996 in
2121 2940 2355 3011 antiquis
2384 2937 2711 2994 editiouibns
2740 2935 2998 3005 scriptum
3013 2942 3118 3000 est,
3143 2932 3194 2986 in
3225 2942 3417 3002 quarto
3445 2939 3624 2985 autem

2023 3033 2341 3104 simpliciter
2368 3030 2606 3095 violatur,
2633 3027 2727 3084 sed
2755 3025 2945 3082 eodem
2973 3039 3191 3095 semper
3215 3038 3399 3079 sensu.
3442 3023 3624 3095 Rigal-

2024 3127 2129 3182 tius
2156 3137 2335 3182 tamen
2356 3132 2539 3179 contra
2560 3122 2807 3177 codicum
2836 3120 3078 3174 omnium
3105 3116 3263 3187 fidem
3293 3116 3468 3185 posuit
3496 3134 3623 3171 con-

320 3213 521 3280 insulis,
555 3230 650 3270 seu
683 3216 735 3271 in
768 3216 970 3271 insulas
991 3216 1234 3288 relegati,
1264 3218 1342 3272 vel
1367 3220 1420 3272 in
1441 3218 1701 3283 custodiis,
1736 3218 1787 3273 id
1808 3228 1915 3288 est,
1943 3249 1988 3313 Ο
2022 3223 2238 3285 vivatur,
2271 3218 2323 3274 id
2352 3226 2457 3284 est,
2509 3215 2801 3271 christiana
2839 3212 3072 3267 charitas
3120 3208 3425 3265 convivium
3472 3207 3619 3263 facit.

321 3307 650 3374 carceribus,
679 3309 929 3364 duntaxat
959 3327 1021 3365 ea:
1045 3327 1228 3365 caussa
1256 3310 1353 3367 Dei
1377 3321 1546 3376 sectw,
1576 3312 1775 3366 alumni
1793 3328 1916 3367 cou-

316 3401 552 3472 {essionis
573 3419 680 3457 sua:
704 3405 833 3473 ﬁunt
861 3404 1075 3478 (Ibid.),
1107 3405 1209 3463 hoc
1231 3415 1333 3474 est,
1361 3406 1668 3463 christiana:
1695 3407 1912 3478 religio-

318 3495 405 3549 nis
435 3503 750 3563 sectatores,
792 3497 884 3569 qui
922 3499 993 3554 oh
1040 3497 1157 3570 ejus
1201 3500 1596 3556 confessionem
1627 3500 1712 3556 bis
1739 3503 1916 3574 paruis

318 3585 520 3656 allecti,
550 3591 774 3658 pecunia
804 3606 832 3643 a
864 3590 1176 3649 cbristiauis
1202 3593 1497 3649 liberaliter
1531 3594 1723 3650 collata
1751 3594 1911 3650 alun-

322 3689 427 3737 tur.
460 3679 819 3751 Quamobrem
861 3684 953 3741 ille
995 3701 1151 3741 suum
1193 3687 1260 3742 ad
1306 3685 1566 3759 Martyres
1605 3686 1801 3742 librum
1831 3688 1912 3745 sic

317 3775 525 3833 orditur
552 3794 565 3832 :
595 3775 738 3833 Inter
764 3780 933 3834 carnis
976 3779 1240 3848 alintenta,
1276 3778 1522 3836 benedicti
1549 3791 1798 3853 martyres
1824 3780 1912 3836 de-

312 3869 518 3941 signati,
548 3886 663 3941 quo:
687 3871 821 3926 vobis
848 3880 894 3926 et
922 3872 1131 3927 domina
1151 3883 1308 3927 mater
1330 3872 1563 3928 Ecclesia
1587 3876 1652 3928 de
1678 3873 1910 3929 uberibus

313 3961 437 4027 suis,
467 3970 513 4017 et
538 3963 728 4034 singuli
754 3964 937 4033 fratres
965 3965 1029 4019 de
1057 3964 1236 4035 apibus
1271 3967 1378 4019 suis
1400 3965 1624 4036 propriis
1648 3965 1701 4019 in
1730 3981 1906 4021 carce-

312 4068 419 4107 rem
460 4053 861 4121 subministrant,
891 4057 1058 4124 capite
1091 4057 1288 4130 aliquid
1315 4066 1363 4111 et
1389 4075 1423 4112 a
1451 4058 1616 4123 nobis,
1643 4057 1782 4129 quod
1823 4061 1908 4129 fa-

312 4147 412 4201 ciat
452 4148 522 4202 ad
569 4149 805 4220 spiritum
847 4165 1047 4221 quoque
1094 4150 1414 4204 educandum
1454 4148 1665 4226 (Idem,
1710 4149 1799 4204 lib.
1838 4150 1907 4205 ad

313 4239 559 4312 Martyr.,
585 4258 699 4312 cap.
746 4244 770 4296 1
809 4242 854 4313 ).
888 4241 954 4296 Et
1007 4242 1167 4313 paulo
1218 4251 1338 4313 post
1375 4260 1388 4297 :
1420 4242 1549 4308 Quae
1590 4244 1736 4316 justo
1787 4251 1907 4298 sunt

309 4349 429 4388 caro
455 4348 556 4387 non
598 4335 804 4399 amittit,
836 4351 929 4405 μεν
956 4350 1135 4389 curam
1179 4334 1444 4400 Ecclesia,
1472 4346 1523 4391 et
1562 4353 1761 4408 agapen
1788 4339 1903 4409 fra-

310 4433 444 4477 trum
496 4420 699 4494 (Ibid.,
749 4441 865 4494 cap.
915 4425 1015 4496 2).
1082 4428 1252 4481 Antea
1292 4429 1421 4482 vero
1466 4426 1711 4482 Justinus
1757 4442 1903 4482 mar-

310 4526 416 4589 tyr,
444 4530 475 4569 a
520 4516 674 4571 nobis
717 4516 983 4584 laudatus,
1032 4517 1242 4573 dixerat
1289 4517 1389 4574 hac
1429 4519 1652 4588 pecunia
1692 4535 1905 4590 prmpo-

306 4611 489 4676 situm,
520 4608 659 4680 apud
690 4625 850 4679 quem
881 4609 1051 4665 fuerat
1079 4610 1341 4681 deposita,
1372 4612 1625 4684 opitulari
1684 4617 1902 4684 ὀρφαναῖς
1928 4653 1982 4713 D

305 4708 389 4761 περὶ
417 4722 612 4778 χίραιις,
646 4708 728 4760 καὶ
755 4710 855 4765 τοῖς
882 4710 965 4760 διὰ
1002 4709 1129 4761 νέειν
1166 4718 1197 4769 ἤ
1236 4707 1294 4761 δι’
1343 4714 1492 4769 ἄλλην
1537 4712 1699 4765 αἰτίαν
1745 4716 1907 4762 λυτη-

304 4809 484 4868 μινοις,
512 4802 596 4853 usti
625 4804 726 4859 τοῖς
751 4805 797 4853 ἓν
816 4803 1001 4867 Benaci:
1034 4796 1156 4863 οὖσι,
1181 4802 1261 4855 καὶ
1288 4804 1387 4861 τοῖς
1426 4805 1773 4871 παρεπιδήμοις
1802 4799 1904 4854 οὖσι

303 4903 468 4961 given,
505 4891 763 4964 Orpltanis
786 4900 832 4947 et
870 4893 1053 4957 viduis,
1082 4902 1171 4946 aut
1200 4892 1280 4947 Itis
1302 4893 1390 4962 qui
1412 4902 1622 4963 propter
1648 4892 1899 4959 morbum,

307 4997 397 5043 aut
449 4991 675 5062 aliquam
699 4990 857 5043 aliaat
899 4974 1133 5043 caussam
1161 5000 1331 5060 egent,
1358 4988 1543 5061 quique
1582 4989 1637 5044 in
1686 4989 1900 5044 vinculis

303 5090 420 5136 sunt
447 5122 464 5147 ,
517 5092 565 5135 et
615 5098 824 5153 peregre
889 5080 1269 5136 advenientibus
1325 5081 1607 5153 hospitibus
1657 5078 1895 5152 (Justiti.

302 5174 522 5246 Apolog.
558 5176 612 5243 1,
645 5191 700 5229 n.
728 5175 862 5250 67).
1039 5192 1051 5205 '
1762 5184 1767 5190 ’

372 5265 537 5322 Nobis
566 5282 777 5338 quoque
809 5267 1069 5324 Eusebius
1116 5268 1332 5324 exhibet
1373 5267 1724 5341 fragmentum
1753 5269 1900 5342 epis-

299 5360 422 5417 tolae
454 5358 691 5432 Dionysii
716 5358 1111 5417 Corinthiorum
1138 5363 1371 5434 episcopi
1391 5362 1457 5418 ad
1483 5363 1772 5429 Romanos,
1809 5363 1898 5420 ubi

296 5454 509 5511 illorum
540 5455 720 5510 laudat
744 5456 1209 5522 consuetudinem,
1248 5461 1318 5514 ab
1367 5452 1485 5530 ipso
1511 5469 1682 5515 ortam
1727 5459 1899 5516 chris-

298 5549 457 5603 tianae
482 5549 755 5620 religionis
779 5551 1022 5618 exordio,
1048 5560 1102 5607 et
1125 5567 1155 5607 a
1175 5551 1365 5609 Sotere
1391 5553 1602 5609 illorum
1644 5554 1897 5625 episcopo

296 5649 530 5709 auctam,
552 5657 655 5715 qua
673 5642 1131 5707 Christianorum,
1158 5644 1316 5700 etiam
1344 5646 1462 5702 aliis
1488 5645 1543 5701 in
1569 5645 1787 5702 urbibus
1810 5646 1897 5702 de-

296 5735 556 5806 gentium,
584 5744 641 5792 et
679 5736 745 5793 ad
788 5738 998 5795 metalla
1046 5738 1418 5797 damnatorum
1466 5741 1704 5814 inopiam
1743 5743 1895 5801 vario

296 5828 682 5887 beneﬁciorum
702 5845 903 5905 genere
923 5832 1275 5895 sublevabant
1299 5834 1514 5908 (Euseb.
1539 5837 1628 5895 tib.
1657 5837 1725 5894 ιν
1745 5837 1887 5895 Hist.

2021 3311 2128 3369 Sed
2164 3311 2280 3366 haec
2308 3308 2575 3365 correctio
2627 3307 2824 3362 nullius
2854 3304 3097 3359 ﬁrmatur
3139 3301 3341 3358 codicis
3384 3301 3623 3356 auctori-

2019 3414 2148 3461 tate.
2175 3401 2379 3459 Deinde
2409 3416 2538 3455 vero
2564 3399 2636 3454 ibi
2662 3397 3022 3454 Tertullianus
3044 3395 3278 3466 loquitur
3297 3393 3364 3448 de
3386 3391 3621 3449 fraterna

2016 3497 2302 3565 cbaritate,
2332 3494 2400 3549 ab
2426 3492 2656 3548 ethnicis
2684 3490 2822 3545 adeo
2850 3487 3066 3551 violata,
3112 3496 3168 3541 ut
3205 3485 3618 3541 cbristianorum

2015 3589 2258 3654 uenulas,
2315 3585 2510 3658 quibus
2569 3599 2631 3639 ea
2673 3581 3009 3654 potissimum
3058 3576 3322 3644 alebatur,
3369 3588 3619 3649 tanquam

2015 3681 2266 3757 prodigas
2292 3677 2633 3736 infamarent.
2673 3674 2782 3732 Sed
2808 3674 2876 3729 de
2904 3673 2988 3728 bis
3019 3685 3161 3728 nunc
3194 3667 3483 3742 agendum.

2627 3803 2922 3848 ARTICULUS
2960 3803 3035 3844 111.

2012 3916 2093 3973 De
2113 3916 2235 3970 data
2262 3914 2316 3968 in
2344 3910 2749 3969 Christianorum
2778 3905 3055 3978 synaxibus
3081 3911 3244 3969 caena,
3268 3911 3314 3957 et
3337 3900 3617 3974 prwmissis

2080 4010 2128 4065 ei
2155 4005 2381 4080 precibus
2402 4020 2423 4070 ,°
2460 4019 2520 4057 ac
2546 4011 2722 4056 contra
2742 3998 3058 4068 impudentes
3084 3995 3396 4050 ethnicorum
3421 3996 3617 4049 caluar-

2083 4104 2195 4157 nias
2234 4100 2519 4156 ostenditur
2557 4111 2710 4167 quant
2762 4091 2979 4164 frugalis
3014 4134 3028 4159 ,
3076 4089 3244 4145 sobria
3296 4089 3618 4160 modestaque

2081 4193 2254 4267 fuerit.

2077 4333 2428 4403 Compertum
2472 4326 2714 4400 proiecto
2753 4322 2957 4380 ethnici
2989 4319 3256 4376 habebant
3280 4317 3615 4376 Christianos

2004 4425 2119 4483 suis
2149 4426 2200 4480 in
2248 4423 2540 4496 synaxibus
2588 4431 2878 4482 etenasse;
2926 4415 3020 4471 sed
3062 4412 3380 4485 ignorabant
3431 4412 3615 4482 utique

2007 4530 2203 4592 quanta
2249 4514 2510 4571 modestia
2544 4554 2559 4578 ,
2606 4510 2911 4583 frugalitate
2946 4516 3000 4563 et
3047 4506 3242 4576 pietate
3291 4501 3405 4557 bmc
3456 4515 3612 4556 caena

2007 4612 2221 4668 condita
2251 4607 2431 4665 fuerit.
2471 4606 2809 4676 Quapropter
2838 4601 2995 4657 solito
3022 4601 3072 4654 in
3103 4596 3319 4654 eosdem
3349 4592 3612 4650 Christia-

2012 4721 2113 4762 nos
2137 4703 2415 4762 elirzenato
2461 4698 2645 4756 furore
2695 4710 2910 4767 semper
2962 4689 3273 4749 inﬂammati
3316 4704 3331 4741 :
3374 4684 3612 4742 Caeuulus

2006 4808 2227 4862 nostras,
2270 4796 2441 4873 inquit
2483 4792 2862 4856 Tertullianus,
2906 4795 3242 4859 prreterquam
3279 4779 3483 4873 sceleris
3524 4778 3608 4832 in-

2005 4892 2199 4963 fames,
2246 4898 2301 4944 ut
2332 4871 2574 4960 prodigas
2611 4882 2922 4956 sugillabant
2964 4874 3293 4949 (Tertullian.
3338 4871 3607 4943 Apologet.

1972 4980 2124 5053 'cap.
2151 4983 2243 5045 39.
2276 4999 2397 5054 pag.
2415 4982 2570 5051 475).
2593 4978 2795 5051 Duplex
2824 4974 2983 5045 igitur
3007 4966 3363 5037 eratbujusce
3385 4978 3609 5054 accusa-

2004 5048 2163 5138 tionis
2192 5048 2370 5150 caput:
2414 5076 2486 5131 Et
2524 5048 2755 5147 primum
2793 5066 3009 5140 quidem
3032 5062 3149 5118 illas
3173 5048 3607 5123 sceleribus,'ni-

2004 5175 2199 5230 mirum
2222 5171 2423 5227 infante
2443 5168 2644 5232 occiso,
2667 5179 2732 5220 ac
2752 5157 3020 5217 horrcndo
3046 5155 3227 5212 carnis
3246 5153 3363 5224 ejus
3384 5150 3605 5223 pabulo,

2003 5280 2059 5325 et
2089 5266 2397 5338 turpissimo
2424 5262 2630 5319 incestu
2658 5256 2820 5312 fuisse
2848 5252 3094 5310 infames.
3139 5247 3246 5305 Sed
3275 5257 3440 5302 totam
3466 5244 3607 5301 hanc

2004 5362 2344 5419 falsissimam
2373 5354 2790 5417 accusationem,
2812 5356 2872 5403 ut
2893 5345 3029 5402 infra
3052 5341 3372 5404 videbimus,
3401 5341 3606 5395 Auctor

2001 5464 2185 5513 noster
2206 5450 2444 5508 funditus
2481 5443 2697 5503 evertit.
2756 5441 2994 5497 Alteram
3037 5452 3168 5493 vero
3211 5430 3605 5507 prodigalitatis

1998 5547 2427 5608 criminationem
2454 5539 2684 5598 conterit
2705 5536 2843 5593 nuda
2869 5549 2934 5590 ac
2956 5532 3237 5589 verissima
3263 5542 3433 5585 emine
3461 5526 3603 5582 illius

1998 5643 2351 5715 expositione.
2400 5638 2534 5694 Eum
2565 5634 2746 5705 itaque
2785 5636 3094 5685 narrantem
3135 5620 3342 5715 audire,
3391 5627 3447 5675 et
3483 5617 3602 5689 ejus

1996 5712 2163 5794 verba
2194 5731 2470 5790 nobiscum
2522 5733 2770 5783 accurate
2797 5720 3106 5779 examinare
3148 5730 3216 5770 ne
3246 5712 3363 5779 tibi,
3390 5723 3596 5783 quasso,
3636 5763 3641 5767 .

1992 5843 2156 5905 grave
2179 5827 2268 5888 sit.
2313 5824 2404 5885 Sic
2429 5829 2607 5881 autem
2632 5818 2723 5878 illo
2745 5859 2758 5879 .
2796 5814 2951 5874 Ctena
2981 5818 3157 5869 nostra
3186 5807 3250 5865 de
3276 5804 3478 5864 nomine
3503 5820 3599 5859 ra-
