4076 6356
432 283 545 352 955

1516 282 1588 346 IN
1623 281 2097 365 TERTULLIAM
2128 288 2663 357 APOLOGE'IICUM

3646 307 3767 375 956

437 406 630 466 tionem
644 405 726 464 sui
744 402 965 467 ostendit
983 416 1004 460 :
1019 400 1076 460 id
1092 409 1324 470 vocatur,
1347 401 1486 476 quod
1503 402 1706 460 dilectio
1727 421 1877 478 penes
1896 405 2045 463 σηε-
2068 408 2122 469 Α
2147 408 2290 467 haud
2316 411 2476 470 dubie
2500 412 2621 485 quia
2653 410 2874 485 putabat
2896 413 2970 472 ibi
2998 414 3288 489 significari
3313 418 3585 479 neminem
3608 437 3756 495 esse,

431 517 549 560 cos:
572 503 622 558 in
648 499 878 572 antiquis
889 497 1232 565 editionibus,
1249 505 1453 553 vocatur
1478 500 1667 571 ἀγάπη,
1691 497 1747 554 id
1767 499 1902 570 quod
1917 500 2043 556 due-

430 594 533 653 ctio
556 593 693 666 apud
720 591 925 648 (ἔτασσε
942 599 1014 645 est
1038 588 1203 663 (Tert.
1220 589 1434 661 ApoLc.
1452 590 1758 662 59,p.475).
1777 590 2043 664 Numquid
2064 630 2069 641 ρ

432 703 562 759 ergo
577 687 661 744 his
678 684 1000 758 editionibus
1019 682 1256 755 praefecti
1276 682 1414 739 hanc
1432 697 1662 757 grtecam
1682 697 1867 739 vocem
1894 683 2044 740 addi-

429 780 582 848 dere,
610 796 769 852 quam
791 793 965 850 gnsco
991 777 1292 836 nescientes
1315 776 1517 832 librarii
1534 776 1771 833 scribere
1793 776 1910 833 ausi
1933 792 2041 835 non

428 875 596 934 sunt?
619 876 740 933 Alio
771 884 950 931 tamen
978 873 1033 929 in
1051 872 1189 929 libro
1204 858 1412 944 scripta
1438 870 1601 928 latine
1627 868 1920 938 invenitur,
1950 870 2043 931 ubi

426 971 544 1043 ipse
561 969 923 1028 Tertullianus
945 966 1012 1025 de
1025 966 1349 1041 martyribus
1370 966 1421 1022 in
1440 980 1710 1022 carcerem
1731 965 1907 1021 missis
1924 965 2042 1022 haze

426 1064 645 1121 scribit:
672 1062 953 1135 Qutejusta
974 1070 1091 1117 sunt
1118 1075 1238 1115 caro
1264 1076 1367 1114 non
1392 1060 1598 1129 amittit,
1629 1075 1718 1129 per
1742 1074 1918 1113 curam
1934 1055 2039 1112 Ec-

425 1158 595 1214 clesia:
639 1165 687 1213 et
732 1173 932 1230 agapen
980 1142 1197 1225 fratrum
1251 1152 1445 1227 (Idem.
1501 1152 1588 1208 lib.
1639 1152 1708 1207 ad
1764 1151 1985 1224 Martgr.
2020 1193 2037 1220 ,

426 1269 542 1322 cap.
579 1252 662 1321 2).
705 1250 783 1307 lbi
838 1262 1017 1306 autem
1070 1262 1264 1304 nomen
1316 1247 1446 1303 illud
1486 1261 1582 1303 sua
1633 1245 1847 1319 propria
1876 1243 2042 1316 signi-

427 1344 677 1401 ficatione
725 1357 824 1414 pro
867 1340 1130 1397 charitate
1174 1348 1229 1394 et
1277 1338 1573 1395 dilectione
1611 1337 1892 1409 accipitur.
1959 1335 2039 1393 Eo

429 1445 612 1493 tamen
666 1435 885 1492 nomine
922 1433 974 1488 in
1004 1434 1120 1502 ejus
1161 1430 1532 1502 Apologetico,
1574 1430 1652 1486 uti
1699 1430 1766 1485 ab
1812 1428 2041 1501 Origene

427 1529 685 1602 (Origen.
716 1528 807 1584 lib.
850 1525 874 1583 Ι
915 1536 1079 1582 contr.
1132 1524 1349 1598 Cels.),
1406 1540 1438 1580 a
1480 1523 1637 1579 nobis
1692 1523 1819 1579 alibi
1871 1523 2040 1582 citato

427 1625 574 1701 (tom.
618 1624 923 1696 IApparat.
978 1639 1100 1695 pag.
1143 1620 1270 1693 7l5)
1296 1662 1313 1688 ,
1366 1629 1586 1676 vocatur
1612 1617 2039 1676 Christianorum

428 1732 606 1786 omna,
633 1716 686 1772 in
715 1730 821 1786 qua
864 1715 1134 1787 praecipue
1174 1712 1446 1770 eminebat
1487 1712 1707 1771 illorum
1744 1721 1928 1768 mutua
1957 1710 2041 1769 di-

429 1810 592 1867 leCtio
619 1818 674 1866 et
699 1810 952 1865 charitas.

498 1901 591 1960 [lla
618 1902 799 1978 igitur,
832 1901 888 1958 in
913 1899 1136 1971 hujusw
1160 1899 1361 1956 amoris
1380 1899 1570 1971 pignus
1616 1897 1765 1965 data,
1796 1913 1904 1955 non
1932 1913 2035 1971 po-

432 2003 572 2052 terat
600 1995 780 2065 utique
804 1992 1062 2050 dissoluta
1090 2007 1212 2050 esse
1239 2000 1291 2049 et
1322 1990 1565 2066 prodiga.
1613 1991 1684 2048 At
1710 1991 1952 2064 quamvis
1980 1991 2036 2049 in

432 2088 524 2144 illa
555 2086 752 2158 aliquid
780 2084 971 2143 fuisset
984 2083 1141 2143 effusi
1162 2094 1325 2156 atque
1339 2084 1660 2156 sumptuosi,
1686 2099 1793 2140 non
1807 2084 1928 2140 ideo
1956 2093 2036 2141 ta-

428 2198 551 2240 men
572 2183 642 2239 ab
669 2170 896 2238 ethnicis
925 2180 1216 2252 vituperari
1241 2179 1490 2236 debebat.
1509 2178 1860 2249 Quantumvis
1889 2177 2034 2235 enim

427 2293 554 2335 care
597 2278 960 2346 constitisset,
990 2275 1090 2332 hac
1118 2274 1794 2348 indigentesjuvabantur.
1849 2275 2030 2347 Atqui,

382 2364 385 2367 ἤ
425 2375 564 2433 sicut
589 2376 790 2448 optime
816 2376 1067 2431 observat
1092 2374 1293 2429 Auctor
1316 2382 1500 2429 noster
1525 2392 1538 2428 :
1580 2369 1804 2426 Lucrum
1827 2380 1901 2426 est
1928 2371 2035 2441 pie-

426 2470 542 2524 tatis
570 2473 737 2542 facere
763 2477 1021 2541 sumptum
1046 2465 1268 2540 (Tertul.
1304 2466 1460 2536 Apol.
1492 2482 1541 2521 c.
1573 2462 1665 2531 3,9,
1698 2481 1820 2537 pag.
1852 2463 1962 2520 475
1983 2463 2028 2535 ).

425 2560 654 2617 Tantum
685 2562 814 2617 vero
843 2561 1048 2626 aberat,
1102 2568 1158 2615 ut
1189 2558 1482 2615 Christiani
1527 2557 1583 2614 in
1630 2556 1771 2614 hanc
1820 2570 2033 2614 ccenam

423 2662 669 2726 sumptus
699 2655 962 2710 maximos
982 2653 1242 2721 facerent,
1263 2662 1319 2709 ut
1344 2667 1554 2709 summa
1579 2666 1710 2709 sane
1733 2651 2035 2729 frugalitate

424 2764 487 2805 ac
523 2749 785 2805 modestia
824 2749 1171 2821 praeberetur.
1205 2749 1498 2805 Enimvero
1533 2748 1667 2804 nihil
1706 2748 2032 2819 intempera-

425 2852 538 2898 tum
566 2850 659 2897 aut
696 2842 1129 2907 immoderatum,
1175 2840 1282 2909 vel,
1328 2840 1469 2896 sicut
1518 2840 1595 2896 ait
1649 2839 2028 2909 Tertullianus,

424 2935 552 2991 nihil
578 2936 806 3003 vilitatis,
834 2934 965 2990 nihil
997 2934 1329 2991 immodestia
1352 2935 1572 2989 admittit
1602 2932 1764 3005 (Ibid.
1790 2952 1844 3006 p.
1875 2934 2035 3006 477).

424 3028 631 3085 Nomen
679 3037 861 3087 autem
889 3030 986 3085 vile
1031 3029 1319 3102 aliquando
1358 3029 1588 3085 sumitur
1617 3044 1713 3100 pro
1738 3029 1955 3085 sordido
1981 3037 2040 3087 et

424 3124 667 3203 abjecto,
706 3122 997 3195 aliquando
1027 3123 1187 3179 etiam
1218 3137 1316 3194 pro
1344 3122 1675 3188 abundanti;
1722 3138 1828 3195 quo
1873 3137 2039 3179 sensu

2145 504 2235 573 qui
2267 504 2338 560 ibi
2359 505 2425 560 ad
2449 506 2565 577 plus
2589 515 2680 562 aut
2709 508 2887 565 minus
2910 510 3296 567 comedendum
3354 514 3752 591 bibendumque

2143 605 2443 666 cogeretur.
2510 597 2647 667 Quid
2673 615 2800 656 vero
2826 601 2870 657 si
2898 603 3146 660 Auctoris
3195 607 3364 661 nostri
3411 622 3605 667 sensus
3655 612 3749 682 sit,

2147 696 2272 746 tunc
2321 691 2621 750 esurientes
2665 693 2845 750 edisse
2883 711 2984 750 non
3014 696 3165 764 ultra,
3208 708 3264 753 ut
3293 699 3520 771 ipsemet
3562 712 3751 774 postea

2142 780 2377 853 loquitur
2404 782 2566 855 (Ibid.
2592 802 2708 857 cap.
2733 786 2824 855 42,
2855 805 2976 860 pag.
2997 788 3155 858 491),
3187 801 3279 846 ant
3307 810 3573 865 perperam
3604 813 3624 851 :
3654 797 3751 856 sed

2143 884 2400 946 quantum
2446 876 2520 931 illi
2562 879 2789 949 capiant,
2818 878 2886 935 ad
2927 879 3125 938 famem
3169 882 3420 941 nimirum
3469 888 3745 947 moderate

2143 964 2547 1040 depellendam;
2574 979 2733 1042 atque
2750 972 2820 1026 ita
2844 980 2902 1028 ut
2925 974 2992 1028 ad
3011 974 3187 1029 cibum
3215 987 3505 1050 potumque
3526 996 3744 1039 sumen-

2142 1057 2269 1114 dum
2300 1058 2618 1117 necessitate
2640 1078 2742 1118 non
2769 1065 3039 1135 voluptate
3060 1066 3382 1125 ducerentur
3406 1075 3429 1126 ἲ
3458 1069 3749 1131 Continen-

2143 1159 2224 1206 ter
2255 1151 2397 1207 enim
2427 1152 2735 1233 subjunxit:
2780 1154 2996 1225 Bibitur,
3022 1171 3267 1230 quantum
3288 1164 3485 1233 pudicis
3511 1166 3633 1221 utile
3675 1176 3751 1223 est

2143 1244 2306 1316 (Ibid.
2329 1262 2447 1316 cap.
2478 1247 2565 1313 59,
2602 1265 2723 1320 pag.
2747 1249 2851 1305 477
2873 1250 2917 1323 ),
2952 1251 3054 1307 hoc
3079 1262 3185 1322 est,
3214 1270 3277 1310 ea
3307 1256 3617 1326 sobrietate,
3648 1275 3752 1332 qua

2144 1338 2396 1409 pudicitia
2426 1339 2629 1395 nullum
2659 1341 2781 1427 inde
2806 1342 3187 1401 detrimentum
3214 1348 3459 1419 accipiat.

2216 1431 2328 1489 Hac
2355 1432 2533 1504 itaque
2562 1433 2615 1489 in
2641 1435 2762 1491 cibo
2781 1446 2835 1491 et
2862 1448 2991 1508 potu
3019 1444 3393 1510 temperantia,
3416 1444 3487 1498 ita
3512 1454 3752 1503 saturan-

2143 1532 2245 1594 tur,
2276 1528 2450 1596 inquit
2472 1525 2683 1599 (Ibid.),
2709 1527 2760 1583 id
2789 1537 2892 1596 est,
2925 1530 2989 1586 iis
3015 1531 3151 1588 adeo
3184 1543 3477 1606 temperate
3508 1549 3749 1608 utuntur,

2142 1625 2197 1671 ut
2222 1617 2309 1688 qui
2338 1618 2653 1673 meminerint
2683 1621 2833 1675 etiam
2875 1639 2965 1692 per
2992 1635 3191 1680 noctem
3223 1626 3390 1681 Deum
3426 1630 3751 1687 adorandum

2142 1709 2239 1763 sibi
2262 1726 2390 1765 esse.
2450 1708 2561 1766 Nos
2602 1728 2731 1769 vero
2758 1714 3101 1773 manifestum
3127 1718 3251 1774 alibi
3279 1721 3500 1778 cuilibet
3529 1723 3757 1783 fecimus

2064 1816 2115 1878 Β
2143 1802 2287 1876 (tam.
2319 1803 2340 1858 ι
2367 1803 2617 1876 Apparat.
2647 1847 2661 1873 ,
2692 1806 2778 1862 lib.
2824 1807 2914 1875 Ill,
2943 1809 3145 1866 dissert.
3189 1813 3243 1882 1,
3275 1831 3389 1886 cap.
3412 1816 3466 1883 6,
3498 1834 3617 1889 pag.
3650 1819 3759 1875 7η

2138 1907 2186 1954 et
2215 1895 2370 1972 seq.),
2404 1908 2529 1958 tunc
2557 1899 2609 1955 in
2638 1916 2788 1958 more
2817 1892 3167 1976 institutoque
3193 1908 3449 1978 positum,
3493 1920 3551 1966 ut
3579 1910 3756 1967 chris-

2140 1992 2270 2048 tiani
2298 2000 2456 2049 nocte
2494 1991 2561 2048 ad
2589 1991 2758 2050 Deum
2786 1995 3048 2053 orandum
3076 2008 3380 2070 surgerent.
3409 2001 3754 2076 Quapropter

2136 2084 2205 2157 ad
2237 2101 2456 2143 uxorem
2495 2101 2648 2142 suam
2679 2087 2770 2143 ille
2798 2089 3098 2146 scribebat:
3138 2089 3412 2149 Latebisne
3438 2104 3607 2150 lu.....
3634 2114 3757 2153 cunt

2137 2181 2289 2236 etiam
2326 2200 2416 2253 per
2454 2193 2650 2238 noctem
2688 2185 2918 2258 exsurgit:
2953 2197 3155 2242 oratum
3182 2189 3200 2259 (
3230 2188 3448 2246 Tertull.
3480 2193 3567 2247 lib.
3611 2192 3659 2251 ll
3684 2196 3756 2250 ad

2142 2271 2303 2330 Uxor.
2332 2290 2447 2346 cap.
2476 2275 2556 2347 5).
2601 2273 2796 2332 Verum
2837 2278 2889 2334 in
2927 2292 2993 2334 eo
3022 2279 3354 2353 Apologetici
3392 2284 3511 2339 loco
3551 2268 3656 2341 non
3684 2287 3757 2345 de

2135 2365 2359 2439 singulis
2389 2367 2634 2443 noctibus
2662 2369 2857 2441 agitur,
2900 2370 2996 2427 sed
3042 2373 3105 2427 iis
3137 2381 3364 2441 tantum,
3406 2378 3601 2447 quibus
3629 2379 3755 2437 festi

2134 2474 2409 2516 sacrarum
2440 2475 2714 2532 synaxeon
2745 2459 2862 2517 dies
2891 2464 3327 2523 celebrabantur.
3349 2468 3450 2524 Per
3474 2469 3605 2526 illud
3636 2482 3755 2529 tan-

2134 2551 2259 2609 dem
2285 2567 2458 2609 cmua:
2508 2563 2738 2624 tempus,
2767 2553 2958 2625 inquit,
2991 2556 3283 2614 Christiani
3315 2561 3387 2614 ita
3429 2561 3749 2634 fabulantur,

2133 2652 2188 2699 ut
2212 2645 2297 2715 qui
2340 2644 2503 2700 sciant
2542 2643 2709 2700 Deum
2747 2645 2928 2701 audire
2955 2647 2974 2718 (
3001 2645 3171 2713 Idem,
3206 2650 3475 2725 Apologet.
3507 2670 3622 2725 cap.
3654 2655 3748 2724 39,

2137 2755 2258 2811 pag.
2284 2738 2435 2812 477),
2461 2755 2810 2812 quaecumque
2838 2742 2914 2798 illi
2940 2742 3079 2800 inter
3104 2759 3163 2801 se
3188 2720 3261 2802 de
3283 2720 3443 2805 rebus
3471 2720 3736 2825 colloque;

2138 2841 2326 2888 rentur
2349 2831 2569 2889 divinis.

2209 2925 2373 2982 Addit
2399 2927 2619 2997 insuper
2651 2927 2881 3001 hymnos
2917 2930 3094 2987 adhuc
3141 2942 3327 3003 postea
3352 2934 3463 2993 Deo
3491 2936 3744 2996 decanta-

2139 3027 2243 3085 tos,
2273 3028 2435 3091 atque
2465 3020 2601 3085 hinc,
2649 3019 2841 3092 inquit,
2888 3024 3133 3091 probatur
3159 3010 3409 3096 quomodo
3451 3030 3515 3098 is,
3571 3048 3604 3085 a
3633 3048 3747 3104 iquo

2139 3114 2470 3180 canebantur,
2511 3113 2686 3169 biberit
2715 3113 2927 3187 (lbid.),
2982 3115 3035 3172 id
3073 3125 3177 3184 est,
3219 3130 3416 3190 quanta
3456 3122 3747 3181 sobrietate

422 3216 558 3273 dixit
609 3216 860 3288 Virgilius
898 3216 1142 3287 vilemque
1189 3216 1456 3287 phaselum
1507 3214 1724 3290 (Virgil.
1768 3215 1788 3271 l
1819 3216 2035 3290 Georg.,
2061 3221 2108 3285 (ς
2141 3221 2205 3262 ac
2225 3206 2575 3278 temperantia
2601 3206 2814 3264 biberit.
2844 3209 2914 3264 At
2939 3208 3059 3278 quis
3083 3209 3182 3284 hac
3212 3219 3321 3269 tam
3343 3212 3553 3271 sincera
3574 3230 3746 3273 orente

424 3324 472 3364 v.
518 3309 673 3380 257),
700 3309 752 3365 id
784 3317 884 3376 est,
916 3318 973 3364 ut
997 3309 1374 3366 animadvertit
1399 3310 1637 3376 Servius,
1664 3309 2025 3368 abundantem.

423 3402 566 3460 Nam
594 3404 728 3476 quod
756 3403 1005 3471 abundat,
1030 3404 1127 3458 vile
1149 3412 1224 3459 est
1246 3421 1265 3471 ;
1288 3412 1379 3459 ut:
1407 3402 1589 3460 vilibus
1615 3413 1717 3460 aut
1729 3414 1905 3460 onerat
1930 3421 2028 3477 po-

422 3498 541 3552 mis.
622 3498 694 3552 At
726 3495 771 3551 si
802 3495 904 3552 hoc
933 3496 1216 3566 posteriori
1265 3495 1565 3568 significatu
1610 3498 1814 3559 Auctor
1845 3506 2029 3554 noster

419 3588 548 3646 illud
578 3604 775 3646 nomen
800 3590 1027 3661 accepit,
1058 3598 1259 3646 sensus
1283 3588 1429 3646 illius
1470 3590 1574 3646 erit
1609 3590 1740 3647 nihil
1769 3593 1822 3646 in
1848 3590 2025 3647 chris-

417 3682 684 3739 tianorum
717 3697 870 3740 coena
895 3681 1061 3739 fuisse
1089 3681 1419 3754 superﬂuum
1458 3691 1514 3739 et
1542 3683 1868 3741 redundans.
1912 3683 2025 3741 No-

414 3775 499 3833 bis
526 3787 705 3835 tamen
735 3778 942 3834 facilius
968 3778 1379 3850 persuadebitur
1399 3777 1720 3850 adjectivum
1755 3778 1885 3835 illud
1930 3780 2027 3835 vile

416 3870 659 3931 adhiberi
687 3872 854 3946 priori
903 3887 1066 3930 sensu
1095 3889 1192 3945 pro
1220 3871 1441 3929 sordido
1471 3880 1527 3928 et
1553 3872 1784 3944 abjecto.
1835 3871 2024 3928 Chris-

415 3963 682 4020 tianorum
725 3965 868 4021 enim
912 3981 1122 4022 cmnam
1162 3965 1385 4037 opponit
1410 3965 1687 4038 gentilium
1738 3964 2021 4035 conviviis,

416 4057 471 4115 in
492 4059 686 4130 quibus
703 4058 927 4117 infames
946 4061 1187 4132 parasiti,
1211 4059 1488 4116 hominum
1517 4060 1757 4115 omnium
1776 4058 2023 4127 vilissimi

413 4152 929 4222 admittebantur,ad
957 4154 1310 4219 contumelias,
1342 4153 1498 4209 sicuti
1527 4152 1618 4208 ille
1647 4152 1903 4224 loquitur,
1936 4167 2023 4209 sa-

410 4244 653 4319 ginandi.
703 4244 847 4301 Nihil
874 4245 1037 4303 etiam
1091 4246 1425 4302 immodestia:
1478 4245 1534 4301 in
1560 4245 1647 4302 illa
1674 4245 2017 4317 cernebatur,

411 4347 570 4409 atque
616 4339 774 4411 plane
822 4339 1158 4412 discrepabat
1187 4358 1215 4397 a
1244 4340 1558 4398 memoratis
1586 4340 1654 4396 ab
1697 4341 1789 4396 illo
1818 4340 2018 4398 ibidem

410 4431 685 4505 gentilium
704 4433 898 4505 epulis,
921 4443 975 4492 et
996 4434 1439 4505 Bacchanalibus,
1468 4434 1538 4494 de
1558 4434 1752 4507 quibus
1771 4449 1870 4493 nos
1889 4434 2020 4491 alibi

409 4536 465 4583 et
490 4525 625 4582 infra
652 4525 828 4585 adhuc
851 4529 1142 4600 agendum.

2131 3299 2444 3357 christiana:
2480 3298 2842 3370 descriptione
2873 3317 2979 3356 non
3020 3294 3281 3377 intelligat
3308 3315 3591 3378 _quantum
3622 3292 3751 3366 tuo:

2132 3392 2344 3463 derata,
2372 3392 2600 3466 frugalis
2626 3392 2820 3466 piaque
2848 3392 3042 3450 fuerit?

2734 3527 3028 3572 ARTICULUS
3058 3531 3132 3571 ιν.

2130 3648 2211 3706 De
2259 3650 2339 3706 his
2378 3667 2491 3723 qua:
2527 3661 2640 3723 post
2689 3668 2883 3708 cwnam
2924 3655 2977 3710 in
3009 3642 3416 3715 Christianorum
3465 3660 3750 3731 synaxibus

2200 3746 2517 3817 agebantur;
2558 3746 2621 3801 de
2646 3763 2777 3817 aqua
2813 3751 3044 3805 manuali
3061 3767 3080 3817 ;
3120 3752 3183 3806 de
3208 3753 3431 3806 accensis
3463 3752 3747 3811 luminibus

2198 3847 2246 3893 et
2271 3854 2531 3909 synamcon
2572 3838 2737 3905 hora;
2778 3840 2842 3895 de
2871 3843 3085 3897 canticis
3114 3851 3160 3897 et
3190 3844 3429 3915 hymnis;
3467 3843 3529 3898 de
3548 3845 3747 3916 gratia-

2198 3949 2311 3987 rum
2337 3931 2552 4002 actione,
2583 3943 2628 3988 et
2651 3934 3046 3990 christianorum
3074 3935 3323 3991 discessu.

2198 4072 2329 4128 Post
2355 4087 2587 4140 comam,
2616 4089 2703 4141 eo,
2728 4091 2834 4146 quo
2858 4075 3227 4145 exposuimus,
3260 4075 3443 4145 modo,
3472 4076 3655 4134 datam
3683 4089 3743 4139 et

2124 4161 2353 4228 ilnitam,
2384 4164 2485 4218 tria
2517 4163 2690 4219 adhuc
2716 4179 2743 4218 a
2774 4165 3093 4221 Christianis
3113 4175 3229 4221 acta
3256 4166 3342 4222 his
3369 4167 3740 4228 Tertullianus

2126 4254 2302 4333 verbis
2334 4263 2586 4311 enarrat:
2625 4254 2750 4311 Post
2774 4272 2963 4326 aquam
2995 4258 3306 4326 manualem,
3354 4269 3400 4315 et
3434 4262 3649 4329 lumina,
3680 4270 3739 4317 ut

2123 4348 2336 4419 quisque
2377 4347 2441 4402 de
2487 4348 2776 4420 Scripturis
2819 4352 3032 4418 sanctis,
3060 4351 3138 4406 vel
3174 4352 3236 4408 de
3287 4356 3494 4426 proprio
3533 4356 3738 4428 ingenio

2123 4450 2312 4512 potest,
2339 4452 2647 4513 provocatur
2671 4441 2977 4497 inmedium
3030 4442 3141 4499 Deo
3171 4461 3351 4502 canere
3401 4447 3731 4520 (Tertullian.

2124 4534 2395 4607 Apologet.
2425 4551 2542 4607 cap.
2572 4534 2662 4604 59,
2704 4553 2822 4608 pag.
2859 4536 3009 4609 477).
3054 4537 3292 4594 Primum
3318 4540 3501 4611 itaque
3531 4541 3733 4598 notavit

478 4617 660 4676 Sacrae
687 4634 850 4692 porro
878 4620 1300 4680 Christianorum
1356 4637 1557 4680 mensa:
1603 4640 1708 4680 non
1732 4624 1877 4695 prius
1906 4625 2018 4682 dis-
2043 4630 2098 4693 D
2124 4645 2319 4702 aquam
2349 4629 2674 4697 manualem,
2706 4646 2825 4701 quae
2852 4630 3105 4687 nimirum
3132 4631 3199 4687 ad
3222 4648 3412 4689 manus
3437 4633 3733 4692 abluendas

406 4702 679 4780 curabitur,
724 4714 898 4787 inquit
925 4713 1306 4783 Tertullianus,
1348 4734 1499 4789 quam
1532 4719 1694 4773 oratio
1736 4719 1806 4774 ad
1847 4717 2014 4775 Deum
2119 4724 2513 4797 porrigebatur.
2555 4723 2629 4780 Ea
2658 4735 2838 4781 autem
2866 4726 3204 4782 consuetudo
3229 4742 3336 4781 non
3369 4727 3543 4783 solum
3582 4727 3727 4799 apud

407 4816 744 4879 prwgustetur
769 4805 1100 4879 (Tertullian.
1128 4808 1395 4880 Apologet.
1424 4824 1541 4879 cap.
1573 4808 1674 4874 59,
1707 4826 1828 4882 pag.
1852 4810 2010 4885 477).

407 4897 525 4956 Jam
573 4910 751 4957 autem
798 4901 1014 4958 dixerat
1051 4912 1209 4958 antea
1241 4902 1363 4960 illos
1402 4896 1524 4960 ideo
1551 4915 1927 4977 congregatos,
1955 4915 2015 4962 ut

406 4994 597 5061 Deum,
627 4996 781 5052 sicuti
813 4996 1308 5065 animadvertimus,
1339 5008 1685 5069 precarentur
1713 5009 1768 5056 et
1821 5014 2013 5056 exora-

405 5094 547 5144 rent.
573 5086 725 5169 Nnnc
747 5089 925 5163 itaque
945 5091 1013 5148 de
1033 5090 1116 5147 his
1138 5091 1385 5163 precibus
1409 5091 1664 5164 loquitur,
1686 5106 1819 5164 quas
1838 5108 2011 5152 etesse

407 5180 735 5251 prmmittere
762 5182 1030 5241 solebant.
1066 5185 1138 5241 At
1167 5195 1314 5242 certe
1338 5201 1368 5241 a
1397 5185 1611 5242 Iustino
1637 5196 1872 5258 martyre
1896 5188 2011 5246 dis-

404 5273 576 5331 cimus
605 5289 697 5331 eas
724 5273 869 5332 fusas
894 5275 1058 5334 fuisse
1100 5288 1221 5350 post
1268 5294 1435 5335 sacrm
1486 5279 1775 5351 Scriptura:
1824 5282 2025 5338 lectio-'

406 5381 554 5437 nem,
572 5378 625 5425 et
645 5370 912 5442 praepositi
934 5371 1385 5444 cohortationem,
1412 5374 1506 5431 sed
1538 5383 1819 5447 antequam
1840 5377 2014 5448 panis,

408 5461 593 5519 vinum
618 5470 674 5520 et
701 5478 835 5536 aqua
863 5462 1208 5526 oﬂ‘errentur.

480 5555 663 5629 Pergit
735 5555 1132 5615 Tertullianus:
1206 5558 1398 5617 Editur
1443 5570 1688 5635 quantum
1739 5560 2012 5619 esurientes

2115 4820 2460 4886 christianos,
2513 4817 2609 4875 sed
2652 4819 2883 4890 gentiles
2930 4820 3094 4876 etiam
3145 4819 3465 4875 invalnerat.
3533 4820 3731 4877 Narrat

2113 4906 2259 4962 enim
2288 4906 2576 4961 iubeamus
2605 4916 2730 4960 ante
2757 4913 2813 4962 et
2842 4915 2962 4974 post
2989 4920 3223 4970 coenam,
3257 4920 3288 4961 a
3320 4905 3525 4962 Graecis
3545 4902 3728 4965 datam

2112 4997 2392 5055 abluendis
2419 4997 2665 5054 manibus
2691 5012 2904 5068 aquam,
2937 4998 3267 5069 primamque
3281 5023 3408 5056 καιτοι
3431 5009 3606 5071 χειρὸς,
3640 5014 3731 5057 se-

2114 5091 2344 5146 cundam
2373 5096 2697 5160 ἀπωίψασθιιι
2724 5089 2755 5144 a
2774 5089 3039 5146 veteribus
3059 5090 3316 5160 appellari
3336 5092 3591 5159 (Athenio.
3635 5093 3726 5148 tib.

2116 5181 2189 5238 XI
2212 5182 2588 5254 Deipnasoph.,
2612 5198 2729 5251 cap.
2756 5181 2847 5249 18,
2884 5197 3002 5252 pag.
3029 5180 3160 5249 408;
3194 5182 3291 5250 id.,
3322 5182 3648 5254 lib.lV,cap.
3671 5184 3723 5252 l,

2116 5292 2241 5349 pag.
2273 5274 2399 5341 H8,
2421 5283 2466 5330 et
2492 5290 2610 5345 cap.
2637 5273 2691 5342 2,
2724 5290 2844 5345 pag.
2874 5271 2981 5330 £29
3005 5274 3054 5346 ).
3092 5274 3245 5344 Quod
3270 5276 3485 5348 quidem
3515 5277 3604 5333 ille
3633 5291 3727 5331 va-

2117 5368 2215 5425 riis
2256 5367 2579 5437 scriptorum
2628 5366 2951 5422 testimoniis
2988 5368 3323 5439 comprobat.
3387 5369 3543 5426 Prius
3592 5385 3726 5428 vero

2120 5460 2289 5519 edidit
2310 5459 2669 5533 fragmentum
2690 5459 2933 5530 epistola:
2951 5459 3284 5533 Hippolochi,
3307 5477 3410 5530 qua
3431 5463 3727 5536 scripserat

2120 5556 2364 5630 expletos
2382 5555 2507 5613 cibo
2523 5555 2779 5613 convivas
2805 5570 2997 5612 manus
3023 5556 3234 5614 lavisse.
3264 5557 3535 5615 Memoria:
3559 5560 3721 5615 etiam

2114 5650 2453 5722 Lampridius
2479 5649 2714 5722 prodidit
2750 5650 2990 5709 exhibita
3014 5653 3084 5708 ab
3104 5651 3450 5725 Heliogabalo
3475 5655 3723 5724 parasitis

2114 5744 2338 5814 fercula,
2367 5745 2439 5803 ita
2467 5754 2527 5803 ut
2553 5760 2649 5817 per
2686 5745 2893 5819 singula
2934 5746 3199 5817 biberent,
3227 5756 3275 5805 et
3318 5764 3521 5816 manus,
3571 5748 3720 5821 quasi

2115 5840 2468 5916 comedissent,
2516 5841 2743 5902 levarent
2769 5841 3086 5916 (Lamprid.,
3144 5841 3201 5901 in
3239 5841 3341 5902 Vit.
3391 5842 3718 5920 Heliogabal.

409 5648 619 5722 capiant
646 5646 873 5722 (Ibid);
931 5665 1052 5724 quae
1100 5652 1314 5723 quidem
1344 5663 1650 5713 nostrorum
1689 5665 1745 5713 et
1771 5664 2012 5717 veterum

408 5740 655 5799 codicum
681 5742 949 5802 editorum
995 5743 1156 5803 lectio
1201 5755 1309 5807 est.
1394 5748 1674 5821 Displicuit
1720 5757 1899 5807 tamen
1924 5748 2013 5807 illa

408 5834 662 5911 Rigaltio,
683 5838 952 5915 scribique
977 5840 1194 5917 propria
1221 5842 1539 5905 auctoritate
1566 5842 1759 5919 voluit,
1774 5845 2009 5920 cupiunt,
