4076 6356
239 310 355 382 951

1345 312 1800 375 DISSERTATIO
1834 312 1898 373 D.
1939 313 2029 374 LE
2063 312 2372 377 NOURRY.

3436 309 3559 389 95$.

210 478 225 492 .
248 452 370 511 pag.
390 434 497 493 3ιὸ
517 435 560 507 ).
589 432 707 492 Mos
734 414 895 507 igitur
911 431 1002 491 ille
1026 445 1216 490 manus
1242 436 1364 506 po‘st
1385 448 1594 491 coenam
1622 433 1841 490 abluen-
1864 438 1918 501 Α
1942 433 2041 492 sub
2067 440 2352 505 vesperam
2378 432 2409 488 ἑ
2439 431 2690 501 comatis,
2739 432 2793 490 in
2833 432 2953 492 aliis
2990 446 3119 492 vero
3152 442 3278 493 ante
3325 450 3545 495 omnem

236 528 323 602 (di,
366 535 549 599 utpote
596 525 873 591 honestus,
920 540 951 580 a
988 523 1308 581 Christianis
1343 540 1556 597 quoque
1583 518 1843 596 observa-

246 621 423 700 batur.
466 619 674 679 Videsis
695 602 1092 676 Theodoretum
1118 627 1170 676 et
1186 617 1320 676 alios
1347 616 1672 690 (Tlteodoret.
1699 617 1787 673 lib.
1820 616 1842 675 ι

250 712 393 770 Hist.
425 712 647 777 Eccles.,
679 728 795 782 cap.
828 710 943 782 l8).

320 794 601 877 Eiplicatu
629 804 810 875 itaque
862 802 1163 861 difﬁciliora
1205 804 1345 860 haud
1389 803 1548 861 dubie
1598 802 1843 876 plurimis

248 900 569 957 videbuntur
596 897 712 955 hzec
741 897 849 955 duo
868 898 1251 970 subsequentia
1277 898 1592 956 Tertulliani
1637 897 1838 954 verba:

248 991 319 1049 Et
347 992 557 1049 lumina.
599 991 766 1048 Nobis
794 990 1007 1062 quidem
1036 990 1087 1046 id
1120 1007 1227 1047 non
1260 991 1411 1059 latet,
1443 989 1585 1063 quod
1625 989 1841 1061 quidam

247 1064 574 1142 annotarunt
610 1085 662 1140 in
696 1082 931 1141 Woverii
969 1082 1155 1140 codice
1196 1085 1452 1156 scriptum
1500 1083 1569 1139 ad
1607 1083 1800 1139 lumina
1822 1098 1842 1137 :

248 1179 345 1238 sed
372 1178 419 1234 is
446 1179 594 1235 solus
616 1176 787 1234 codex
820 1177 1033 1234 caeteris
1061 1178 1312 1234 omnibus
1343 1175 1580 1248 prmierri
1610 1190 1715 1231 non
1740 1173 1839 1230 de-

247 1270 361 1328 bet.
402 1268 479 1325 lbi
531 1271 941 1326 autem.Auctor
976 1278 1160 1327 noster
1195 1271 1430 1326 monitos
1471 1270 1655 1340 procul
1679 1268 1841 1325 dubio

248 1380 348 1422 nos
377 1380 496 1421 esse
524 1364 689 1420 voluit
721 1373 846 1420 tunc
871 1379 1099 1420 accensa
1125 1363 1289 1421 fuisse
1309 1364 1508 1420 lumina
1534 1380 1550 1431 ;
1590 1364 1713 1435 quia
1742 1363 1843 1420 sub

246 1472 526 1530 vesperam
568 1457 857 1513 Christiani
919 1456 1398 1530 congregabantur,
1451 1456 1842 1527 cmnabantque

247 1551 401 1606 linito
425 1551 534 1621 jam
562 1549 670 1617 die,
707 1564 769 1605 ac
793 1558 1075 1621 postquam
1114 1564 1178 1607 ea
1218 1550 1420 1616 omnia,
1452 1564 1572 1620 quae
1623 1563 1842 1605 enarra-

245 1644 443 1708 vimus,’
471 1639 608 1697 facta
639 1641 870 1697 fuerant.
940 1640 1023 1697 Ob
1060 1642 1438 1697 necessitatem
1482 1640 1663 1712 igitur,
1691 1648 1746 1696 et
1772 1638 1841 1696 ad

244 1735 529 1808 fugaridas,
557 1734 1008 1807 quemadmodum
1050 1737 1137 1792 ille
1182 1735 1310 1791 alibi
1351 1734 1639 1806 signiﬁcat,
1666 1735 1842 1791 noctis

245 1829 474 1885 tenebras
498 1830 612 1885 hare
638 1828 840 1884 lumina
877 1827 1305 1885 accendebantur
1334 1826 1659 1900 (Tertullian.
1694 1828 1836 1900 Apo-

244 1921 396 1994 loget.
428 1938 542 1993 cap.
570 1923 622 1989 7,
656 1938 776 1994 pag.
802 1920 951 1991 506).
982 1919 1088 1978 Sed
1132 1921 1201 1978 de
1229 1919 1313 1978 his
1338 1921 1448 1991 jam
1485 1919 1685 1992 aliquid
1710 1919 1838 1977 alibi

243 2015 668 2082 observavimus,
690 2024 745 2071 et
767 2023 949 2085 postea
970 2013 1146 2070 adhuc
1173 2006 1662 2071 animadvertemus
1686 2009 1836 2086 (Dis-

241 2119 413 2168 sertat.
441 2111 498 2165 in
527 2109 762 2165 Lactant.
793 2125 908 2179 cap.
939 2109 1028 2177 25,
1056 2119 1150 2164 art.
1184 2107 1262 2182 2).

320 2204 485 2260 Nobis
526 2218 657 2260 vero
706 2203 898 2276 aliquis
939 2203 1126 2275 procul
1173 2203 1337 2259 dubio
1357 2203 1573 2273 objiciet
1601 2218 1615 2257 :
1645 2202 1702 2258 Si
1722 2202 1837 2258 hmo

246 2295 671 2372 ChriStianorum
694 2311 924 2368 synaxes
949 2296 1050 2351 sub
1090 2311 1373 2368 vesperum
1394 2295 1742 2367 cogebantur,
1772 2309 1837 2351 ac

243 2388 419 2445 noctis
464 2388 616 2444 initio
645 2403 853 2446 clauum
884 2389 962 2445 illi
999 2388 1345 2456 inchoabant,
1395 2403 1491 2445 cur
1519 2387 1661 2444 idem
1700 2386 1834 2443 Ter-

243 2482 496 2538 tullianus
541 2482 641 2539 bos
669 2494 840 2540 cretus
866 2483 994 2539 alibi
1037 2483 1386 2539 antelucanos
1413 2482 1691 2554 appellat?
1727 2481 1836 2538 Cur

242 2575 348 2631 alio
388 2576 440 2630 in
480 2575 616 2631 libro
658 2575 823 2631 dixit:
865 2574 1209 2631 Eucharistia:
1253 2586 1627 2632 sacramentum
1683 2576 1836 2631 etiam

242 2669 555 2723 antelucanis
581 2669 786 2724 canibus
828 2669 1072 2724 sumimus
1125 2667 1365 2740 (Tertull.
1409 2668 1500 2726 lib.
1556 2668 1619 2722 de
1645 2667 1831 2724 Coron.

242 2760 418 2826 milit.,
450 2778 565 2832 cap.
624 2760 727 2834 5).
769 2761 952 2834 Neque
997 2762 1103 2818 alio
1170 2763 1387 2817 nomine
1430 2776 1461 2816 a
1514 2750 1687 2818 Plinio
1737 2760 1835 2819 8e-

243 2854 420 2910 cundo
480 2854 534 2908 in
590 2869 686 2910 sua
726 2854 795 2911 ad
837 2855 1125 2925 Trajauum
1181 2855 1560 2925 imperatorem
1609 2853 1837 2926 epistola

243 2940 457 3004 vocatos
484 2963 604 3005 esse
636 2957 883 3005 testatur.
957 2949 1016 3005 lu
1045 2964 1108 3006 ea
1136 2948 1424 3021 siquidem,
1474 2958 1532 3005 ut
1560 2949 1674 3020 ipse
1700 2948 1834 3005 Ter-

243 3040 495 3098 tullianus
540 3042 745 3109 retulit,
784 3043 991 3099 Plinius
1043 3043 1336 3114 scripserat
1379 3042 1512 3098 nihil
1553 3043 1607 3097 in
1655 3052 1833 3098 sacra-

245 3138 420 3191 mentis
441 3152 611 3191 eorum
640 3137 1051 3193 Christianorum
1074 3154 1127 3192 se
1151 3139 1473 3209 comperisse,
1500 3153 1651 3207 quam
1681 3144 1837 3191 cintus

242 3227 569 3283 antelucanos
610 3230 678 3282 ad
704 3232 986 3285 canendum
1019 3230 1219 3285 Christo
1249 3241 1295 3285 et
1339 3229 1445 3285 Deo
1475 3228 1668 3303 (Idem,
1698 3230 1837 3299 Apo-

243 3319 395 3391 loget.
426 3336 541 3391 cap.
569 3320 626 3388 2,
644 3338 762 3393 pag.
783 3322 1091 3392 975).Quin
1117 3324 1276 3377 etiam
1300 3321 1356 3378 hi
1376 3332 1547 3378 castus
1573 3336 1785 3377 rursum
1807 3335 1838 3377 a

244 3413 579 3470 Tertulliano
633 3416 982 3471 nominantur
1040 3425 1319 3472 nocturna:
1379 3415 1836 3471 convocationes:

247 3506 373 3576 Quis
407 3508 689 3574 uo‘cturnis,
719 3508 909 3578 inquit,
932 3507 1390 3576 convocationibus,
1434 3507 1478 3562 si
1506 3508 1576 3561 ita
1600 3515 1837 3577 oportue-

241 3599 329 3666 rit,
363 3615 572 3654 uxorem
597 3616 628 3653 a
654 3600 809 3655 latere
836 3616 929 3655 suo
958 3600 1114 3655 adimi
1143 3600 1352 3655 libenter
1388 3600 1551 3671 feret?
1588 3599 1655 3655 Et
1682 3598 1839 3670 paulo

241 3700 363 3762 post
390 3710 404 3747 :
439 3690 559 3747 Non
580 3694 697 3748 sciet
727 3693 938 3747 maritus
957 3694 1080 3764 quid
1093 3703 1282 3749 secreto
1308 3703 1423 3748 ante
1452 3709 1649 3747 onmem
1670 3692 1839 3748 cibum

241 3798 432 3860 gnstes,
463 3797 624 3860 atque
648 3788 784 3845 adeo
809 3789 1085 3844 matutinis
1131 3787 1315 3854 horis;
1357 3797 1403 3861 et
1431 3789 1476 3843 si
1504 3787 1703 3843 sciverit
1740 3804 1836 3857 pa-

243 3898 378 3950 nem,
421 3898 524 3936 non
548 3880 693 3937 illum
731 3881 890 3936 credit
935 3897 1060 3948 esse,
1093 3881 1180 3953 qui
1209 3881 1393 3935 dicitur
1426 3880 1445 3952 (
1476 3878 1646 3947 Idem,
1678 3878 1765 3934 lib.
1789 3878 1837 3935 ll

242 3973 311 4031 ad
383 3973 573 4043 Uxor,
640 3990 755 4043 cap.
812 3974 847 4030 4
878 3973 919 4046 ).
959 3973 1133 4031 Simili
1177 3974 1339 4030 etiam
1385 3973 1546 4029 modo
1610 3971 1837 4044 Cypria-

243 4083 345 4125 nus
382 4068 448 4125 ad
512 4068 792 4124 Caecilium
847 4066 963 4123 lucc
1002 4067 1057 4122 in
1096 4067 1257 4124 verba
1320 4066 1572 4138 scripsit:
1620 4063 1740 4121 Nisi
1791 4067 1836 4122 si

245 4161 298 4217 in
329 4161 589 4216 matutinis
610 4165 706 4217 hoc
729 4161 840 4233 quis
876 4169 1100 4225 veretur,
1124 4176 1187 4215 ne
1213 4176 1301 4229 per
1328 4175 1562 4230 saporem
1604 4159 1705 4213 vini
1756 4175 1834 4214 re-

244 4255 412 4311 doleat
464 4256 759 4328 sanguinem
806 4254 997 4311 Christi
1055 4253 1324 4328 (Cyprian.
1378 4255 1527 4325 epist.
1590 4253 1659 4310 63
1689 4295 1705 4323 ,
1765 4256 1834 4310 ad

242 4345 488 4419 (ἰωὴ).
545 4347 677 4415 Quae
741 4356 919 4403 tamen
979 4348 1034 4404 in
1103 4348 1222 4403 aliis
1260 4347 1503 4418 pluribus
1554 4347 1834 4405 codicibus

242 4439 620 4509 manuscriptis
662 4440 733 4494 ita
765 4440 1050 4512 leguntur:
1106 4439 1218 4495 Hoc
1263 4442 1379 4511 quis
1408 4451 1626 4509 veretur,
1666 4458 1730 4497 ne
1759 4442 1833 4496 vi-

242 4551 363 4589 num
402 4532 602 4600 offerat,
630 4549 694 4588 ne
732 4549 819 4603 per
846 4550 1079 4604 saporem
1104 4535 1228 4600 vini,
1278 4535 1433 4589 odore
1464 4537 1737 4605 ﬂagrante,
1768 4535 1831 4590 ab

241 4625 439 4695 inﬁdeli
466 4625 773 4680 conscientia
801 4626 928 4679 odor
950 4620 1066 4679 vini
1096 4626 1234 4703 lteris
1264 4628 1525 4682 matutinis
1562 4628 1714 4697 fuerit
1743 4645 1832 4701 ag-

240 4721 395 4787 nitus,
429 4729 475 4775 et
504 4728 806 4792 agnoscatur
832 4736 941 4775 esse
967 4719 1293 4785 christianus,
1326 4721 1445 4775 dum
1490 4738 1582 4778 nos
1626 4726 1833 4794 sangui-

239 4829 355 4868 nem
385 4812 575 4869 Christi
604 4811 655 4866 in
673 4812 777 4867 vini
804 4812 1056 4867 oblatione
1079 4805 1549 4870 commemoramus.

311 4907 652 4964 Difﬁcultatis
674 4907 834 4979 hujus
859 4908 1059 4964 nodum
1084 4908 1300 4980 quidam
1328 4911 1462 4966 solvi
1490 4925 1652 4982 posse
1676 4919 1832 4969 autu-

239 5011 388 5056 mant
430 5000 811 5072 distinguendo
853 5000 1048 5072 duplex
1094 5015 1368 5075 synaxeon
1412 5018 1600 5075 genus.
1661 5003 1834 5062 Unum

242 5095 383 5150 enim
411 5108 532 5149 esse
557 5096 727 5162 aiunt,
757 5093 810 5150 in
836 5108 944 5166 quo
983 5093 1317 5151 Eucharistia
1349 5111 1379 5150 a
1404 5078 1835 5169 Christianis/je—

237 5184 382 5258 junis
408 5200 618 5241 summo
646 5201 804 5243 mane
850 5189 1180 5245 sumebatur.
1260 5190 1503 5246 Alterura
1547 5206 1676 5247 vero
1704 5191 1831 5249 illud

240 5293 363 5335 esse
392 5286 635 5345 censent,
662 5278 731 5335 de
753 5294 861 5351 quo
884 5281 1112 5352 agimus,
1139 5282 1283 5355 quod
1309 5298 1513 5355 agapen
1544 5284 1829 5354 vocabant,

238 5370 553 5441 solebatque
578 5370 678 5428 sub
705 5386 984 5444 vesperam
1012 5373 1270 5432 inchoari.
1346 5377 1451 5434 Sed
1481 5386 1667 5434 contra
1694 5378 1833 5438 hanc

238 5464 643 5535 responsionem
671 5463 848 5522 facere
867 5466 1115 5522 videntur
1139 5467 1301 5525 Socra
1310 5476 1387 5525 tcs
1402 5478 1459 5526 et
1477 5470 1831 5542 Sozomenus,

239 5556 331 5627 qui
364 5569 613 5613 asserunt
638 5571 745 5613 non
774 5545 1021 5615 eumdem
1045 5557 1245 5631 ubique
1265 5576 1294 5616 a
1324 5561 1632 5621 christianis
1650 5577 1833 5622 serva-

239 5656 351 5706 tum
389 5658 562 5711 cretus
599 5665 726 5707 suos
754 5651 947 5723 agendi
991 5667 1222 5710 morem.
1278 5653 1508 5712 Narrant
1547 5659 1746 5730 quippe
1774 5659 1829 5717 in

238 5743 557 5816 quihusdam
589 5743 843 5803 Ecclesiis
887 5745 1134 5815 sabbato,
1167 5746 1221 5804 in
1258 5746 1378 5806 aliis
1430 5748 1700 5810 dominica
1741 5753 1829 5811 die

238 5846 387 5900 actas
418 5850 678 5913 διωθεῖ
723 5853 896 5917 σιω-ι,
915 5852 1131 5923 quoque
1162 5841 1419 5915 mysteria
1456 5842 1512 5907 in
1548 5846 1825 5915 nonnullis

1945 527 2121 583 cibum
2157 535 2371 597 accepta
2401 525 2628 600 (Socrat.
2658 527 2748 583 lib.
2776 527 2822 585 V
2848 526 3047 585 Histor.
3091 528 3315 598 Eccles.,
3344 548 3459 603 cap.
3483 531 3545 603 2,

1945 638 2065 693 pag.
2087 620 2215 687 287;
2236 621 2358 678 Soz.
2381 621 2469 677 lib.
2507 620 2598 679 VII
2616 620 2812 677 Histor.
2839 621 3035 679 Eccles.
3058 640 3174 693 cap.
3194 625 3282 680 17.
3306 643 3360 697 p.
3389 626 3543 695 755).

1945 712 2001 768 Si
2025 722 2201 769 autem
2228 714 2347 770 illos
2368 714 2435 770 de
2457 729 2555 770 suo
2584 716 2783 785 potius,
2809 732 2969 787 quam
2989 719 3362 789 antiquissimo
3386 730 3546 793 atque

1945 805 2106 861 etiam
2140 805 2456 862 Tertulliani
2493 810 2662 862 nostri
2710 817 2955 877 tempore
2997 809 3143 879 loqui
3183 809 3399 874 dixerit.
3446 826 3546 869 nec

1945 896 2000 952 id
2029 897 2181 952 facile
2210 898 2476 969 probabit,
2506 913 2605 954 nec
2652 896 2877 954 multum
2920 900 3182 970 proficiet.
3247 901 3381 957 Nam
3407 902 3544 960 Ter-

1947 990 2226 1057 tullianus,
2258 1006 2363 1045 non
2392 1005 2550 1047 secus
2570 1000 2729 1062 atque
2755 991 2997 1048 Justinus
3028 1005 3251 1067 martyr,
3276 996 3349 1050 uti
3379 1012 3450 1052 ex
3480 996 3544 1053 iis

1946 1090 2094 1153 patet
2147 1096 2268 1151 qua:
2307 1082 2554 1153 superius
2597 1085 2996 1149 annotavimus,
3026 1085 3262 1157 disputat
3289 1087 3546 1147 adversus

1946 1173 2211 1238 ethnicos,
2254 1175 2344 1246 qui
2382 1183 2491 1231 tam
2523 1175 2679 1243 falso,
2714 1192 2873 1248 quam
2916 1177 3173 1234 audacter
3200 1180 3546 1238 clamitabant
3624 1200 3633 1203 '

1946 1269 2213 1325 horrenda
2244 1284 2460 1340 prorsus
2490 1270 2539 1325 in
2577 1268 3000 1327 Christianorum
3023 1268 3311 1344 synaxibus
3339 1276 3545 1332 scelera

1947 1361 2261 1433 perpetrari,
2281 1377 2461 1419 nonne
2484 1378 2611 1433 ergo
2630 1363 2698 1419 de
2713 1364 2961 1420 omnibus
2981 1365 3138 1436 plane
3154 1368 3443 1438 synaxibus
3463 1370 3546 1424 lo-
3578 1398 3585 1405 -

1946 1456 2147 1528 quitur,
2180 1457 2233 1511 in
2265 1457 2459 1528 quibus
2481 1473 2566 1525 ea,
2588 1474 2707 1530 quae
2741 1459 3053 1529 agebantur,
3084 1461 3317 1518 breviter
3344 1472 3397 1518 et
3412 1450 3549 1520 vere

1946 1549 2204 1620 exponit?
2238 1547 2452 1605 Certum
2501 1566 2714 1622 quoque
2756 1563 2840 1607 est
2882 1552 3202 1610 christianos
3229 1554 3544 1624 quibusdam

1946 1642 2001 1697 in
2031 1643 2479 1706 solemnitatibus.
2522 1645 2658 1699 sicut
2687 1644 2956 1700 Paschalis
2985 1645 3104 1701 festi
3141 1654 3303 1701 totam
3333 1657 3545 1704 noctem

1946 1735 2309 1808 pervigilasse.
2356 1736 2434 1791 Ad
2476 1752 2625 1791 suam
2652 1752 2881 1808 namque
2923 1753 3145 1793 uxorem
3186 1738 3547 1796 Tertullianus

1946 1828 2189 1897 scripsit:
2229 1827 2354 1895 Quis
2375 1827 2682 1884 solemnibus
2700 1828 2917 1884 Pascha:
2964 1830 3315 1885 abnoctantem
3343 1847 3546 1889 securus

1939 1921 2283 1993 sustinebit?(
2325 1919 2538 1977 Tertull.
2600 1923 2687 1978 lib.
2740 1923 2781 1978 ll
2828 1924 2896 1978 ad
2926 1923 3258 1996 Uxor.,cap.
3302 1926 3404 1998 4).
3437 1925 3545 1985 Sed

1942 2016 1994 2070 in
2046 2017 2396 2088 Apologetico
2449 2032 2554 2073 non
2602 2017 2671 2074 de
2710 2017 2793 2075 his
2833 2027 3088 2087 tantum,
3130 2020 3225 2076 sed
3273 2021 3393 2077 aliis
3450 2036 3544 2093 sy-

1939 2108 2167 2164 naxibus
2203 2108 2441 2177 disserit,
2465 2125 2598 2181 quas
2637 2111 2691 2166 in
2732 2112 2961 2167 multam
2997 2122 3213 2169 noctem
3246 2114 3545 2184 producere

1939 2199 2219 2257 christiani
2252 2211 2667 2258 consueverant.
2733 2202 2877 2259 Nihil
2908 2219 3038 2275 ergo
3067 2203 3315 2275 prohibet
3337 2205 3549 2276 quomi-

1940 2310 2041 2351 nus
2075 2295 2385 2352 antelucani
2424 2306 2621 2366 coetus,
2682 2306 2735 2354 et
2798 2310 3077 2356 nocturna:
3135 2301 3546 2369 convocationes

1940 2389 2364 2462 appellarentur.

2012 2481 2194 2538 ’l‘ertio
2217 2482 2579 2540 Tertullianus
2600 2493 2782 2541 narrat
2805 2494 2923 2556 post
2948 2486 3090 2541 illam
3116 2485 3546 2546 Christianorum

1938 2591 2171 2644 caenam,
2203 2586 2259 2632 ut
2288 2578 2497 2649 quisque
2525 2579 2589 2633 de
2625 2578 3121 2652 Scripturis’sanctis
3148 2582 3226 2636 vel
3251 2581 3313 2637 de
3339 2583 3548 2654 proprio

1938 2670 2140 2741 ingenio
2163 2680 2345 2741 potest,
2365 2682 2666 2741 provocatur
2693 2674 2747 2727 in
2772 2674 2993 2729 medium
3021 2674 3129 2730 Deo
3149 2692 3329 2732 canere
3349 2676 3546 2747 (Idem,

1938 2761 2231 2835 ApologeL,
2257 2780 2373 2835 cap.
2405 2764 2498 2829 59,
2526 2782 2647 2838 pag.
2676 2764 2826 2838 477).
2874 2766 3102 2823 Remota
3140 2768 3319 2839 itaque
3341 2785 3546 2840 mensa,

1937 2856 2570 2928 unusquisquehymnum
2592 2858 2847 2929 aliquem,
2870 2868 2963 2913 aut
2987 2858 3331 2930 desumptum
3354 2877 3417 2917 es
3450 2877 3538 2918 sa-

1941 2961 2033 3004 cra
2072 2947 2368 3019 Scriptura,
2409 2959 2500 3005 aut
2539 2951 2757 3020 proprio
2796 2951 3026 3022 ingenio
3051 2951 3105 3007 in
3147 2952 3409 3010 honorem
3451 2953 3549 3012 Dei

1939 3042 2317 3112 compositum,
2380 3042 2433 3097 in
2485 3042 2648 3098 totius
2681 3028 2969 3100 consessus
3011 3053 3067 3101 et
3114 3060 3331 3102 coronae
3371 3046 3549 3103 medio

1940 3139 2241 3195 cauendum
2277 3141 2689 3211 provocabatur.
2750 3141 2819 3196 At
2846 3141 3142 3213 Cyprianus
3174 3141 3435 3197 Donatum
3476 3140 3545 3200 ad

1942 3233 2178 3306 psalmos
2226 3233 2460 3303 quodam
2500 3233 2588 3290 die
2636 3235 3003 3290 concinendos
3042 3233 3194 3290 hisce
3231 3233 3551 3291 adhortatur

1944 3327 2156 3383 verbis:
2199 3325 2277 3380 Et
2298 3328 2540 3397 quoniam
2563 3328 2748 3400 feriata
2772 3344 2909 3382 nunc
2945 3328 3108 3399 quies,
3152 3343 3213 3382 ac
3238 3337 3434 3399 tempus
3475 3337 3550 3385 est

1941 3420 2180 3485 otiosum,
2223 3419 2491 3491 quidquid,
2533 3420 2780 3475 inclinato
2825 3421 2938 3491 jam
2982 3419 3089 3474 sole
3117 3460 3133 3487 ,
3174 3420 3228 3475 in
3285 3435 3546 3491 vesperam

1943 3515 2042 3571 diei
2080 3524 2331 3585 superest,
2388 3515 2636 3569 ducamus
2690 3515 2822 3570 hunc
2878 3514 3012 3569 diem
3068 3514 3191 3582 (tati,
3243 3531 3333 3569 nec
3370 3516 3434 3571 sit
3473 3514 3551 3572 vel

1943 3607 2070 3662 liora
2108 3607 2327 3663 convivii
2363 3610 2532 3679 gratia
2560 3608 2779 3663 caelestis
2815 3607 3095 3662 immunis:
3142 3615 3286 3662 sonet
3328 3608 3551 3678 psalmos

1941 3701 2226 3756 convivium
2264 3700 2512 3766 sobrium,
2546 3709 2593 3754 et
2632 3710 2688 3754 ut
2722 3698 2809 3754 tibi
2849 3699 3094 3755 memoria
3130 3708 3283 3755 tenax
3320 3710 3415 3769 est,
3454 3715 3553 3755 vos:

1939 3811 2149 3863 canora,
2192 3793 2468 3866 aggredere
2505 3794 2599 3848 hoc
2620 3809 2826 3847 -munus
2865 3808 2928 3848 ex
2957 3809 3116 3848 more.
3216 3793 3388 3865 Magis
3425 3793 3551 3847 clia-

1939 3888 2167 3943 rissimos
2206 3903 2383 3959 pasces
2406 3930 2422 3956 ,
2462 3888 2507 3942 si
2544 3888 2608 3943 sit
2646 3885 2790 3941 nobis
2845 3887 3091 3958 spiritalis
3129 3886 3361 3953 auditio;
3423 3904 3551 3958 pro-

1939 3970 2087 4037 lectet
2124 3997 2271 4036 aures
2295 3982 2536 4053 religiosa
2574 3979 2791 4035 dulcedo
2821 3978 3089 4053 (Cyprian.
3122 3979 3213 4035 lib.
3239 3979 3307 4034 ad
3329 3978 3546 4050 Donat.,

1936 4076 1992 4131 in
2021 4076 2113 4145 ﬁn.
2144 4074 2189 4148 ).
2264 4075 2320 4132 Si
2358 4076 2480 4146 quis
2507 4084 2686 4131 autem
2738 4075 2955 4146 objiciet
2988 4075 3059 4129 ibi
3104 4075 3431 4148 Cyprianum
3479 4075 3549 4134 de

1938 4169 2105 4225 sacris
2144 4183 2249 4225 nou
2295 4168 2439 4239 loqui
2469 4167 2780 4241 synaxihus,
2828 4166 2952 4239 quid
3000 4169 3122 4224 inde
3177 4169 3551 4243 promovebit?

1938 4262 1994 4320 Si
2022 4263 2163 4318 enim
2200 4263 2254 4319 in
2303 4263 2679 4318 communibus
2707 4262 2877 4319 omnis
2933 4262 3127 4333 psalmi
3174 4258 3546 4334 captabantur,

1937 4367 2135 4429 quanto
2172 4356 2347 4428 potius
2385 4357 2439 4412 in
2478 4356 2645 4412 sacris
2684 4356 2974 4428 synaxibus
3004 4358 3212 4414 concini
3238 4354 3549 4416 debebant?

1937 4452 1999 4508 Et
2030 4452 2430 4515 ccrtoPlinius,
2483 4451 2551 4508 ab
2592 4451 2709 4523 ipso
2763 4451 3091 4507 Tertulliano
3142 4452 3339 4510 citatus
3392 4453 3546 4526 (Ter-

1937 4545 2141 4601 tullian.
2202 4544 2511 4615 Apologet.,
2571 4560 2687 4613 cap.
2767 4544 2859 4609 59,
2923 4563 3039 4617 pag.
3108 4546 3256 4617 467),
3304 4544 3370 4601 ad
3410 4544 3548 4601 Tra-

1933 4638 2151 4708 janum,
2198 4637 2335 4692 sicut
2374 4648 2528 4693 antea
2587 4637 2855 4703 vidimus,
2898 4639 3187 4709 scripserat
3244 4652 3350 4693 non
3401 4637 3549 4695 aliud

1937 4729 2139 4786 crimen
2163 4731 2215 4784 in
2246 4730 2574 4785 anteculanis
2593 4730 3013 4787 Christianorum
3040 4729 3543 4800 congregationibus

1938 4837 1970 4879 a
1995 4836 2055 4879 se
2086 4821 2504 4892 deprehensum,
2538 4822 2641 4880 nisi
2665 4824 2807 4895 quod
2836 4822 3095 4897 hymnum
3132 4819 3348 4878 Christo
3389 4822 3546 4893 quasi

1939 4914 2053 4970 Deo
2077 4923 2354 4971 canerent.
2393 4915 2469 4972 De
2497 4914 2583 4972 bis
2614 4930 2776 4987 porro
2798 4915 3011 4990 hymnis
3038 4900 3166 4971 alibi
3191 4913 3544 4974 disseruimus

1914 5005 2112 5079 ,(Tom.
2143 5007 2165 5063 l
2192 5007 2467 5079 Apparat.,
2501 5025 2635 5079 pag;
2653 5009 2780 5076 415,
2813 5006 2920 5064 656
2945 5016 2993 5062 et
3021 5005 3170 5079 658).

2012 5100 2160 5157 Talis
2197 5116 2358 5172 porro
2394 5102 2492 5158 luit
2528 5101 2688 5172 hujus
2724 5101 2953 5157 convivii
2996 5100 3141 5165 ﬁnis,
3173 5100 3330 5171 quale
3366 5099 3541 5159 fuerat

1937 5194 2078 5252 illius
2109 5194 2345 5251 initium:
2371 5193 2512 5251 Nam
2539 5210 2682 5267 teque
2707 5196 2891 5262 oratio,
2921 5194 2993 5250 ait
3014 5192 3396 5261 Tertullianus,
3421 5210 3542 5250 con-

1936 5288 2120 5343 vivium
2148 5288 2362 5344 dirimit.
2409 5288 2587 5345 Finito
2612 5289 2792 5360 itaque
2835 5287 3181 5358 psalmorum,
3213 5287 3326 5344 sive
3365 5287 3542 5345 canti-

1935 5397 2144 5451 corum,
2171 5384 2257 5440 vel
2284 5383 2602 5457 hymnorum
2623 5382 3109 5451 eantu,Christ.iani
3139 5398 3325 5455 preces
3353 5397 3538 5441 rursus

1935 5474 2003 5529 ad
2031 5475 2229 5547 gratias
2257 5476 2367 5531 Deo
2386 5475 2617 5547 agendas
2639 5473 2951 5532 fundebant.
2977 5474 3217 5544 Denique
3236 5474 3356 5530 inde
3374 5473 3540 5531 disce-

1934 5566 2090 5634 ditur,
2124 5569 2284 5625 verba
2314 5568 2488 5624 adhuc
2509 5576 2635 5624 sunt
2655 5566 2993 5635 Tertulliani,
3019 5568 3087 5622 ad
3107 5566 3335 5623 eamdem
3360 5584 3537 5623 curam

1933 5662 2193 5719 modestia:
2216 5670 2262 5717 et
2287 5661 2563 5733 pudicitia,
2605 5662 2693 5729 qui
2730 5678 2835 5718 non
2864 5671 2966 5717 tam
2992 5676 3185 5717 comam
3210 5659 3532 5729 cmnaverint,

1931 5772 2085 5834 quam
2121 5753 2788 5828 disciplinam(Tcrtullian.
2820 5755 3112 5827 Apologet.,
3143 5769 3259 5825 cap.
3283 5750 3375 5821 39,
3408 5768 3529 5825 pag.

1930 5851 2081 5927 477),
2120 5850 2224 5915 hoc
2252 5860 2357 5926 est,
2386 5866 2629 5916 normam
2669 5852 2757 5943 pie
2811 5858 3100 5924 sancteque
3161 5846 3372 5913 vivendi
3404 5889 3422 5922 ,
3460 5860 3527 5907 ac
