4076 6356
600 325 711 387 059

1673 311 1744 370 IN
1780 305 2247 370 TERTULLIANI
2283 303 2812 369 APOLOGETICUM
2852 372 2859 377 _

3797 307 3897 368 960

600 400 837 503 divinam
878 445 934 497 et
968 436 1265 511 spiritalem
1306 444 1413 506 qua
1440 430 1579 505 pasti
1608 429 1852 495 fuerant.
1881 428 2208 485 doctrinam.
2234 423 2290 488 Α
2314 439 2659 496 componere.
2726 425 2810 483 Ad
2848 432 3092 485 nostrum
3130 424 3275 483 enim
3318 423 3653 499 propositum
3690 434 3895 485 notasse

597 540 671 598 At
705 539 774 597 de
802 536 905 591 hoc
942 531 1206 598 modesto,
1246 529 1519 600 religioso,
1551 526 1746 597 pudico
1775 524 2206 581 Christianorum

605 632 674 687 ab
703 629 930 686 ecclesia
960 626 1203 683 discessu
1238 633 1416 679 actum
1455 636 1486 677 a
1512 620 1665 677 nobis
1690 618 1814 675 alibi
1842 617 1984 688 fuit(
2018 626 2145 671 tom.
2181 614 2205 672 ι

600 729 877 801 Apparet,
922 740 1043 797 pag.
1071 722 1224 793 715).

1222 848 1517 892 Αιιτιουιυε
1554 847 1610 886 V.

602 931 870 1005 Quomodo
900 947 964 987 ea:
989 929 1432 999 Therapeutarum
1460 923 1782 981 conventibus
1819 939 1878 978 ea
1910 922 2208 991 conﬁrmari

671 1026 883 1098 possint,
902 1039 1016 1096 qua:
1035 1023 1098 1078 de
1123 1021 1531 1078 Christianorum
1557 1015 1836 1089 sgnaau‘bus
1856 1015 1992 1069 dicta
2012 1022 2148 1069 sunt.

672 1167 832 1223 Plura
881 1164 1037 1221 Philo
1067 1162 1317 1235 judzcus,
1356 1177 1421 1218 ac
1460 1169 1577 1233 post
1623 1159 1771 1215 illum
1816 1156 2096 1225 Eusebius,
2138 1156 2206 1214 de

602 1259 1060 1331 Therapeutarum
1093 1253 1444 1311 conventibus
1474 1253 1749 1310 memoria:
1792 1250 2114 1305 mandarunt
2138 1247 2205 1305 iis

602 1353 820 1420 similia,
849 1367 971 1423 qua:
1002 1352 1056 1407 in
1084 1349 1509 1406 Christianorum
1548 1346 1838 1420 synaxibus
1877 1353 1992 1400 acta
2024 1344 2206 1399 hacte-

604 1462 708 1503 nus
738 1446 987 1501 vidimus.
1029 1442 1390 1513 Quamobrem
1430 1457 1551 1495 cum
1580 1441 1695 1495 tunc
1727 1449 1963 1494 mutuam
1998 1436 2099 1492 sibi
2126 1435 2206 1491 lu-

604 1553 723 1595 cem
740 1538 869 1594 dare
887 1536 1111 1609 possint,
1137 1534 1337 1590 nemini
1364 1533 1653 1604 ingratum,
1673 1547 1735 1586 ac
1754 1530 1998 1601 pluribus
2024 1528 2204 1583 forsan

607 1648 712 1688 non
737 1645 957 1702 prorsus
978 1629 1168 1684 inutile
1184 1628 1300 1683 fore
1326 1635 1595 1698 putamus,
1615 1625 1660 1679 si
1688 1624 1835 1679 brevi
1864 1621 2205 1678 enarratione

603 1733 729 1779 ante
757 1722 995 1778 onmium
1042 1721 1227 1776 oculos
1262 1735 1325 1774 ea
1377 1732 1655 1789 ponamus,
1688 1732 1807 1787 qua:
1836 1714 1904 1769 ab
1931 1715 2033 1769 illis
2059 1711 2203 1768 The-

2306 518 2504 575 sufficit
2550 519 2840 577 Eusebium
2881 520 3037 578 fateri
3063 535 3126 577 ea
3158 535 3278 593 qua:
3303 534 3336 575 a
3384 518 3611 577 Philone
3636 519 3892 593 descripta

2306 612 2560 681 vidimus,
2587 628 2618 669 a
2648 613 2970 671 Christianis
2997 613 3161 670 fuisse
3186 612 3466 670 observata
3494 654 3511 681 ,
3555 618 3641 668 tusi
3697 621 3895 683 μάλιστα

2305 713 2393 769 τὰς
2411 724 2496 772 τῆς
2544 716 2750 778 (ar/51m
2798 717 2961 783 lepra;
3013 714 3329 778 παννυχίδας,
3376 714 3460 762 καὶ
3507 713 3593 772 τὰς
3625 715 3672 763 ἓν
3712 712 3891 769 nam

2307 806 2565 869 ἀσκήσας,
2590 807 2719 865 ,τούς
2760 828 2811 862 τε
2856 811 3067 875 λέγεσθαι
3099 806 3320 863 εἰωθότας
3377 811 3490 874 πρὸς
3544 805 3892 871 ἡμῶνζῦμνιυς.

2308 892 2475 962 Atque
2502 894 2555 949 in
2579 894 2758 965 primis
2785 893 3049 966 pervigilia
3087 908 3289 964 magna:
3313 890 3673 961 solemnitatis,
3701 892 3892 962 piasque

2308 987 2362 1042 in
2390 986 2569 1053 iisdem
2594 988 2991 1054 exercitationes,
3019 998 3067 1042 et
3095 988 3310 1060 hgmnos
3337 986 3423 1058 qui
3469 1003 3503 1041 a
3530 986 3678 1040 nobis
3705 986 3893 1040 recitari

2309 1081 2471 1135 solent
2507 1078 2721 1150 (Euseb.
2759 1079 2847 1135 lib.
2878 1079 2922 1135 ll
2950 1079 3144 1136 Eccles.
3174 1080 3394 1146 Histor.,
3434 1095 3551 1151 cap.
3582 1079 3676 1145 l7,
3710 1095 3762 1150 ρ.
3792 1077 3891 1149 57).

2378 1170 2489 1227 Nec
2516 1180 2599 1228 est
2624 1185 2773 1237 sane,
2804 1172 2946 1244 quod
2972 1174 3092 1243 quis
3120 1172 3337 1242 ohjiciat
3383 1171 3526 1227 hunc
3554 1186 3789 1238 errasse,
3816 1172 3893 1242 qui

2308 1262 2408 1319 hos
2436 1263 2800 1336 Therapeulas
2839 1280 3029 1335 reapse
3052 1264 3262 1335 judaeos
3291 1305 3307 1332 ,
3335 1262 3717 1335 judaicamque
3745 1262 3893 1335 legem

2306 1353 2639 1426 profitentes,
2670 1370 2769 1426 pro
2792 1356 3099 1412 christianis
3128 1356 3332 1412 habuit.
3362 1354 3599 1412 Tametsi
3632 1356 3895 1411 enimvero

2307 1447 2505 1518 aliquid
2546 1447 2617 1503 ibi
2659 1449 2873 1505 humani
2914 1464 3101 1521 passus
3140 1450 3242 1517 sit;
3284 1464 3445 1507 nemo
3487 1458 3667 1505 tamen
3717 1464 3895 1520 negare

2306 1551 2485 1612 potest
2511 1556 2694 1598 sacros
2721 1542 3157 1599 Christianorum
3188 1544 3342 1609 ritus,
3388 1542 3477 1614 qui
3520 1543 3640 1613 ejus
3668 1549 3822 1614 atque
3844 1558 3896 1598 e-

2308 1634 2435 1690 tiam
2464 1636 2729 1704 superiori
2773 1644 2930 1692 aetate
2958 1636 3011 1692 in
3044 1637 3299 1693 Ecelesiis
3326 1636 3779 1700 observabantur,
3809 1634 3895 1708 ipsi

2306 1742 2413 1782 non
2444 1726 2607 1783 fuisse
2635 1728 2951 1799 incognitas.
3002 1729 3167 1800 Atqui
3192 1739 3376 1800 aperte
3430 1737 3709 1785 asseverat
3732 1727 3898 1801 plures

605 1816 841 1887 rapentis
866 1814 1179 1886 agebantur.
1207 1811 1338 1868 Nam
1368 1812 1420 1866 hi
1451 1812 1563 1867 sive
1591 1810 1880 1865 mosaicam
1907 1808 2100 1878 legem,
2127 1805 2201 1861 uti
2230 1833 2280 1894 Β
2309 1818 2471 1876 fuisse
2499 1834 2681 1877 sacras
2712 1819 3140 1877 Christianorum
3173 1831 3332 1892 atque
3368 1819 3897 1892 Therapeuml-umj"

603 1909 759 1966 Philo
784 1908 1173 1980 opiuatur,sive
1194 1905 1562 1972 christianum,
1590 1903 1745 1960 sicuti
1775 1902 2004 1958 Eusebio
2031 1901 2202 1956 visum

607 2012 710 2068 est,
739 2002 853 2057 sive
879 2010 936 2056 ut
965 2000 1354 2056 recentioribus
1389 1996 1706 2071 quibusdam
1747 1995 1965 2067 placuit,
1996 2003 2202 2049 utram-

604 2112 708 2166 que
747 2096 907 2152 simul
940 2095 1314 2160 observarent,
1355 2109 1421 2148 ex
1460 2093 1651 2148 horum
1694 2080 1842 2146 cerle
1880 2089 2072 2145 ritibus
2111 2087 2203 2143 illa

603 2188 762 2261 plane
799 2188 1001 2243 firmari
1035 2196 1276 2258 possunt,
1312 2200 1432 2257 qua:
1468 2184 1535 2241 de
1575 2181 1890 2240 Christianis
1916 2179 2203 2236 Tertullia-

604 2296 706 2336 nus
736 2279 941 2337 retulit.

673 2370 867 2428 Narrat
897 2381 1073 2427 autem
1103 2371 1259 2427 Philo
1277 2369 1489 2443 judacus
1519 2369 1603 2425 his
1634 2368 1986 2440 Therapeutis
2005 2409 2020 2435 ,
2066 2380 2204 2438 quos

604 2462 871 2521 Eusebius
909 2463 1070 2520 Marci
1119 2463 1466 2535 evangelista
1519 2462 1811 2533 discipulos
1849 2476 1972 2517 esse
2008 2460 2200 2516 existi-

524 2572 527 2579 '
606 2566 738 2623 mat,
778 2555 1063 2627 septimum
1116 2555 1378 2626 cujusque
1438 2553 1787 2609 hebdomadis
1837 2552 1979 2608 diem
2038 2550 2203 2607 fuisse

606 2648 798 2705 festum
839 2664 901 2705 ae
937 2657 1226 2715 sacratum,
1284 2646 1380 2703 sed
1437 2662 1558 2702 eum
1609 2647 1661 2700 in
1706 2645 1915 2715 primis,
1953 2644 2042 2716 qui
2082 2652 2205 2715 post

571 2773 583 2785 ς
604 2747 812 2811 septem
850 2738 1212 2795 hebdomadas
1243 2736 1651 2810 recurritU’ln'l.
1673 2736 1849 2791 deVit.
1868 2737 2198 2806 contempla.,

604 2850 726 2904 pag.
757 2833 884 2901 893,
910 2843 955 2888 et
982 2833 1086 2889 899
1113 2842 1159 2887 et
1190 2848 1354 2903 seqq.;
1380 2831 1564 2887 Euseb.
1590 2830 1679 2886 tib.
1702 2831 1741 2886 ll
1772 2830 1968 2886 Eccles.
1999 2829 2200 2887 Hister.

603 2942 721 2995 cap.
758 2925 825 2981 16
854 2936 899 2980 et
927 2941 1059 2996 seq.,
1088 2943 1209 2997 pag.
1242 2926 1312 2981 55
1337 2934 1383 2979 et
1423 2941 1560 2995 seqq.
1597 2923 1636 2996 ).
1696 2922 1897 2979 Omnes
1957 2940 2088 2981 vero
2126 2925 2202 2981 illi

596 3012 717 3074 tam
743 3013 865 3082 viri,
902 3034 1058 3089 quam
1088 3018 1343 3074 mulieres
1364 3033 1429 3074 eo
1452 3018 1538 3074 die
1560 3019 1611 3072 in
1632 3032 1796 3071 unum
1820 3018 2017 3086 locum,
2048 3018 2203 3090 signo

605 3112 755 3181 dato,
773 3113 1180 3180 conveniebant,
1200 3112 1511 3184 inibantque
1533 3112 1858 3179 convivium,
1891 3127 1954 3167 ac
1978 3112 2204 3169 sublatis

2308 1914 2422 1969 suis
2450 1915 2676 1970 cmtibus
2705 1913 2908 1970 similes
2938 1914 3370 1980 exercitationes,
3404 1914 3567 1980 ritus,
3599 1922 3658 1968 et
3686 1911 3892 1981 vigilias.

2378 2004 2645 2062 Cmterum
2672 2021 2739 2061 ex
2769 2006 2873 2071 his,
2904 2023 3022 2077 quae
3050 2007 3119 2062 de
3147 2004 3458 2062 earumdem
3485 2005 3897 2061 Christianorum

2307 2113 2461 2155 caena
2512 2113 2575 2154 ac
2601 2099 2891 2171 synaxibus
2915 2098 3172 2154 hactenus
3193 2096 3461 2169 disputata
3488 2105 3639 2164 sunt,
3665 2095 3898 2152 manifcs.

2310 2191 2515 2249 lissima
2545 2191 2796 2247 omnibus
2822 2206 2943 2247 esse
2969 2190 3131 2247 debet
3159 2189 3625 2263 impudentissima
3664 2188 3893 2246 ethnico-

2309 2301 2431 2343 rum
2459 2286 2750 2352 calumnia,
2786 2301 2889 2357 qua
2920 2285 3041 2340 illas
3087 2294 3143 2341 et
3191 2283 3462 2356 prodigas,
3515 2292 3571 2338 et
3616 2282 3895 2339 sceleribus

2307 2381 2833 2438 horrendisinfames
2854 2395 2975 2437 esse
3003 2378 3417 2435 mentiebantur.
3449 2377 3683 2433 Tantum
3715 2377 3896 2449 quippe

2308 2483 2522 2544 tamque
2540 2472 2823 2544 impudens
2839 2472 3177 2528 mendacium
3204 2470 3434 2542 simplici
3460 2485 3701 2542 veraque
3719 2468 3891 2525 barum

2307 2581 2580 2640 synaxeon
2619 2581 2651 2622 a
2690 2565 3022 2622 Tertulliano
3059 2565 3341 2632 adornata,
3396 2575 3449 2621 et
3487 2565 3558 2621 ab
3592 2564 3716 2621 aliis
3752 2562 3895 2635 plane

2307 2660 2623 2716 conﬁrmata
2650 2658 3009 2731 descriptione
3037 2657 3278 2713 funditus
3302 2657 3580 2713 evertitur.

2377 2752 2461 2808 Ad
2500 2752 2617 2808 hate
2659 2768 2810 2821 vero,
2859 2753 2912 2807 in
2962 2752 3059 2807 has
3106 2766 3356 2824 synaxes,
3408 2767 3524 2805 cum
3552 2749 3697 2817 boni,
3743 2746 3896 2819 inquit

2306 2847 2509 2903 Auctor
2536 2854 2741 2915 noster,
2774 2856 2973 2915 coeunt,
3004 2863 3118 2901 cum
3156 2847 3249 2918 pii,
3282 2862 3396 2900 cum
3433 2846 3560 2901 casti
3596 2859 3895 2918 congregan-

2307 2947 2409 3006 tur,
2439 2955 2541 2993 non
2570 2949 2642 2994 est
2671 2938 2826 3008 {actio
2854 2940 3091 3007 dicenda,
3118 2939 3207 2993 sed
3226 2939 3370 2993 curia
3413 2937 3747 3011 (Tertullian.
3772 2938 3895 3007 Apo-

2310 3029 2460 3102 loget.
2486 3046 2601 3097 cap,
2632 3031 2722 3097 59,
2776 3048 2897 3102 pag.
2925 3029 3078 3100 4⁵17).
3110 3029 3227 3085 Non
3269 3030 3425 3086 factio
3464 3029 3682 3102 quidem
3729 3026 3894 3083 illicita

2307 3132 2363 3179 et
2390 3122 2665 3191 seditiosa,
2699 3138 2799 3179 nec
2823 3122 2993 3194 qualis
3014 3122 3372 3189 ethnicorum,
3397 3122 3458 3178 ut
3482 3121 3617 3178 infra
3647 3123 3894 3183 dicemus,

607 3208 662 3263 in
688 3207 881 3263 emittm
910 3207 1079 3263 oculis
1102 3217 1157 3263 et
1184 3206 1451 3273 manibus,
1483 3206 1841 3277 precabantur
1867 3214 1924 3261 ut
1951 3206 2060 3262 Deo
2082 3207 2201 3278 pla-
2227 3233 2275 3298 ρ
2307 3230 2428 3273 esse
2492 3216 2699 3272 solebat
2731 3234 2746 3271 ;
2778 3218 2868 3273 sed
2903 3217 3046 3270 ειινῑα
3085 3225 3220 3283 erat,
3287 3215 3374 3271 ubi
3398 3256 3414 3283 ,
3455 3210 3894 3285 ψιθιιιειάηιοάυω

606 3308 775 3355 ceret.
795 3298 1072 3355 Absolutis
1093 3298 1362 3369 precibus,
1384 3298 1794 3355 discumbebant
1823 3314 1920 3370 pro
1945 3299 2211 3371 cujusque
2309 3307 2478 3365 Varro
2504 3318 2558 3364 οι
2584 3308 2777 3365 Festus
2814 3309 2985 3376 aiunt,
3026 3323 3156 3364 cura
3195 3322 3470 3363 sacrorum
3512 3306 3725 3378 pumica
3752 3317 3894 3375 gere.

604 3390 886 3463 dignitate,
921 3390 992 3445 ita
1037 3400 1214 3453 tamen
1259 3400 1314 3445 ut
1352 3391 1450 3446 viri
1490 3390 1760 3458 dextrum,
1788 3390 2025 3448 {minime
2051 3407 2201 3461 vero,

606 3498 793 3555 eaeque
816 3498 1004 3539 onmes
1027 3484 1293 3556 pleraeque
1316 3493 1508 3556 sponte
1527 3500 1621 3540 sua
1648 3484 1901 3556 virgines,
1924 3486 2202 3541 sinistrum

606 3577 748 3633 latus
778 3586 1038 3634 tenerent.
1093 3577 1238 3633 Nihil
1270 3589 1447 3635 autem
1480 3579 1534 3634 in
1566 3580 1667 3635 hoc
1692 3580 1940 3636 convivio
1964 3593 2202 3651 appone-

607 3669 765 3726 batur
791 3671 892 3727 nisi
925 3671 1076 3742 panis
1108 3687 1202 3740 pro
1231 3673 1377 3741 cibo,
1407 3674 1485 3729 sal
1512 3689 1611 3744 pro
1641 3672 1888 3740 obsonio,
1921 3682 1974 3728 et
2002 3672 2202 3729 delica-

609 3762 833 3822 tioribus
866 3779 961 3835 pro
991 3764 1332 3820 condimento
1361 3766 1647 3837 hyssopus,
1694 3765 1789 3823 sed
1829 3767 2080 3822 omnibus
2109 3781 2206 3837 pro

607 3864 735 3927 potu
763 3871 900 3927 aqua
925 3857 1062 3924 sola,
1096 3868 1187 3912 aut
1216 3857 1426 3929 frigida,
1456 3869 1547 3913 aut
1573 3858 1877 3914 senioribus
1890 3858 2097 3924 calida;
2129 3868 2206 3914 ut-

607 3958 733 4021 pote
752 3951 845 4021 qui
871 3950 1053 4004 vinum
1079 3949 1337 4005 haberent
1360 3965 1460 4019 pro
1480 3965 1709 4005 veneno.
1751 3949 2032 4006 Summum
2054 3965 2202 4020 vero,

608 4057 706 4112 per
733 4050 898 4097 totum
940 4042 1169 4098 convivii
1221 4052 1451 4113 tempus,
1496 4043 1734 4097 omnium
1763 4042 2039 4099 silentium
2067 4051 2203 4110 erat,

610 4132 735 4187 dum
776 4134 845 4188 ab
884 4149 990 4190 uno
1029 4141 1233 4189 tantum
1273 4134 1450 4205 aliqua
1491 4135 1892 4205 proponebatur
1930 4151 1996 4191 ex
2035 4136 2206 4191 sacris

607 4223 897 4294 Scripturis
921 4226 1168 4297 quazstio,
1196 4225 1278 4280 vel
1306 4226 1578 4299 proposita
1605 4224 1934 4281 solvebatur.

681 4315 928 4373 Posthmc
955 4319 1115 4374 coetui
1148 4319 1463 4389 praepositus
1491 4318 1750 4390 hymnum
1777 4334 1807 4374 a
1843 4337 1903 4377 se
1931 4322 2203 4394 composi-

613 4417 747 4476 tum,
775 4417 864 4463 aut
882 4419 1152 4481 sumptum
1176 4425 1243 4465 ex
1265 4410 1433 4467 sacris
1455 4409 1659 4466 vatibus
1683 4412 2025 4482 pra-einebat,
2044 4429 2205 4486 quem

613 4502 979 4574 unusquisque
999 4517 1100 4559 suo
1118 4519 1183 4560 ac
1200 4503 1410 4560 decenti
1436 4505 1625 4562 ordine
1642 4505 1970 4578 imitabatur,
1994 4508 2207 4565 caeteris

2305 3402 2462 3459 batur
2499 3400 2679 3475 (Varr.
2714 3403 2803 3458 lib.
2832 3403 2877 3459 Υ
2898 3403 2959 3458 de
2984 3402 3137 3475 Ling.
3162 3402 3333 3470 latin.,
3379 3400 3407 3473 ς
3441 3400 3476 3456 6
3501 3417 3516 3468 ;
3553 3400 3741 3456 Festus
3766 3398 3832 3452 ad
3855 3411 3894 3450 υ.

2305 3495 2466 3552 Curia
2492 3498 2535 3568 ),
2578 3512 2768 3567 eaque,
2800 3503 2858 3552 ut
2904 3495 3181 3551 Ciceronis
3230 3494 3407 3550 verbis
3451 3503 3682 3562 utamur,
3731 3487 3898 3547 vindex

2307 3589 2617 3655 temeritatis,
2648 3598 2694 3644 et
2723 3588 3037 3643 moderatrix
3068 3587 3216 3659 officii
3239 3585 3383 3661 (Cic.
3404 3595 3535 3641 orat.
3566 3602 3659 3658 pro
3697 3582 3894 3645 Flacco,

2307 3697 2428 3752 pag.
2459 3679 2589 3747 567,
2621 3679 2713 3734 lin.
2744 3679 2860 3750 28).
2929 3679 3004 3735 lbi
3034 3691 3212 3735 autem
3253 3679 3297 3734 si
3345 3679 3465 3750 quis
3511 3677 3712 3750 aliquid
3758 3680 3899 3731 attica

2307 3782 2645 3843 peccaverat,
2679 3788 2776 3844 pro
2805 3772 3000 3829 merito
3029 3771 3409 3842 castigabatur,
3442 3785 3505 3825 ac
3534 3768 3798 3840 praesides
3826 3765 3898 3836 pia

2308 3868 2727 3940 uniuscujusque
2775 3867 2952 3923 officia
2980 3864 3168 3921 sedulo
3194 3862 3479 3927 docebant,
3522 3871 3576 3917 et
3614 3863 3900 3931 prudenter

2307 3938 2745 4016 moderabantur.
2776 3959 2912 4028 Quid
2935 3972 3065 4028 ergo
3106 3955 3277 4026 magis
3300 3952 3590 4009 absurdum
3607 3961 3662 4009 et
3689 3952 3899 4019 falsum,

2307 4065 2467 4122 quam
2499 4066 2682 4107 sacras
2709 4052 2827 4107 illas
2847 4048 3290 4121 congregationes
3310 4044 3508 4101 illicita:
3540 4044 3796 4103 factionis
3824 4058 3903 4100 ac-

2307 4159 2520 4211 cusare,
2554 4144 2643 4199 ubi
2676 4145 2986 4213 Christiani,
3029 4151 3087 4199 ut
3118 4151 3260 4198 recte
3296 4140 3488 4197 asserit
3526 4140 3897 4223 Tertullianus,

2309 4237 2579 4293 nemiuem
2610 4236 2894 4297 laedebant.
2940 4237 3209 4292 neminem
3253 4234 3662 4304 contristabant,
3708 4234 3812 4291 nisi
3838 4230 3897 4287 ad

2308 4328 2621 4393 salutarem,
2649 4328 2789 4383 sicut
2828 4327 2905 4382 ait
2941 4326 3253 4398 Apostolus,
3305 4327 3699 4396 paenitentiam,
3743 4325 3789 4382 si
3816 4321 3897 4395 qui

2310 4421 2448 4478 forte
2471 4420 2760 4493 fragilitate
2783 4419 3039 4488 humana,
3062 4429 3155 4477 aut
3176 4436 3432 4492 perverso
3460 4421 3641 4476 animo
3669 4421 3721 4476 in
3748 4430 3896 4489 grave

2309 4515 2523 4586 aliquod
2576 4514 2751 4570 scelus
2794 4513 2927 4586 lapsi
2971 4512 3197 4571 fuissent
3263 4513 3593 4586 (Tertullian.
3622 4514 3721 4569 loc.
3753 4506 3894 4580 cia)?

612 4604 741 4689 tunc
768 4595 1069 4689 silentibus,
1113 4598 1202 4669 qui
1246 4597 1301 4653 in
1330 4608 1570 4654 extrema
1604 4608 1807 4656 tantum
1840 4600 2023 4673 hymni
2051 4604 2196 4660 clau-
2227 4626 2284 4689 Ι)
2311 4607 2415 4664 Sed
2439 4605 2493 4662 hi
2519 4603 2760 4677 proiecto
2782 4605 3087 4678 paucissimi
3118 4605 3543 4662 inveniebantur.
3565 4604 3699 4683 Nam
3724 4598 3890 4659 exteri

611 4688 725 4744 sula
757 4702 940 4745 vocem
986 4688 1104 4747 sine
1151 4705 1312 4747 sexus
1340 4690 1653 4749 discrimine
1695 4694 2043 4753 extollebant.
2077 4697 2216 4756 Sub-

610 4782 716 4838 lata
741 4780 935 4838 dehinc
961 4797 1166 4849 menSa,
1185 4798 1373 4840 omnes
1392 4787 1808 4857 consurgebant,
1825 4805 1908 4856 ac,
1935 4806 2212 4862 praeeunte

612 4884 846 4944 cantare,
886 4876 1115 4950 hymnos
1144 4878 1197 4933 in
1224 4879 1315 4934 Dei
1343 4879 1626 4947 honorem,
1647 4898 1788 4939 nunc
1809 4901 1914 4939 uno
1935 4903 2049 4956 ore,
2069 4907 2213 4948 nunc

611 4968 836 5026 alternis
863 4970 1172 5040 psallentes,
1192 4972 1415 5043 gradum
1438 4973 1595 5029 modo
1613 4984 1782 5044 recta,
1814 4979 2205 5041 modO'retror-

612 5082 757 5134 sum,
779 5075 875 5122 aut
900 5066 970 5122 ad
998 5067 1301 5135 dexteram,
1355 5076 1448 5125 aut
1477 5070 1745 5126 sinistram
1794 5075 2101 5147 movebant,
2141 5094 2206 5137 ac

615 5176 779 5218 anum
813 5161 1028 5218 tandem
1056 5164 1214 5219 simul
1242 5178 1431 5221 onmes
1446 5164 1938 5236 agebantchorum.
1968 5169 2207 5244 Denique

613 5269 737 5311 cum
764 5255 834 5309 ita
863 5264 1305 5325 pernm-lassent,
1367 5256 1571 5313 voltum
1611 5273 1915 5332 corpusque
1942 5272 2109 5320 totum
2138 5265 2206 5322 ad

614 5347 878 5405 orientem
909 5360 1306 5417 convertentes,
1354 5367 1418 5408 ae
1447 5351 1654 5409 felicem
1701 5354 2034 5427 faustumque
2061 5358 2204 5417 diem

614 5440 686 5517 ibi
713 5442 1059 5512 comprecati,
1098 5443 1165 5499 ad
1191 5459 1287 5500 sua
1321 5445 1685 5517 unusquisque
1713 5449 2140 5507 revertebantur.

689 5533 864 5588 Nostri
889 5548 1018 5590 vero
1048 5551 1152 5590 non
1177 5544 1259 5593 est
1288 5537 1512 5593 instituti
1536 5553 1677 5594 nunc
1697 5537 1921 5597 definire
1947 5550 2125 5598 utrum
2152 5542 2209 5600 bi

615 5626 969 5700 Thcrapentae
990 5626 1153 5698 judazi
1183 5639 1268 5684 au'
1323 5630 1599 5687 christiani
1641 5632 1801 5689 sitnul
1843 5644 2004 5707 atque
2043 5635 2211 5707 judaei

617 5719 835 5787 fuerint,
864 5729 916 5777 et
946 5729 1118 5777 ortam
1158 5736 1221 5778 ea
1249 5741 1319 5777 ue
1344 5739 1402 5780 rc
1441 5732 1581 5780 inter
1620 5726 1862 5784 eruditos
1899 5742 2006 5785 non
2044 5728 2208 5786 mini-

619 5828 784 5884 mam,
821 5824 875 5872 et
899 5830 1019 5887 qua:
1049 5815 1283 5875 nondum
1306 5818 1570 5892 dirempta
1611 5820 1767 5881 nobis
1798 5820 2035 5891 videtur,
2060 5821 2207 5884 litem

2315 4714 2505 4755 omnes
2544 4698 2638 4754 hoc
2673 4714 2867 4766 sumus,
2908 4697 2984 4753 ait
3018 4695 3195 4754 adhuc
3260 4695 3648 4765 Tertullianus,
3704 4696 3758 4751 in
3797 4703 3890 4747 tam

2313 4792 2512 4848 sanctis
2546 4789 2838 4863 synaxibus
2888 4788 3203 4860 congregati,
3244 4788 3381 4859 quod
3418 4795 3468 4843 et
3519 4786 3772 4858 dispersi:
3808 4782 3892 4836 hoc

2313 4885 2558 4953 universi,
2598 4884 2736 4955 quod
2761 4883 2948 4954 singuli
2976 4880 3189 4956 (Ιὺὶάο),
3237 4880 3489 4937 nitnirum
3534 4879 3707 4951 probi,
3754 4872 3887 4936 boni.

2314 4981 2408 5052 pii,
2437 4976 2594 5045 casti,
2628 4985 2738 5032 uta
2766 4976 2922 5031 nobis
2968 4976 3225 5031 hactenus
3265 4974 3623 5030 abundantius
3651 4973 3887 5030 demons-

2311 5084 2508 5131 tratum
2537 5080 2641 5140 est,
2668 5078 2724 5127 et
2751 5069 2993 5141 sequenti
3025 5069 3251 5126 articulo
3277 5069 3709 5126 continuabitur.

2903 5178 3195 5219 ARTlCULUS
3233 5178 3308 5218 νι.

2312 5256 2539 5315 Diluitur
2564 5257 2879 5327 ethnicorum
2898 5256 3269 5327 argumentatio
3294 5264 3471 5311 contra
3499 5255 3612 5327 pios
3631 5255 3889 5320 castosque

2382 5352 2790 5409 Christianorum
2815 5366 3000 5417 mores,
3032 5350 3151 5404 inde
3176 5350 3352 5421 petita,
3385 5350 3521 5422 quod
3547 5350 3707 5420 aliqui
3748 5342 3886 5401 chris-

2385 5448 2512 5502 tiani
2531 5463 2564 5501 a
2592 5444 2781 5500 tradita
2809 5460 3005 5498 morum
3034 5443 3328 5514 disciplina,
3356 5443 3610 5508 doctrina,
3630 5452 3676 5498 et
3698 5440 3887 5514 ipsumet

2385 5539 2661 5594 christiana
2684 5536 2927 5610 religione
2951 5538 3263 5607 defecerant.

2384 5633 2583 5690 Contra
2620 5632 2757 5700 hanc,
2807 5648 2927 5704 qua:
2975 5631 3042 5689 de
3085 5631 3443 5688 sanctissimis
3471 5632 3882 5690 Christianon

2312 5725 2607 5800 synaxibus
2631 5735 2686 5784 et
2713 5726 2953 5783 moribus
2986 5725 3250 5796 disputata
3277 5735 3423 5795 sunt,
3447 5742 3547 5783 nec
3575 5726 3665 5782 ulli
3697 5726 3879 5781 incom-

2315 5831 2464 5894 pesta
2510 5833 2632 5881 esse
2661 5829 2929 5895 poterant,
2964 5818 3237 5889 audacter
3281 5820 3632 5895 iusurgebant
3679 5808 3876 5886 ethnici,
