4076 6356
285 302 393 363 θοι
1434 302 1879 364 DlSSER’l‘A'l‘lO
1916 302 1982 363 υ.
2021 301 2110 361 LE
2148 276 2456 364 suum.
3484 308 3592 371 eos

291 420 554 494 nobisque
582 420 944 494 apponebant,
977 420 1041 477 de
1063 421 1272 491 nostris,
1301 420 1379 480 sic
1407 422 1620 494 quidem
1651 423 1892 494 loquitur
1916 421 1970 484 Α
1993 419 2119 477 alibi
2144 435 2292 485 vero,
2325 423 2538 480 Itazreses
2567 420 2908 479 subornantur
2935 420 3128 497 (Idem,
3154 423 3445 496 Apologet.,
3471 442 3589 495 cap.

290 513 676 584 Tertulliantts,
724 513 960 570 excedere
1006 514 1251 586 quosdam
1289 531 1322 568 a
1376 515 1557 587 regula
1603 514 1889 586 disciplina:
1989 513 2080 581 47,
2107 532 2226 587 pag.
2255 515 2381 582 519;
2413 515 2568 584 idem,
2622 516 2711 571 lib.
2742 516 2763 572 l
2792 517 2993 572 advers.
3021 515 3302 586 Marciam,
3350 535 3467 591 cap.
3500 521 3588 587 l5,

295 605 627 681 (Tertullian.
660 606 929 679 Apologet.
958 621 1078 676 cap.
1101 604 1195 672 46,
1225 622 1345 678 pag.
1375 605 1769 678 5i5).Triplici
1795 622 1889 662 au-
1991 618 2039 663 et
2088 607 2179 665 lib.
2233 610 2296 665 de
2338 608 2661 682 Prrescript.,
2710 627 2825 681 cap.
2850 617 2923 677 '7;
2963 609 3118 676 idem,
3171 611 3263 669 lib.
3291 612 3408 666 ade.
3454 604 3591 668 Her-

292 707 403 755 tem
451 698 612 754 modo
657 699 726 752 ah
759 713 822 755 ea
872 697 1151 754 christiani
1197 698 1463 757 excedere
1507 707 1792 770 poterant:
1836 706 1891 756 et
1992 716 2155 773 mog.,
2183 716 2299 772 cap.
2332 700 2411 773 8).
2440 700 2779 772 Quapropter
2804 701 2871 757 ab
2897 700 2988 758 illo
3015 718 3119 758 non
3151 704 3339 770 semel,
3367 714 3422 761 et
3448 712 3595 776 post-

291 792 467 864 primo
481 791 697 863 quidem
717 792 1032 864 quibusdam
1058 792 1375 862 sceleribus,
1398 794 1748 866 moribusque
1763 810 1888 853 cor-

293 886 498 956 ruptis;
539 885 801 955 sccundo,
847 886 1123 943 erroribus
1152 895 1208 943 et
1237 886 1468 954 haeresi;
1522 887 1719 960 tertio,_
1749 888 1890 959 turpi

292 978 597 1038 defectione
624 980 693 1037 ab
722 981 837 1053 ipsa
860 989 970 1037 tota
997 980 1259 1052 religione
1285 980 1754 1052 christiana,et-ad
1781 981 1888 1037 im-

292 1072 438 1144 pium
464 1070 693 1129 deorum
717 1072 917 1130 cultum
942 1088 1209 1145 regressu.
1848 1079 1853 1083 ’

365 1164 519 1235 Quod
563 1165 630 1220 ad
678 1166 909 1237 primum
960 1175 1138 1223 autem
1182 1175 1407 1238 spectat,
1462 1166 1582 1240 quia
1613 1167 1891 1240 gentilium

294 1257 628 1330 iniquissima
656 1259 1004 1317 obtrectactio
1029 1274 1097 1318 ex
1124 1260 1209 1327 iis,
1252 1276 1374 1332 quae
1414 1260 1674 1317 hactenus
1700 1258 1889 1318 retuli-

246 1392 249 1393 ν
293 1368 438 1419 mus,
455 1354 585 1410 satis
610 1368 878 1426 superque
897 1354 1166 1411 confutata
1184 1353 1380 1423 fuerat,
1404 1371 1510 1412 non
1531 1356 1683 1428 plura
1708 1356 1892 1428 utique

297 1444 675 1513 Tertullianus,
711 1461 810 1502 nec
841 1446 1008 1519 magis
1046 1448 1324 1519 speciatim
1352 1449 1406 1504 in
1428 1448 1781 1522 Apologetico
1805 1449 1891 1506 di-

295 1537 467 1594 cenda
491 1552 611 1595 esse
639 1540 865 1595 censuit.
905 1538 1106 1596 Verum
1134 1540 1190 1596 in
1218 1555 1319 1597 suo
1358 1541 1429 1596 ad
1468 1540 1721 1598 Nationes
1748 1542 1893 1600 libro
1921 1558 1929 1566 ·

294 1632 722 1689 criminationem
750 1634 892 1689 illam
923 1634 1125 1690 excutit
1169 1650 1232 1692 ac
1277 1634 1505 1691 refellit:
1532 1635 1599 1691 At
1620 1636 1778 1706 vobis,
1811 1636 1891 1693 in-

292 1724 429 1796 quit,
453 1722 671 1779 dicimur
697 1725 902 1795 pessimi
930 1735 976 1781 et
1002 1725 1376 1797 probrosissimi
1392 1727 1631 1795 avaritia,
1660 1730 1887 1799 luxuria,

1995 806 2060 847 ea
2102 791 2170 848 ab
2209 790 2537 865 Hieronymo
2586 792 2888 865 pliilOSOphi
2916 795 3254 866 appellantur
3276 797 3595 867 patriarchze

1992 883 2368 941 haereticorum
2412 886 2435 958 (
2471 885 2807 957 Ilieronym.,
2864 887 3020 958 epist.
3063 888 3135 945 43
3188 888 3256 942 ad
3313 888 3590 963 Ctesipln).

1992 973 2457 1042 Quemadmodum
2504 986 2683 1034 autem
2744 977 3047 1051 philosotihi
3113 996 3323 1036 sacram
3389 982 3594 1039 veteris

1994 1069 2358 1137 Testamenti,
2428 1080 2487 1128 ut
2549 1073 2796 1144 superius
2868 1073 3384 1142 animadvertimus,
3448 1075 3595 1133 Scri-

1994 1170 2205 1234 pturam
2262 1164 2688 1233 interverterunt,
2741 1166 2813 1221 ita
2882 1164 3119 1222 haeretici
3182 1176 3408 1221 nostram
3462 1168 3594 1224 hanc

1994 1256 2633 1327 novitiolamgparaturam
2661 1300 2677 1327 ,
2737 1258 2841 1314 hoc
2895 1268 3017 1328 est,
3065 1260 3187 1316 novi
3261 1260 3594 1318 Testamenti

1996 1345 2181 1415 libros,
2235 1349 2341 1405 suis
2404 1350 2728 1421 opinionibus
2787 1352 2856 1405 ad
2907 1352 3262 1423 philosophica
3292 1355 3595 1410 ssententias

1994 1439 2407 1496 adulteraverunt
2451 1440 2694 1513 (Tertull.
2723 1441 2993 1515 Apologet.
3028 1460 3145 1514 cap.
3173 1444 3263 1510 47,
3289 1460 3413 1516 pag.
3443 1444 3594 1516 5l9),

1995 1531 2047 1588 id
2117 1541 2242 1599 est,
2318 1533 2495 1590 conati
2570 1544 2694 1589 sunt
2765 1534 3011 1589 traditam
3081 1535 3135 1589 in
3207 1536 3375 1591 sacris
3439 1532 3599 1606 Legis

1994 1640 2147 1682 nova:
2196 1626 2688 1695 librisdoctrinam
2741 1627 2807 1684 ad
2859 1627 3256 1699 philosophicas
3297 1630 3594 1685 sententias

1996 1719 2439 1776 accommodare:
2480 1720 2576 1777 sed
2604 1719 2735 1775 falsa
2761 1736 2883 1777 eum
2920 1720 3061 1777 veris
3092 1731 3421 1793 praepostere
3460 1722 3594 1779 mis-
3672 1742 3690 1759 ο

291 1819 612 1892 improbitate
631 1819 819 1892 (Idem,
845 1821 934 1876 lib.
968 1819 989 1875 Ι
1014 1821 1083 1876 ad
1113 1820 1357 1890 Nation.,
1378 1838 1496 1895 cap.
1519 1823 1572 1890 5,
1593 1840 1712 1896 pag.
1734 1823 1885 1898 565),
1916 1837 1964 1899 B
1993 1820 2194 1879 centes,
2225 1812 2294 1868 ab
2320 1813 2434 1884 ipsa
2472 1814 2695 1872 veritate
2724 1813 3083 1883 desciverunt,
3121 1829 3357 1886 veraque
3380 1814 3593 1874 adulte-

288 1909 366 1969 Ita
406 1928 537 1971 sane
583 1912 656 1970 illi
696 1915 941 1971 solebant
969 1914 1302 1972 Christianos
1340 1916 1679 1973 calumniari.
1737 1917 1877 1987 Quid

289 2021 418 2063 vero
470 2007 763 2077 respondet
812 2006 1214 2063 Tertullianus?
1268 2005 1390 2063 Non
1421 2009 1737 2081 negabimus,
1782 2010 1878 2077 ait,

286 2098 555 2169 quosdam.
576 2098 818 2179 'Fatetur
854 2098 1032 2170 itaque
1072 2114 1172 2155 nec
1201 2098 1357 2170 plane
1385 2099 1689 2157 dissimulat
1714 2118 1882 2173 quos-

286 2188 410 2248 dam
439 2191 606 2246 fnisse
632 2189 978 2258 chriStianos,
1006 2190 1094 2262 qui
1121 2190 1436 2248 criminibus
1481 2192 1754 2249 nonnullis
1793 2193 1879 2250 in-

287 2285 490 2359 quinati
511 2294 684 2341 erant.
724 2283 831 2340 Sed
851 2283 978 2355 quid
1003 2282 1127 2341 inde
1145 2293 1331 2340 contra
1353 2293 1605 2352 caeteros,
1631 2295 1687 2342 et
1710 2288 1881 2344 multo

285 2379 456 2450 magis
493 2388 679 2435 contra
701 2377 1050 2434 christianam
1076 2377 1431 2449 religionem?
1471 2378 1612 2435 Nihil
1635 2396 1877 2452 prorsus,

286 2470 494 2541 inquit:
522 2471 630 2524 imo
649 2468 751 2525 hoc
790 2470 966 2540 ipsum
1023 2485 1120 2541 pro
1151 2470 1268 2540 ejus
1293 2479 1347 2525 et
1388 2471 1616 2527 veritate
1643 2480 1698 2527 et
1726 2487 1881 2528 sanc-

288 2563 439 2618 titate
467 2562 782 2618 stabilienda
813 2562 1095 2633 plurimum
1125 2562 1268 2618 iacit.
1318 2562 1451 2619 Nam
1481 2564 1662 2635 suﬁicit
1686 2574 1733 2619 ct
1762 2566 1877 2631 hoc,

287 2655 364 2709 ait
390 2654 502 2721 ille,
529 2654 597 2708 ad
621 2654 961 2709 testimonium
1001 2655 1219 2710 nominis
1249 2655 1408 2709 nostri
1433 2672 1493 2709 ac
1531 2658 1768 2727 perfecta:
1797 2673 1880 2711 re-

288 2747 510 2820 ligionis,
535 2747 580 2801 si
599 2764 700 2802 non
723 2764 915 2815 omnes,
934 2749 976 2802 si
1006 2764 1105 2803 non
1133 2748 1302 2817 plures
1327 2747 1540 2818 (Ibid.).
1569 2748 1733 2820 Cujus
1752 2765 1881 2807 sane

289 2843 425 2900 hanc
457 2844 733 2915 pulchram
774 2858 838 2899 ac
881 2858 1059 2899 veram
1092 2841 1267 2897 reddit
1296 2842 1595 2898 rationem:
1664 2841 1881 2899 Necesse

285 2945 381 3005 est,
423 2937 614 3008 inquit,
645 2937 697 2990 in
734 2952 966 3008 corpore,
1015 2945 1061 2990 et
1107 2944 1352 3006 quantum
1381 2936 1503 2990 velis
1548 2937 1746 3007 integro
1793 2943 1881 2991 aut

286 3044 438 3098 puro,
466 3037 520 3080 ut
549 3043 717 3082 naevus
742 3027 899 3099 aliqui
929 3028 949 3099 (
969 3042 1062 3098 pro
1089 3025 1312 3098 aliquis)
1351 3026 1619 3095 e/fruticet,
1646 3037 1735 3083 aut
1770 3044 1882 3083 ver-

284 3120 466 3174 rucula
489 3130 747 3192 exsurgat,
770 3130 860 3175 aut
890 3120 1115 3191 lenti:th
1143 3120 1629 3193 sordescat(lbid.).
1659 3122 1885 3192 Scripsit

1991 1912 2245 1963 raverunt
2268 1904 2613 1962 documenta.

2064 1994 2258 2052 Verum
2286 1997 2518 2066 expedite
2542 1997 2829 2069 planeque,
2861 1999 3036 2071 pergit
3076 1999 3184 2068 ille,
3216 1999 3593 2072 prtescribimus

1986 2087 2233 2144 adulteris
2280 2091 2487 2158 nostris,
2532 2091 2647 2147 sive
2694 2094 3064 2165 exceptionem
3119 2095 3266 2151 hisce
3299 2093 3588 2165 hmreticis,

1986 2196 2155 2239 sacrae
2202 2183 2495 2254 Scriptura:
2523 2188 2952 2258 corruptoribus,
2981 2189 3331 2260 opponimus,
3361 2190 3593 2262 illosque

1984 2276 2069 2332 vel
2098 2292 2163 2333 eo
2189 2277 2308 2334 solo
2332 2289 2650 2351 argumento
2676 2282 2997 2350 refellimus,
3028 2283 3171 2354 quod
3205 2299 3313 2339 una
3348 2286 3419 2342 sit
3450 2285 3590 2341 veri-

1986 2372 2109 2429 tatis
2137 2373 2335 2441 regula,
2382 2390 2497 2445 quia
2534 2376 2697 2430 veniat
2724 2393 2757 2430 a
2795 2376 2998 2432 Christo
3039 2395 3129 2448 per
3166 2380 3375 2434 comites
3402 2380 3586 2452 ipsius,

1983 2463 2162 2535 quibus
2186 2465 2447 2533 aliquanto
2477 2468 2780 2537 posteriores
2810 2468 2997 2524 diversi
3023 2485 3131 2524 esse
3167 2482 3589 2528 commentatores

1985 2555 2331 2627 probabuntur
2361 2556 2562 2631 (lbid.,
2592 2577 2647 2630 p.
2680 2559 2831 2630 519).
2862 2561 3217 2631 Apertissime
3246 2578 3375 2635 ergo
3402 2562 3594 2621 definit

1984 2649 2198 2703 unicam
2227 2664 2347 2706 esse
2373 2666 2513 2707 vera:
2554 2653 2826 2723 religionis
2855 2655 3113 2725 regulam,
3145 2671 3266 2727 qua:
3293 2656 3446 2712 nobis
3476 2665 3591 2713 tra-

1986 2741 2094 2798 dita
2116 2752 2198 2799 est
2225 2759 2255 2799 a
2277 2744 2516 2812 Christo,
2544 2756 2597 2801 et
2626 2749 2936 2804 transmissa
2960 2765 3055 2820 per
3085 2749 3201 2820 ejus
3227 2753 3430 2806 comites
3451 2752 3595 2821 Apo-

1984 2837 2173 2901 stolos,
2206 2852 2268 2893 ac
2290 2828 2499 2908 ‘primos
2529 2838 2842 2910 discipulos,
2871 2856 2901 2895 a
2931 2842 3124 2913 quibus
3143 2842 3284 2898 illam
3314 2853 3369 2899 et
3389 2845 3592 2914 scripto

1987 2939 2039 2983 et
2066 2929 2231 2984 verbo
2258 2930 2588 3001 accepimus.
2619 2931 2890 3005 Quidquid
2920 2934 3099 3006 itaque
3129 2934 3367 2992 haeretici
3398 2936 3467 2992 ab
3492 2936 3593 2993 hac

1989 3020 2290 3077 traditionis
2337 3037 2524 3078 norma
2567 3022 2841 3080 diversum
2888 3027 3177 3082 commenti
3222 3037 3367 3094 sunt,
3415 3043 3516 3084 nec
3560 3044 3591 3084 a

1986 3111 2230 3182 Christo,
2277 3129 2377 3170 nec
2403 3130 2433 3170 a
2463 3116 2648 3186 primis
2673 3117 2792 3188 ejus
2822 3117 3100 3189 discipulis
3133 3120 3418 3191 proﬂuxit,
3460 3120 3592 3177 illud
3680 3186 3681 3189 η

285 3210 503 3283 quidem
535 3210 801 3283 eﬂ‘ruticet,
826 3211 964 3267 sicut
992 3210 1043 3265 in
1071 3210 1209 3265 libro
1230 3211 1292 3265 de
1314 3211 1497 3267 Anima
1518 3212 1787 3268 hominem
1816 3228 1881 3268 ex
1912 3241 1957 3306 ρ
1988 3203 2145 3276 plane
2172 3204 2361 3261 falsum
2391 3216 2491 3263 cst.
2524 3206 2659 3264 Nam
2689 3209 2773 3264 his
2801 3212 3127 3280 posteriores
3152 3213 3524 3283 probabuntur.

287 3302 499 3358 duobus
530 3301 772 3369 formari,
806 3312 857 3356 ut
884 3302 986 3356 duo
1015 3302 1207 3373 pariter
1247 3302 1503 3357 hominem
1550 3320 1614 3358 et;
1660 3314 1880 3375 utraque

286 3394 568 3451 substantia
610 3395 911 3466 exfruticent
946 3392 1136 3465 (Idem,
1182 3394 1270 3449 lib.
1296 3394 1359 3449 de
1384 3394 1583 3463 Anim,
1612 3412 1729 3466 cap.
1761 3395 1877 3469 27),

286 3488 402 3545 sive
427 3489 668 3544 oriantur
694 3498 748 3544 et
791 3496 1057 3543 creSCant.
1097 3487 1167 3544 At
1195 3502 1354 3558 parva
1388 3487 1488 3543 hac
1528 3492 1738 3544 macula
1768 3490 1882 3544 evi-

287 3582 501 3639 dentius
527 3583 761 3640 ostendit
781 3591 950 3638 totum
971 3595 1170 3652 corpus
1195 3580 1476 3652 pulchrum
1515 3596 1660 3649 esse,
1692 3597 1879 3638 sanum

287 3683 344 3741 et
367 3674 683 3748 perfectum.
712 3675 802 3733 Sic
825 3690 954 3747 ergo
980 3674 1216 3746 quidam,
1241 3673 1336 3730 sed
1377 3674 1702 3745 paucissimi,
1721 3673 1883 3731 Chri-

287 3771 443 3826 stiani
463 3812 478 3837 ,
506 3778 758 3842 tanquam
784 3771 919 3826 mevi
948 3769 1161 3841 quidam
1192 3767 1243 3825 in
1277 3777 1389 3824 toto
1412 3769 1626 3825 illorum
1651 3784 1882 3840 corpore

287 3877 352 3918 ac
374 3873 517 3920 coetu
548 3862 743 3920 clarius
772 3861 1214 3919 demonstrabant
1261 3876 1526 3921 summam
1572 3861 1882 3919 christianze

287 3960 559 4032 religionis
588 3960 989 4032 perfectionem.

362 4053 563 4111 Deinde
587 4069 716 4109 vero
739 4052 1030 4110 Christiani
1069 4053 1167 4123 illi,
1198 4069 1225 4109 a
1253 4063 1396 4110 recta
1418 4053 1597 4125 regula
1622 4053 1882 4109 aberran-

292 4156 393 4216 tes,
426 4163 522 4220 pro
566 4148 885 4206 delicwrnm
929 4149 1189 4220 gravitate
1232 4149 1283 4203 in
1327 4147 1551 4222 publicis
1591 4147 1884 4219 synaxibus

289 4240 554 4307 solebant,
582 4249 640 4296 ut
665 4250 822 4297 antea
859 4242 1093 4297 vidimus
1142 4240 1264 4313 (art.
1298 4239 1496 4313 super.)
1520 4282 1535 4309 ,
1582 4239 1880 4307 admoneri,

287 4333 506 4403 corripi,
534 4334 798 4405 castigari,
830 4342 885 4389 et
911 4334 1195 4405 aliquando
1224 4343 1473 4404 tanquam
1516 4332 1761 4387 membra
1790 4324 1885 4402 pu-

231 4416 233 4418 ’
291 4424 428 4480 trida
459 4426 1028 4482 excomtnunicationis
1053 4426 1230 4496 gladio
1270 4428 1536 4496 amputari
1565 4439 1629 4480 ac
1658 4423 1884 4495 projici?

288 4516 646 4585 Quamobrem
673 4516 799 4574 alibi
823 4519 1026 4574 Auctor
1052 4527 1233 4574 noster
1252 4516 1317 4571 ad
1342 4516 1621 4586 Scapulam
1648 4517 1880 4587 scripsit:

2062 3295 2169 3353 Sed
2213 3314 2241 3351 a
2274 3307 2399 3369 quo‘,
2432 3301 2627 3357 amabo
2662 3310 2736 3370 te,
2767 3301 3158 3373 probabuntur?
3183 3303 3319 3360 Nunt
3351 3305 3419 3361 ab
3447 3305 3592 3377 ipso—

1983 3400 2094 3446 met
2133 3389 2500 3447 Tertulliano?
2543 3391 2600 3449 Si
2629 3409 2715 3451 res
2742 3395 2817 3449 ita
2847 3395 2937 3463 sit,
2979 3396 3063 3451 his
3096 3390 3281 3473 verbis
3324 3411 3480 3453 suum
3526 3398 3592 3453 de

1987 3482 2479 3554 Prtescriptionibus
2530 3487 2882 3543 hwreticorum
2923 3488 3188 3559 pollicitus
3225 3499 3309 3547 est
3351 3490 3545 3546 librum
3569 3533 3586 3561 ,

1985 3576 2072 3631 ubi
2104 3575 2234 3631 illud
2263 3577 2439 3648 reipsa
2467 3568 2730 3649 probavit.
2761 3581 2867 3637 Sed
2892 3583 3023 3637 satis
3051 3582 3191 3639 inter
3214 3583 3457 3640 eruditos
3480 3576 3595 3641 non)

1985 3677 2196 3725 constat
2226 3680 2400 3726 utrum
2439 3670 2527 3728 hic
2557 3672 2696 3729 liber
2734 3683 2862 3731 ante
2904 3676 2990 3731 vel
3019 3686 3140 3748 post
3181 3678 3587 3749 Apologeticum

1984 3762 2160 3820 editus
2192 3762 2368 3820 fuerit.
2413 3764 2601 3823 Nonne
2627 3782 2756 3839 ergo
2796 3770 2973 3839 potuit
3000 3770 3180 3827 dicere
3217 3771 3588 3842 probabuntur,

1985 3857 2109 3927 quia
2138 3857 2356 3913 cuilibet
2384 3858 2516 3913 illud
2546 3860 2772 3929 probatu
2805 3862 3122 3919 facillimum
3150 3864 3303 3920 erat?

2056 3948 2323 4006 Cancrum
2366 3953 2541 4023 palam
2567 3952 2659 4009 ille
2697 3953 2930 4010 afﬁrmat
2956 3955 3242 4013 haereticos
3266 3957 3428 4014 etiam
3462 3966 3590 4016 ante

1985 4040 2257 4114 publicum
2281 4042 2532 4101 falsarum
2558 4045 2870 4116 opinionum
2892 4038 3107 4104 sitarum
3132 4064 3356 4105 examen
3385 4065 3451 4106 eo
3473 4051 3591 4122 ipso

1987 4136 2186 4191 erroris
2234 4136 2503 4204 convinci,
2553 4138 2696 4209 quod
2752 4155 2913 4195 nova:
2963 4140 3094 4211 sint,
3147 4155 3247 4196 nec
3295 4142 3503 4198 tradita:
3558 4159 3591 4200 a

1986 4226 2234 4296 Christo,
2266 4239 2359 4285 aut
2384 4230 2525 4286 illius
2551 4230 2849 4303 discipulis,
2879 4232 2975 4289 sed
3004 4234 3073 4289 ab
3108 4234 3295 4290 iisdem
3323 4235 3592 4292 haereticis

1988 4320 2122 4379 falso
2151 4325 2486 4395 excogitatio.
2517 4325 2855 4399 Quapropter
2886 4329 3013 4386 alibi
3039 4344 3099 4385 se
3124 4330 3240 4385 hanc
3266 4327 3439 4386 fusius
3491 4346 3594 4387 ex-

1990 4416 2307 4487 plicaturum
2337 4420 2604 4488 promittit
2628 4420 2683 4474 in
2708 4403 2845 4477 libro
2875 4421 2939 4476 de
2968 4419 3460 4493 Prtescriptionibus
3489 4422 3593 4477 htt-

1988 4512 2281 4578 rcticorum,
2314 4513 2387 4566 uti
2412 4512 2612 4569 clarius
2643 4514 2789 4571 hisce
2825 4515 3005 4573 verbis
3035 4518 3268 4589 explicat
3307 4535 3321 4570 :
3356 4517 3499 4572 Alius
3529 4514 3593 4571 li-

289 4609 588 4682 Depositum
619 4626 721 4664 non
747 4613 1076 4683 abnegamus,
1110 4610 1491 4665 matrimonium
1518 4598 1711 4665 nullius
1738 4610 1885 4665 adul—
1905 4645 1961 4706 Β
1989 4604 2152 4661 bellus
2178 4606 2312 4660 hunc
2336 4607 2555 4679 gradum
2583 4609 2845 4665 sustinebit
2881 4612 3121 4668 adversus
3146 4611 3409 4667 Iuereticos
3438 4610 3591 4665 etiam

288 4710 532 4769 teramus,
565 4700 789 4774 pupillos
815 4703 898 4774 pie
925 4711 1223 4770 tractamus,
1245 4701 1588 4773 indigentibus
1608 4703 1882 4774 refrigerao

287 4812 433 4864 ntus,
466 4794 597 4850 nulli
642 4796 835 4851 malum
882 4813 975 4869 pro
1024 4796 1162 4851 malo
1205 4796 1484 4852 reddimus.
1526 4794 1755 4851 Viderint
1802 4798 1886 4867 qui

289 4897 477 4943 sectam
505 4889 833 4957 mentiuntur,
863 4906 989 4962 quos
1008 4899 1054 4945 et
1080 4891 1180 4962 ipsi
1204 4906 1497 4945 recusamus
1514 4888 1762 4964 (Tertul.,
1792 4889 1880 4945 lib.

289 4982 359 5035 ad
389 4982 628 5053 Scapul.,
654 4999 771 5056 cap.
802 4980 882 5053 l),
928 4983 1051 5041 illos
1080 4984 1356 5051 nimirum,
1387 4983 1478 5055 qui
1521 4997 1616 5039 sua
1669 4990 1888 5054 propter

290 5074 494 5131 scelera
523 5091 588 5132 ex
631 5078 799 5133 sacris
823 5076 978 5149 ejeCti
1004 5085 1160 5135 erant
1182 5076 1412 5135 ctetibus
1432 5075 1881 5144 Christianorum,

290 5182 518 5241 quorum
547 5185 740 5228 nomen
767 5172 1185 5229 mentiebantur.

362 5262 465 5317 Alii
495 5277 627 5319 vero
650 5264 996 5321 christianam
1025 5265 1345 5338 religionem
1386 5280 1448 5322 se
1477 5264 1715 5338 proﬁteri
1744 5279 1885 5321 ven-

290 5353 552 5424 ditabant,
576 5356 826 5413 nimirum
847 5356 1107 5425 haeretici,
1135 5358 1224 5430 qui
1247 5359 1311 5414 de
1330 5375 1454 5427 una,
1481 5367 1540 5414 ut
1565 5358 1640 5413 ait
1664 5357 1775 5424 ille,
1801 5357 1884 5413 via

289 5449 547 5507 doctrinm
573 5462 627 5507 et
652 5452 890 5508 veritatis
934 5452 1162 5524 obliquos
1191 5454 1375 5509 multos
1416 5462 1465 5507 et
1500 5451 1886 5521 inexplicabiles

290 5543 516 5598 tramites
543 5543 820 5611 sciderunt,
851 5558 915 5600 ac
943 5545 1263 5615 semetipsos
1286 5544 1530 5618 aliosque
1555 5544 1610 5601 in
1639 5558 1883 5601 errorum

266 5646 347 5691 'et
373 5635 640 5693 hteresum
689 5637 943 5710 abyssum
987 5647 1214 5711 egerunt
1263 5640 1585 5711 pratcipites.
1660 5636 1768 5696 Sed
1806 5637 1885 5707 hi,

291 5726 483 5801 inquit,
512 5729 618 5787 orti
656 5739 782 5786 sunt
807 5729 874 5787 de
899 5728 1338 5804 philosophorum
1387 5731 1621 5799 semine,
1669 5731 1732 5787 de
1755 5747 1886 5804 quo-

261 5867 272 5882 .
290 5832 428 5892 rum,
450 5821 590 5882 sicut
613 5822 738 5884 alibi
761 5822 918 5900 dixit,
946 5824 1163 5898 ingeniis
1187 5823 1351 5885 omnis
1371 5824 1576 5887 hiemis
1596 5824 1886 5899 animatur,

1986 4697 2095 4753 sine
2135 4708 2409 4754 retractatu
2439 4699 2787 4757 doctrinarum
2825 4704 3171 4772 revincendos,
3204 4703 3341 4775 quod
3367 4703 3463 4759 hoc
3489 4703 3591 4758 sint

1988 4788 2052 4843 de
2075 4791 2543 4862 prtescriptionibus
2568 4795 2804 4850 novitatis
2833 4793 3032 4868 (Idem,
3058 4794 3148 4851 lib.
3179 4793 3203 4851 Ι
3229 4793 3429 4851 advers.
3455 4793 3596 4850 Mar-

1988 4882 2147 4947 cion.,
2177 4898 2292 4954 cap.
2327 4883 2421 4956 1).

2061 4974 2303 5031 Gentiles
2344 4977 2503 5049 igitur
2542 4979 2675 5036 nihil
2706 4994 2926 5051 prorsus
2954 4995 3022 5036 ex
3064 4979 3445 5036 haereticorum
3473 4994 3595 5037 cor-

1991 5070 2243 5141 ruptione
2269 5069 2527 5129 adversus
2555 5073 2865 5130 christiana:
2906 5073 3184 5146 religionis
3211 5074 3493 5131 veritatem
3538 5082 3595 5132 et

1989 5166 2355 5234 praestantiam
2381 5166 2705 5225 concludere
2736 5174 3005 5239 poterant.
3034 5167 3171 5224 Nam
3214 5168 3270 5224 hi
3295 5168 3364 5227 de
3404 5167 3597 5233 Eccle-

1988 5258 2069 5315 sia
2095 5260 2358 5319 catholica
2386 5263 2596 5334 penitus
2625 5264 2811 5329 excisi,
2845 5281 2954 5321 non
2980 5265 3212 5337 amplius
3240 5266 3341 5323 nisi
3374 5264 3595 5322 nomine

1988 5361 2163 5422 tenus,
2194 5356 2304 5412 imo
2328 5371 2401 5431 nq
2442 5357 2660 5414 nomine
2688 5356 2927 5429 quidem,
2954 5357 3232 5415 christiani
3274 5368 3449 5416 erant.
3481 5359 3593 5414 Au-

1986 5447 2103 5504 dias
2125 5449 2282 5505 velim
2307 5449 2613 5520 quuentem
2636 5450 2925 5521 ipsumtnet
2946 5451 3339 5509 Tertullianum
3366 5470 3381 5509 :
3406 5452 3469 5508 Si
3491 5452 3596 5507 hie-

1987 5542 2129 5598 retici
2155 5551 2295 5610 sunt,
2327 5541 2592 5597 christiani
2614 5558 2723 5598 esse
2750 5560 2853 5599 non
2879 5534 3120 5617 possitnt,
3164 5562 3269 5601 non
3310 5562 3343 5599 a
3387 5544 3595 5600 Christo

1993 5635 2261 5706 habendo,
2291 5635 2431 5707 quod
2474 5636 2538 5691 de
2581 5653 2675 5693 sua
2721 5637 2962 5694 electione
3007 5640 3186 5694 sectati
3237 5638 3597 5694 haereticorum

1992 5732 2203 5788 nomina
2267 5732 2540 5788 admittunt
2588 5730 2796 5807 (Idem,
2866 5733 2955 5789 lib.
3001 5733 3068 5791 de
3114 5731 3418 5805 Pratscript.
3484 5733 3596 5790 Ita:-

1992 5836 2110 5898 ret.,
2137 5842 2253 5899 cap.
2277 5825 2394 5902 57).
2422 5826 2554 5890 Eam
2599 5842 2732 5888 sane
2774 5829 2846 5889 ob
2888 5843 3135 5888 caussam
3182 5828 3462 5891 christiani
3487 5829 3594 5892 im‘
