  <div class='ocr_page' id='page_1' title='image "/cluster/home/n/w/nwhite01/storage/ocr_20150623/1/hvd.32044015466733/507.png"; bbox 0 0 4076 6356; ppageno 0'>
   <div class='ocr_carea' id='block_1_1' title="bbox 597 356 706 417">
    <p class='ocr_par' dir='ltr' id='par_1_1' title="bbox 597 356 706 417">
     <span class='ocr_line' id='line_1_1' title="bbox 597 356 706 417; baseline 0 0"><span class='ocrx_word' id='word_1_1' title='bbox 597 356 706 417; x_wconf 78' lang='lat'><strong>963</strong></span> 
     </span>
    </p>
   </div>
   <div class='ocr_carea' id='block_1_2' title="bbox 1664 349 2810 416">
    <p class='ocr_par' dir='ltr' id='par_1_2' title="bbox 1664 349 2810 416">
     <span class='ocr_line' id='line_1_2' title="bbox 1664 349 2810 416; baseline 0.004 -5"><span class='ocrx_word' id='word_1_2' title='bbox 1664 350 1734 411; x_wconf 85' lang='lat' dir='ltr'><strong>lN</strong></span> <span class='ocrx_word' id='word_1_3' title='bbox 1777 349 2244 414; x_wconf 77' lang='lat' dir='ltr'><strong>TERTULLIANI</strong></span> <span class='ocrx_word' id='word_1_4' title='bbox 2279 350 2810 416; x_wconf 80' lang='lat' dir='ltr'><strong>APOLOGETICUM</strong></span> 
     </span>
    </p>
   </div>
   <div class='ocr_carea' id='block_1_3' title="bbox 3796 355 3908 422">
    <p class='ocr_par' dir='ltr' id='par_1_3' title="bbox 3796 355 3908 422">
     <span class='ocr_line' id='line_1_3' title="bbox 3796 355 3908 422; baseline 0.027 -3"><span class='ocrx_word' id='word_1_5' title='bbox 3796 355 3908 422; x_wconf 59' lang='lat'><strong>961</strong></span> 
     </span>
    </p>
   </div>
   <div class='ocr_carea' id='block_1_4' title="bbox 593 468 3901 549">
    <p class='ocr_par' dir='ltr' id='par_1_4' title="bbox 593 468 3901 549">
     <span class='ocr_line' id='line_1_4' title="bbox 593 468 3901 549; baseline -0 -16"><span class='ocrx_word' id='word_1_6' title='bbox 593 483 873 549; x_wconf 82' lang='lat' dir='ltr'><strong>peratores</strong></span> <span class='ocrx_word' id='word_1_7' title='bbox 919 472 1204 531; x_wconf 89' lang='lat' dir='ltr'><strong>voluerunt</strong></span> <span class='ocrx_word' id='word_1_8' title='bbox 1252 470 1372 530; x_wconf 90' lang='lat' dir='ltr'><strong>illos</strong></span> <span class='ocrx_word' id='word_1_9' title='bbox 1418 468 1636 528; x_wconf 88' lang='lat' dir='ltr'><strong>nomine</strong></span> <span class='ocrx_word' id='word_1_10' title='bbox 1663 472 1897 527; x_wconf 87' lang='lat' dir='ltr'><strong>auctoris</strong></span> <span class='ocrx_word' id='word_1_11' title='bbox 1928 471 2011 527; x_wconf 88' lang='lat' dir='ltr'><strong>sui</strong></span> <span class='ocrx_word' id='word_1_12' title='bbox 2050 487 2188 528; x_wconf 90' lang='lat' dir='ltr'><strong>nun-</strong></span> <span class='ocrx_word' id='word_1_13' title='bbox 2216 470 2268 534; x_wconf 77' lang='grc' dir='ltr'><strong>Α</strong></span> <span class='ocrx_word' id='word_1_14' title='bbox 2292 472 2603 547; x_wconf 84' lang='lat' dir='ltr'><strong>delioribus,</strong></span> <span class='ocrx_word' id='word_1_15' title='bbox 2631 483 2687 530; x_wconf 92' lang='lat' dir='ltr'><strong>et</strong></span> <span class='ocrx_word' id='word_1_16' title='bbox 2713 489 2743 529; x_wconf 94' lang='lat' dir='ltr'><strong>a</strong></span> <span class='ocrx_word' id='word_1_17' title='bbox 2772 470 2986 531; x_wconf 85' lang='lat' dir='ltr'><strong>nemine</strong></span> <span class='ocrx_word' id='word_1_18' title='bbox 3023 473 3285 531; x_wconf 78' lang='lat' dir='ltr'><strong>hactenus</strong></span> <span class='ocrx_word' id='word_1_19' title='bbox 3310 474 3623 547; x_wconf 84' lang='lat' dir='ltr'><strong>excogitatis</strong></span> <span class='ocrx_word' id='word_1_20' title='bbox 3647 476 3901 533; x_wconf 77' lang='lat' dir='ltr'><strong>ventio-</strong></span> 
     </span>
    </p>
   </div>
   <div class='ocr_carea' id='block_1_5' title="bbox 593 565 2247 643">
    <p class='ocr_par' dir='ltr' id='par_1_5' title="bbox 593 565 2247 643">
     <span class='ocr_line' id='line_1_5' title="bbox 593 565 2247 643; baseline -0.005 -16"><span class='ocrx_word' id='word_1_21' title='bbox 593 571 812 643; x_wconf 66' lang='lat' dir='ltr'><strong>cupaﬁ,</strong></span> <span class='ocrx_word' id='word_1_22' title='bbox 868 570 1016 636; x_wconf 84' lang='lat' dir='ltr'><strong>cuius</strong></span> <span class='ocrx_word' id='word_1_23' title='bbox 1065 568 1228 624; x_wconf 91' lang='lat' dir='ltr'><strong>scelus</strong></span> <span class='ocrx_word' id='word_1_24' title='bbox 1273 579 1391 622; x_wconf 87' lang='lat' dir='ltr'><strong>sunt</strong></span> <span class='ocrx_word' id='word_1_25' title='bbox 1429 568 1483 622; x_wconf 89' lang='lat' dir='ltr'><strong>in</strong></span> <span class='ocrx_word' id='word_1_26' title='bbox 1531 566 1807 622; x_wconf 89' lang='lat' dir='ltr'><strong>deserendo</strong></span> <span class='ocrx_word' id='word_1_27' title='bbox 1854 565 1963 621; x_wconf 85' lang='lat' dir='ltr'><strong>Deo</strong></span> <span class='ocrx_word' id='word_1_28' title='bbox 2005 566 2193 620; x_wconf 78' lang='lat' dir='ltr'><strong>imitati</strong></span> <span class='ocrx_word' id='word_1_29' title='bbox 2236 588 2247 597; x_wconf 90' lang='lat'><strong><em>-</em></strong></span> 
     </span>
    </p>
   </div>
   <div class='ocr_carea' id='block_1_6' title="bbox 592 656 2187 737">
    <p class='ocr_par' dir='ltr' id='par_1_6' title="bbox 592 656 2187 737">
     <span class='ocr_line' id='line_1_6' title="bbox 592 656 2187 737; baseline -0.006 -18"><span class='ocrx_word' id='word_1_30' title='bbox 592 664 612 737; x_wconf 96' lang='lat'><strong>(</strong></span> <span class='ocrx_word' id='word_1_31' title='bbox 636 664 762 719; x_wconf 87' lang='lat' dir='ltr'><strong>Cod.</strong></span> <span class='ocrx_word' id='word_1_32' title='bbox 791 661 1067 728; x_wconf 83' lang='lat' dir='ltr'><strong>Theodos.,</strong></span> <span class='ocrx_word' id='word_1_33' title='bbox 1096 662 1173 716; x_wconf 90' lang='lat' dir='ltr'><strong>tit.</strong></span> <span class='ocrx_word' id='word_1_34' title='bbox 1204 660 1268 715; x_wconf 93' lang='lat' dir='ltr'><strong>de</strong></span> <span class='ocrx_word' id='word_1_35' title='bbox 1286 659 1504 726; x_wconf 55' lang='lat' dir='ltr'><strong>Havet,</strong></span> <span class='ocrx_word' id='word_1_36' title='bbox 1537 660 1636 730; x_wconf 87' lang='lat' dir='ltr'><strong>leg.</strong></span> <span class='ocrx_word' id='word_1_37' title='bbox 1663 658 1753 721; x_wconf 80' lang='lat'><strong>65,</strong></span> <span class='ocrx_word' id='word_1_38' title='bbox 1782 676 1837 730; x_wconf 92' lang='lat' dir='ltr'><strong>p.</strong></span> <span class='ocrx_word' id='word_1_39' title='bbox 1866 657 1992 723; x_wconf 77' lang='grc'><strong>190,</strong></span> <span class='ocrx_word' id='word_1_40' title='bbox 2016 656 2187 728; x_wconf 72' lang='lat' dir='ltr'><strong>LVI),</strong></span> 
     </span>
    </p>
   </div>
   <div class='ocr_carea' id='block_1_7' title="bbox 590 750 2187 829">
    <p class='ocr_par' dir='ltr' id='par_1_7' title="bbox 590 750 2187 829">
     <span class='ocr_line' id='line_1_7' title="bbox 590 750 2187 829; baseline -0.005 -15"><span class='ocrx_word' id='word_1_41' title='bbox 590 760 672 814; x_wconf 97' lang='lat' dir='ltr'><strong>vel</strong></span> <span class='ocrx_word' id='word_1_42' title='bbox 695 760 832 815; x_wconf 86' lang='lat' dir='ltr'><strong>sicut</strong></span> <span class='ocrx_word' id='word_1_43' title='bbox 862 756 1004 829; x_wconf 84' lang='lat' dir='ltr'><strong>apud</strong></span> <span class='ocrx_word' id='word_1_44' title='bbox 1036 758 1311 813; x_wconf 84' lang='lat' dir='ltr'><strong>Socratem</strong></span> <span class='ocrx_word' id='word_1_45' title='bbox 1338 754 1513 809; x_wconf 86' lang='lat' dir='ltr'><strong>aiebat</strong></span> <span class='ocrx_word' id='word_1_46' title='bbox 1531 753 1915 808; x_wconf 86' lang='lat' dir='ltr'><strong>Constantinus</strong></span> <span class='ocrx_word' id='word_1_47' title='bbox 1945 750 2187 822; x_wconf 81' lang='lat' dir='ltr'><strong>Magnus,</strong></span> 
     </span>
    </p>
   </div>
   <div class='ocr_carea' id='block_1_8' title="bbox 590 845 2191 924">
    <p class='ocr_par' dir='ltr' id='par_1_8' title="bbox 590 845 2191 924">
     <span class='ocr_line' id='line_1_8' title="bbox 590 845 2191 924; baseline -0.008 -15"><span class='ocrx_word' id='word_1_48' title='bbox 590 862 645 909; x_wconf 87' lang='lat' dir='ltr'><strong>ut</strong></span> <span class='ocrx_word' id='word_1_49' title='bbox 671 869 886 924; x_wconf 87' lang='lat' dir='ltr'><strong>quarunt</strong></span> <span class='ocrx_word' id='word_1_50' title='bbox 914 852 1075 906; x_wconf 87' lang='lat' dir='ltr'><strong>secuti</strong></span> <span class='ocrx_word' id='word_1_51' title='bbox 1092 860 1208 906; x_wconf 88' lang='lat' dir='ltr'><strong>sunt</strong></span> <span class='ocrx_word' id='word_1_52' title='bbox 1230 865 1412 915; x_wconf 87' lang='lat' dir='ltr'><strong>mores,</strong></span> <span class='ocrx_word' id='word_1_53' title='bbox 1448 864 1625 902; x_wconf 88' lang='lat' dir='ltr'><strong>eorum</strong></span> <span class='ocrx_word' id='word_1_54' title='bbox 1654 847 1807 901; x_wconf 90' lang='lat' dir='ltr'><strong>etiam</strong></span> <span class='ocrx_word' id='word_1_55' title='bbox 1831 845 2076 901; x_wconf 80' lang='lat' dir='ltr'><strong>vocabulo</strong></span> <span class='ocrx_word' id='word_1_56' title='bbox 2094 862 2191 916; x_wconf 88' lang='lat' dir='ltr'><strong>ap-</strong></span> 
     </span>
    </p>
   </div>
   <div class='ocr_carea' id='block_1_9' title="bbox 588 936 2190 1019">
    <p class='ocr_par' dir='ltr' id='par_1_9' title="bbox 588 936 2190 1019">
     <span class='ocr_line' id='line_1_9' title="bbox 588 936 2190 1019; baseline -0.006 -17"><span class='ocrx_word' id='word_1_57' title='bbox 588 946 838 1019; x_wconf 89' lang='lat' dir='ltr'><strong>pellentur</strong></span> <span class='ocrx_word' id='word_1_58' title='bbox 878 944 897 1017; x_wconf 94' lang='lat'>(</span> <span class='ocrx_word' id='word_1_59' title='bbox 920 942 1149 1011; x_wconf 88' lang='lat' dir='ltr'><strong>Socrat.,</strong></span> <span class='ocrx_word' id='word_1_60' title='bbox 1194 941 1283 997; x_wconf 94' lang='lat' dir='ltr'><strong>lib.</strong></span> <span class='ocrx_word' id='word_1_61' title='bbox 1322 942 1363 1006; x_wconf 90' lang='lat' dir='ltr'><strong>l,</strong></span> <span class='ocrx_word' id='word_1_62' title='bbox 1418 957 1537 1012; x_wconf 88' lang='lat' dir='ltr'><strong>cap.</strong></span> <span class='ocrx_word' id='word_1_63' title='bbox 1568 940 1626 1008; x_wconf 88' lang='lat'><strong>9,</strong></span> <span class='ocrx_word' id='word_1_64' title='bbox 1658 956 1710 1008; x_wconf 94' lang='lat' dir='ltr'><strong>p.</strong></span> <span class='ocrx_word' id='word_1_65' title='bbox 1739 939 1865 1008; x_wconf 61' lang='grc' dir='ltr'><strong>δί).</strong></span> <span class='ocrx_word' id='word_1_66' title='bbox 1906 936 2190 993; x_wconf 77' lang='lat' dir='ltr'><strong>Rationem</strong></span> 
     </span>
    </p>
   </div>
   <div class='ocr_carea' id='block_1_10' title="bbox 587 1029 2189 1112">
    <p class='ocr_par' dir='ltr' id='par_1_10' title="bbox 587 1029 2189 1112">
     <span class='ocr_line' id='line_1_10' title="bbox 587 1029 2189 1112; baseline -0.007 -16"><span class='ocrx_word' id='word_1_67' title='bbox 587 1042 632 1096; x_wconf 90' lang='lat' dir='ltr'><strong>si</strong></span> <span class='ocrx_word' id='word_1_68' title='bbox 661 1036 893 1112; x_wconf 65' lang='lat' dir='ltr'><strong>quaaras,</strong></span> <span class='ocrx_word' id='word_1_69' title='bbox 921 1038 1061 1093; x_wconf 89' lang='lat' dir='ltr'><strong>hanc</strong></span> <span class='ocrx_word' id='word_1_70' title='bbox 1091 1053 1122 1092; x_wconf 89' lang='lat' dir='ltr'><strong>a</strong></span> <span class='ocrx_word' id='word_1_71' title='bbox 1164 1036 1436 1109; x_wconf 80' lang='lat' dir='ltr'><strong>Cypriane</strong></span> <span class='ocrx_word' id='word_1_72' title='bbox 1481 1035 1663 1103; x_wconf 86' lang='lat' dir='ltr'><strong>accipe</strong></span> <span class='ocrx_word' id='word_1_73' title='bbox 1704 1051 1717 1087; x_wconf 91' lang='lat'><strong>:</strong></span> <span class='ocrx_word' id='word_1_74' title='bbox 1766 1029 1914 1087; x_wconf 83' lang='lat' dir='ltr'><strong>Sicut</strong></span> <span class='ocrx_word' id='word_1_75' title='bbox 1957 1030 2189 1085; x_wconf 72' lang='lat' dir='ltr'><strong>diabolus</strong></span> 
     </span>
    </p>
   </div>
   <div class='ocr_carea' id='block_1_11' title="bbox 586 1123 2190 1205">
    <p class='ocr_par' dir='ltr' id='par_1_11' title="bbox 586 1123 2190 1205">
     <span class='ocr_line' id='line_1_11' title="bbox 586 1123 2190 1205; baseline -0.009 -14"><span class='ocrx_word' id='word_1_76' title='bbox 586 1133 817 1191; x_wconf 86' lang='lat' dir='ltr'><strong>Christus</strong></span> <span class='ocrx_word' id='word_1_77' title='bbox 856 1149 959 1187; x_wconf 87' lang='lat' dir='ltr'><strong>non</strong></span> <span class='ocrx_word' id='word_1_78' title='bbox 987 1141 1079 1199; x_wconf 84' lang='lat' dir='ltr'><strong>est,</strong></span> <span class='ocrx_word' id='word_1_79' title='bbox 1112 1131 1342 1205; x_wconf 79' lang='lat' dir='ltr'><strong>quamvis</strong></span> <span class='ocrx_word' id='word_1_80' title='bbox 1388 1128 1537 1202; x_wconf 84' lang='lat' dir='ltr'><strong>fallat</strong></span> <span class='ocrx_word' id='word_1_81' title='bbox 1566 1130 1620 1182; x_wconf 90' lang='lat' dir='ltr'><strong>in</strong></span> <span class='ocrx_word' id='word_1_82' title='bbox 1650 1126 1856 1182; x_wconf 81' lang='lat' dir='ltr'><strong>nomine</strong></span> <span class='ocrx_word' id='word_1_83' title='bbox 1895 1123 2040 1180; x_wconf 87' lang='lat' dir='ltr'><strong>illius</strong></span> <span class='ocrx_word' id='word_1_84' title='bbox 2068 1140 2087 1178; x_wconf 92' lang='lat'><strong>:</strong></span> <span class='ocrx_word' id='word_1_85' title='bbox 2116 1127 2190 1178; x_wconf 88' lang='lat' dir='ltr'><strong>ita</strong></span> 
     </span>
    </p>
   </div>
   <div class='ocr_carea' id='block_1_12' title="bbox 586 1216 2190 1296">
    <p class='ocr_par' dir='ltr' id='par_1_12' title="bbox 586 1216 2190 1296">
     <span class='ocr_line' id='line_1_12' title="bbox 586 1216 2190 1296; baseline -0.007 -12"><span class='ocrx_word' id='word_1_86' title='bbox 586 1246 678 1284; x_wconf 89' lang='lat' dir='ltr'><strong>nec</strong></span> <span class='ocrx_word' id='word_1_87' title='bbox 698 1228 1010 1283; x_wconf 86' lang='lat' dir='ltr'><strong>christianus</strong></span> <span class='ocrx_word' id='word_1_88' title='bbox 1029 1226 1189 1280; x_wconf 86' lang='lat' dir='ltr'><strong>videri</strong></span> <span class='ocrx_word' id='word_1_89' title='bbox 1214 1233 1397 1296; x_wconf 80' lang='lat' dir='ltr'><strong>potest,</strong></span> <span class='ocrx_word' id='word_1_90' title='bbox 1425 1223 1513 1293; x_wconf 91' lang='lat' dir='ltr'><strong>qui</strong></span> <span class='ocrx_word' id='word_1_91' title='bbox 1536 1237 1636 1276; x_wconf 89' lang='lat' dir='ltr'><strong>non</strong></span> <span class='ocrx_word' id='word_1_92' title='bbox 1660 1228 1920 1292; x_wconf 89' lang='lat' dir='ltr'><strong>permanet</strong></span> <span class='ocrx_word' id='word_1_93' title='bbox 1941 1219 1995 1273; x_wconf 86' lang='lat' dir='ltr'><strong>in</strong></span> <span class='ocrx_word' id='word_1_94' title='bbox 2019 1216 2190 1273; x_wconf 81' lang='lat' dir='ltr'><strong>Evan-</strong></span> 
     </span>
    </p>
   </div>
   <div class='ocr_carea' id='block_1_13' title="bbox 586 1309 2254 1406">
    <p class='ocr_par' dir='ltr' id='par_1_13' title="bbox 586 1309 2254 1406">
     <span class='ocr_line' id='line_1_13' title="bbox 586 1309 2254 1406; baseline -0.009 -27"><span class='ocrx_word' id='word_1_95' title='bbox 586 1323 707 1398; x_wconf 82' lang='lat' dir='ltr'><strong>gelii</strong></span> <span class='ocrx_word' id='word_1_96' title='bbox 732 1333 779 1378; x_wconf 91' lang='lat' dir='ltr'><strong>et</strong></span> <span class='ocrx_word' id='word_1_97' title='bbox 821 1323 934 1395; x_wconf 89' lang='lat' dir='ltr'><strong>ejus</strong></span> <span class='ocrx_word' id='word_1_98' title='bbox 960 1320 1081 1391; x_wconf 83' lang='lat' dir='ltr'><strong>ﬁdei</strong></span> <span class='ocrx_word' id='word_1_99' title='bbox 1107 1320 1315 1374; x_wconf 82' lang='lat' dir='ltr'><strong>veritate</strong></span> <span class='ocrx_word' id='word_1_100' title='bbox 1343 1316 1658 1389; x_wconf 70' lang='lat' dir='ltr'><strong>(Cyprium,</strong></span> <span class='ocrx_word' id='word_1_101' title='bbox 1688 1314 1777 1369; x_wconf 89' lang='lat' dir='ltr'><strong>lib.</strong></span> <span class='ocrx_word' id='word_1_102' title='bbox 1810 1314 1872 1368; x_wconf 90' lang='lat' dir='ltr'><strong>de</strong></span> <span class='ocrx_word' id='word_1_103' title='bbox 1903 1310 2046 1368; x_wconf 86' lang='lat' dir='ltr'><strong>Unit.</strong></span> <span class='ocrx_word' id='word_1_104' title='bbox 2084 1309 2188 1366; x_wconf 83' lang='lat' dir='ltr'><strong>Ec-</strong></span> <span class='ocrx_word' id='word_1_105' title='bbox 2246 1388 2254 1406; x_wconf 39' lang='lat'>‘</span> 
     </span>
    </p>
   </div>
   <div class='ocr_carea' id='block_1_14' title="bbox 585 1403 2187 1487">
    <p class='ocr_par' dir='ltr' id='par_1_14' title="bbox 585 1403 2187 1487">
     <span class='ocr_line' id='line_1_14' title="bbox 585 1403 2187 1487; baseline -0.007 -16"><span class='ocrx_word' id='word_1_106' title='bbox 585 1414 768 1487; x_wconf 87' lang='lat' dir='ltr'><strong>cles.).</strong></span> <span class='ocrx_word' id='word_1_107' title='bbox 829 1413 988 1469; x_wconf 76' lang='lat' dir='ltr'><strong>Vides</strong></span> <span class='ocrx_word' id='word_1_108' title='bbox 1042 1427 1174 1468; x_wconf 90' lang='lat' dir='ltr'><strong>sane</strong></span> <span class='ocrx_word' id='word_1_109' title='bbox 1244 1411 1426 1481; x_wconf 90' lang='lat' dir='ltr'><strong>quanti</strong></span> <span class='ocrx_word' id='word_1_110' title='bbox 1508 1409 1721 1464; x_wconf 84' lang='lat' dir='ltr'><strong>roboris</strong></span> <span class='ocrx_word' id='word_1_111' title='bbox 1793 1407 1866 1462; x_wconf 86' lang='lat' dir='ltr'><strong>sit</strong></span> <span class='ocrx_word' id='word_1_112' title='bbox 1931 1405 2033 1462; x_wconf 89' lang='lat' dir='ltr'><strong>hoc</strong></span> <span class='ocrx_word' id='word_1_113' title='bbox 2088 1403 2187 1460; x_wconf 89' lang='lat' dir='ltr'><strong>ad-</strong></span> 
     </span>
    </p>
   </div>
   <div class='ocr_carea' id='block_1_15' title="bbox 584 1496 2186 1581">
    <p class='ocr_par' dir='ltr' id='par_1_15' title="bbox 584 1496 2186 1581">
     <span class='ocr_line' id='line_1_15' title="bbox 584 1496 2186 1581; baseline -0.006 -19"><span class='ocrx_word' id='word_1_114' title='bbox 584 1524 773 1565; x_wconf 87' lang='lat' dir='ltr'><strong>versus</strong></span> <span class='ocrx_word' id='word_1_115' title='bbox 819 1506 1089 1581; x_wconf 87' lang='lat' dir='ltr'><strong>quoslibet</strong></span> <span class='ocrx_word' id='word_1_116' title='bbox 1132 1505 1415 1560; x_wconf 69' lang='lat' dir='ltr'><strong>haereticos</strong></span> <span class='ocrx_word' id='word_1_117' title='bbox 1466 1509 1863 1572; x_wconf 79' lang='lat' dir='ltr'><strong>argumentum,</strong></span> <span class='ocrx_word' id='word_1_118' title='bbox 1920 1496 2063 1570; x_wconf 86' lang='lat' dir='ltr'><strong>quod</strong></span> <span class='ocrx_word' id='word_1_119' title='bbox 2119 1512 2186 1552; x_wconf 87' lang='lat' dir='ltr'><strong>ex</strong></span> 
     </span>
    </p>
   </div>
   <div class='ocr_carea' id='block_1_16' title="bbox 584 1589 2187 1675">
    <p class='ocr_par' dir='ltr' id='par_1_16' title="bbox 584 1589 2187 1675">
     <span class='ocr_line' id='line_1_16' title="bbox 584 1589 2187 1675; baseline -0.009 -17"><span class='ocrx_word' id='word_1_120' title='bbox 584 1599 1077 1675; x_wconf 63' lang='lat' dir='ltr'><strong>prirscriptionibus</strong></span> <span class='ocrx_word' id='word_1_121' title='bbox 1127 1598 1240 1652; x_wconf 85' lang='lat' dir='ltr'><strong>sive</strong></span> <span class='ocrx_word' id='word_1_122' title='bbox 1291 1596 1509 1665; x_wconf 87' lang='lat' dir='ltr'><strong>antiqua</strong></span> <span class='ocrx_word' id='word_1_123' title='bbox 1551 1593 1938 1663; x_wconf 90' lang='lat' dir='ltr'><strong>discipulorum</strong></span> <span class='ocrx_word' id='word_1_124' title='bbox 1986 1589 2187 1645; x_wconf 81' lang='lat' dir='ltr'><strong>CltriSti</strong></span> 
     </span>
    </p>
   </div>
   <div class='ocr_carea' id='block_1_17' title="bbox 584 1680 2189 1762">
    <p class='ocr_par' dir='ltr' id='par_1_17' title="bbox 584 1680 2189 1762">
     <span class='ocr_line' id='line_1_17' title="bbox 584 1680 2189 1762; baseline -0.007 -14"><span class='ocrx_word' id='word_1_125' title='bbox 584 1692 871 1748; x_wconf 89' lang='lat' dir='ltr'><strong>traditione</strong></span> <span class='ocrx_word' id='word_1_126' title='bbox 903 1692 1128 1762; x_wconf 87' lang='lat' dir='ltr'><strong>petitum</strong></span> <span class='ocrx_word' id='word_1_127' title='bbox 1158 1696 1261 1744; x_wconf 89' lang='lat' dir='ltr'><strong>est.</strong></span> <span class='ocrx_word' id='word_1_128' title='bbox 1294 1686 1338 1742; x_wconf 85' lang='grc' dir='ltr'>Τ</span> <span class='ocrx_word' id='word_1_129' title='bbox 1343 1685 1669 1743; x_wconf 88' lang='lat' dir='ltr'><strong>ertullianus</strong></span> <span class='ocrx_word' id='word_1_130' title='bbox 1700 1686 1843 1740; x_wconf 91' lang='lat' dir='ltr'><strong>enim</strong></span> <span class='ocrx_word' id='word_1_131' title='bbox 1880 1692 2064 1753; x_wconf 89' lang='lat' dir='ltr'><strong>aperte</strong></span> <span class='ocrx_word' id='word_1_132' title='bbox 2094 1680 2189 1737; x_wconf 57' lang='lat' dir='ltr'><strong>dco</strong></span> 
     </span>
    </p>
   </div>
   <div class='ocr_carea' id='block_1_18' title="bbox 470 1762 2188 1855">
    <p class='ocr_par' dir='ltr' id='par_1_18' title="bbox 470 1762 2188 1855">
     <span class='ocr_line' id='line_1_18' title="bbox 470 1762 2188 1855; baseline -0.009 -10"><span class='ocrx_word' id='word_1_133' title='bbox 470 1762 485 1775; x_wconf 38' lang='grc' dir='ltr'><strong>θ</strong></span> <span class='ocrx_word' id='word_1_134' title='bbox 582 1795 851 1844; x_wconf 86' lang='lat' dir='ltr'><strong>monstrat</strong></span> <span class='ocrx_word' id='word_1_135' title='bbox 895 1786 1025 1840; x_wconf 87' lang='lat' dir='ltr'><strong>nihil</strong></span> <span class='ocrx_word' id='word_1_136' title='bbox 1066 1785 1281 1855; x_wconf 88' lang='lat' dir='ltr'><strong>penitus</strong></span> <span class='ocrx_word' id='word_1_137' title='bbox 1325 1782 1553 1853; x_wconf 78' lang='lat' dir='ltr'><strong>gentiles</strong></span> <span class='ocrx_word' id='word_1_138' title='bbox 1600 1780 1858 1834; x_wconf 89' lang='lat' dir='ltr'><strong>adversus</strong></span> <span class='ocrx_word' id='word_1_139' title='bbox 1911 1774 2188 1845; x_wconf 73' lang='lat' dir='ltr'><strong>religionis</strong></span> 
     </span>
    </p>
   </div>
   <div class='ocr_carea' id='block_1_19' title="bbox 2295 567 3900 627">
    <p class='ocr_par' dir='ltr' id='par_1_19' title="bbox 2295 567 3900 627">
     <span class='ocr_line' id='line_1_19' title="bbox 2295 567 3900 627; baseline 0.004 -6"><span class='ocrx_word' id='word_1_140' title='bbox 2295 567 2451 624; x_wconf 88' lang='lat' dir='ltr'><strong>nibus</strong></span> <span class='ocrx_word' id='word_1_141' title='bbox 2477 584 2541 623; x_wconf 88' lang='lat' dir='ltr'><strong>ac</strong></span> <span class='ocrx_word' id='word_1_142' title='bbox 2570 569 2852 625; x_wconf 88' lang='lat' dir='ltr'><strong>tormentis</strong></span> <span class='ocrx_word' id='word_1_143' title='bbox 2878 570 3405 626; x_wconf 82' lang='lat' dir='ltr'><strong>excarniﬁcabantur</strong></span> <span class='ocrx_word' id='word_1_144' title='bbox 3455 580 3509 627; x_wconf 89' lang='lat' dir='ltr'><strong>et</strong></span> <span class='ocrx_word' id='word_1_145' title='bbox 3538 571 3900 627; x_wconf 83' lang='lat' dir='ltr'><strong>necabantur.</strong></span> 
     </span>
    </p>
   </div>
   <div class='ocr_carea' id='block_1_20' title="bbox 2295 662 3899 739">
    <p class='ocr_par' dir='ltr' id='par_1_20' title="bbox 2295 662 3899 739">
     <span class='ocr_line' id='line_1_20' title="bbox 2295 662 3899 739; baseline 0.003 -20"><span class='ocrx_word' id='word_1_146' title='bbox 2295 662 2451 719; x_wconf 90' lang='lat' dir='ltr'><strong>Plura</strong></span> <span class='ocrx_word' id='word_1_147' title='bbox 2482 670 2659 720; x_wconf 89' lang='lat' dir='ltr'><strong>autem</strong></span> <span class='ocrx_word' id='word_1_148' title='bbox 2688 664 2899 720; x_wconf 92' lang='lat' dir='ltr'><strong>illorum</strong></span> <span class='ocrx_word' id='word_1_149' title='bbox 2930 665 3190 736; x_wconf 86' lang='lat' dir='ltr'><strong>supplicia</strong></span> <span class='ocrx_word' id='word_1_150' title='bbox 3231 666 3593 723; x_wconf 90' lang='lat' dir='ltr'><strong>Tertullianus</strong></span> <span class='ocrx_word' id='word_1_151' title='bbox 3623 680 3899 739; x_wconf 84' lang='lat' dir='ltr'><strong>recenset,</strong></span> 
     </span>
    </p>
   </div>
   <div class='ocr_carea' id='block_1_21' title="bbox 2294 757 3899 831">
    <p class='ocr_par' dir='ltr' id='par_1_21' title="bbox 2294 757 3899 831">
     <span class='ocr_line' id='line_1_21' title="bbox 2294 757 3899 831; baseline 0.004 -21"><span class='ocrx_word' id='word_1_152' title='bbox 2294 771 2413 827; x_wconf 67' lang='lat' dir='ltr'><strong>quas</strong></span> <span class='ocrx_word' id='word_1_153' title='bbox 2440 757 2557 812; x_wconf 88' lang='lat' dir='ltr'><strong>sine</strong></span> <span class='ocrx_word' id='word_1_154' title='bbox 2576 757 2749 827; x_wconf 88' lang='lat' dir='ltr'><strong>aliqua</strong></span> <span class='ocrx_word' id='word_1_155' title='bbox 2775 757 3153 815; x_wconf 81' lang='lat' dir='ltr'><strong>observatione</strong></span> <span class='ocrx_word' id='word_1_156' title='bbox 3175 774 3207 814; x_wconf 87' lang='lat' dir='ltr'><strong>a</strong></span> <span class='ocrx_word' id='word_1_157' title='bbox 3236 760 3391 816; x_wconf 88' lang='lat' dir='ltr'><strong>nobis</strong></span> <span class='ocrx_word' id='word_1_158' title='bbox 3422 761 3764 831; x_wconf 61' lang='lat' dir='ltr'><strong>pratermitti</strong></span> <span class='ocrx_word' id='word_1_159' title='bbox 3795 777 3899 817; x_wconf 91' lang='lat' dir='ltr'><strong>non</strong></span> 
     </span>
    </p>
   </div>
   <div class='ocr_carea' id='block_1_22' title="bbox 2294 850 3896 926">
    <p class='ocr_par' dir='ltr' id='par_1_22' title="bbox 2294 850 3896 926">
     <span class='ocr_line' id='line_1_22' title="bbox 2294 850 3896 926; baseline 0.003 -20"><span class='ocrx_word' id='word_1_160' title='bbox 2294 850 2512 907; x_wconf 90' lang='lat' dir='ltr'><strong>debent.</strong></span> <span class='ocrx_word' id='word_1_161' title='bbox 2548 851 2787 907; x_wconf 88' lang='lat' dir='ltr'><strong>Primum</strong></span> <span class='ocrx_word' id='word_1_162' title='bbox 2815 853 2993 923; x_wconf 79' lang='lat' dir='ltr'><strong>itaque</strong></span> <span class='ocrx_word' id='word_1_163' title='bbox 3020 870 3034 907; x_wconf 90' lang='lat'><strong>:</strong></span> <span class='ocrx_word' id='word_1_164' title='bbox 3065 852 3326 920; x_wconf 82' lang='lat' dir='ltr'><strong>Quotidie,</strong></span> <span class='ocrx_word' id='word_1_165' title='bbox 3356 854 3548 926; x_wconf 89' lang='lat' dir='ltr'><strong>inquit,</strong></span> <span class='ocrx_word' id='word_1_166' title='bbox 3576 855 3896 925; x_wconf 70' lang='lat' dir='ltr'><strong>obsidemur,</strong></span> 
     </span>
    </p>
   </div>
   <div class='ocr_carea' id='block_1_23' title="bbox 2293 944 3899 1019">
    <p class='ocr_par' dir='ltr' id='par_1_23' title="bbox 2293 944 3899 1019">
     <span class='ocr_line' id='line_1_23' title="bbox 2293 944 3899 1019; baseline 0.003 -22"><span class='ocrx_word' id='word_1_167' title='bbox 2293 944 2519 1013; x_wconf 85' lang='lat' dir='ltr'><strong>quotidie</strong></span> <span class='ocrx_word' id='word_1_168' title='bbox 2543 946 2830 1016; x_wconf 84' lang='lat' dir='ltr'><strong>prodimur,</strong></span> <span class='ocrx_word' id='word_1_169' title='bbox 2850 945 2904 1000; x_wconf 86' lang='lat' dir='ltr'><strong>in</strong></span> <span class='ocrx_word' id='word_1_170' title='bbox 2934 948 3058 1017; x_wconf 82' lang='lat' dir='ltr'><strong>ipsis</strong></span> <span class='ocrx_word' id='word_1_171' title='bbox 3077 947 3357 1017; x_wconf 86' lang='lat' dir='ltr'><strong>plurimum</strong></span> <span class='ocrx_word' id='word_1_172' title='bbox 3381 948 3585 1002; x_wconf 74' lang='lat' dir='ltr'><strong>coetibus</strong></span> <span class='ocrx_word' id='word_1_173' title='bbox 3605 958 3652 1002; x_wconf 86' lang='lat' dir='ltr'><strong>et</strong></span> <span class='ocrx_word' id='word_1_174' title='bbox 3681 963 3899 1019; x_wconf 84' lang='lat' dir='ltr'><strong>congre-</strong></span> 
     </span>
    </p>
   </div>
   <div class='ocr_carea' id='block_1_24' title="bbox 2292 1038 3895 1113">
    <p class='ocr_par' dir='ltr' id='par_1_24' title="bbox 2292 1038 3895 1113">
     <span class='ocr_line' id='line_1_24' title="bbox 2292 1038 3895 1113; baseline 0.002 -22"><span class='ocrx_word' id='word_1_175' title='bbox 2292 1038 2579 1109; x_wconf 88' lang='lat' dir='ltr'><strong>gationibus</strong></span> <span class='ocrx_word' id='word_1_176' title='bbox 2624 1041 2810 1093; x_wconf 80' lang='lat' dir='ltr'><strong>nostris</strong></span> <span class='ocrx_word' id='word_1_177' title='bbox 2836 1040 3172 1110; x_wconf 86' lang='lat' dir='ltr'><strong>opprimimur</strong></span> <span class='ocrx_word' id='word_1_178' title='bbox 3217 1038 3565 1113; x_wconf 85' lang='lat' dir='ltr'><strong>(Tertullian.</strong></span> <span class='ocrx_word' id='word_1_179' title='bbox 3596 1042 3895 1113; x_wconf 78' lang='lat' dir='ltr'><strong>Apologet.,</strong></span> 
     </span>
    </p>
   </div>
   <div class='ocr_carea' id='block_1_25' title="bbox 2292 1128 3893 1204">
    <p class='ocr_par' dir='ltr' id='par_1_25' title="bbox 2292 1128 3893 1204">
     <span class='ocr_line' id='line_1_25' title="bbox 2292 1128 3893 1204; baseline 0.003 -19"><span class='ocrx_word' id='word_1_180' title='bbox 2292 1147 2409 1202; x_wconf 87' lang='lat' dir='ltr'><strong>cap.</strong></span> <span class='ocrx_word' id='word_1_181' title='bbox 2434 1128 2561 1202; x_wconf 45' lang='lat' dir='ltr'><strong>7,’p.</strong></span> <span class='ocrx_word' id='word_1_182' title='bbox 2585 1130 2737 1201; x_wconf 81' lang='lat'><strong>507).</strong></span> <span class='ocrx_word' id='word_1_183' title='bbox 2755 1131 2871 1186; x_wconf 87' lang='lat' dir='ltr'><strong>Non</strong></span> <span class='ocrx_word' id='word_1_184' title='bbox 2900 1133 3055 1203; x_wconf 86' lang='lat' dir='ltr'><strong>pauci</strong></span> <span class='ocrx_word' id='word_1_185' title='bbox 3078 1146 3229 1204; x_wconf 87' lang='lat' dir='ltr'><strong>ergo,</strong></span> <span class='ocrx_word' id='word_1_186' title='bbox 3244 1132 3338 1189; x_wconf 86' lang='lat' dir='ltr'><strong>sed</strong></span> <span class='ocrx_word' id='word_1_187' title='bbox 3356 1134 3598 1204; x_wconf 88' lang='lat' dir='ltr'><strong>plurimi,</strong></span> <span class='ocrx_word' id='word_1_188' title='bbox 3617 1149 3726 1189; x_wconf 90' lang='lat' dir='ltr'><strong>non</strong></span> <span class='ocrx_word' id='word_1_189' title='bbox 3752 1150 3893 1201; x_wconf 83' lang='lat' dir='ltr'><strong>raro,</strong></span> 
     </span>
    </p>
   </div>
   <div class='ocr_carea' id='block_1_26' title="bbox 2292 1223 3897 1297">
    <p class='ocr_par' dir='ltr' id='par_1_26' title="bbox 2292 1223 3897 1297">
     <span class='ocr_line' id='line_1_26' title="bbox 2292 1223 3897 1297; baseline 0.004 -20"><span class='ocrx_word' id='word_1_190' title='bbox 2292 1223 2389 1279; x_wconf 88' lang='lat' dir='ltr'><strong>sed</strong></span> <span class='ocrx_word' id='word_1_191' title='bbox 2428 1223 2750 1294; x_wconf 71' lang='lat' dir='ltr'><strong>saepissime,</strong></span> <span class='ocrx_word' id='word_1_192' title='bbox 2783 1223 2836 1279; x_wconf 93' lang='lat' dir='ltr'><strong>in</strong></span> <span class='ocrx_word' id='word_1_193' title='bbox 2867 1224 2980 1280; x_wconf 84' lang='lat' dir='ltr'><strong>suis</strong></span> <span class='ocrx_word' id='word_1_194' title='bbox 3008 1226 3233 1282; x_wconf 61' lang='lat' dir='ltr'><strong>coetibus</strong></span> <span class='ocrx_word' id='word_1_195' title='bbox 3263 1235 3319 1282; x_wconf 87' lang='lat' dir='ltr'><strong>et</strong></span> <span class='ocrx_word' id='word_1_196' title='bbox 3354 1226 3480 1282; x_wconf 86' lang='lat' dir='ltr'><strong>alibi</strong></span> <span class='ocrx_word' id='word_1_197' title='bbox 3516 1227 3897 1297; x_wconf 87' lang='lat' dir='ltr'><strong>opprimeban-</strong></span> 
     </span>
    </p>
   </div>
   <div class='ocr_carea' id='block_1_27' title="bbox 2293 1316 3898 1391">
    <p class='ocr_par' dir='ltr' id='par_1_27' title="bbox 2293 1316 3898 1391">
     <span class='ocr_line' id='line_1_27' title="bbox 2293 1316 3898 1391; baseline 0.003 -20"><span class='ocrx_word' id='word_1_198' title='bbox 2293 1325 2399 1372; x_wconf 89' lang='lat' dir='ltr'><strong>tur.</strong></span> <span class='ocrx_word' id='word_1_199' title='bbox 2426 1316 2536 1373; x_wconf 88' lang='lat' dir='ltr'><strong>Nec</strong></span> <span class='ocrx_word' id='word_1_200' title='bbox 2563 1316 2756 1372; x_wconf 89' lang='lat' dir='ltr'><strong>mirum</strong></span> <span class='ocrx_word' id='word_1_201' title='bbox 2786 1331 2937 1374; x_wconf 88' lang='lat' dir='ltr'><strong>sane.</strong></span> <span class='ocrx_word' id='word_1_202' title='bbox 2967 1316 3100 1373; x_wconf 83' lang='lat' dir='ltr'><strong>Nam</strong></span> <span class='ocrx_word' id='word_1_203' title='bbox 3123 1318 3520 1388; x_wconf 88' lang='lat' dir='ltr'><strong>ethnici,&#39;omui</strong></span> <span class='ocrx_word' id='word_1_204' title='bbox 3553 1335 3782 1391; x_wconf 87' lang='lat' dir='ltr'><strong>prorsus</strong></span> <span class='ocrx_word' id='word_1_205' title='bbox 3804 1321 3898 1376; x_wconf 80' lang='lat' dir='ltr'><strong>hu-</strong></span> 
     </span>
    </p>
   </div>
   <div class='ocr_carea' id='block_1_28' title="bbox 2291 1396 3899 1487">
    <p class='ocr_par' dir='ltr' id='par_1_28' title="bbox 2291 1396 3899 1487">
     <span class='ocr_line' id='line_1_28' title="bbox 2291 1396 3899 1487; baseline 0.001 -19"><span class='ocrx_word' id='word_1_206' title='bbox 2291 1411 2549 1468; x_wconf 85' lang='lat' dir='ltr'><strong>manitate</strong></span> <span class='ocrx_word' id='word_1_207' title='bbox 2572 1411 2840 1483; x_wconf 83' lang='lat' dir='ltr'><strong>deposita,</strong></span> <span class='ocrx_word' id='word_1_208' title='bbox 2873 1415 3063 1484; x_wconf 79' lang='lat' dir='ltr'><strong>partim</strong></span> <span class='ocrx_word' id='word_1_209' title='bbox 3084 1396 3311 1485; x_wconf 66' lang='lat' dir='ltr'><strong>propriis</strong></span> <span class='ocrx_word' id='word_1_210' title='bbox 3332 1414 3540 1476; x_wconf 85' lang='lat' dir='ltr'><strong>animis.</strong></span> <span class='ocrx_word' id='word_1_211' title='bbox 3563 1415 3759 1486; x_wconf 79' lang='lat' dir='ltr'><strong>partim</strong></span> <span class='ocrx_word' id='word_1_212' title='bbox 3782 1415 3899 1487; x_wconf 84' lang='lat' dir='ltr'><strong>legi-</strong></span> 
     </span>
    </p>
   </div>
   <div class='ocr_carea' id='block_1_29' title="bbox 2293 1505 3893 1581">
    <p class='ocr_par' dir='ltr' id='par_1_29' title="bbox 2293 1505 3893 1581">
     <span class='ocr_line' id='line_1_29' title="bbox 2293 1505 3893 1581; baseline 0.003 -22"><span class='ocrx_word' id='word_1_213' title='bbox 2293 1505 2384 1561; x_wconf 87' lang='lat' dir='ltr'><strong>bus</strong></span> <span class='ocrx_word' id='word_1_214' title='bbox 2405 1506 2746 1578; x_wconf 84' lang='lat' dir='ltr'><strong>obsequentes,</strong></span> <span class='ocrx_word' id='word_1_215' title='bbox 2768 1507 2823 1561; x_wconf 86' lang='lat' dir='ltr'><strong>in</strong></span> <span class='ocrx_word' id='word_1_216' title='bbox 2860 1522 2943 1563; x_wconf 89' lang='lat' dir='ltr'><strong>eos</strong></span> <span class='ocrx_word' id='word_1_217' title='bbox 2979 1508 3267 1562; x_wconf 74' lang='lat' dir='ltr'><strong>serviebant.</strong></span> <span class='ocrx_word' id='word_1_218' title='bbox 3295 1507 3433 1576; x_wconf 85' lang='lat' dir='ltr'><strong>Quin</strong></span> <span class='ocrx_word' id='word_1_219' title='bbox 3462 1509 3646 1575; x_wconf 86' lang='lat' dir='ltr'><strong>etiam,</strong></span> <span class='ocrx_word' id='word_1_220' title='bbox 3676 1512 3893 1581; x_wconf 85' lang='lat' dir='ltr'><strong>quoties,</strong></span> 
     </span>
    </p>
   </div>
   <div class='ocr_carea' id='block_1_30' title="bbox 2292 1597 3896 1673">
    <p class='ocr_par' dir='ltr' id='par_1_30' title="bbox 2292 1597 3896 1673">
     <span class='ocr_line' id='line_1_30' title="bbox 2292 1597 3896 1673; baseline 0.003 -21"><span class='ocrx_word' id='word_1_221' title='bbox 2292 1600 2367 1653; x_wconf 89' lang='lat' dir='ltr'><strong>ait</strong></span> <span class='ocrx_word' id='word_1_222' title='bbox 2392 1598 2567 1653; x_wconf 87' lang='lat' dir='ltr'><strong>adhuc</strong></span> <span class='ocrx_word' id='word_1_223' title='bbox 2587 1597 2966 1667; x_wconf 90' lang='lat' dir='ltr'><strong>Tertullianus,</strong></span> <span class='ocrx_word' id='word_1_224' title='bbox 2995 1599 3269 1671; x_wconf 61' lang='lat' dir='ltr'><strong>premitis</strong></span> <span class='ocrx_word' id='word_1_225' title='bbox 3289 1601 3446 1667; x_wconf 80' lang='lat' dir='ltr'><strong>vobis,</strong></span> <span class='ocrx_word' id='word_1_226' title='bbox 3479 1601 3734 1657; x_wconf 82' lang='lat' dir='ltr'><strong>nimirum</strong></span> <span class='ocrx_word' id='word_1_227' title='bbox 3758 1617 3896 1673; x_wconf 64' lang='lat' dir='ltr'><strong>pra:-</strong></span> 
     </span>
    </p>
   </div>
   <div class='ocr_carea' id='block_1_31' title="bbox 2293 1691 3893 1766">
    <p class='ocr_par' dir='ltr' id='par_1_31' title="bbox 2293 1691 3893 1766">
     <span class='ocr_line' id='line_1_31' title="bbox 2293 1691 3893 1766; baseline 0.002 -19"><span class='ocrx_word' id='word_1_228' title='bbox 2293 1691 2518 1758; x_wconf 86' lang='lat' dir='ltr'><strong>sidibus,</strong></span> <span class='ocrx_word' id='word_1_229' title='bbox 2551 1708 2642 1747; x_wconf 85' lang='lat' dir='ltr'><strong>suo</strong></span> <span class='ocrx_word' id='word_1_230' title='bbox 2662 1693 2785 1762; x_wconf 85' lang='lat' dir='ltr'><strong>jure</strong></span> <span class='ocrx_word' id='word_1_231' title='bbox 2804 1709 2896 1747; x_wconf 90' lang='lat' dir='ltr'><strong>nos</strong></span> <span class='ocrx_word' id='word_1_232' title='bbox 2920 1693 3181 1747; x_wconf 84' lang='lat' dir='ltr'><strong>inimicum</strong></span> <span class='ocrx_word' id='word_1_233' title='bbox 3206 1694 3387 1766; x_wconf 86' lang='lat' dir='ltr'><strong>vulgus</strong></span> <span class='ocrx_word' id='word_1_234' title='bbox 3409 1694 3606 1753; x_wconf 81' lang='lat' dir='ltr'><strong>invadit</strong></span> <span class='ocrx_word' id='word_1_235' title='bbox 3632 1694 3893 1765; x_wconf 85' lang='lat' dir='ltr'><strong>lapidibus</strong></span> 
     </span>
    </p>
   </div>
   <div class='ocr_carea' id='block_1_32' title="bbox 2292 1786 3895 1862">
    <p class='ocr_par' dir='ltr' id='par_1_32' title="bbox 2292 1786 3895 1862">
     <span class='ocr_line' id='line_1_32' title="bbox 2292 1786 3895 1862; baseline 0.003 -22"><span class='ocrx_word' id='word_1_236' title='bbox 2292 1796 2338 1840; x_wconf 88' lang='lat' dir='ltr'><strong>et</strong></span> <span class='ocrx_word' id='word_1_237' title='bbox 2363 1786 2607 1842; x_wconf 81' lang='lat' dir='ltr'><strong>incendiis</strong></span> <span class='ocrx_word' id='word_1_238' title='bbox 2628 1786 2947 1859; x_wconf 87' lang='lat' dir='ltr'><strong>(Ibid.,cap.</strong></span> <span class='ocrx_word' id='word_1_239' title='bbox 2973 1788 3061 1853; x_wconf 81' lang='grc'><strong>57,</strong></span> <span class='ocrx_word' id='word_1_240' title='bbox 3094 1806 3148 1859; x_wconf 93' lang='lat' dir='ltr'><strong>p.</strong></span> <span class='ocrx_word' id='word_1_241' title='bbox 3167 1787 3320 1862; x_wconf 67' lang='lat'><strong>46!)!</strong></span> <span class='ocrx_word' id='word_1_242' title='bbox 3345 1789 3492 1844; x_wconf 91' lang='lat' dir='ltr'><strong>nulla</strong></span> <span class='ocrx_word' id='word_1_243' title='bbox 3522 1789 3774 1846; x_wconf 80' lang='lat' dir='ltr'><strong>videlicet</strong></span> <span class='ocrx_word' id='word_1_244' title='bbox 3804 1805 3895 1846; x_wconf 87' lang='lat' dir='ltr'><strong>ex-</strong></span> 
     </span>
    </p>
   </div>
   <div class='ocr_carea' id='block_1_33' title="bbox 581 1866 3891 1953">
    <p class='ocr_par' dir='ltr' id='par_1_33' title="bbox 581 1866 3891 1953">
     <span class='ocr_line' id='line_1_33' title="bbox 581 1866 3891 1953; baseline -0.005 -16"><span class='ocrx_word' id='word_1_245' title='bbox 581 1881 888 1937; x_wconf 84' lang='lat' dir='ltr'><strong>cltristianae</strong></span> <span class='ocrx_word' id='word_1_246' title='bbox 928 1877 1310 1950; x_wconf 83' lang='lat' dir='ltr'><strong>perfectionem</strong></span> <span class='ocrx_word' id='word_1_247' title='bbox 1339 1874 1608 1930; x_wconf 83' lang='lat' dir='ltr'><strong>coniicere</strong></span> <span class='ocrx_word' id='word_1_248' title='bbox 1651 1885 1809 1943; x_wconf 89' lang='lat' dir='ltr'><strong>posse</strong></span> <span class='ocrx_word' id='word_1_249' title='bbox 1838 1884 1905 1924; x_wconf 79' lang='lat' dir='ltr'><strong>ex</strong></span> <span class='ocrx_word' id='word_1_250' title='bbox 1940 1866 2188 1939; x_wconf 76' lang='lat' dir='ltr'><strong>pessimis</strong></span> <span class='ocrx_word' id='word_1_251' title='bbox 2217 1876 2264 1937; x_wconf 77' lang='grc' dir='ltr'><strong>Β</strong></span> <span class='ocrx_word' id='word_1_252' title='bbox 2294 1888 2530 1949; x_wconf 56' lang='lat' dir='ltr'><strong>spectata</strong></span> <span class='ocrx_word' id='word_1_253' title='bbox 2559 1880 2797 1951; x_wconf 49' lang='lat' dir='ltr'><strong>Iudicum</strong></span> <span class='ocrx_word' id='word_1_254' title='bbox 2827 1880 3115 1945; x_wconf 54' lang='lat' dir='ltr'><strong>senlcnﬁa&#39;</strong></span> <span class='ocrx_word' id='word_1_255' title='bbox 3146 1880 3240 1936; x_wconf 73' lang='lat' dir='ltr'><strong>sed</strong></span> <span class='ocrx_word' id='word_1_256' title='bbox 3270 1896 3415 1937; x_wconf 55' lang='lat' dir='ltr'><strong>meo</strong></span> <span class='ocrx_word' id='word_1_257' title='bbox 3460 1882 3661 1953; x_wconf 69' lang='grc' dir='ltr'><strong>ίηιρειυ</strong></span> <span class='ocrx_word' id='word_1_258' title='bbox 3688 1874 3891 1953; x_wconf 57' lang='lat' dir='ltr'><strong>plebeii</strong></span> 
     </span>
    </p>
   </div>
   <div class='ocr_carea' id='block_1_34' title="bbox 580 1961 2178 2034">
    <p class='ocr_par' dir='ltr' id='par_1_34' title="bbox 580 1961 2178 2034">
     <span class='ocr_line' id='line_1_34' title="bbox 580 1961 2178 2034; baseline -0.011 -4"><span class='ocrx_word' id='word_1_259' title='bbox 580 1974 796 2030; x_wconf 90' lang='lat' dir='ltr'><strong>illorum</strong></span> <span class='ocrx_word' id='word_1_260' title='bbox 841 1970 1119 2027; x_wconf 89' lang='lat' dir='ltr'><strong>erroribus</strong></span> <span class='ocrx_word' id='word_1_261' title='bbox 1178 1968 1589 2031; x_wconf 69' lang='lat' dir='ltr'><strong>hmretieorum;</strong></span> <span class='ocrx_word' id='word_1_262' title='bbox 1625 1964 1822 2034; x_wconf 85' lang='lat' dir='ltr'><strong>quippe</strong></span> <span class='ocrx_word' id='word_1_263' title='bbox 1862 1961 1950 2031; x_wconf 86' lang='lat' dir='ltr'><strong>qui</strong></span> <span class='ocrx_word' id='word_1_264' title='bbox 1993 1974 2178 2015; x_wconf 87' lang='lat' dir='ltr'><strong>veram</strong></span> 
     </span>
    </p>
   </div>
   <div class='ocr_carea' id='block_1_35' title="bbox 579 2052 2179 2129">
    <p class='ocr_par' dir='ltr' id='par_1_35' title="bbox 579 2052 2179 2129">
     <span class='ocr_line' id='line_1_35' title="bbox 579 2052 2179 2129; baseline -0.01 -6"><span class='ocrx_word' id='word_1_265' title='bbox 579 2067 776 2123; x_wconf 78' lang='lat' dir='ltr'><strong>Christi</strong></span> <span class='ocrx_word' id='word_1_266' title='bbox 804 2065 1103 2121; x_wconf 86' lang='lat' dir='ltr'><strong>doctrinam</strong></span> <span class='ocrx_word' id='word_1_267' title='bbox 1144 2062 1216 2118; x_wconf 87' lang='lat' dir='ltr'><strong>ita</strong></span> <span class='ocrx_word' id='word_1_268' title='bbox 1243 2068 1627 2129; x_wconf 85' lang='lat' dir='ltr'><strong>corruperant,</strong></span> <span class='ocrx_word' id='word_1_269' title='bbox 1666 2066 1727 2113; x_wconf 89' lang='lat' dir='ltr'><strong>ut</strong></span> <span class='ocrx_word' id='word_1_270' title='bbox 1756 2070 1856 2111; x_wconf 92' lang='lat' dir='ltr'><strong>nec</strong></span> <span class='ocrx_word' id='word_1_271' title='bbox 1886 2056 2002 2125; x_wconf 91' lang='lat' dir='ltr'><strong>ipso</strong></span> <span class='ocrx_word' id='word_1_272' title='bbox 2028 2052 2179 2109; x_wconf 84' lang='lat' dir='ltr'><strong>chri-</strong></span> 
     </span>
    </p>
   </div>
   <div class='ocr_carea' id='block_1_36' title="bbox 579 2153 1673 2227">
    <p class='ocr_par' dir='ltr' id='par_1_36' title="bbox 579 2153 1673 2227">
     <span class='ocr_line' id='line_1_36' title="bbox 579 2153 1673 2227; baseline -0.011 -10"><span class='ocrx_word' id='word_1_273' title='bbox 579 2162 875 2218; x_wconf 73' lang='lat' dir='ltr'><strong>sﬁanorutn</strong></span> <span class='ocrx_word' id='word_1_274' title='bbox 908 2160 1128 2214; x_wconf 86' lang='lat' dir='ltr'><strong>nomine</strong></span> <span class='ocrx_word' id='word_1_275' title='bbox 1156 2156 1299 2227; x_wconf 82' lang='lat' dir='ltr'><strong>digni</strong></span> <span class='ocrx_word' id='word_1_276' title='bbox 1326 2153 1673 2210; x_wconf 86' lang='lat' dir='ltr'><strong>haberentur.</strong></span> 
     </span>
    </p>
   </div>
   <div class='ocr_carea' id='block_1_37' title="bbox 650 2240 2177 2317">
    <p class='ocr_par' dir='ltr' id='par_1_37' title="bbox 650 2240 2177 2317">
     <span class='ocr_line' id='line_1_37' title="bbox 650 2240 2177 2317; baseline -0.011 -4"><span class='ocrx_word' id='word_1_277' title='bbox 650 2256 890 2313; x_wconf 85' lang='lat' dir='ltr'><strong>Tertium</strong></span> <span class='ocrx_word' id='word_1_278' title='bbox 918 2253 1131 2310; x_wconf 85' lang='lat' dir='ltr'><strong>tandem</strong></span> <span class='ocrx_word' id='word_1_279' title='bbox 1150 2261 1265 2307; x_wconf 85' lang='lat' dir='ltr'><strong>erat</strong></span> <span class='ocrx_word' id='word_1_280' title='bbox 1285 2249 1703 2305; x_wconf 87' lang='lat' dir='ltr'><strong>christianorum</strong></span> <span class='ocrx_word' id='word_1_281' title='bbox 1727 2259 1918 2317; x_wconf 79' lang='lat' dir='ltr'><strong>genus,</strong></span> <span class='ocrx_word' id='word_1_282' title='bbox 1941 2243 2029 2315; x_wconf 90' lang='lat' dir='ltr'><strong>qui</strong></span> <span class='ocrx_word' id='word_1_283' title='bbox 2054 2240 2177 2297; x_wconf 84' lang='lat' dir='ltr'><strong>fidei</strong></span> 
     </span>
    </p>
   </div>
   <div class='ocr_carea' id='block_1_38' title="bbox 577 2337 2173 2417">
    <p class='ocr_par' dir='ltr' id='par_1_38' title="bbox 577 2337 2173 2417">
     <span class='ocr_line' id='line_1_38' title="bbox 577 2337 2173 2417; baseline -0.011 -6"><span class='ocrx_word' id='word_1_284' title='bbox 577 2368 690 2412; x_wconf 77' lang='lat' dir='ltr'><strong>suze</strong></span> <span class='ocrx_word' id='word_1_285' title='bbox 715 2352 1021 2407; x_wconf 87' lang='lat' dir='ltr'><strong>desertores</strong></span> <span class='ocrx_word' id='word_1_286' title='bbox 1039 2355 1092 2402; x_wconf 93' lang='lat' dir='ltr'><strong>et</strong></span> <span class='ocrx_word' id='word_1_287' title='bbox 1116 2353 1398 2417; x_wconf 80' lang='lat' dir='ltr'><strong>apostatae,</strong></span> <span class='ocrx_word' id='word_1_288' title='bbox 1422 2341 1489 2396; x_wconf 89' lang='lat' dir='ltr'><strong>ad</strong></span> <span class='ocrx_word' id='word_1_289' title='bbox 1514 2342 1705 2413; x_wconf 90' lang='lat' dir='ltr'><strong>impios</strong></span> <span class='ocrx_word' id='word_1_290' title='bbox 1722 2340 1947 2395; x_wconf 84' lang='lat' dir='ltr'><strong>deorum</strong></span> <span class='ocrx_word' id='word_1_291' title='bbox 1975 2337 2173 2404; x_wconf 89' lang='lat' dir='ltr'><strong>cultus,</strong></span> 
     </span>
    </p>
   </div>
   <div class='ocr_carea' id='block_1_39' title="bbox 577 2430 2175 2517">
    <p class='ocr_par' dir='ltr' id='par_1_39' title="bbox 577 2430 2175 2517">
     <span class='ocr_line' id='line_1_39' title="bbox 577 2430 2175 2517; baseline -0.011 -16"><span class='ocrx_word' id='word_1_292' title='bbox 577 2455 827 2517; x_wconf 89' lang='lat' dir='ltr'><strong>tanquam</strong></span> <span class='ocrx_word' id='word_1_293' title='bbox 855 2456 1015 2497; x_wconf 85' lang='lat' dir='ltr'><strong>canes</strong></span> <span class='ocrx_word' id='word_1_294' title='bbox 1041 2439 1107 2494; x_wconf 92' lang='lat' dir='ltr'><strong>ad</strong></span> <span class='ocrx_word' id='word_1_295' title='bbox 1139 2437 1420 2503; x_wconf 77' lang='lat' dir='ltr'><strong>vomitum,</strong></span> <span class='ocrx_word' id='word_1_296' title='bbox 1450 2434 1652 2491; x_wconf 88' lang='lat' dir='ltr'><strong>reversi</strong></span> <span class='ocrx_word' id='word_1_297' title='bbox 1684 2433 1912 2488; x_wconf 83' lang='lat' dir='ltr'><strong>fuerant.</strong></span> <span class='ocrx_word' id='word_1_298' title='bbox 1937 2430 2043 2487; x_wconf 86' lang='lat' dir='ltr'><strong>Sed</strong></span> <span class='ocrx_word' id='word_1_299' title='bbox 2063 2430 2175 2485; x_wconf 89' lang='lat' dir='ltr'><strong>fru-</strong></span> 
     </span>
    </p>
   </div>
   <div class='ocr_carea' id='block_1_40' title="bbox 576 2524 2175 2600">
    <p class='ocr_par' dir='ltr' id='par_1_40' title="bbox 576 2524 2175 2600">
     <span class='ocr_line' id='line_1_40' title="bbox 576 2524 2175 2600; baseline -0.009 -7"><span class='ocrx_word' id='word_1_300' title='bbox 576 2548 686 2594; x_wconf 88' lang='lat' dir='ltr'><strong>stra</strong></span> <span class='ocrx_word' id='word_1_301' title='bbox 724 2534 921 2590; x_wconf 82' lang='lat' dir='ltr'><strong>ethnici</strong></span> <span class='ocrx_word' id='word_1_302' title='bbox 966 2548 1032 2589; x_wconf 91' lang='lat' dir='ltr'><strong>ex</strong></span> <span class='ocrx_word' id='word_1_303' title='bbox 1061 2530 1255 2585; x_wconf 90' lang='lat' dir='ltr'><strong>horum</strong></span> <span class='ocrx_word' id='word_1_304' title='bbox 1305 2536 1673 2600; x_wconf 83' lang='lat' dir='ltr'><strong>apostatarum</strong></span> <span class='ocrx_word' id='word_1_305' title='bbox 1715 2525 1942 2581; x_wconf 89' lang='lat' dir='ltr'><strong>crimine</strong></span> <span class='ocrx_word' id='word_1_306' title='bbox 1977 2524 2175 2595; x_wconf 88' lang='lat' dir='ltr'><strong>aliquid</strong></span> 
     </span>
    </p>
   </div>
   <div class='ocr_carea' id='block_1_41' title="bbox 574 2617 2176 2692">
    <p class='ocr_par' dir='ltr' id='par_1_41' title="bbox 574 2617 2176 2692">
     <span class='ocr_line' id='line_1_41' title="bbox 574 2617 2176 2692; baseline -0.009 -6"><span class='ocrx_word' id='word_1_307' title='bbox 574 2630 831 2686; x_wconf 85' lang='lat' dir='ltr'><strong>adversus</strong></span> <span class='ocrx_word' id='word_1_308' title='bbox 858 2627 1203 2681; x_wconf 80' lang='lat' dir='ltr'><strong>cltristianam</strong></span> <span class='ocrx_word' id='word_1_309' title='bbox 1231 2621 1541 2692; x_wconf 75' lang='lat' dir='ltr'><strong>ieligionem</strong></span> <span class='ocrx_word' id='word_1_310' title='bbox 1571 2618 1751 2675; x_wconf 87' lang='lat' dir='ltr'><strong>inferri</strong></span> <span class='ocrx_word' id='word_1_311' title='bbox 1771 2634 1930 2689; x_wconf 90' lang='lat' dir='ltr'><strong>posse</strong></span> <span class='ocrx_word' id='word_1_312' title='bbox 1951 2617 2176 2673; x_wconf 86' lang='lat' dir='ltr'><strong>arbitra-</strong></span> 
     </span>
    </p>
   </div>
   <div class='ocr_carea' id='block_1_42' title="bbox 573 2711 2171 2789">
    <p class='ocr_par' dir='ltr' id='par_1_42' title="bbox 573 2711 2171 2789">
     <span class='ocr_line' id='line_1_42' title="bbox 573 2711 2171 2789; baseline -0.009 -11"><span class='ocrx_word' id='word_1_313' title='bbox 573 2720 785 2779; x_wconf 78' lang='lat' dir='ltr'><strong>bantur.</strong></span> <span class='ocrx_word' id='word_1_314' title='bbox 838 2718 972 2774; x_wconf 84' lang='lat' dir='ltr'><strong>Natn</strong></span> <span class='ocrx_word' id='word_1_315' title='bbox 1004 2717 1093 2789; x_wconf 89' lang='lat' dir='ltr'><strong>qui</strong></span> <span class='ocrx_word' id='word_1_316' title='bbox 1141 2716 1319 2771; x_wconf 89' lang='lat' dir='ltr'><strong>datam</strong></span> <span class='ocrx_word' id='word_1_317' title='bbox 1350 2713 1569 2769; x_wconf 84' lang='lat' dir='ltr'><strong>Christo</strong></span> <span class='ocrx_word' id='word_1_318' title='bbox 1613 2712 1772 2777; x_wconf 86' lang='lat' dir='ltr'><strong>fidem</strong></span> <span class='ocrx_word' id='word_1_319' title='bbox 1818 2711 2171 2779; x_wconf 82' lang='lat' dir='ltr'><strong>violaverant,</strong></span> 
     </span>
    </p>
   </div>
   <div class='ocr_carea' id='block_1_43' title="bbox 574 2806 2175 2881">
    <p class='ocr_par' dir='ltr' id='par_1_43' title="bbox 574 2806 2175 2881">
     <span class='ocr_line' id='line_1_43' title="bbox 574 2806 2175 2881; baseline -0.009 -11"><span class='ocrx_word' id='word_1_320' title='bbox 574 2830 681 2870; x_wconf 87' lang='lat' dir='ltr'><strong>non</strong></span> <span class='ocrx_word' id='word_1_321' title='bbox 730 2821 883 2868; x_wconf 88' lang='lat' dir='ltr'><strong>erant</strong></span> <span class='ocrx_word' id='word_1_322' title='bbox 909 2810 1139 2881; x_wconf 90' lang='lat' dir='ltr'><strong>amplius</strong></span> <span class='ocrx_word' id='word_1_323' title='bbox 1164 2807 1466 2872; x_wconf 76' lang='lat' dir='ltr'><strong>christiani,</strong></span> <span class='ocrx_word' id='word_1_324' title='bbox 1502 2820 1601 2861; x_wconf 88' lang='lat' dir='ltr'><strong>nec</strong></span> <span class='ocrx_word' id='word_1_325' title='bbox 1639 2813 1890 2876; x_wconf 85' lang='lat' dir='ltr'><strong>poterant</strong></span> <span class='ocrx_word' id='word_1_326' title='bbox 1936 2806 2037 2858; x_wconf 91' lang='lat' dir='ltr'><strong>hoc</strong></span> <span class='ocrx_word' id='word_1_327' title='bbox 2079 2818 2175 2874; x_wconf 86' lang='lat' dir='ltr'><strong>ap-</strong></span> 
     </span>
    </p>
   </div>
   <div class='ocr_carea' id='block_1_44' title="bbox 572 2895 2173 2981">
    <p class='ocr_par' dir='ltr' id='par_1_44' title="bbox 572 2895 2173 2981">
     <span class='ocr_line' id='line_1_44' title="bbox 572 2895 2173 2981; baseline -0.007 -19"><span class='ocrx_word' id='word_1_328' title='bbox 572 2906 758 2981; x_wconf 85' lang='lat' dir='ltr'><strong>pellari</strong></span> <span class='ocrx_word' id='word_1_329' title='bbox 789 2905 1021 2959; x_wconf 87' lang='lat' dir='ltr'><strong>nomine.</strong></span> <span class='ocrx_word' id='word_1_330' title='bbox 1050 2901 1412 2972; x_wconf 87' lang='lat' dir='ltr'><strong>Quamobrem</strong></span> <span class='ocrx_word' id='word_1_331' title='bbox 1435 2898 1803 2954; x_wconf 87' lang='lat' dir='ltr'><strong>Tertullianus</strong></span> <span class='ocrx_word' id='word_1_332' title='bbox 1823 2895 2068 2965; x_wconf 79' lang='lat' dir='ltr'><strong>ethnicos</strong></span> <span class='ocrx_word' id='word_1_333' title='bbox 2090 2895 2173 2951; x_wconf 86' lang='lat' dir='ltr'><strong>his</strong></span> 
     </span>
    </p>
   </div>
   <div class='ocr_carea' id='block_1_45' title="bbox 571 2993 2165 3068">
    <p class='ocr_par' dir='ltr' id='par_1_45' title="bbox 571 2993 2165 3068">
     <span class='ocr_line' id='line_1_45' title="bbox 571 2993 2165 3068; baseline -0.008 -12"><span class='ocrx_word' id='word_1_334' title='bbox 571 3000 752 3056; x_wconf 84' lang='lat' dir='ltr'><strong>verbis</strong></span> <span class='ocrx_word' id='word_1_335' title='bbox 796 2997 1082 3068; x_wconf 85' lang='lat' dir='ltr'><strong>compellat</strong></span> <span class='ocrx_word' id='word_1_336' title='bbox 1123 3014 1135 3050; x_wconf 93' lang='lat'><strong>:</strong></span> <span class='ocrx_word' id='word_1_337' title='bbox 1183 2993 1453 3067; x_wconf 83' lang='lat' dir='ltr'><strong>Ejusmodi</strong></span> <span class='ocrx_word' id='word_1_338' title='bbox 1485 2996 1713 3047; x_wconf 80' lang='lat' dir='ltr'><strong>homines</strong></span> <span class='ocrx_word' id='word_1_339' title='bbox 1755 3008 1915 3062; x_wconf 87' lang='lat' dir='ltr'><strong>neque</strong></span> <span class='ocrx_word' id='word_1_340' title='bbox 1957 3007 2165 3061; x_wconf 84' lang='lat' dir='ltr'><strong>congre-</strong></span> 
     </span>
    </p>
   </div>
   <div class='ocr_carea' id='block_1_46' title="bbox 570 3084 2172 3167">
    <p class='ocr_par' dir='ltr' id='par_1_46' title="bbox 570 3084 2172 3167">
     <span class='ocr_line' id='line_1_46' title="bbox 570 3084 2172 3167; baseline -0.006 -19"><span class='ocrx_word' id='word_1_341' title='bbox 570 3103 714 3167; x_wconf 88' lang='lat' dir='ltr'><strong>gant,</strong></span> <span class='ocrx_word' id='word_1_342' title='bbox 745 3107 903 3164; x_wconf 85' lang='lat' dir='ltr'><strong>neque</strong></span> <span class='ocrx_word' id='word_1_343' title='bbox 927 3090 1232 3163; x_wconf 84' lang='lat' dir='ltr'><strong>participant</strong></span> <span class='ocrx_word' id='word_1_344' title='bbox 1260 3088 1540 3153; x_wconf 86' lang='lat' dir='ltr'><strong>nobiscum,</strong></span> <span class='ocrx_word' id='word_1_345' title='bbox 1571 3087 1695 3159; x_wconf 76' lang='lat' dir='ltr'><strong>facti</strong></span> <span class='ocrx_word' id='word_1_346' title='bbox 1723 3096 1834 3155; x_wconf 89' lang='lat' dir='ltr'><strong>post</strong></span> <span class='ocrx_word' id='word_1_347' title='bbox 1861 3084 2045 3140; x_wconf 84' lang='lat' dir='ltr'><strong>delicta</strong></span> <span class='ocrx_word' id='word_1_348' title='bbox 2083 3085 2172 3139; x_wconf 89' lang='lat' dir='ltr'><strong>de-</strong></span> 
     </span>
    </p>
   </div>
   <div class='ocr_carea' id='block_1_47' title="bbox 570 3180 2170 3256">
    <p class='ocr_par' dir='ltr' id='par_1_47' title="bbox 570 3180 2170 3256">
     <span class='ocr_line' id='line_1_47' title="bbox 570 3180 2170 3256; baseline -0.003 -15"><span class='ocrx_word' id='word_1_349' title='bbox 570 3204 674 3242; x_wconf 85' lang='lat' dir='ltr'><strong>nuo</strong></span> <span class='ocrx_word' id='word_1_350' title='bbox 714 3187 885 3250; x_wconf 86' lang='lat' dir='ltr'><strong>vestri,</strong></span> <span class='ocrx_word' id='word_1_351' title='bbox 934 3184 1137 3256; x_wconf 88' lang='lat' dir='ltr'><strong>quando</strong></span> <span class='ocrx_word' id='word_1_352' title='bbox 1188 3200 1249 3237; x_wconf 88' lang='lat' dir='ltr'><strong>ne</strong></span> <span class='ocrx_word' id='word_1_353' title='bbox 1279 3183 1381 3237; x_wconf 86' lang='lat' dir='ltr'><strong>illis</strong></span> <span class='ocrx_word' id='word_1_354' title='bbox 1415 3180 1620 3254; x_wconf 84' lang='lat' dir='ltr'><strong>quidem</strong></span> <span class='ocrx_word' id='word_1_355' title='bbox 1671 3183 1993 3246; x_wconf 86' lang='lat' dir='ltr'><strong>misceantur,</strong></span> <span class='ocrx_word' id='word_1_356' title='bbox 2043 3197 2170 3251; x_wconf 89' lang='lat' dir='ltr'><strong>quos</strong></span> 
     </span>
    </p>
   </div>
   <div class='ocr_carea' id='block_1_48' title="bbox 2282 1970 3893 2042">
    <p class='ocr_par' dir='ltr' id='par_1_48' title="bbox 2282 1970 3893 2042">
     <span class='ocr_line' id='line_1_48' title="bbox 2282 1970 3893 2042; baseline 0.003 -18"><span class='ocrx_word' id='word_1_357' title='bbox 2282 1970 2506 2042; x_wconf 86' lang='lat' dir='ltr'><strong>gentiles</strong></span> <span class='ocrx_word' id='word_1_358' title='bbox 2536 1971 2772 2042; x_wconf 90' lang='lat' dir='ltr'><strong>lapidum</strong></span> <span class='ocrx_word' id='word_1_359' title='bbox 2822 1970 3017 2028; x_wconf 88' lang='lat' dir='ltr'><strong>ictibus</strong></span> <span class='ocrx_word' id='word_1_360' title='bbox 3058 1971 3357 2028; x_wconf 85' lang='lat' dir='ltr'><strong>obruebant</strong></span> <span class='ocrx_word' id='word_1_361' title='bbox 3398 1971 3763 2042; x_wconf 88' lang='lat' dir='ltr'><strong>Christianos,</strong></span> <span class='ocrx_word' id='word_1_362' title='bbox 3804 1980 3893 2029; x_wconf 88' lang='lat' dir='ltr'><strong>aut</strong></span> 
     </span>
    </p>
   </div>
   <div class='ocr_carea' id='block_1_49' title="bbox 2283 2065 3170 2132">
    <p class='ocr_par' dir='ltr' id='par_1_49' title="bbox 2283 2065 3170 2132">
     <span class='ocr_line' id='line_1_49' title="bbox 2283 2065 3170 2132; baseline 0.001 -12"><span class='ocrx_word' id='word_1_363' title='bbox 2283 2065 2435 2122; x_wconf 75' lang='lat' dir='ltr'><strong>viros</strong></span> <span class='ocrx_word' id='word_1_364' title='bbox 2463 2066 2777 2122; x_wconf 89' lang='lat' dir='ltr'><strong>exurebant.</strong></span> <span class='ocrx_word' id='word_1_365' title='bbox 3160 2120 3170 2132; x_wconf 79' lang='grc'><strong><em>,</em></strong></span> 
     </span>
    </p>
   </div>
   <div class='ocr_carea' id='block_1_50' title="bbox 2355 2156 3884 2232">
    <p class='ocr_par' dir='ltr' id='par_1_50' title="bbox 2355 2156 3884 2232">
     <span class='ocr_line' id='line_1_50' title="bbox 2355 2156 3884 2232; baseline 0.003 -20"><span class='ocrx_word' id='word_1_366' title='bbox 2355 2156 2436 2212; x_wconf 80' lang='lat' dir='ltr'><strong>Ad</strong></span> <span class='ocrx_word' id='word_1_367' title='bbox 2466 2158 2675 2229; x_wconf 83' lang='lat' dir='ltr'><strong>singula</strong></span> <span class='ocrx_word' id='word_1_368' title='bbox 2720 2165 2898 2214; x_wconf 91' lang='lat' dir='ltr'><strong>autem</strong></span> <span class='ocrx_word' id='word_1_369' title='bbox 2942 2172 3133 2215; x_wconf 91' lang='lat' dir='ltr'><strong>eorum</strong></span> <span class='ocrx_word' id='word_1_370' title='bbox 3162 2158 3433 2232; x_wconf 78' lang='lat' dir='ltr'><strong>’supplicia</strong></span> <span class='ocrx_word' id='word_1_371' title='bbox 3479 2165 3538 2215; x_wconf 89' lang='lat' dir='ltr'><strong>ut</strong></span> <span class='ocrx_word' id='word_1_372' title='bbox 3577 2161 3884 2228; x_wconf 83' lang='lat' dir='ltr'><strong>veniamus,</strong></span> 
     </span>
    </p>
   </div>
   <div class='ocr_carea' id='block_1_51' title="bbox 2283 2242 3888 2323">
    <p class='ocr_par' dir='ltr' id='par_1_51' title="bbox 2283 2242 3888 2323">
     <span class='ocr_line' id='line_1_51' title="bbox 2283 2242 3888 2323; baseline 0.002 -20"><span class='ocrx_word' id='word_1_373' title='bbox 2283 2249 2443 2304; x_wconf 89' lang='lat' dir='ltr'><strong>modo</strong></span> <span class='ocrx_word' id='word_1_374' title='bbox 2466 2249 2520 2303; x_wconf 86' lang='lat' dir='ltr'><strong>in</strong></span> <span class='ocrx_word' id='word_1_375' title='bbox 2571 2250 2799 2317; x_wconf 85' lang='lat' dir='ltr'><strong>insulas,</strong></span> <span class='ocrx_word' id='word_1_376' title='bbox 2856 2251 3030 2322; x_wconf 88' lang='lat' dir='ltr'><strong>inquit</strong></span> <span class='ocrx_word' id='word_1_377' title='bbox 3080 2254 3284 2307; x_wconf 83' lang='lat' dir='ltr'><strong>Auctor</strong></span> <span class='ocrx_word' id='word_1_378' title='bbox 3339 2242 3537 2318; x_wconf 81' lang='lat' dir='ltr'><strong>noster,</strong></span> <span class='ocrx_word' id='word_1_379' title='bbox 3597 2253 3888 2323; x_wconf 82' lang='lat' dir='ltr'><strong>relegamur</strong></span> 
     </span>
    </p>
   </div>
   <div class='ocr_carea' id='block_1_52' title="bbox 2283 2339 3886 2414">
    <p class='ocr_par' dir='ltr' id='par_1_52' title="bbox 2283 2339 3886 2414">
     <span class='ocr_line' id='line_1_52' title="bbox 2283 2339 3886 2414; baseline 0.004 -21"><span class='ocrx_word' id='word_1_380' title='bbox 2283 2339 2475 2409; x_wconf 88' lang='lat' dir='ltr'><strong>(Ibid.,</strong></span> <span class='ocrx_word' id='word_1_381' title='bbox 2506 2357 2623 2413; x_wconf 88' lang='lat' dir='ltr'><strong>cap.</strong></span> <span class='ocrx_word' id='word_1_382' title='bbox 2651 2342 2736 2408; x_wconf 72' lang='grc'><strong>12,</strong></span> <span class='ocrx_word' id='word_1_383' title='bbox 2767 2360 2821 2413; x_wconf 88' lang='lat' dir='ltr'><strong>p.</strong></span> <span class='ocrx_word' id='word_1_384' title='bbox 2847 2343 2998 2414; x_wconf 73' lang='lat' dir='ltr'><strong>3M);</strong></span> <span class='ocrx_word' id='word_1_385' title='bbox 3023 2343 3116 2399; x_wconf 90' lang='lat' dir='ltr'><strong>sed</strong></span> <span class='ocrx_word' id='word_1_386' title='bbox 3138 2344 3258 2398; x_wconf 89' lang='lat' dir='ltr'><strong>aliis</strong></span> <span class='ocrx_word' id='word_1_387' title='bbox 3280 2359 3412 2400; x_wconf 88' lang='lat' dir='ltr'><strong>sane</strong></span> <span class='ocrx_word' id='word_1_388' title='bbox 3431 2344 3683 2399; x_wconf 89' lang='lat' dir='ltr'><strong>omnibus</strong></span> <span class='ocrx_word' id='word_1_389' title='bbox 3709 2345 3886 2400; x_wconf 85' lang='lat' dir='ltr'><strong>minor</strong></span> 
     </span>
    </p>
   </div>
   <div class='ocr_carea' id='block_1_53' title="bbox 2278 2432 3886 2505">
    <p class='ocr_par' dir='ltr' id='par_1_53' title="bbox 2278 2432 3886 2505">
     <span class='ocr_line' id='line_1_53' title="bbox 2278 2432 3886 2505; baseline 0.002 -16"><span class='ocrx_word' id='word_1_390' title='bbox 2278 2442 2397 2489; x_wconf 87' lang='lat' dir='ltr'><strong>erat</strong></span> <span class='ocrx_word' id='word_1_391' title='bbox 2427 2432 2542 2488; x_wconf 71' lang='lat' dir='ltr'><strong>hzce</strong></span> <span class='ocrx_word' id='word_1_392' title='bbox 2581 2434 2754 2489; x_wconf 79' lang='lat' dir='ltr'><strong>exsilii</strong></span> <span class='ocrx_word' id='word_1_393' title='bbox 2798 2449 2955 2505; x_wconf 66' lang='lat' dir='ltr'><strong>paena</strong></span> <span class='ocrx_word' id='word_1_394' title='bbox 2984 2452 2999 2490; x_wconf 90' lang='lat'><strong>:</strong></span> <span class='ocrx_word' id='word_1_395' title='bbox 3032 2435 3184 2489; x_wconf 88' lang='lat' dir='ltr'><strong>modo</strong></span> <span class='ocrx_word' id='word_1_396' title='bbox 3222 2436 3277 2490; x_wconf 88' lang='lat' dir='ltr'><strong>in</strong></span> <span class='ocrx_word' id='word_1_397' title='bbox 3327 2436 3527 2490; x_wconf 83' lang='lat' dir='ltr'><strong>metalla</strong></span> <span class='ocrx_word' id='word_1_398' title='bbox 3572 2436 3886 2491; x_wconf 76' lang='lat' dir='ltr'><strong>damnamur</strong></span> 
     </span>
    </p>
   </div>
   <div class='ocr_carea' id='block_1_54' title="bbox 2280 2525 3883 2602">
    <p class='ocr_par' dir='ltr' id='par_1_54' title="bbox 2280 2525 3883 2602">
     <span class='ocr_line' id='line_1_54' title="bbox 2280 2525 3883 2602; baseline 0.004 -22"><span class='ocrx_word' id='word_1_399' title='bbox 2280 2525 2481 2599; x_wconf 73' lang='lat' dir='ltr'><strong>(Ibid,</strong></span> <span class='ocrx_word' id='word_1_400' title='bbox 2513 2528 2736 2600; x_wconf 65' lang='lat' dir='ltr'><strong>capJZ,</strong></span> <span class='ocrx_word' id='word_1_401' title='bbox 2765 2546 2819 2601; x_wconf 90' lang='lat' dir='ltr'><strong>p.</strong></span> <span class='ocrx_word' id='word_1_402' title='bbox 2847 2528 3000 2602; x_wconf 73' lang='grc'><strong>541),</strong></span> <span class='ocrx_word' id='word_1_403' title='bbox 3033 2530 3100 2585; x_wconf 90' lang='lat' dir='ltr'><strong>ad</strong></span> <span class='ocrx_word' id='word_1_404' title='bbox 3127 2546 3191 2585; x_wconf 89' lang='lat' dir='ltr'><strong>ea</strong></span> <span class='ocrx_word' id='word_1_405' title='bbox 3218 2530 3464 2586; x_wconf 91' lang='lat' dir='ltr'><strong>nimirum</strong></span> <span class='ocrx_word' id='word_1_406' title='bbox 3495 2532 3738 2585; x_wconf 89' lang='lat' dir='ltr'><strong>maximo</strong></span> <span class='ocrx_word' id='word_1_407' title='bbox 3765 2546 3883 2587; x_wconf 87' lang='lat' dir='ltr'><strong>cum</strong></span> 
     </span>
    </p>
   </div>
   <div class='ocr_carea' id='block_1_55' title="bbox 2278 2610 3880 2683">
    <p class='ocr_par' dir='ltr' id='par_1_55' title="bbox 2278 2610 3880 2683">
     <span class='ocr_line' id='line_1_55' title="bbox 2278 2610 3880 2683; baseline 0.004 -7"><span class='ocrx_word' id='word_1_408' title='bbox 2278 2622 2462 2678; x_wconf 88' lang='lat' dir='ltr'><strong>labore</strong></span> <span class='ocrx_word' id='word_1_409' title='bbox 2502 2610 2825 2680; x_wconf 72' lang='lat' dir='ltr'><strong>etiadienda.</strong></span> <span class='ocrx_word' id='word_1_410' title='bbox 2878 2625 3101 2681; x_wconf 88' lang='lat' dir='ltr'><strong>Plurimi</strong></span> <span class='ocrx_word' id='word_1_411' title='bbox 3150 2642 3279 2683; x_wconf 89' lang='lat' dir='ltr'><strong>vero</strong></span> <span class='ocrx_word' id='word_1_412' title='bbox 3321 2625 3787 2683; x_wconf 87' lang='lat' dir='ltr'><strong>contrudebantur</strong></span> <span class='ocrx_word' id='word_1_413' title='bbox 3831 2628 3880 2683; x_wconf 93' lang='lat' dir='ltr'><strong>in</strong></span> 
     </span>
    </p>
   </div>
   <div class='ocr_carea' id='block_1_56' title="bbox 2279 2715 3880 2785">
    <p class='ocr_par' dir='ltr' id='par_1_56' title="bbox 2279 2715 3880 2785">
     <span class='ocr_line' id='line_1_56' title="bbox 2279 2715 3880 2785; baseline 0.004 -16"><span class='ocrx_word' id='word_1_414' title='bbox 2279 2715 2574 2772; x_wconf 89' lang='lat' dir='ltr'><strong>horrendos</strong></span> <span class='ocrx_word' id='word_1_415' title='bbox 2601 2732 2865 2783; x_wconf 87' lang='lat' dir='ltr'><strong>carceres,</strong></span> <span class='ocrx_word' id='word_1_416' title='bbox 2899 2719 3074 2775; x_wconf 90' lang='lat' dir='ltr'><strong>inedia</strong></span> <span class='ocrx_word' id='word_1_417' title='bbox 3104 2730 3159 2775; x_wconf 87' lang='lat' dir='ltr'><strong>et</strong></span> <span class='ocrx_word' id='word_1_418' title='bbox 3183 2719 3327 2777; x_wconf 86' lang='lat' dir='ltr'><strong>fame</strong></span> <span class='ocrx_word' id='word_1_419' title='bbox 3356 2720 3744 2785; x_wconf 90' lang='lat' dir='ltr'><strong>consumendi,</strong></span> <span class='ocrx_word' id='word_1_420' title='bbox 3780 2719 3880 2776; x_wconf 89' lang='lat' dir='ltr'><strong>nisi</strong></span> 
     </span>
    </p>
   </div>
   <div class='ocr_carea' id='block_1_57' title="bbox 2276 2809 3881 2884">
    <p class='ocr_par' dir='ltr' id='par_1_57' title="bbox 2276 2809 3881 2884">
     <span class='ocr_line' id='line_1_57' title="bbox 2276 2809 3881 2884; baseline 0.004 -22"><span class='ocrx_word' id='word_1_421' title='bbox 2276 2809 2387 2875; x_wconf 90' lang='lat' dir='ltr'><strong>alii,</strong></span> <span class='ocrx_word' id='word_1_422' title='bbox 2437 2819 2494 2865; x_wconf 89' lang='lat' dir='ltr'><strong>ut</strong></span> <span class='ocrx_word' id='word_1_423' title='bbox 2538 2826 2695 2882; x_wconf 87' lang='lat' dir='ltr'><strong>supra</strong></span> <span class='ocrx_word' id='word_1_424' title='bbox 2723 2811 2975 2877; x_wconf 75' lang='lat' dir='ltr'><strong>diximus,</strong></span> <span class='ocrx_word' id='word_1_425' title='bbox 3018 2812 3308 2869; x_wconf 89' lang='lat' dir='ltr'><strong>Christiani</strong></span> <span class='ocrx_word' id='word_1_426' title='bbox 3354 2814 3431 2871; x_wconf 85' lang='lat' dir='ltr'><strong>eis</strong></span> <span class='ocrx_word' id='word_1_427' title='bbox 3474 2813 3723 2884; x_wconf 86' lang='lat' dir='ltr'><strong>opitulati</strong></span> <span class='ocrx_word' id='word_1_428' title='bbox 3754 2812 3881 2869; x_wconf 85' lang='lat' dir='ltr'><strong>fuis-</strong></span> 
     </span>
    </p>
   </div>
   <div class='ocr_carea' id='block_1_58' title="bbox 2275 2901 3875 2978">
    <p class='ocr_par' dir='ltr' id='par_1_58' title="bbox 2275 2901 3875 2978">
     <span class='ocr_line' id='line_1_58' title="bbox 2275 2901 3875 2978; baseline 0.003 -22"><span class='ocrx_word' id='word_1_429' title='bbox 2275 2910 2415 2957; x_wconf 85' lang='lat' dir='ltr'><strong>sent.</strong></span> <span class='ocrx_word' id='word_1_430' title='bbox 2454 2901 2560 2958; x_wconf 90' lang='lat' dir='ltr'><strong>Sed</strong></span> <span class='ocrx_word' id='word_1_431' title='bbox 2614 2904 2729 2960; x_wconf 72' lang='lat' dir='ltr'><strong>luec</strong></span> <span class='ocrx_word' id='word_1_432' title='bbox 2776 2904 3138 2962; x_wconf 87' lang='lat' dir='ltr'><strong>Tertullianus</strong></span> <span class='ocrx_word' id='word_1_433' title='bbox 3184 2908 3237 2962; x_wconf 89' lang='lat' dir='ltr'><strong>in</strong></span> <span class='ocrx_word' id='word_1_434' title='bbox 3282 2920 3382 2961; x_wconf 91' lang='lat' dir='ltr'><strong>suo</strong></span> <span class='ocrx_word' id='word_1_435' title='bbox 3426 2906 3571 2962; x_wconf 84' lang='lat' dir='ltr'><strong>brevi</strong></span> <span class='ocrx_word' id='word_1_436' title='bbox 3620 2905 3875 2978; x_wconf 87' lang='lat' dir='ltr'><strong>quidem,</strong></span> 
     </span>
    </p>
   </div>
   <div class='ocr_carea' id='block_1_59' title="bbox 2275 2994 3870 3070">
    <p class='ocr_par' dir='ltr' id='par_1_59' title="bbox 2275 2994 3870 3070">
     <span class='ocr_line' id='line_1_59' title="bbox 2275 2994 3870 3070; baseline 0.001 -19"><span class='ocrx_word' id='word_1_437' title='bbox 2275 2994 2370 3051; x_wconf 88' lang='lat' dir='ltr'><strong>sed</strong></span> <span class='ocrx_word' id='word_1_438' title='bbox 2412 2996 2695 3052; x_wconf 82' lang='lat' dir='ltr'><strong>excellenti</strong></span> <span class='ocrx_word' id='word_1_439' title='bbox 2738 2999 2804 3052; x_wconf 86' lang='lat' dir='ltr'><strong>ad</strong></span> <span class='ocrx_word' id='word_1_440' title='bbox 2860 2998 3115 3068; x_wconf 83' lang='lat' dir='ltr'><strong>Martyres</strong></span> <span class='ocrx_word' id='word_1_441' title='bbox 3171 2998 3311 3054; x_wconf 89' lang='lat' dir='ltr'><strong>libro</strong></span> <span class='ocrx_word' id='word_1_442' title='bbox 3360 2998 3528 3055; x_wconf 88' lang='lat' dir='ltr'><strong>fusius</strong></span> <span class='ocrx_word' id='word_1_443' title='bbox 3586 2999 3870 3070; x_wconf 86' lang='lat' dir='ltr'><strong>prosequi-</strong></span> 
     </span>
    </p>
   </div>
   <div class='ocr_carea' id='block_1_60' title="bbox 2278 3086 3871 3165">
    <p class='ocr_par' dir='ltr' id='par_1_60' title="bbox 2278 3086 3871 3165">
     <span class='ocr_line' id='line_1_60' title="bbox 2278 3086 3871 3165; baseline 0.004 -24"><span class='ocrx_word' id='word_1_444' title='bbox 2278 3097 2362 3142; x_wconf 91' lang='lat' dir='ltr'><strong>tur</strong></span> <span class='ocrx_word' id='word_1_445' title='bbox 2414 3091 2430 3157; x_wconf 96' lang='lat'><strong>(</strong></span> <span class='ocrx_word' id='word_1_446' title='bbox 2462 3086 2628 3153; x_wconf 86' lang='lat' dir='ltr'><strong>Idem,</strong></span> <span class='ocrx_word' id='word_1_447' title='bbox 2684 3089 2773 3144; x_wconf 90' lang='lat' dir='ltr'><strong>lib.</strong></span> <span class='ocrx_word' id='word_1_448' title='bbox 2816 3089 2886 3143; x_wconf 92' lang='lat' dir='ltr'><strong>ad</strong></span> <span class='ocrx_word' id='word_1_449' title='bbox 2915 3087 3136 3162; x_wconf 79' lang='lat' dir='ltr'><strong>Martyr.</strong></span> <span class='ocrx_word' id='word_1_450' title='bbox 3156 3092 3196 3161; x_wconf 85' lang='lat'><strong>).</strong></span> <span class='ocrx_word' id='word_1_451' title='bbox 3225 3092 3491 3148; x_wconf 70' lang='lat' dir='ltr'><strong>Praeterea</strong></span> <span class='ocrx_word' id='word_1_452' title='bbox 3523 3093 3751 3165; x_wconf 85' lang='lat' dir='ltr'><strong>ungulis,</strong></span> <span class='ocrx_word' id='word_1_453' title='bbox 3777 3092 3871 3159; x_wconf 79' lang='lat' dir='ltr'><strong>sit,</strong></span> 
     </span>
    </p>
   </div>
   <div class='ocr_carea' id='block_1_61' title="bbox 2275 3180 3869 3259">
    <p class='ocr_par' dir='ltr' id='par_1_61' title="bbox 2275 3180 3869 3259">
     <span class='ocr_line' id='line_1_61' title="bbox 2275 3180 3869 3259; baseline 0.004 -25"><span class='ocrx_word' id='word_1_454' title='bbox 2275 3180 2519 3236; x_wconf 83' lang='lat' dir='ltr'><strong>deraditis</strong></span> <span class='ocrx_word' id='word_1_455' title='bbox 2567 3182 2727 3236; x_wconf 88' lang='lat' dir='ltr'><strong>latera</strong></span> <span class='ocrx_word' id='word_1_456' title='bbox 2768 3182 3161 3237; x_wconf 85' lang='lat' dir='ltr'><strong>christianorum</strong></span> <span class='ocrx_word' id='word_1_457' title='bbox 3205 3182 3401 3254; x_wconf 89' lang='lat' dir='ltr'><strong>(Idem,</strong></span> <span class='ocrx_word' id='word_1_458' title='bbox 3432 3185 3727 3258; x_wconf 82' lang='lat' dir='ltr'><strong>Apologet.,</strong></span> <span class='ocrx_word' id='word_1_459' title='bbox 3759 3201 3869 3259; x_wconf 85' lang='lat' dir='ltr'><strong>cap.</strong></span> 
     </span>
    </p>
   </div>
   <div class='ocr_carea' id='block_1_62' title="bbox 568 3272 3872 3350">
    <p class='ocr_par' dir='ltr' id='par_1_62' title="bbox 568 3272 3872 3350">
     <span class='ocr_line' id='line_1_62' title="bbox 568 3272 3872 3350; baseline -0.002 -13"><span class='ocrx_word' id='word_1_460' title='bbox 568 3292 731 3337; x_wconf 83' lang='lat' dir='ltr'><strong>vestra</strong></span> <span class='ocrx_word' id='word_1_461' title='bbox 756 3281 848 3347; x_wconf 83' lang='lat' dir='ltr'><strong>vis,</strong></span> <span class='ocrx_word' id='word_1_462' title='bbox 879 3291 1028 3350; x_wconf 84' lang='lat' dir='ltr'><strong>atque</strong></span> <span class='ocrx_word' id='word_1_463' title='bbox 1053 3278 1248 3334; x_wconf 74' lang='lat' dir='ltr'><strong>swvitia</strong></span> <span class='ocrx_word' id='word_1_464' title='bbox 1272 3278 1340 3332; x_wconf 87' lang='lat' dir='ltr'><strong>ad</strong></span> <span class='ocrx_word' id='word_1_465' title='bbox 1367 3276 1653 3348; x_wconf 79' lang='lat' dir='ltr'><strong>negandum</strong></span> <span class='ocrx_word' id='word_1_466' title='bbox 1675 3273 2168 3347; x_wconf 80' lang='lat' dir='ltr'><strong>subegit,(Tet-tull.,</strong></span> <span class='ocrx_word' id='word_1_467' title='bbox 2197 3276 2242 3340; x_wconf 84' lang='lat' dir='ltr'><strong>C</strong></span> <span class='ocrx_word' id='word_1_468' title='bbox 2278 3272 2365 3337; x_wconf 79' lang='lat' dir='ltr'><strong>l2,</strong></span> <span class='ocrx_word' id='word_1_469' title='bbox 2417 3291 2472 3345; x_wconf 93' lang='lat' dir='ltr'><strong>p.</strong></span> <span class='ocrx_word' id='word_1_470' title='bbox 2501 3272 2653 3343; x_wconf 79' lang='lat'><strong>559).</strong></span> <span class='ocrx_word' id='word_1_471' title='bbox 2707 3272 2928 3344; x_wconf 77' lang='lat' dir='ltr'><strong>Ungula:</strong></span> <span class='ocrx_word' id='word_1_472' title='bbox 2956 3283 3131 3329; x_wconf 89' lang='lat' dir='ltr'><strong>autem</strong></span> <span class='ocrx_word' id='word_1_473' title='bbox 3165 3272 3333 3330; x_wconf 90' lang='lat' dir='ltr'><strong>ferrea</strong></span> <span class='ocrx_word' id='word_1_474' title='bbox 3362 3286 3517 3332; x_wconf 75' lang='lat' dir='ltr'><strong>erant</strong></span> <span class='ocrx_word' id='word_1_475' title='bbox 3543 3277 3872 3332; x_wconf 87' lang='lat' dir='ltr'><strong>instrumen-</strong></span> 
     </span>
    </p>
   </div>
   <div class='ocr_carea' id='block_1_63' title="bbox 567 3365 2174 3443">
    <p class='ocr_par' dir='ltr' id='par_1_63' title="bbox 567 3365 2174 3443">
     <span class='ocr_line' id='line_1_63' title="bbox 567 3365 2174 3443; baseline -0.005 -12"><span class='ocrx_word' id='word_1_476' title='bbox 567 3374 659 3431; x_wconf 90' lang='lat' dir='ltr'><strong>lib.</strong></span> <span class='ocrx_word' id='word_1_477' title='bbox 683 3372 700 3428; x_wconf 93' lang='lat' dir='ltr'><strong>l</strong></span> <span class='ocrx_word' id='word_1_478' title='bbox 722 3374 789 3427; x_wconf 88' lang='lat' dir='ltr'><strong>ad</strong></span> <span class='ocrx_word' id='word_1_479' title='bbox 820 3372 972 3440; x_wconf 84' lang='lat' dir='ltr'><strong>Nat.,</strong></span> <span class='ocrx_word' id='word_1_480' title='bbox 999 3389 1115 3443; x_wconf 83' lang='lat' dir='ltr'><strong>cap.</strong></span> <span class='ocrx_word' id='word_1_481' title='bbox 1149 3370 1228 3441; x_wconf 84' lang='lat'><strong>5).</strong></span> <span class='ocrx_word' id='word_1_482' title='bbox 1258 3368 1425 3438; x_wconf 85' lang='lat' dir='ltr'><strong>Quam</strong></span> <span class='ocrx_word' id='word_1_483' title='bbox 1456 3379 1631 3423; x_wconf 89' lang='lat' dir='ltr'><strong>autem</strong></span> <span class='ocrx_word' id='word_1_484' title='bbox 1660 3367 1761 3422; x_wconf 92' lang='lat' dir='ltr'><strong>hoc</strong></span> <span class='ocrx_word' id='word_1_485' title='bbox 1789 3382 1972 3422; x_wconf 89' lang='lat' dir='ltr'><strong>verum</strong></span> <span class='ocrx_word' id='word_1_486' title='bbox 2008 3365 2077 3422; x_wconf 92' lang='lat' dir='ltr'><strong>sit</strong></span> <span class='ocrx_word' id='word_1_487' title='bbox 2106 3382 2174 3423; x_wconf 88' lang='lat' dir='ltr'><strong>ex</strong></span> 
     </span>
    </p>
   </div>
   <div class='ocr_carea' id='block_1_64' title="bbox 567 3459 2170 3539">
    <p class='ocr_par' dir='ltr' id='par_1_64' title="bbox 567 3459 2170 3539">
     <span class='ocr_line' id='line_1_64' title="bbox 567 3459 2170 3539; baseline -0.004 -17"><span class='ocrx_word' id='word_1_488' title='bbox 567 3466 633 3523; x_wconf 88' lang='lat' dir='ltr'><strong>iis</strong></span> <span class='ocrx_word' id='word_1_489' title='bbox 670 3466 1030 3539; x_wconf 83' lang='lat' dir='ltr'><strong>unusquisque</strong></span> <span class='ocrx_word' id='word_1_490' title='bbox 1061 3464 1216 3519; x_wconf 89' lang='lat' dir='ltr'><strong>facile</strong></span> <span class='ocrx_word' id='word_1_491' title='bbox 1247 3463 1529 3533; x_wconf 88' lang='lat' dir='ltr'><strong>intelliget,</strong></span> <span class='ocrx_word' id='word_1_492' title='bbox 1561 3475 1680 3533; x_wconf 79' lang='lat' dir='ltr'><strong>qua:</strong></span> <span class='ocrx_word' id='word_1_493' title='bbox 1721 3459 2023 3532; x_wconf 85' lang='lat' dir='ltr'><strong>Cyprianus</strong></span> <span class='ocrx_word' id='word_1_494' title='bbox 2050 3461 2170 3516; x_wconf 88' lang='lat' dir='ltr'><strong>alii-</strong></span> 
     </span>
    </p>
   </div>
   <div class='ocr_carea' id='block_1_65' title="bbox 567 3553 2209 3635">
    <p class='ocr_par' dir='ltr' id='par_1_65' title="bbox 567 3553 2209 3635">
     <span class='ocr_line' id='line_1_65' title="bbox 567 3553 2209 3635; baseline -0.002 -22"><span class='ocrx_word' id='word_1_495' title='bbox 567 3560 672 3635; x_wconf 84' lang='lat' dir='ltr'><strong>qué</strong></span> <span class='ocrx_word' id='word_1_496' title='bbox 716 3559 919 3632; x_wconf 82' lang='lat' dir='ltr'><strong>antiqui</strong></span> <span class='ocrx_word' id='word_1_497' title='bbox 965 3559 1256 3627; x_wconf 86' lang='lat' dir='ltr'><strong>scriptores</strong></span> <span class='ocrx_word' id='word_1_498' title='bbox 1304 3556 1473 3611; x_wconf 89' lang='lat' dir='ltr'><strong>nostri</strong></span> <span class='ocrx_word' id='word_1_499' title='bbox 1506 3555 1781 3610; x_wconf 70' lang='lat' dir='ltr'><strong>memoria:</strong></span> <span class='ocrx_word' id='word_1_500' title='bbox 1820 3553 1961 3609; x_wconf 90' lang='lat' dir='ltr'><strong>haud</strong></span> <span class='ocrx_word' id='word_1_501' title='bbox 2001 3554 2168 3611; x_wconf 87' lang='lat' dir='ltr'><strong>semel</strong></span> <span class='ocrx_word' id='word_1_502' title='bbox 2204 3632 2209 3635; x_wconf 81' lang='lat'>_</span> 
     </span>
    </p>
   </div>
   <div class='ocr_carea' id='block_1_66' title="bbox 566 3648 2170 3728">
    <p class='ocr_par' dir='ltr' id='par_1_66' title="bbox 566 3648 2170 3728">
     <span class='ocr_line' id='line_1_66' title="bbox 566 3648 2170 3728; baseline -0.002 -19"><span class='ocrx_word' id='word_1_503' title='bbox 566 3653 917 3728; x_wconf 84' lang='lat' dir='ltr'><strong>prodiderunt</strong></span> <span class='ocrx_word' id='word_1_504' title='bbox 942 3651 1011 3708; x_wconf 91' lang='lat' dir='ltr'><strong>de</strong></span> <span class='ocrx_word' id='word_1_505' title='bbox 1036 3651 1222 3723; x_wconf 88' lang='lat' dir='ltr'><strong>lapsis,</strong></span> <span class='ocrx_word' id='word_1_506' title='bbox 1263 3649 1352 3721; x_wconf 86' lang='lat' dir='ltr'><strong>qui</strong></span> <span class='ocrx_word' id='word_1_507' title='bbox 1392 3659 1741 3722; x_wconf 85' lang='lat' dir='ltr'><strong>tyrannorum</strong></span> <span class='ocrx_word' id='word_1_508' title='bbox 1773 3648 1935 3704; x_wconf 90' lang='lat' dir='ltr'><strong>minis</strong></span> <span class='ocrx_word' id='word_1_509' title='bbox 1960 3657 2017 3704; x_wconf 92' lang='lat' dir='ltr'><strong>et</strong></span> <span class='ocrx_word' id='word_1_510' title='bbox 2044 3665 2170 3705; x_wconf 89' lang='lat' dir='ltr'><strong>cru-</strong></span> 
     </span>
    </p>
   </div>
   <div class='ocr_carea' id='block_1_67' title="bbox 568 3741 2170 3815">
    <p class='ocr_par' dir='ltr' id='par_1_67' title="bbox 568 3741 2170 3815">
     <span class='ocr_line' id='line_1_67' title="bbox 568 3741 2170 3815; baseline -0.001 -13"><span class='ocrx_word' id='word_1_511' title='bbox 568 3748 793 3805; x_wconf 86' lang='lat' dir='ltr'><strong>ciatibus</strong></span> <span class='ocrx_word' id='word_1_512' title='bbox 822 3746 1172 3803; x_wconf 88' lang='lat' dir='ltr'><strong>christianam</strong></span> <span class='ocrx_word' id='word_1_513' title='bbox 1220 3744 1377 3800; x_wconf 85' lang='lat' dir='ltr'><strong>fidem</strong></span> <span class='ocrx_word' id='word_1_514' title='bbox 1410 3744 1771 3815; x_wconf 85' lang='lat' dir='ltr'><strong>ejuravcraut.</strong></span> <span class='ocrx_word' id='word_1_515' title='bbox 1805 3741 1912 3800; x_wconf 88' lang='lat' dir='ltr'><strong>Sed</strong></span> <span class='ocrx_word' id='word_1_516' title='bbox 1955 3743 2023 3799; x_wconf 90' lang='lat' dir='ltr'><strong>de</strong></span> <span class='ocrx_word' id='word_1_517' title='bbox 2062 3744 2170 3800; x_wconf 91' lang='lat' dir='ltr'><strong>illis</strong></span> 
     </span>
    </p>
   </div>
   <div class='ocr_carea' id='block_1_68' title="bbox 567 3835 2213 3914">
    <p class='ocr_par' dir='ltr' id='par_1_68' title="bbox 567 3835 2213 3914">
     <span class='ocr_line' id='line_1_68' title="bbox 567 3835 2213 3914; baseline -0.004 -17"><span class='ocrx_word' id='word_1_518' title='bbox 567 3842 917 3914; x_wconf 81' lang='lat' dir='ltr'><strong>Opportunior</strong></span> <span class='ocrx_word' id='word_1_519' title='bbox 929 3838 1231 3911; x_wconf 89' lang='lat' dir='ltr'><strong>disputandi</strong></span> <span class='ocrx_word' id='word_1_520' title='bbox 1252 3838 1399 3894; x_wconf 89' lang='lat' dir='ltr'><strong>locus</strong></span> <span class='ocrx_word' id='word_1_521' title='bbox 1419 3837 1576 3892; x_wconf 82' lang='lat' dir='ltr'><strong>nobis</strong></span> <span class='ocrx_word' id='word_1_522' title='bbox 1594 3836 1826 3892; x_wconf 89' lang='lat' dir='ltr'><strong>dabitur.</strong></span> <span class='ocrx_word' id='word_1_523' title='bbox 1850 3835 2018 3891; x_wconf 80' lang='lat' dir='ltr'><strong>Recte</strong></span> <span class='ocrx_word' id='word_1_524' title='bbox 2040 3850 2171 3908; x_wconf 91' lang='lat' dir='ltr'><strong>ergo</strong></span> <span class='ocrx_word' id='word_1_525' title='bbox 2210 3898 2213 3901; x_wconf 23' lang='grc' dir='ltr'><strong><em>γ</em></strong></span> 
     </span>
    </p>
   </div>
   <div class='ocr_carea' id='block_1_69' title="bbox 568 3930 2173 4004">
    <p class='ocr_par' dir='ltr' id='par_1_69' title="bbox 568 3930 2173 4004">
     <span class='ocr_line' id='line_1_69' title="bbox 568 3930 2173 4004; baseline -0.004 -11"><span class='ocrx_word' id='word_1_526' title='bbox 568 3937 926 3993; x_wconf 80' lang='lat' dir='ltr'><strong>Tertullianus</strong></span> <span class='ocrx_word' id='word_1_527' title='bbox 955 3935 1196 3991; x_wconf 79' lang='lat' dir='ltr'><strong>ethnicos</strong></span> <span class='ocrx_word' id='word_1_528' title='bbox 1227 3948 1412 3988; x_wconf 86' lang='lat' dir='ltr'><strong>rursus</strong></span> <span class='ocrx_word' id='word_1_529' title='bbox 1455 3932 1804 4004; x_wconf 89' lang='lat' dir='ltr'><strong>alloquendo,</strong></span> <span class='ocrx_word' id='word_1_530' title='bbox 1844 3931 1922 3986; x_wconf 88' lang='lat' dir='ltr'><strong>sic</strong></span> <span class='ocrx_word' id='word_1_531' title='bbox 1947 3930 2173 3987; x_wconf 91' lang='lat' dir='ltr'><strong>conclu-</strong></span> 
     </span>
    </p>
   </div>
   <div class='ocr_carea' id='block_1_70' title="bbox 567 4024 2167 4096">
    <p class='ocr_par' dir='ltr' id='par_1_70' title="bbox 567 4024 2167 4096">
     <span class='ocr_line' id='line_1_70' title="bbox 567 4024 2167 4096; baseline -0.006 -9"><span class='ocrx_word' id='word_1_532' title='bbox 567 4031 644 4088; x_wconf 85' lang='lat' dir='ltr'><strong>dit</strong></span> <span class='ocrx_word' id='word_1_533' title='bbox 675 4048 687 4085; x_wconf 91' lang='lat'><strong>:</strong></span> <span class='ocrx_word' id='word_1_534' title='bbox 723 4030 847 4086; x_wconf 88' lang='lat' dir='ltr'><strong>Sine</strong></span> <span class='ocrx_word' id='word_1_535' title='bbox 873 4045 1051 4084; x_wconf 89' lang='lat' dir='ltr'><strong>caussa</strong></span> <span class='ocrx_word' id='word_1_536' title='bbox 1074 4029 1190 4082; x_wconf 88' lang='lat' dir='ltr'><strong>illos</strong></span> <span class='ocrx_word' id='word_1_537' title='bbox 1214 4027 1401 4081; x_wconf 86' lang='lat' dir='ltr'><strong>vocatis</strong></span> <span class='ocrx_word' id='word_1_538' title='bbox 1430 4026 1757 4093; x_wconf 84' lang='lat' dir='ltr'><strong>christianos,</strong></span> <span class='ocrx_word' id='word_1_539' title='bbox 1788 4041 1914 4096; x_wconf 90' lang='lat' dir='ltr'><strong>quos</strong></span> <span class='ocrx_word' id='word_1_540' title='bbox 1938 4024 2039 4096; x_wconf 85' lang='lat' dir='ltr'><strong>ipsi</strong></span> <span class='ocrx_word' id='word_1_541' title='bbox 2076 4040 2167 4078; x_wconf 91' lang='lat' dir='ltr'><strong>ne-</strong></span> 
     </span>
    </p>
   </div>
   <div class='ocr_carea' id='block_1_71' title="bbox 566 4119 2169 4201">
    <p class='ocr_par' dir='ltr' id='par_1_71' title="bbox 566 4119 2169 4201">
     <span class='ocr_line' id='line_1_71' title="bbox 566 4119 2169 4201; baseline -0.004 -23"><span class='ocrx_word' id='word_1_542' title='bbox 566 4134 688 4198; x_wconf 90' lang='lat' dir='ltr'><strong>gant</strong></span> <span class='ocrx_word' id='word_1_543' title='bbox 715 4124 999 4201; x_wconf 79' lang='lat' dir='ltr'><strong>christiani,</strong></span> <span class='ocrx_word' id='word_1_544' title='bbox 1028 4122 1115 4192; x_wconf 85' lang='lat' dir='ltr'><strong>qui</strong></span> <span class='ocrx_word' id='word_1_545' title='bbox 1154 4138 1227 4188; x_wconf 90' lang='lat' dir='ltr'><strong>se,</strong></span> <span class='ocrx_word' id='word_1_546' title='bbox 1256 4121 1310 4173; x_wconf 89' lang='lat' dir='ltr'><strong>id</strong></span> <span class='ocrx_word' id='word_1_547' title='bbox 1336 4130 1408 4175; x_wconf 79' lang='lat' dir='ltr'><strong>est</strong></span> <span class='ocrx_word' id='word_1_548' title='bbox 1442 4119 1630 4175; x_wconf 83' lang='lat' dir='ltr'><strong>Christi</strong></span> <span class='ocrx_word' id='word_1_549' title='bbox 1656 4119 1813 4184; x_wconf 61' lang='lat' dir='ltr'><strong>ﬁdem</strong></span> <span class='ocrx_word' id='word_1_550' title='bbox 1841 4134 2028 4188; x_wconf 83' lang='lat' dir='ltr'><strong>negare</strong></span> <span class='ocrx_word' id='word_1_551' title='bbox 2066 4134 2169 4172; x_wconf 83' lang='lat' dir='ltr'><strong>non</strong></span> 
     </span>
    </p>
   </div>
   <div class='ocr_carea' id='block_1_72' title="bbox 568 4209 2169 4287">
    <p class='ocr_par' dir='ltr' id='par_1_72' title="bbox 568 4209 2169 4287">
     <span class='ocr_line' id='line_1_72' title="bbox 568 4209 2169 4287; baseline -0.004 -17"><span class='ocrx_word' id='word_1_552' title='bbox 568 4226 752 4270; x_wconf 87' lang='lat' dir='ltr'><strong>norunt</strong></span> <span class='ocrx_word' id='word_1_553' title='bbox 782 4217 800 4286; x_wconf 96' lang='lat'><strong>(</strong></span> <span class='ocrx_word' id='word_1_554' title='bbox 825 4214 959 4268; x_wconf 87' lang='lat' dir='ltr'><strong>Ibid.</strong></span> <span class='ocrx_word' id='word_1_555' title='bbox 982 4213 1021 4287; x_wconf 94' lang='lat'><strong>).</strong></span> <span class='ocrx_word' id='word_1_556' title='bbox 1059 4212 1179 4268; x_wconf 83' lang='lat' dir='ltr'><strong>Veri</strong></span> <span class='ocrx_word' id='word_1_557' title='bbox 1212 4211 1473 4282; x_wconf 86' lang='lat' dir='ltr'><strong>siquidem</strong></span> <span class='ocrx_word' id='word_1_558' title='bbox 1505 4210 1803 4277; x_wconf 88' lang='lat' dir='ltr'><strong>christiani,</strong></span> <span class='ocrx_word' id='word_1_559' title='bbox 1845 4209 2169 4280; x_wconf 88' lang='lat' dir='ltr'><strong>quibuslibet</strong></span> 
     </span>
    </p>
   </div>
   <div class='ocr_carea' id='block_1_73' title="bbox 532 4301 2168 4373">
    <p class='ocr_par' dir='ltr' id='par_1_73' title="bbox 532 4301 2168 4373">
     <span class='ocr_line' id='line_1_73' title="bbox 532 4301 2168 4373; baseline -0.003 -9"><span class='ocrx_word' id='word_1_560' title='bbox 532 4320 537 4327; x_wconf 82' lang='lat'><strong><em>&#39;</em></strong></span> <span class='ocrx_word' id='word_1_561' title='bbox 567 4306 851 4364; x_wconf 89' lang='lat' dir='ltr'><strong>dirissimis</strong></span> <span class='ocrx_word' id='word_1_562' title='bbox 892 4307 1173 4361; x_wconf 90' lang='lat' dir='ltr'><strong>tormentis</strong></span> <span class='ocrx_word' id='word_1_563' title='bbox 1200 4303 1399 4370; x_wconf 83' lang='lat' dir='ltr'><strong>vexati,</strong></span> <span class='ocrx_word' id='word_1_564' title='bbox 1437 4304 1745 4359; x_wconf 74' lang='lat' dir='ltr'><strong>christiana:</strong></span> <span class='ocrx_word' id='word_1_565' title='bbox 1774 4301 2048 4373; x_wconf 87' lang='lat' dir='ltr'><strong>religionis</strong></span> <span class='ocrx_word' id='word_1_566' title='bbox 2074 4317 2168 4359; x_wconf 85' lang='lat' dir='ltr'><strong>ve-</strong></span> 
     </span>
    </p>
   </div>
   <div class='ocr_carea' id='block_1_74' title="bbox 565 4398 2164 4470">
    <p class='ocr_par' dir='ltr' id='par_1_74' title="bbox 565 4398 2164 4470">
     <span class='ocr_line' id='line_1_74' title="bbox 565 4398 2164 4470; baseline -0.006 -10"><span class='ocrx_word' id='word_1_567' title='bbox 565 4403 780 4460; x_wconf 61' lang='lat' dir='ltr'><strong>ritatem</strong></span> <span class='ocrx_word' id='word_1_568' title='bbox 812 4400 878 4455; x_wconf 90' lang='lat' dir='ltr'><strong>ad</strong></span> <span class='ocrx_word' id='word_1_569' title='bbox 907 4400 1331 4455; x_wconf 90' lang='lat' dir='ltr'><strong>crudelissimam</strong></span> <span class='ocrx_word' id='word_1_570' title='bbox 1382 4414 1549 4470; x_wconf 87' lang='lat' dir='ltr'><strong>usque</strong></span> <span class='ocrx_word' id='word_1_571' title='bbox 1579 4398 2005 4454; x_wconf 87' lang='lat' dir='ltr'><strong>internecionem</strong></span> <span class='ocrx_word' id='word_1_572' title='bbox 2033 4413 2164 4453; x_wconf 90' lang='lat' dir='ltr'><strong>con-</strong></span> 
     </span>
    </p>
   </div>
   <div class='ocr_carea' id='block_1_75' title="bbox 566 4489 2163 4568">
    <p class='ocr_par' dir='ltr' id='par_1_75' title="bbox 566 4489 2163 4568">
     <span class='ocr_line' id='line_1_75' title="bbox 566 4489 2163 4568; baseline -0.003 -13"><span class='ocrx_word' id='word_1_573' title='bbox 566 4498 893 4555; x_wconf 82' lang='lat' dir='ltr'><strong>stantissime</strong></span> <span class='ocrx_word' id='word_1_574' title='bbox 922 4506 1246 4563; x_wconf 86' lang='lat' dir='ltr'><strong>asserentes,</strong></span> <span class='ocrx_word' id='word_1_575' title='bbox 1297 4496 1536 4568; x_wconf 87' lang='lat' dir='ltr'><strong>martyrii</strong></span> <span class='ocrx_word' id='word_1_576' title='bbox 1576 4489 1831 4549; x_wconf 84' lang='lat' dir='ltr'><strong>coronam</strong></span> <span class='ocrx_word' id='word_1_577' title='bbox 1862 4508 2163 4564; x_wconf 86' lang='lat' dir='ltr'><strong>conseque-</strong></span> 
     </span>
    </p>
   </div>
   <div class='ocr_carea' id='block_1_76' title="bbox 566 4587 2162 4664">
    <p class='ocr_par' dir='ltr' id='par_1_76' title="bbox 566 4587 2162 4664">
     <span class='ocr_line' id='line_1_76' title="bbox 566 4587 2162 4664; baseline -0.003 -16"><span class='ocrx_word' id='word_1_578' title='bbox 566 4592 783 4649; x_wconf 88' lang='lat' dir='ltr'><strong>bantur.</strong></span> <span class='ocrx_word' id='word_1_579' title='bbox 814 4591 917 4648; x_wconf 89' lang='lat' dir='ltr'><strong>Sed</strong></span> <span class='ocrx_word' id='word_1_580' title='bbox 949 4590 1074 4664; x_wconf 89' lang='lat' dir='ltr'><strong>quid</strong></span> <span class='ocrx_word' id='word_1_581' title='bbox 1107 4590 1173 4645; x_wconf 90' lang='lat' dir='ltr'><strong>de</strong></span> <span class='ocrx_word' id='word_1_582' title='bbox 1208 4590 1289 4645; x_wconf 86' lang='lat' dir='ltr'><strong>Itis</strong></span> <span class='ocrx_word' id='word_1_583' title='bbox 1315 4589 1667 4644; x_wconf 90' lang='lat' dir='ltr'><strong>sanctissimis</strong></span> <span class='ocrx_word' id='word_1_584' title='bbox 1700 4587 2025 4661; x_wconf 86' lang='lat' dir='ltr'><strong>martyribus</strong></span> <span class='ocrx_word' id='word_1_585' title='bbox 2048 4589 2162 4644; x_wconf 84' lang='lat' dir='ltr'><strong>Att-</strong></span> 
     </span>
    </p>
   </div>
   <div class='ocr_carea' id='block_1_77' title="bbox 566 4681 1908 4754">
    <p class='ocr_par' dir='ltr' id='par_1_77' title="bbox 566 4681 1908 4754">
     <span class='ocr_line' id='line_1_77' title="bbox 566 4681 1908 4754; baseline -0.005 -10"><span class='ocrx_word' id='word_1_586' title='bbox 566 4695 681 4745; x_wconf 89' lang='lat' dir='ltr'><strong>ctor</strong></span> <span class='ocrx_word' id='word_1_587' title='bbox 707 4694 890 4743; x_wconf 90' lang='lat' dir='ltr'><strong>noster</strong></span> <span class='ocrx_word' id='word_1_588' title='bbox 919 4683 1216 4753; x_wconf 87' lang='lat' dir='ltr'><strong>tradiderit,</strong></span> <span class='ocrx_word' id='word_1_589' title='bbox 1241 4682 1351 4754; x_wconf 88' lang='lat' dir='ltr'><strong>jam</strong></span> <span class='ocrx_word' id='word_1_590' title='bbox 1380 4681 1775 4753; x_wconf 89' lang='lat' dir='ltr'><strong>explanandmn</strong></span> <span class='ocrx_word' id='word_1_591' title='bbox 1806 4691 1908 4737; x_wconf 89' lang='lat' dir='ltr'><strong>est.</strong></span> 
     </span>
    </p>
   </div>
   <div class='ocr_carea' id='block_1_78' title="bbox 1158 4797 1565 4858">
    <p class='ocr_par' dir='ltr' id='par_1_78' title="bbox 1158 4797 1565 4858">
     <span class='ocr_line' id='line_1_78' title="bbox 1158 4797 1565 4858; baseline -0.01 0"><span class='ocrx_word' id='word_1_592' title='bbox 1158 4798 1386 4858; x_wconf 83' lang='lat' dir='ltr'><strong>CAPUT</strong></span> <span class='ocrx_word' id='word_1_593' title='bbox 1427 4797 1565 4854; x_wconf 83' lang='lat' dir='ltr'><strong>XVI.</strong></span> 
     </span>
    </p>
   </div>
   <div class='ocr_carea' id='block_1_79' title="bbox 981 4892 1728 4987">
    <p class='ocr_par' dir='ltr' id='par_1_79' title="bbox 981 4892 1728 4987">
     <span class='ocr_line' id='line_1_79' title="bbox 981 4892 1728 4987; baseline -0.011 -9"><span class='ocrx_word' id='word_1_594' title='bbox 981 4921 1058 4977; x_wconf 90' lang='lat' dir='ltr'><strong>De</strong></span> <span class='ocrx_word' id='word_1_595' title='bbox 1082 4892 1372 4977; x_wconf 48' lang='lat' dir='ltr'><strong>christia‘nis</strong></span> <span class='ocrx_word' id='word_1_596' title='bbox 1399 4915 1728 4987; x_wconf 80' lang='lat' dir='ltr'><strong>martyribus.</strong></span> 
     </span>
    </p>
   </div>
   <div class='ocr_carea' id='block_1_80' title="bbox 1089 5070 1630 5119">
    <p class='ocr_par' dir='ltr' id='par_1_80' title="bbox 1089 5070 1630 5119">
     <span class='ocr_line' id='line_1_80' title="bbox 1089 5070 1630 5119; baseline -0.009 0"><span class='ocrx_word' id='word_1_597' title='bbox 1089 5073 1381 5119; x_wconf 77' lang='lat' dir='ltr'><strong>ARTICULUS</strong></span> <span class='ocrx_word' id='word_1_598' title='bbox 1396 5070 1407 5079; x_wconf 79' lang='grc'><strong><em>’</em></strong></span> <span class='ocrx_word' id='word_1_599' title='bbox 1420 5070 1630 5114; x_wconf 65' lang='lat' dir='ltr'><strong>PRIMUS.</strong></span> 
     </span>
    </p>
   </div>
   <div class='ocr_carea' id='block_1_81' title="bbox 566 5194 2160 5273">
    <p class='ocr_par' dir='ltr' id='par_1_81' title="bbox 566 5194 2160 5273">
     <span class='ocr_line' id='line_1_81' title="bbox 566 5194 2160 5273; baseline -0.003 -17"><span class='ocrx_word' id='word_1_600' title='bbox 566 5201 759 5271; x_wconf 82' lang='lat' dir='ltr'><strong>Quibus</strong></span> <span class='ocrx_word' id='word_1_601' title='bbox 779 5217 838 5255; x_wconf 83' lang='lat' dir='ltr'><strong>ac</strong></span> <span class='ocrx_word' id='word_1_602' title='bbox 853 5216 1005 5273; x_wconf 88' lang='lat' dir='ltr'><strong>quam</strong></span> <span class='ocrx_word' id='word_1_603' title='bbox 1017 5200 1171 5255; x_wconf 84' lang='lat' dir='ltr'><strong>variis</strong></span> <span class='ocrx_word' id='word_1_604' title='bbox 1198 5198 1561 5269; x_wconf 81' lang='lat' dir='ltr'><strong>horrendisque</strong></span> <span class='ocrx_word' id='word_1_605' title='bbox 1588 5194 1891 5251; x_wconf 88' lang='lat' dir='ltr'><strong>cruciatibus</strong></span> <span class='ocrx_word' id='word_1_606' title='bbox 1910 5194 2160 5251; x_wconf 85' lang='lat' dir='ltr'><strong>Christia-</strong></span> 
     </span>
    </p>
   </div>
   <div class='ocr_carea' id='block_1_82' title="bbox 632 5289 2157 5363">
    <p class='ocr_par' dir='ltr' id='par_1_82' title="bbox 632 5289 2157 5363">
     <span class='ocr_line' id='line_1_82' title="bbox 632 5289 2157 5363; baseline -0.004 -14"><span class='ocrx_word' id='word_1_607' title='bbox 632 5296 687 5350; x_wconf 90' lang='lat' dir='ltr'><strong>ni</strong></span> <span class='ocrx_word' id='word_1_608' title='bbox 715 5295 777 5349; x_wconf 93' lang='lat' dir='ltr'><strong>ab</strong></span> <span class='ocrx_word' id='word_1_609' title='bbox 802 5294 1012 5348; x_wconf 85' lang='lat' dir='ltr'><strong>ethnicis</strong></span> <span class='ocrx_word' id='word_1_610' title='bbox 1038 5301 1406 5363; x_wconf 81' lang='lat' dir='ltr'><strong>torquerentur,</strong></span> <span class='ocrx_word' id='word_1_611' title='bbox 1451 5300 1498 5346; x_wconf 90' lang='lat' dir='ltr'><strong>et</strong></span> <span class='ocrx_word' id='word_1_612' title='bbox 1528 5289 1943 5345; x_wconf 84' lang='lat' dir='ltr'><strong>trucidarentur:</strong></span> <span class='ocrx_word' id='word_1_613' title='bbox 1973 5305 2034 5343; x_wconf 88' lang='lat' dir='ltr'><strong>ac</strong></span> <span class='ocrx_word' id='word_1_614' title='bbox 2066 5304 2157 5344; x_wconf 87' lang='lat' dir='ltr'><strong>cur</strong></span> 
     </span>
    </p>
   </div>
   <div class='ocr_carea' id='block_1_83' title="bbox 633 5362 2123 5465">
    <p class='ocr_par' dir='ltr' id='par_1_83' title="bbox 633 5362 2123 5465">
     <span class='ocr_line' id='line_1_83' title="bbox 633 5362 2123 5465; baseline -0.005 -22"><span class='ocrx_word' id='word_1_615' title='bbox 633 5388 980 5452; x_wconf 84' lang='lat' dir='ltr'><strong>Sarntenticii,</strong></span> <span class='ocrx_word' id='word_1_616' title='bbox 1008 5395 1052 5441; x_wconf 88' lang='lat' dir='ltr'><strong>et</strong></span> <span class='ocrx_word' id='word_1_617' title='bbox 1072 5362 1315 5442; x_wconf 30' lang='lat' dir='ltr'><strong>‘Sentaxii</strong></span> <span class='ocrx_word' id='word_1_618' title='bbox 1336 5384 1498 5441; x_wconf 83' lang='lat' dir='ltr'><strong>vocati</strong></span> <span class='ocrx_word' id='word_1_619' title='bbox 1520 5383 1642 5439; x_wconf 84' lang='lat' dir='ltr'><strong>sint.</strong></span> <span class='ocrx_word' id='word_1_620' title='bbox 1720 5440 1755 5465; x_wconf 46' lang='grc' dir='ltr'><strong><em>ο</em></strong></span> <span class='ocrx_word' id='word_1_621' title='bbox 2114 5370 2123 5374; x_wconf 71' lang='grc'><em>’</em></span> 
     </span>
    </p>
   </div>
   <div class='ocr_carea' id='block_1_84' title="bbox 627 5520 2152 5598">
    <p class='ocr_par' dir='ltr' id='par_1_84' title="bbox 627 5520 2152 5598">
     <span class='ocr_line' id='line_1_84' title="bbox 627 5520 2152 5598; baseline -0.003 -17"><span class='ocrx_word' id='word_1_622' title='bbox 627 5525 782 5582; x_wconf 86' lang='lat' dir='ltr'><strong>Nulla</strong></span> <span class='ocrx_word' id='word_1_623' title='bbox 814 5526 999 5598; x_wconf 89' lang='lat' dir='ltr'><strong>procul</strong></span> <span class='ocrx_word' id='word_1_624' title='bbox 1040 5523 1200 5581; x_wconf 78' lang='lat' dir='ltr'><strong>dubio</strong></span> <span class='ocrx_word' id='word_1_625' title='bbox 1215 5522 1643 5581; x_wconf 83' lang='lat' dir='ltr'><strong>Christianorum</strong></span> <span class='ocrx_word' id='word_1_626' title='bbox 1670 5522 1839 5577; x_wconf 87' lang='lat' dir='ltr'><strong>virtus</strong></span> <span class='ocrx_word' id='word_1_627' title='bbox 1869 5520 2038 5591; x_wconf 82' lang='lat' dir='ltr'><strong>magis</strong></span> <span class='ocrx_word' id='word_1_628' title='bbox 2065 5534 2152 5576; x_wconf 87' lang='lat' dir='ltr'><strong>re-</strong></span> 
     </span>
    </p>
   </div>
   <div class='ocr_carea' id='block_1_85' title="bbox 555 5612 2151 5692">
    <p class='ocr_par' dir='ltr' id='par_1_85' title="bbox 555 5612 2151 5692">
     <span class='ocr_line' id='line_1_85' title="bbox 555 5612 2151 5692; baseline -0.004 -17"><span class='ocrx_word' id='word_1_629' title='bbox 555 5618 722 5687; x_wconf 84' lang='lat' dir='ltr'><strong>fulsit,</strong></span> <span class='ocrx_word' id='word_1_630' title='bbox 748 5636 908 5692; x_wconf 90' lang='lat' dir='ltr'><strong>quam</strong></span> <span class='ocrx_word' id='word_1_631' title='bbox 939 5618 1287 5675; x_wconf 87' lang='lat' dir='ltr'><strong>invictissima</strong></span> <span class='ocrx_word' id='word_1_632' title='bbox 1327 5619 1379 5673; x_wconf 92' lang='lat' dir='ltr'><strong>in</strong></span> <span class='ocrx_word' id='word_1_633' title='bbox 1427 5616 1717 5673; x_wconf 89' lang='lat' dir='ltr'><strong>tolerandis</strong></span> <span class='ocrx_word' id='word_1_634' title='bbox 1745 5630 1841 5689; x_wconf 90' lang='lat' dir='ltr'><strong>pro</strong></span> <span class='ocrx_word' id='word_1_635' title='bbox 1871 5612 2151 5685; x_wconf 89' lang='lat' dir='ltr'><strong>religionis</strong></span> 
     </span>
    </p>
   </div>
   <div class='ocr_carea' id='block_1_86' title="bbox 554 5708 2149 5785">
    <p class='ocr_par' dir='ltr' id='par_1_86' title="bbox 554 5708 2149 5785">
     <span class='ocr_line' id='line_1_86' title="bbox 554 5708 2149 5785; baseline -0.005 -14"><span class='ocrx_word' id='word_1_636' title='bbox 554 5728 667 5771; x_wconf 72' lang='lat' dir='ltr'><strong>sua:</strong></span> <span class='ocrx_word' id='word_1_637' title='bbox 695 5712 1009 5769; x_wconf 82' lang='lat' dir='ltr'><strong>defensione</strong></span> <span class='ocrx_word' id='word_1_638' title='bbox 1035 5712 1307 5785; x_wconf 90' lang='lat' dir='ltr'><strong>suppliciis</strong></span> <span class='ocrx_word' id='word_1_639' title='bbox 1337 5712 1587 5781; x_wconf 83' lang='lat' dir='ltr'><strong>patientia</strong></span> <span class='ocrx_word' id='word_1_640' title='bbox 1615 5754 1631 5781; x_wconf 90' lang='lat'><strong>,</strong></span> <span class='ocrx_word' id='word_1_641' title='bbox 1663 5708 1961 5766; x_wconf 83' lang='lat' dir='ltr'><strong>constantia</strong></span> <span class='ocrx_word' id='word_1_642' title='bbox 1988 5716 2149 5778; x_wconf 88' lang='lat' dir='ltr'><strong>atque</strong></span> 
     </span>
    </p>
   </div>
   <div class='ocr_carea' id='block_1_87' title="bbox 2278 3365 3869 3439">
    <p class='ocr_par' dir='ltr' id='par_1_87' title="bbox 2278 3365 3869 3439">
     <span class='ocr_line' id='line_1_87' title="bbox 2278 3365 3869 3439; baseline 0.001 -16"><span class='ocrx_word' id='word_1_643' title='bbox 2278 3376 2351 3434; x_wconf 91' lang='lat' dir='ltr'><strong>ta,</strong></span> <span class='ocrx_word' id='word_1_644' title='bbox 2375 3377 2625 3439; x_wconf 88' lang='lat' dir='ltr'><strong>tanquam</strong></span> <span class='ocrx_word' id='word_1_645' title='bbox 2659 3366 2890 3424; x_wconf 83' lang='lat' dir='ltr'><strong>ferarum</strong></span> <span class='ocrx_word' id='word_1_646' title='bbox 2920 3382 3124 3439; x_wconf 85' lang='lat' dir='ltr'><strong>ungues</strong></span> <span class='ocrx_word' id='word_1_647' title='bbox 3149 3365 3427 3437; x_wconf 86' lang='lat' dir='ltr'><strong>fabricata,</strong></span> <span class='ocrx_word' id='word_1_648' title='bbox 3452 3370 3645 3438; x_wconf 88' lang='lat' dir='ltr'><strong>quibus</strong></span> <span class='ocrx_word' id='word_1_649' title='bbox 3673 3368 3869 3426; x_wconf 89' lang='lat' dir='ltr'><strong>ethnici</strong></span> 
     </span>
    </p>
   </div>
   <div class='ocr_carea' id='block_1_88' title="bbox 2278 3462 3869 3533">
    <p class='ocr_par' dir='ltr' id='par_1_88' title="bbox 2278 3462 3869 3533">
     <span class='ocr_line' id='line_1_88' title="bbox 2278 3462 3869 3533; baseline 0.001 -16"><span class='ocrx_word' id='word_1_650' title='bbox 2278 3462 2443 3517; x_wconf 87' lang='lat' dir='ltr'><strong>latera</strong></span> <span class='ocrx_word' id='word_1_651' title='bbox 2471 3462 2893 3518; x_wconf 90' lang='lat' dir='ltr'><strong>Christianorum</strong></span> <span class='ocrx_word' id='word_1_652' title='bbox 2916 3462 3194 3518; x_wconf 91' lang='lat' dir='ltr'><strong>sulcabant</strong></span> <span class='ocrx_word' id='word_1_653' title='bbox 3218 3472 3273 3519; x_wconf 91' lang='lat' dir='ltr'><strong>et</strong></span> <span class='ocrx_word' id='word_1_654' title='bbox 3298 3463 3646 3520; x_wconf 87' lang='lat' dir='ltr'><strong>dilaniabant.</strong></span> <span class='ocrx_word' id='word_1_655' title='bbox 3669 3465 3869 3533; x_wconf 83' lang='lat' dir='ltr'><strong>Quam-</strong></span> 
     </span>
    </p>
   </div>
   <div class='ocr_carea' id='block_1_89' title="bbox 2276 3553 3870 3630">
    <p class='ocr_par' dir='ltr' id='par_1_89' title="bbox 2276 3553 3870 3630">
     <span class='ocr_line' id='line_1_89' title="bbox 2276 3553 3870 3630; baseline 0.001 -20"><span class='ocrx_word' id='word_1_656' title='bbox 2276 3555 2461 3611; x_wconf 89' lang='lat' dir='ltr'><strong>obrem</strong></span> <span class='ocrx_word' id='word_1_657' title='bbox 2501 3555 2592 3612; x_wconf 91' lang='lat' dir='ltr'><strong>ille</strong></span> <span class='ocrx_word' id='word_1_658' title='bbox 2638 3564 2822 3627; x_wconf 84' lang='lat' dir='ltr'><strong>postea</strong></span> <span class='ocrx_word' id='word_1_659' title='bbox 2859 3555 3033 3611; x_wconf 89' lang='lat' dir='ltr'><strong>dixit:</strong></span> <span class='ocrx_word' id='word_1_660' title='bbox 3065 3553 3179 3611; x_wconf 85' lang='lat' dir='ltr'><strong>Nos</strong></span> <span class='ocrx_word' id='word_1_661' title='bbox 3230 3557 3299 3610; x_wconf 87' lang='lat' dir='ltr'><strong>ad</strong></span> <span class='ocrx_word' id='word_1_662' title='bbox 3326 3555 3488 3612; x_wconf 87' lang='lat' dir='ltr'><strong>Deum</strong></span> <span class='ocrx_word' id='word_1_663' title='bbox 3535 3557 3590 3611; x_wconf 92' lang='lat' dir='ltr'><strong>in</strong></span> <span class='ocrx_word' id='word_1_664' title='bbox 3642 3557 3870 3630; x_wconf 88' lang='lat' dir='ltr'><strong>equuleo</strong></span> 
     </span>
    </p>
   </div>
   <div class='ocr_carea' id='block_1_90' title="bbox 2277 3647 3871 3724">
    <p class='ocr_par' dir='ltr' id='par_1_90' title="bbox 2277 3647 3871 3724">
     <span class='ocr_line' id='line_1_90' title="bbox 2277 3647 3871 3724; baseline 0.004 -23"><span class='ocrx_word' id='word_1_665' title='bbox 2277 3647 2418 3703; x_wconf 87' lang='lat' dir='ltr'><strong>haud</strong></span> <span class='ocrx_word' id='word_1_666' title='bbox 2464 3648 2645 3715; x_wconf 90' lang='lat' dir='ltr'><strong>dubie,</strong></span> <span class='ocrx_word' id='word_1_667' title='bbox 2677 3658 2767 3703; x_wconf 91' lang='lat' dir='ltr'><strong>aut</strong></span> <span class='ocrx_word' id='word_1_668' title='bbox 2795 3648 2899 3703; x_wconf 89' lang='lat' dir='ltr'><strong>alia</strong></span> <span class='ocrx_word' id='word_1_669' title='bbox 2941 3649 3102 3703; x_wconf 87' lang='lat' dir='ltr'><strong>simili</strong></span> <span class='ocrx_word' id='word_1_670' title='bbox 3151 3649 3393 3705; x_wconf 88' lang='lat' dir='ltr'><strong>machina</strong></span> <span class='ocrx_word' id='word_1_671' title='bbox 3421 3690 3436 3716; x_wconf 94' lang='lat'><strong>,</strong></span> <span class='ocrx_word' id='word_1_672' title='bbox 3476 3666 3733 3724; x_wconf 73' lang='lat' dir='ltr'><strong>expansos</strong></span> <span class='ocrx_word' id='word_1_673' title='bbox 3769 3669 3871 3708; x_wconf 81' lang='lat' dir='ltr'><strong>snt-</strong></span> 
     </span>
    </p>
   </div>
   <div class='ocr_carea' id='block_1_91' title="bbox 2274 3739 3866 3814">
    <p class='ocr_par' dir='ltr' id='par_1_91' title="bbox 2274 3739 3866 3814">
     <span class='ocr_line' id='line_1_91' title="bbox 2274 3739 3866 3814; baseline 0.006 -20"><span class='ocrx_word' id='word_1_674' title='bbox 2274 3741 2411 3813; x_wconf 74' lang='lat' dir='ltr'><strong>gulte</strong></span> <span class='ocrx_word' id='word_1_675' title='bbox 2438 3740 2634 3813; x_wconf 79' lang='lat' dir='ltr'><strong>fodiant</strong></span> <span class='ocrx_word' id='word_1_676' title='bbox 2659 3739 2848 3814; x_wconf 73' lang='lat' dir='ltr'><strong>(Ibid.,</strong></span> <span class='ocrx_word' id='word_1_677' title='bbox 2874 3756 2990 3814; x_wconf 86' lang='lat' dir='ltr'><strong>cap.</strong></span> <span class='ocrx_word' id='word_1_678' title='bbox 3013 3739 3103 3808; x_wconf 77' lang='lat'><strong>50,</strong></span> <span class='ocrx_word' id='word_1_679' title='bbox 3126 3759 3180 3813; x_wconf 87' lang='lat' dir='ltr'><strong>p.</strong></span> <span class='ocrx_word' id='word_1_680' title='bbox 3202 3741 3353 3814; x_wconf 71' lang='grc'><strong>441).</strong></span> <span class='ocrx_word' id='word_1_681' title='bbox 3374 3741 3698 3802; x_wconf 87' lang='lat' dir='ltr'><strong>Prudentius</strong></span> <span class='ocrx_word' id='word_1_682' title='bbox 3723 3746 3866 3805; x_wconf 79' lang='lat' dir='ltr'><strong>enim</strong></span> 
     </span>
    </p>
   </div>
   <div class='ocr_carea' id='block_1_92' title="bbox 2274 3836 2544 3893">
    <p class='ocr_par' dir='ltr' id='par_1_92' title="bbox 2274 3836 2544 3893">
     <span class='ocr_line' id='line_1_92' title="bbox 2274 3836 2544 3893; baseline 0.004 -1"><span class='ocrx_word' id='word_1_683' title='bbox 2274 3836 2544 3893; x_wconf 86' lang='lat' dir='ltr'><strong>canebat:</strong></span> 
     </span>
    </p>
   </div>
   <div class='ocr_carea' id='block_1_93' title="bbox 2459 3951 3358 4016">
    <p class='ocr_par' dir='ltr' id='par_1_93' title="bbox 2459 3951 3358 4016">
     <span class='ocr_line' id='line_1_93' title="bbox 2459 3951 3358 4016; baseline 0.003 -15"><span class='ocrx_word' id='word_1_684' title='bbox 2459 3951 2695 4016; x_wconf 82' lang='lat' dir='ltr'><strong>Incensus</strong></span> <span class='ocrx_word' id='word_1_685' title='bbox 2711 3951 2789 4002; x_wconf 87' lang='lat' dir='ltr'><strong>bis</strong></span> <span class='ocrx_word' id='word_1_686' title='bbox 2811 3951 3128 4016; x_wconf 81' lang='lat' dir='ltr'><strong>Asclepiades</strong></span> <span class='ocrx_word' id='word_1_687' title='bbox 3144 3952 3358 4016; x_wconf 80' lang='lat' dir='ltr'><strong>jusserat</strong></span> 
     </span>
    </p>
   </div>
   <div class='ocr_carea' id='block_1_94' title="bbox 2461 4015 3513 4079">
    <p class='ocr_par' dir='ltr' id='par_1_94' title="bbox 2461 4015 3513 4079">
     <span class='ocr_line' id='line_1_94' title="bbox 2461 4015 3513 4079; baseline 0.002 -14"><span class='ocrx_word' id='word_1_688' title='bbox 2461 4015 2842 4079; x_wconf 63' lang='lat' dir='ltr'><strong>Eviseeraudum</strong></span> <span class='ocrx_word' id='word_1_689' title='bbox 2858 4028 3054 4079; x_wconf 90' lang='lat' dir='ltr'><strong>corpus,</strong></span> <span class='ocrx_word' id='word_1_690' title='bbox 3079 4015 3294 4079; x_wconf 88' lang='lat' dir='ltr'><strong>equuleo</strong></span> <span class='ocrx_word' id='word_1_691' title='bbox 3321 4017 3513 4067; x_wconf 81' lang='lat' dir='ltr'><strong>eminus</strong></span> 
     </span>
    </p>
   </div>
   <div class='ocr_carea' id='block_1_95' title="bbox 2457 4077 3530 4143">
    <p class='ocr_par' dir='ltr' id='par_1_95' title="bbox 2457 4077 3530 4143">
     <span class='ocr_line' id='line_1_95' title="bbox 2457 4077 3530 4143; baseline 0 -15"><span class='ocrx_word' id='word_1_692' title='bbox 2457 4077 2708 4143; x_wconf 87' lang='lat' dir='ltr'><strong>Pendere,</strong></span> <span class='ocrx_word' id='word_1_693' title='bbox 2736 4088 2789 4129; x_wconf 90' lang='lat' dir='ltr'><strong>et</strong></span> <span class='ocrx_word' id='word_1_694' title='bbox 2808 4077 3257 4143; x_wconf 46' lang='lat' dir='ltr'><strong>uucis‘uugulisque</strong></span> <span class='ocrx_word' id='word_1_695' title='bbox 3281 4091 3530 4130; x_wconf 85' lang='lat' dir='ltr'><strong>crescere.</strong></span> 
     </span>
    </p>
   </div>
   <div class='ocr_carea' id='block_1_96' title="bbox 2519 4162 3712 4230">
    <p class='ocr_par' dir='ltr' id='par_1_96' title="bbox 2519 4162 3712 4230">
     <span class='ocr_line' id='line_1_96' title="bbox 2519 4162 3712 4230; baseline 0.001 -16"><span class='ocrx_word' id='word_1_696' title='bbox 2519 4162 2784 4227; x_wconf 82' lang='lat' dir='ltr'><strong>(Prudent.</strong></span> <span class='ocrx_word' id='word_1_697' title='bbox 2811 4164 2874 4215; x_wconf 86' lang='lat' dir='ltr'><strong>de</strong></span> <span class='ocrx_word' id='word_1_698' title='bbox 2895 4172 3063 4216; x_wconf 85' lang='lat' dir='ltr'><strong>sancto</strong></span> <span class='ocrx_word' id='word_1_699' title='bbox 3079 4167 3273 4216; x_wconf 80' lang='lat' dir='ltr'><strong>Romtm.</strong></span> <span class='ocrx_word' id='word_1_700' title='bbox 3290 4176 3336 4213; x_wconf 90' lang='lat' dir='ltr'><strong>v.</strong></span> <span class='ocrx_word' id='word_1_701' title='bbox 3366 4162 3452 4213; x_wconf 88' lang='grc'><strong>107</strong></span> <span class='ocrx_word' id='word_1_702' title='bbox 3479 4168 3523 4215; x_wconf 84' lang='lat' dir='ltr'><strong>et</strong></span> <span class='ocrx_word' id='word_1_703' title='bbox 3546 4166 3712 4230; x_wconf 83' lang='lat' dir='ltr'><strong>seqq.)</strong></span> 
     </span>
    </p>
   </div>
   <div class='ocr_carea' id='block_1_97' title="bbox 2342 4294 3863 4369">
    <p class='ocr_par' dir='ltr' id='par_1_97' title="bbox 2342 4294 3863 4369">
     <span class='ocr_line' id='line_1_97' title="bbox 2342 4294 3863 4369; baseline 0.003 -17"><span class='ocrx_word' id='word_1_704' title='bbox 2342 4296 2690 4368; x_wconf 88' lang='lat' dir='ltr'><strong>Prosequitur</strong></span> <span class='ocrx_word' id='word_1_705' title='bbox 2740 4296 3101 4353; x_wconf 89' lang='lat' dir='ltr'><strong>Tertullianus</strong></span> <span class='ocrx_word' id='word_1_706' title='bbox 3144 4294 3271 4353; x_wconf 80' lang='lat' dir='ltr'><strong>:Ad</strong></span> <span class='ocrx_word' id='word_1_707' title='bbox 3299 4294 3481 4351; x_wconf 79' lang='lat' dir='ltr'><strong>bestias</strong></span> <span class='ocrx_word' id='word_1_708' title='bbox 3526 4296 3863 4369; x_wconf 84' lang='lat' dir='ltr'><strong>impellimur,</strong></span> 
     </span>
    </p>
   </div>
   <div class='ocr_carea' id='block_1_98' title="bbox 2268 4390 3866 4463">
    <p class='ocr_par' dir='ltr' id='par_1_98' title="bbox 2268 4390 3866 4463">
     <span class='ocr_line' id='line_1_98' title="bbox 2268 4390 3866 4463; baseline 0.001 -16"><span class='ocrx_word' id='word_1_709' title='bbox 2268 4391 2383 4448; x_wconf 89' lang='lat' dir='ltr'><strong>sive</strong></span> <span class='ocrx_word' id='word_1_710' title='bbox 2413 4392 2498 4459; x_wconf 91' lang='lat' dir='ltr'><strong>iis,</strong></span> <span class='ocrx_word' id='word_1_711' title='bbox 2532 4407 2651 4463; x_wconf 70' lang='lat' dir='ltr'><strong>qua:</strong></span> <span class='ocrx_word' id='word_1_712' title='bbox 2676 4405 2776 4447; x_wconf 93' lang='lat' dir='ltr'><strong>nos</strong></span> <span class='ocrx_word' id='word_1_713' title='bbox 2805 4391 3087 4460; x_wconf 89' lang='lat' dir='ltr'><strong>devorent,</strong></span> <span class='ocrx_word' id='word_1_714' title='bbox 3123 4391 3176 4446; x_wconf 91' lang='lat' dir='ltr'><strong>in</strong></span> <span class='ocrx_word' id='word_1_715' title='bbox 3207 4390 3415 4446; x_wconf 85' lang='lat' dir='ltr'><strong>theatro</strong></span> <span class='ocrx_word' id='word_1_716' title='bbox 3443 4390 3727 4461; x_wconf 80' lang='lat' dir='ltr'><strong>objicimur</strong></span> <span class='ocrx_word' id='word_1_717' title='bbox 3758 4413 3773 4448; x_wconf 90' lang='lat'><strong>:</strong></span> <span class='ocrx_word' id='word_1_718' title='bbox 3814 4392 3866 4449; x_wconf 87' lang='lat' dir='ltr'><strong>in</strong></span> 
     </span>
    </p>
   </div>
   <div class='ocr_carea' id='block_1_99' title="bbox 2267 4482 3862 4558">
    <p class='ocr_par' dir='ltr' id='par_1_99' title="bbox 2267 4482 3862 4558">
     <span class='ocr_line' id='line_1_99' title="bbox 2267 4482 3862 4558; baseline 0.001 -19"><span class='ocrx_word' id='word_1_719' title='bbox 2267 4500 2368 4541; x_wconf 86' lang='lat' dir='ltr'><strong>nos</strong></span> <span class='ocrx_word' id='word_1_720' title='bbox 2392 4485 2583 4551; x_wconf 76' lang='lat' dir='ltr'><strong>bestite,</strong></span> <span class='ocrx_word' id='word_1_721' title='bbox 2615 4485 2750 4540; x_wconf 89' lang='lat' dir='ltr'><strong>sicut</strong></span> <span class='ocrx_word' id='word_1_722' title='bbox 2790 4495 2974 4555; x_wconf 88' lang='lat' dir='ltr'><strong>postea</strong></span> <span class='ocrx_word' id='word_1_723' title='bbox 3013 4484 3315 4555; x_wconf 88' lang='lat' dir='ltr'><strong>descripsit,</strong></span> <span class='ocrx_word' id='word_1_724' title='bbox 3358 4483 3591 4538; x_wconf 89' lang='lat' dir='ltr'><strong>insiliunt</strong></span> <span class='ocrx_word' id='word_1_725' title='bbox 3622 4482 3862 4558; x_wconf 75' lang='lat' dir='ltr'><strong>(Ter-tul.</strong></span> 
     </span>
    </p>
   </div>
   <div class='ocr_carea' id='block_1_100' title="bbox 2267 4573 3860 4651">
    <p class='ocr_par' dir='ltr' id='par_1_100' title="bbox 2267 4573 3860 4651">
     <span class='ocr_line' id='line_1_100' title="bbox 2267 4573 3860 4651; baseline -0.001 -20"><span class='ocrx_word' id='word_1_726' title='bbox 2267 4577 2557 4650; x_wconf 77' lang='lat' dir='ltr'><strong>Apologet.,</strong></span> <span class='ocrx_word' id='word_1_727' title='bbox 2586 4593 2702 4649; x_wconf 88' lang='lat' dir='ltr'><strong>cap.</strong></span> <span class='ocrx_word' id='word_1_728' title='bbox 2731 4573 2821 4643; x_wconf 70' lang='grc'><strong>12,</strong></span> <span class='ocrx_word' id='word_1_729' title='bbox 2842 4594 2961 4651; x_wconf 83' lang='lat' dir='ltr'><strong>pag.</strong></span> <span class='ocrx_word' id='word_1_730' title='bbox 2988 4577 3086 4633; x_wconf 73' lang='grc'><strong>541</strong></span> <span class='ocrx_word' id='word_1_731' title='bbox 3115 4593 3130 4643; x_wconf 88' lang='grc'>;</span> <span class='ocrx_word' id='word_1_732' title='bbox 3170 4575 3320 4641; x_wconf 89' lang='lat' dir='ltr'><strong>ibid.,</strong></span> <span class='ocrx_word' id='word_1_733' title='bbox 3349 4592 3466 4647; x_wconf 90' lang='lat' dir='ltr'><strong>cap.</strong></span> <span class='ocrx_word' id='word_1_734' title='bbox 3490 4576 3578 4641; x_wconf 77' lang='lat'><strong>50,</strong></span> <span class='ocrx_word' id='word_1_735' title='bbox 3610 4596 3664 4650; x_wconf 88' lang='lat' dir='ltr'><strong>p.</strong></span> <span class='ocrx_word' id='word_1_736' title='bbox 3690 4577 3801 4633; x_wconf 71' lang='grc'><strong>445</strong></span> <span class='ocrx_word' id='word_1_737' title='bbox 3821 4574 3860 4649; x_wconf 92' lang='grc'><strong>).</strong></span> 
     </span>
    </p>
   </div>
   <div class='ocr_carea' id='block_1_101' title="bbox 2185 4667 3861 4745">
    <p class='ocr_par' dir='ltr' id='par_1_101' title="bbox 2185 4667 3861 4745">
     <span class='ocr_line' id='line_1_101' title="bbox 2185 4667 3861 4745; baseline -0.003 -16"><span class='ocrx_word' id='word_1_738' title='bbox 2185 4683 2239 4744; x_wconf 80' lang='lat'><strong>1)</strong></span> <span class='ocrx_word' id='word_1_739' title='bbox 2266 4674 2435 4743; x_wconf 84' lang='lat' dir='ltr'><strong>Quam</strong></span> <span class='ocrx_word' id='word_1_740' title='bbox 2465 4673 2719 4745; x_wconf 74' lang='lat' dir='ltr'><strong>frequens</strong></span> <span class='ocrx_word' id='word_1_741' title='bbox 2744 4682 2923 4728; x_wconf 86' lang='lat' dir='ltr'><strong>autem</strong></span> <span class='ocrx_word' id='word_1_742' title='bbox 2948 4670 3106 4726; x_wconf 87' lang='lat' dir='ltr'><strong>fuerit</strong></span> <span class='ocrx_word' id='word_1_743' title='bbox 3136 4669 3265 4725; x_wconf 90' lang='lat' dir='ltr'><strong>illud</strong></span> <span class='ocrx_word' id='word_1_744' title='bbox 3282 4667 3708 4726; x_wconf 89' lang='lat' dir='ltr'><strong>Christianorum</strong></span> <span class='ocrx_word' id='word_1_745' title='bbox 3732 4684 3861 4740; x_wconf 80' lang='lat' dir='ltr'><strong>sup-</strong></span> 
     </span>
    </p>
   </div>
   <div class='ocr_carea' id='block_1_102' title="bbox 2266 4761 3861 4838">
    <p class='ocr_par' dir='ltr' id='par_1_102' title="bbox 2266 4761 3861 4838">
     <span class='ocr_line' id='line_1_102' title="bbox 2266 4761 3861 4838; baseline -0.003 -15"><span class='ocrx_word' id='word_1_746' title='bbox 2266 4768 2483 4838; x_wconf 91' lang='lat' dir='ltr'><strong>plicium</strong></span> <span class='ocrx_word' id='word_1_747' title='bbox 2528 4766 2654 4822; x_wconf 91' lang='lat' dir='ltr'><strong>inde</strong></span> <span class='ocrx_word' id='word_1_748' title='bbox 2695 4765 2937 4837; x_wconf 86' lang='lat' dir='ltr'><strong>colligas,</strong></span> <span class='ocrx_word' id='word_1_749' title='bbox 2983 4762 3125 4834; x_wconf 88' lang='lat' dir='ltr'><strong>quod</strong></span> <span class='ocrx_word' id='word_1_750' title='bbox 3172 4764 3221 4817; x_wconf 87' lang='lat' dir='ltr'><strong>in</strong></span> <span class='ocrx_word' id='word_1_751' title='bbox 3273 4763 3417 4817; x_wconf 88' lang='lat' dir='ltr'><strong>omni</strong></span> <span class='ocrx_word' id='word_1_752' title='bbox 3463 4762 3669 4832; x_wconf 87' lang='lat' dir='ltr'><strong>publica</strong></span> <span class='ocrx_word' id='word_1_753' title='bbox 3707 4761 3861 4818; x_wconf 84' lang='lat' dir='ltr'><strong>clade</strong></span> 
     </span>
    </p>
   </div>
   <div class='ocr_carea' id='block_1_103' title="bbox 2264 4857 3861 4933">
    <p class='ocr_par' dir='ltr' id='par_1_103' title="bbox 2264 4857 3861 4933">
     <span class='ocr_line' id='line_1_103' title="bbox 2264 4857 3861 4933; baseline -0.004 -16"><span class='ocrx_word' id='word_1_754' title='bbox 2264 4862 2444 4917; x_wconf 85' lang='lat' dir='ltr'><strong>statim</strong></span> <span class='ocrx_word' id='word_1_755' title='bbox 2468 4862 2719 4933; x_wconf 88' lang='lat' dir='ltr'><strong>gentiles,</strong></span> <span class='ocrx_word' id='word_1_756' title='bbox 2748 4861 2885 4916; x_wconf 91' lang='lat' dir='ltr'><strong>sicut</strong></span> <span class='ocrx_word' id='word_1_757' title='bbox 2908 4858 3082 4915; x_wconf 85' lang='lat' dir='ltr'><strong>adhuc</strong></span> <span class='ocrx_word' id='word_1_758' title='bbox 3109 4858 3200 4913; x_wconf 89' lang='lat' dir='ltr'><strong>ille</strong></span> <span class='ocrx_word' id='word_1_759' title='bbox 3231 4857 3635 4923; x_wconf 88' lang='lat' dir='ltr'><strong>testificabatur,</strong></span> <span class='ocrx_word' id='word_1_760' title='bbox 3661 4857 3861 4913; x_wconf 87' lang='lat' dir='ltr'><strong>clama-</strong></span> 
     </span>
    </p>
   </div>
   <div class='ocr_carea' id='block_1_104' title="bbox 2263 4950 3856 5025">
    <p class='ocr_par' dir='ltr' id='par_1_104' title="bbox 2263 4950 3856 5025">
     <span class='ocr_line' id='line_1_104' title="bbox 2263 4950 3856 5025; baseline -0.005 -12"><span class='ocrx_word' id='word_1_761' title='bbox 2263 4957 2410 5024; x_wconf 87' lang='lat' dir='ltr'><strong>bant,</strong></span> <span class='ocrx_word' id='word_1_762' title='bbox 2443 4957 2759 5012; x_wconf 79' lang='lat' dir='ltr'><strong>Cltristianos</strong></span> <span class='ocrx_word' id='word_1_763' title='bbox 2794 4955 2863 5008; x_wconf 90' lang='lat' dir='ltr'><strong>ad</strong></span> <span class='ocrx_word' id='word_1_764' title='bbox 2892 4954 3084 5008; x_wconf 86' lang='lat' dir='ltr'><strong>leonem</strong></span> <span class='ocrx_word' id='word_1_765' title='bbox 3107 4950 3296 5019; x_wconf 87' lang='lat' dir='ltr'><strong>(Ibid.,</strong></span> <span class='ocrx_word' id='word_1_766' title='bbox 3328 4966 3443 5024; x_wconf 88' lang='lat' dir='ltr'><strong>cap.</strong></span> <span class='ocrx_word' id='word_1_767' title='bbox 3473 4951 3578 5018; x_wconf 73' lang='grc'><strong>40,</strong></span> <span class='ocrx_word' id='word_1_768' title='bbox 3608 4971 3661 5025; x_wconf 84' lang='grc' dir='ltr'><strong>ρ.</strong></span> <span class='ocrx_word' id='word_1_769' title='bbox 3690 4952 3801 5010; x_wconf 72' lang='grc'><strong>479</strong></span> <span class='ocrx_word' id='word_1_770' title='bbox 3818 4950 3856 5023; x_wconf 88' lang='grc'><strong>).</strong></span> 
     </span>
    </p>
   </div>
   <div class='ocr_carea' id='block_1_105' title="bbox 2262 5043 3856 5112">
    <p class='ocr_par' dir='ltr' id='par_1_105' title="bbox 2262 5043 3856 5112">
     <span class='ocr_line' id='line_1_105' title="bbox 2262 5043 3856 5112; baseline -0.004 -6"><span class='ocrx_word' id='word_1_771' title='bbox 2262 5049 2383 5106; x_wconf 88' lang='lat' dir='ltr'><strong>Alio</strong></span> <span class='ocrx_word' id='word_1_772' title='bbox 2411 5060 2590 5105; x_wconf 90' lang='lat' dir='ltr'><strong>autem</strong></span> <span class='ocrx_word' id='word_1_773' title='bbox 2620 5052 2673 5103; x_wconf 91' lang='lat' dir='ltr'><strong>in</strong></span> <span class='ocrx_word' id='word_1_774' title='bbox 2705 5047 2870 5112; x_wconf 90' lang='lat' dir='ltr'><strong>libro,</strong></span> <span class='ocrx_word' id='word_1_775' title='bbox 2902 5045 2989 5101; x_wconf 90' lang='lat' dir='ltr'><strong>ubi</strong></span> <span class='ocrx_word' id='word_1_776' title='bbox 3029 5043 3368 5100; x_wconf 89' lang='lat' dir='ltr'><strong>ethnicorum</strong></span> <span class='ocrx_word' id='word_1_777' title='bbox 3405 5055 3700 5101; x_wconf 87' lang='lat' dir='ltr'><strong>conventus</strong></span> <span class='ocrx_word' id='word_1_778' title='bbox 3727 5057 3856 5100; x_wconf 85' lang='lat' dir='ltr'><strong>exa-</strong></span> 
     </span>
    </p>
   </div>
   <div class='ocr_carea' id='block_1_106' title="bbox 2261 5136 3857 5214">
    <p class='ocr_par' dir='ltr' id='par_1_106' title="bbox 2261 5136 3857 5214">
     <span class='ocr_line' id='line_1_106' title="bbox 2261 5136 3857 5214; baseline -0.005 -15"><span class='ocrx_word' id='word_1_779' title='bbox 2261 5144 2393 5214; x_wconf 86' lang='lat' dir='ltr'><strong>gitat</strong></span> <span class='ocrx_word' id='word_1_780' title='bbox 2438 5154 2493 5200; x_wconf 89' lang='lat' dir='ltr'><strong>et</strong></span> <span class='ocrx_word' id='word_1_781' title='bbox 2522 5142 2842 5198; x_wconf 89' lang='lat' dir='ltr'><strong>condemnat</strong></span> <span class='ocrx_word' id='word_1_782' title='bbox 2871 5156 2885 5194; x_wconf 90' lang='lat'><strong>:</strong></span> <span class='ocrx_word' id='word_1_783' title='bbox 2917 5136 3057 5203; x_wconf 91' lang='lat' dir='ltr'><strong>Illic,</strong></span> <span class='ocrx_word' id='word_1_784' title='bbox 3091 5136 3297 5209; x_wconf 89' lang='lat' dir='ltr'><strong>inquit,</strong></span> <span class='ocrx_word' id='word_1_785' title='bbox 3342 5138 3397 5193; x_wconf 86' lang='lat' dir='ltr'><strong>in</strong></span> <span class='ocrx_word' id='word_1_786' title='bbox 3444 5155 3536 5193; x_wconf 89' lang='lat' dir='ltr'><strong>nos</strong></span> <span class='ocrx_word' id='word_1_787' title='bbox 3578 5136 3857 5209; x_wconf 83' lang='lat' dir='ltr'><strong>quotidiani</strong></span> 
     </span>
    </p>
   </div>
   <div class='ocr_carea' id='block_1_107' title="bbox 2260 5228 3855 5312">
    <p class='ocr_par' dir='ltr' id='par_1_107' title="bbox 2260 5228 3855 5312">
     <span class='ocr_line' id='line_1_107' title="bbox 2260 5228 3855 5312; baseline -0.004 -19"><span class='ocrx_word' id='word_1_788' title='bbox 2260 5239 2427 5293; x_wconf 86' lang='lat' dir='ltr'><strong>leones</strong></span> <span class='ocrx_word' id='word_1_789' title='bbox 2454 5228 2841 5312; x_wconf 72' lang='lat' dir='ltr'><strong>expostulantur</strong></span> <span class='ocrx_word' id='word_1_790' title='bbox 2870 5230 3076 5303; x_wconf 90' lang='lat' dir='ltr'><strong>(Idem,</strong></span> <span class='ocrx_word' id='word_1_791' title='bbox 3102 5232 3191 5288; x_wconf 91' lang='lat' dir='ltr'><strong>lib.</strong></span> <span class='ocrx_word' id='word_1_792' title='bbox 3232 5232 3296 5287; x_wconf 91' lang='lat' dir='ltr'><strong>de</strong></span> <span class='ocrx_word' id='word_1_793' title='bbox 3316 5231 3577 5305; x_wconf 86' lang='lat' dir='ltr'><strong>Spectac.,</strong></span> <span class='ocrx_word' id='word_1_794' title='bbox 3599 5250 3718 5307; x_wconf 84' lang='lat' dir='ltr'><strong>cap.</strong></span> <span class='ocrx_word' id='word_1_795' title='bbox 3742 5230 3855 5306; x_wconf 77' lang='lat'><strong>27).</strong></span> 
     </span>
    </p>
   </div>
   <div class='ocr_carea' id='block_1_108' title="bbox 2260 5324 3854 5400">
    <p class='ocr_par' dir='ltr' id='par_1_108' title="bbox 2260 5324 3854 5400">
     <span class='ocr_line' id='line_1_108' title="bbox 2260 5324 3854 5400; baseline -0.001 -16"><span class='ocrx_word' id='word_1_796' title='bbox 2260 5328 2465 5385; x_wconf 80' lang='lat' dir='ltr'><strong>llursus</strong></span> <span class='ocrx_word' id='word_1_797' title='bbox 2519 5327 2644 5384; x_wconf 90' lang='lat' dir='ltr'><strong>alibi</strong></span> <span class='ocrx_word' id='word_1_798' title='bbox 2711 5334 2985 5381; x_wconf 88' lang='lat' dir='ltr'><strong>asseverat</strong></span> <span class='ocrx_word' id='word_1_799' title='bbox 3029 5324 3230 5381; x_wconf 89' lang='lat' dir='ltr'><strong>Christi</strong></span> <span class='ocrx_word' id='word_1_800' title='bbox 3294 5326 3478 5383; x_wconf 91' lang='lat' dir='ltr'><strong>hostes</strong></span> <span class='ocrx_word' id='word_1_801' title='bbox 3539 5326 3640 5383; x_wconf 87' lang='lat' dir='ltr'><strong>sub</strong></span> <span class='ocrx_word' id='word_1_802' title='bbox 3706 5326 3854 5400; x_wconf 49' lang='lat' dir='ltr'><strong>pedi‘</strong></span> 
     </span>
    </p>
   </div>
   <div class='ocr_carea' id='block_1_109' title="bbox 2259 5419 3854 5494">
    <p class='ocr_par' dir='ltr' id='par_1_109' title="bbox 2259 5419 3854 5494">
     <span class='ocr_line' id='line_1_109' title="bbox 2259 5419 3854 5494; baseline -0.002 -16"><span class='ocrx_word' id='word_1_803' title='bbox 2259 5421 2357 5478; x_wconf 89' lang='lat' dir='ltr'><strong>bus</strong></span> <span class='ocrx_word' id='word_1_804' title='bbox 2403 5423 2519 5493; x_wconf 89' lang='lat' dir='ltr'><strong>ejus</strong></span> <span class='ocrx_word' id='word_1_805' title='bbox 2555 5422 2664 5491; x_wconf 85' lang='lat' dir='ltr'><strong>jam</strong></span> <span class='ocrx_word' id='word_1_806' title='bbox 2720 5432 2838 5475; x_wconf 88' lang='lat' dir='ltr'><strong>esse</strong></span> <span class='ocrx_word' id='word_1_807' title='bbox 2876 5419 3217 5489; x_wconf 76' lang='lat' dir='ltr'><strong>constitutus,</strong></span> <span class='ocrx_word' id='word_1_808' title='bbox 3250 5422 3395 5476; x_wconf 92' lang='lat' dir='ltr'><strong>omni</strong></span> <span class='ocrx_word' id='word_1_809' title='bbox 3436 5419 3609 5476; x_wconf 91' lang='lat' dir='ltr'><strong>adhuc</strong></span> <span class='ocrx_word' id='word_1_810' title='bbox 3637 5421 3854 5494; x_wconf 88' lang='lat' dir='ltr'><strong>papula-</strong></span> 
     </span>
    </p>
   </div>
   <div class='ocr_carea' id='block_1_110' title="bbox 2255 5511 3853 5585">
    <p class='ocr_par' dir='ltr' id='par_1_110' title="bbox 2255 5511 3853 5585">
     <span class='ocr_line' id='line_1_110' title="bbox 2255 5511 3853 5585; baseline -0.001 -16"><span class='ocrx_word' id='word_1_811' title='bbox 2255 5516 2386 5570; x_wconf 90' lang='lat' dir='ltr'><strong>rium</strong></span> <span class='ocrx_word' id='word_1_812' title='bbox 2405 5525 2533 5571; x_wconf 76' lang='lat' dir='ltr'><strong>cmtu</strong></span> <span class='ocrx_word' id='word_1_813' title='bbox 2551 5515 2804 5569; x_wconf 88' lang='lat' dir='ltr'><strong>clamante</strong></span> <span class='ocrx_word' id='word_1_814' title='bbox 2827 5511 3140 5569; x_wconf 88' lang='lat' dir='ltr'><strong>Christianos</strong></span> <span class='ocrx_word' id='word_1_815' title='bbox 3162 5514 3230 5568; x_wconf 92' lang='lat' dir='ltr'><strong>ad</strong></span> <span class='ocrx_word' id='word_1_816' title='bbox 3255 5512 3446 5569; x_wconf 85' lang='lat' dir='ltr'><strong>leonem</strong></span> <span class='ocrx_word' id='word_1_817' title='bbox 3466 5511 3655 5585; x_wconf 89' lang='lat' dir='ltr'><strong>(Idem,</strong></span> <span class='ocrx_word' id='word_1_818' title='bbox 3680 5513 3773 5569; x_wconf 87' lang='lat' dir='ltr'><strong>lib.</strong></span> <span class='ocrx_word' id='word_1_819' title='bbox 3795 5512 3853 5568; x_wconf 83' lang='lat' dir='ltr'><strong>de</strong></span> 
     </span>
    </p>
   </div>
   <div class='ocr_carea' id='block_1_111' title="bbox 2256 5605 3851 5680">
    <p class='ocr_par' dir='ltr' id='par_1_111' title="bbox 2256 5605 3851 5680">
     <span class='ocr_line' id='line_1_111' title="bbox 2256 5605 3851 5680; baseline -0.001 -16"><span class='ocrx_word' id='word_1_820' title='bbox 2256 5609 2544 5667; x_wconf 84' lang='lat' dir='ltr'><strong>Resurrect.</strong></span> <span class='ocrx_word' id='word_1_821' title='bbox 2605 5622 2775 5673; x_wconf 88' lang='lat' dir='ltr'><strong>carn.,</strong></span> <span class='ocrx_word' id='word_1_822' title='bbox 2819 5622 2934 5680; x_wconf 90' lang='lat' dir='ltr'><strong>cap.</strong></span> <span class='ocrx_word' id='word_1_823' title='bbox 2977 5605 3053 5662; x_wconf 71' lang='lat'><strong>22</strong></span> <span class='ocrx_word' id='word_1_824' title='bbox 3078 5606 3123 5679; x_wconf 93' lang='lat'><strong>).</strong></span> <span class='ocrx_word' id='word_1_825' title='bbox 3167 5605 3303 5674; x_wconf 87' lang='lat' dir='ltr'><strong>Quid</strong></span> <span class='ocrx_word' id='word_1_826' title='bbox 3345 5606 3545 5678; x_wconf 80' lang='lat' dir='ltr'><strong>plura?</strong></span> <span class='ocrx_word' id='word_1_827' title='bbox 3582 5605 3851 5663; x_wconf 86' lang='lat' dir='ltr'><strong>Castitatis</strong></span> 
     </span>
    </p>
   </div>
   <div class='ocr_carea' id='block_1_112' title="bbox 2255 5690 3849 5771">
    <p class='ocr_par' dir='ltr' id='par_1_112' title="bbox 2255 5690 3849 5771">
     <span class='ocr_line' id='line_1_112' title="bbox 2255 5690 3849 5771; baseline -0.003 -12"><span class='ocrx_word' id='word_1_828' title='bbox 2255 5702 2501 5759; x_wconf 86' lang='lat' dir='ltr'><strong>osoribus</strong></span> <span class='ocrx_word' id='word_1_829' title='bbox 2529 5700 2807 5758; x_wconf 88' lang='lat' dir='ltr'><strong>denuntiat</strong></span> <span class='ocrx_word' id='word_1_830' title='bbox 2833 5702 3123 5759; x_wconf 88' lang='lat' dir='ltr'><strong>timendum</strong></span> <span class='ocrx_word' id='word_1_831' title='bbox 3150 5717 3256 5757; x_wconf 91' lang='lat' dir='ltr'><strong>non</strong></span> <span class='ocrx_word' id='word_1_832' title='bbox 3283 5716 3405 5758; x_wconf 87' lang='lat' dir='ltr'><strong>esse</strong></span> <span class='ocrx_word' id='word_1_833' title='bbox 3428 5718 3491 5758; x_wconf 89' lang='lat' dir='ltr'><strong>ne</strong></span> <span class='ocrx_word' id='word_1_834' title='bbox 3515 5718 3617 5757; x_wconf 87' lang='lat' dir='ltr'><strong>non</strong></span> <span class='ocrx_word' id='word_1_835' title='bbox 3641 5703 3745 5758; x_wconf 86' lang='lat' dir='ltr'><strong>sint</strong></span> <span class='ocrx_word' id='word_1_836' title='bbox 3764 5690 3849 5771; x_wconf 77' lang='lat' dir='ltr'><strong>qui</strong></span> 
     </span>
    </p>
   </div>
   <div class='ocr_carea' id='block_1_113' title="bbox 555 5789 3842 5876">
    <p class='ocr_par' dir='ltr' id='par_1_113' title="bbox 555 5789 3842 5876">
     <span class='ocr_line' id='line_1_113' title="bbox 555 5789 3842 5876; baseline -0.002 -16"><span class='ocrx_word' id='word_1_837' title='bbox 555 5801 829 5860; x_wconf 90' lang='lat' dir='ltr'><strong>fortitudo.</strong></span> <span class='ocrx_word' id='word_1_838' title='bbox 857 5804 1066 5876; x_wconf 86' lang='lat' dir='ltr'><strong>Quanto</strong></span> <span class='ocrx_word' id='word_1_839' title='bbox 1091 5805 1235 5861; x_wconf 90' lang='lat' dir='ltr'><strong>enim</strong></span> <span class='ocrx_word' id='word_1_840' title='bbox 1264 5803 1451 5873; x_wconf 82' lang='lat' dir='ltr'><strong>majori</strong></span> <span class='ocrx_word' id='word_1_841' title='bbox 1481 5803 1709 5859; x_wconf 89' lang='lat' dir='ltr'><strong>ethnicis</strong></span> <span class='ocrx_word' id='word_1_842' title='bbox 1735 5792 1804 5859; x_wconf 84' lang='lat' dir='ltr'><strong>ob</strong></span> <span class='ocrx_word' id='word_1_843' title='bbox 1831 5814 2041 5875; x_wconf 88' lang='lat' dir='ltr'><strong>spretas</strong></span> <span class='ocrx_word' id='word_1_844' title='bbox 2066 5800 2147 5855; x_wconf 83' lang='lat' dir='ltr'><strong>la-</strong></span> <span class='ocrx_word' id='word_1_845' title='bbox 2252 5795 2552 5866; x_wconf 87' lang='lat' dir='ltr'><strong>acclament,</strong></span> <span class='ocrx_word' id='word_1_846' title='bbox 2583 5795 2893 5852; x_wconf 84' lang='lat' dir='ltr'><strong>Christianos</strong></span> <span class='ocrx_word' id='word_1_847' title='bbox 2918 5797 2987 5852; x_wconf 91' lang='lat' dir='ltr'><strong>ad</strong></span> <span class='ocrx_word' id='word_1_848' title='bbox 3024 5798 3217 5853; x_wconf 84' lang='lat' dir='ltr'><strong>leonem</strong></span> <span class='ocrx_word' id='word_1_849' title='bbox 3255 5795 3277 5869; x_wconf 92' lang='lat'><strong>(</strong></span> <span class='ocrx_word' id='word_1_850' title='bbox 3306 5794 3474 5863; x_wconf 65' lang='lat' dir='ltr'><strong>Idem‘,</strong></span> <span class='ocrx_word' id='word_1_851' title='bbox 3515 5793 3735 5851; x_wconf 68' lang='lat' dir='ltr'><strong>Exhort.</strong></span> <span class='ocrx_word' id='word_1_852' title='bbox 3772 5789 3842 5853; x_wconf 68' lang='lat' dir='ltr'><strong>ad</strong></span> 
     </span>
    </p>
   </div>
   <div class='ocr_carea' id='block_1_114' title="bbox 554 5892 2197 5970">
    <p class='ocr_par' dir='ltr' id='par_1_114' title="bbox 554 5892 2197 5970">
     <span class='ocr_line' id='line_1_114' title="bbox 554 5892 2197 5970; baseline -0.001 -16"><span class='ocrx_word' id='word_1_853' title='bbox 554 5892 949 5970; x_wconf 86' lang='lat' dir='ltr'><strong>befactatasque</strong></span> <span class='ocrx_word' id='word_1_854' title='bbox 975 5913 1159 5958; x_wconf 87' lang='lat' dir='ltr'><strong>eorum</strong></span> <span class='ocrx_word' id='word_1_855' title='bbox 1189 5894 1477 5970; x_wconf 82' lang='lat' dir='ltr'><strong>religiones</strong></span> <span class='ocrx_word' id='word_1_856' title='bbox 1503 5897 1627 5955; x_wconf 91' lang='lat' dir='ltr'><strong>odio</strong></span> <span class='ocrx_word' id='word_1_857' title='bbox 1657 5905 1832 5968; x_wconf 87' lang='lat' dir='ltr'><strong>erant,</strong></span> <span class='ocrx_word' id='word_1_858' title='bbox 1864 5904 2013 5954; x_wconf 90' lang='lat' dir='ltr'><strong>tanto</strong></span> <span class='ocrx_word' id='word_1_859' title='bbox 2032 5906 2150 5953; x_wconf 80' lang='lat' dir='ltr'><strong>crtt-</strong></span> <span class='ocrx_word' id='word_1_860' title='bbox 2178 5918 2197 5935; x_wconf 58' lang='grc' dir='ltr'><strong><em>κ</em></strong></span> 
     </span>
    </p>
   </div>
   <div class='ocr_carea' id='block_1_115' title="bbox 2255 5887 3854 5966">
    <p class='ocr_par' dir='ltr' id='par_1_115' title="bbox 2255 5887 3854 5966">
     <span class='ocr_line' id='line_1_115' title="bbox 2255 5887 3854 5966; baseline -0.001 -16"><span class='ocrx_word' id='word_1_861' title='bbox 2255 5899 2408 5964; x_wconf 86' lang='lat' dir='ltr'><strong>cast.,</strong></span> <span class='ocrx_word' id='word_1_862' title='bbox 2456 5905 2574 5963; x_wconf 88' lang='lat' dir='ltr'><strong>cap.</strong></span> <span class='ocrx_word' id='word_1_863' title='bbox 2620 5888 2690 5949; x_wconf 73' lang='grc'><strong>12</strong></span> <span class='ocrx_word' id='word_1_864' title='bbox 2716 5888 2762 5966; x_wconf 89' lang='grc'><strong>).</strong></span> <span class='ocrx_word' id='word_1_865' title='bbox 2790 5890 2966 5965; x_wconf 77' lang='lat' dir='ltr'><strong>Atque</strong></span> <span class='ocrx_word' id='word_1_866' title='bbox 3005 5891 3078 5951; x_wconf 88' lang='lat' dir='ltr'><strong>ita</strong></span> <span class='ocrx_word' id='word_1_867' title='bbox 3116 5890 3509 5951; x_wconf 85' lang='lat' dir='ltr'><strong>conclamatum</strong></span> <span class='ocrx_word' id='word_1_868' title='bbox 3536 5898 3621 5950; x_wconf 87' lang='lat' dir='ltr'><strong>est</strong></span> <span class='ocrx_word' id='word_1_869' title='bbox 3659 5887 3854 5950; x_wconf 73' lang='lat' dir='ltr'><strong>adver-</strong></span> 
     </span>
    </p>
   </div>
  </div>
