4076 6356
304 365 417 429 965

1439 364 1908 428 DlSSERTATlO
1946 366 2008 426 Ι).
2050 365 2142 427 LE
2175 367 2485 430 NOURRY.

3513 377 3625 441 966

306 507 401 550 sus
427 491 808 567 Poiycarpum,
832 492 891 544 ut
918 498 981 544 ex
1012 483 1247 544 Eusebio
1272 483 1528 542 discimus
1559 485 1798 560 (Euseb.,
1827 485 1914 542 lib.
1944 487 1998 549 Α
2021 486 2239 545 nomine
2297 487 2552 560 appellari
2576 485 2792 557 fustem,
2844 496 2907 547 ut
2942 488 3018 547 ait
3053 490 3266 560 Festus,
3311 497 3477 551 terrae
3520 494 3622 561 de-

310 585 376 643 ιγ
410 586 548 643 Ilist.
591 585 814 653 Eccles.,
850 602 899 641 ο.
931 582 1017 649 15,
1046 600 1100 655 ρ.
1129 579 1256 652 5‘2).
1284 578 1582 653 Cyprianus
1610 594 1823 653 quoque
1848 580 1917 638 de

304 694 367 735 se
394 680 509 750 ipso
536 678 749 750 scripsit
782 694 795 731 :
830 675 955 731 Orto
984 676 1156 730 statim
1187 672 1489 729 turbationis
1510 674 1697 751 impetu
1727 676 1913 746 primo,

242 802 251 809 ν
303 752 419 829 cum
445 791 522 828 me
552 774 775 828 clamore
804 771 1024 825 violento
1052 766 1274 844 papulas
1312 768 1595 841 ﬂagitasset
1624 766 1914 842 (Cyprian.

308 868 456 942 epist.
509 866 645 939 20).
702 862 839 936 Quid
904 875 1086 920 autem
1139 863 1498 934 “agitaverit,
1557 876 1655 918 nos
1694 862 1914 919 Pontius

306 959 392 1016 his
436 961 487 1016 in
533 961 673 1015 illius
726 959 846 1014 Vita
888 958 1047 1013 docet
1094 957 1270 1012 verbis
1298 972 1313 1011 :
1341 954 1569 1011 Maxime
1589 967 1770 1011 cumet
1806 959 1917 1028 suf-

307 1053 490 1126 fragiis
537 1058 672 1122 scepe
698 1051 922 1122 repetitis
951 1049 1020 1104 ad
1064 1049 1258 1105 leonem
1302 1050 1647 1121 postularetur
1699 1047 1719 1121 (
1756 1046 1912 1103 Pont.

304 1144 359 1199 in
402 1144 513 1200 Vita
542 1142 812 1218 Cyprium,
838 1163 892 1217 p.
914 1140 993 1212 4).
1026 1141 1315 1213 Expendas
1340 1140 1519 1214 itaque
1541 1142 1700 1197 velim
1723 1156 1789 1196 an
1812 1139 1916 1197 huc

308 1238 467 1293 etiam
497 1238 867 1294 collineaverit
894 1236 1268 1293 Tertullianus
1296 1248 1503 1306 noster,
1522 1237 1617 1292 ubi
1642 1236 1707 1292 de
1734 1252 1914 1292 roma-

307 1346 374 1387 na
403 1331 559 1405 plebe
583 1330 718 1405 dixit
747 1346 762 1389 :
803 1329 909 1386 Nec
931 1330 1027 1385 ulli
1054 1330 1219 1401 magis
1244 1329 1647 1404 depostulatores
1666 1329 1913 1385 Christia-

309 1404 508 1489 norum,
534 1404 687 1495 quam
715 1423 917 1494 vulgus.
934 1421 1134 1477 Plebeii
1157 1422 1419 1493 siquidem
1438 1420 1685 1478 homines
1704 1421 1916 1479 cmteris

308 1516 467 1588 longe
494 1518 825 1589 frequentius
854 1516 1198 1589 postulabant
1225 1516 1636 1587 clamabantque
1661 1513 1914 1572 Christia-

309 1627 401 1666 nos
428 1611 495 1665 ad
543 1611 756 1666 leonem.
799 1609 856 1666 Si
887 1620 1065 1665 tamen
1113 1609 1418 1677 existimes,
1451 1609 1524 1665 ibi
1566 1608 1633 1665 de
1677 1606 1918 1681 quolibet

310 1704 499 1767 mortis
528 1718 725 1775 genere
755 1702 823 1757 ab
852 1703 915 1758 iis
949 1701 1218 1773 postulato
1248 1718 1552 1759 sermonem
1584 1701 1722 1771 ﬁeri,
1756 1701 1916 1773 idque

309 1798 526 1869 probes,
560 1796 702 1851 haud
731 1797 955 1851 multum
983 1797 1317 1852 resistemus.
1343 1794 1447 1852 Sed
1480 1796 1695 1854 interim
1724 1795 1790 1852 ad
1812 1796 1915 1852 alia

2021 580 2184 639 ﬁxum
2221 580 2240 652 (
2268 580 2413 638 Fest.
2444 582 2514 637 ad
2541 598 2591 637 υ.
2624 582 2850 655 Stipes).
2878 583 3081 642 Nomen
3109 601 3239 644 vero
3279 588 3414 655 axis,
3438 602 3626 660 quem-

2018 674 2307 731 admodum
2340 676 2480 732 idem
2513 675 2704 733 Festus
2730 687 2935 745 monet,
2961 679 3142 736 varios
3165 680 3327 737 habet
3348 682 3623 754 signiﬁca-

2019 778 2104 826 tus
2134 770 2341 843 (Idem,
2371 770 2442 825 ad
2466 787 2516 827 υ.
2546 769 2726 845 Asis).
2763 772 3063 844 Aliquando
3089 773 3231 831 enim
3270 776 3499 831 sumitur
3525 790 3627 848 pro

2019 863 2424 933 septentrionali
2449 864 2573 920 cmli
2599 873 2773 936 parte,
2800 866 3086 938 aliquando
3129 882 3227 939 pro
3254 869 3407 925 tereti
3440 869 3626 941 stipite

2019 955 2161 1011 circa
2190 971 2348 1028 quem
2374 959 2600 1014 vertitur
2623 967 2775 1026 rota;
2817 960 2960 1016 unde
2984 975 3367 1033 nonnunquam
3394 978 3423 1017 a
3453 961 3628 1033 poetis

2019 1062 2120 1121 pro
2154 1058 2270 1106 toto
2299 1065 2459 1106 curru
2502 1051 2794 1123 accipitur;
2826 1052 3057 1124 denique
3099 1069 3194 1126 pro
3221 1054 3393 1111 sectili
3419 1056 3623 1113 tabula.

2019 1143 2091 1198 At
2115 1143 2352 1199 secundo
2377 1158 2540 1200 sensu
2567 1145 2681 1199 axis
2710 1158 2905 1201 nomen
2938 1159 2968 1201 a
2992 1144 3327 1202 Tertulliano
3357 1147 3628 1218 accipivi-

2020 1233 2194 1301 detur,
2245 1243 2300 1289 et
2341 1234 2408 1290 ab
2451 1234 2542 1290 illo
2585 1236 2873 1307 signiﬁcari
2920 1245 3187 1310 martyres
3234 1239 3522 1310 aliquando
3559 1239 3626 1296 ad

2017 1339 2176 1382 axem
2203 1325 2489 1396 integrum,
2515 1328 2757 1382 crebrius
2781 1342 2908 1385 vero
2929 1328 2994 1383 ad
3016 1329 3270 1399 stipitem,
3300 1331 3411 1386 sive
3433 1329 3628 1387 fustem

2019 1429 2178 1477 terrae
2204 1420 2437 1475 defixum
2460 1464 2475 1488 ,
2508 1421 2601 1477 sed
2631 1422 2747 1477 axis
2790 1422 3014 1478 dimidio
3036 1424 3325 1492 minorem,
3356 1424 3630 1481 revinctos

2019 1512 2266 1567 cremari.
2303 1511 2515 1568 Ethnici
2561 1513 2742 1585 itaque
2770 1512 3091 1571 Christianis
3121 1516 3371 1573 omnibus
3402 1516 3631 1574 ridiculo

2018 1605 2360 1661 semaxiorum
2391 1606 2607 1661 nomine
2638 1607 2988 1663 insnltabant.

2090 1696 2288 1753 Verum
2323 1698 2471 1755 hisce
2498 1700 2658 1755 tantis
2681 1708 2896 1772 tamque
2924 1700 3208 1758 horrendis
3239 1703 3518 1776 suppliciis
3540 1719 3626 1761 sa-

2020 1793 2148 1846 tiata
2177 1806 2283 1847 non
2319 1802 2438 1847 erat
2464 1792 2739 1860 immanis,
2768 1805 2834 1848 ac
2864 1793 3021 1865 plane
3051 1793 3323 1852 horribilis
3348 1797 3628 1869 gentilium

308 1886 732 1946 Christianorum
763 1897 1026 1944 tormenta
1056 1897 1409 1943 transeamus.
1444 1888 1540 1943 Alii
1572 1889 1823 1951 crucibus,
1842 1888 1915 1944 ait
1944 1894 1992 1955 B
2020 1884 2311 1942 crudelitas
2357 1896 2414 1942 et
2450 1885 2651 1942 rabies.
2691 1886 2822 1941 Nam
2866 1886 2993 1958 ipsis
3022 1886 3429 1943 Bacchanalium
3455 1888 3624 1960 furiis,

312 1983 715 2038 Auctornoster
738 1981 1071 2051 (Tertullian.
1096 1980 1392 2052 Apologet.,
1421 1998 1539 2052 cap.
1560 1979 1648 2048 12,
1678 1997 1733 2053 p.
1757 1981 1907 2047 339),

308 2084 353 2130 et
393 2074 651 2145 stipitibus
702 2074 1139 2146 imponebautur,
1190 2084 1283 2129 aut
1332 2075 1485 2130 sicuti
1516 2084 1704 2144 postea
1753 2074 1911 2140 dixit,

307 2182 478 2221 cruces
528 2183 613 2221 eos
636 2166 971 2238 suspendunt.
999 2166 1103 2221 Alii
1129 2167 1343 2222 cervices
1366 2174 1580 2235 ponunt,
1601 2175 1765 2221 autut
1787 2165 1914 2222 alibi

307 2258 453 2328 loqui
488 2258 694 2325 maluit,
738 2258 899 2330 gladii
919 2268 1126 2333 guttura
1166 2275 1340 2313 eorum
1369 2258 1669 2313 detruncant
1708 2257 1910 2331 (lbid.,

306 2367 423 2424 cap.
454 2349 544 2419 30,
572 2371 626 2424 p.
657 2350 811 2424 465).
832 2351 935 2407 Alii
965 2352 1185 2423 insuper
1209 2351 1409 2424 ignibus
1429 2361 1669 2420 uruntur,
1704 2351 1787 2408 vel
1819 2367 1913 2409 eos

304 2444 447 2517 ignes
494 2443 746 2511 lambunt,
793 2444 933 2501 sicut
960 2456 1149 2517 postea
1193 2446 1261 2501 ab
1301 2444 1394 2501 illo
1438 2445 1640 2502 dictum
1689 2445 1914 2519 legimus

312 2534 517 2608 ('lbid.,
550 2537 647 2593 loc.
680 2539 769 2593 cit.
790 2536 833 2609 ).

378 2634 448 2687 At
477 2630 593 2688 inec
620 2633 764 2688 varia
795 2632 1181 2711 suppliciorum
1208 2647 1407 2705 genera
1437 2633 1489 2689 in
1516 2646 1616 2689 suo
1645 2632 1715 2689 de
1744 2632 1915 2690 Pudi-

308 2724 432 2780 citia
473 2724 611 2779 libro
637 2724 715 2779 sic
742 2725 976 2795 explicat
1003 2741 1015 2778 :
1053 2725 1251 2797 Martyr
1281 2735 1405 2799 puta
1435 2742 1569 2779 nunc
1594 2725 1687 2780 sub
1717 2725 1915 2797 gladio,

304 2819 413 2889 iam
439 2816 604 2887 capite
625 2815 807 2871 librato
824 2835 844 2885 ;
861 2827 986 2889 puta
1012 2818 1065 2872 in
1090 2819 1342 2891 patibulo,
1358 2820 1471 2891 jam
1493 2834 1705 2890 corpore
1725 2832 1918 2891 expan-

306 2924 402 2974 so;
431 2917 555 2982 puta
585 2908 638 2963 in
668 2909 857 2980 stipite,
874 2910 990 2981 jam
1009 2910 1151 2965 leone
1172 2925 1444 2976 concesso;
1473 2919 1595 2981 puta
1626 2911 1795 2966 in'axe
1801 2911 1917 2984 jam

308 3001 543 3056 incendio
571 3001 831 3056 adstructo
862 3000 1069 3072 (Idem,
1111 3002 1200 3058 lib.
1251 3003 1314 3058 de
1341 3002 1589 3071 Pudicit.,
1630 3021 1747 3078 cap.
1794 3003 1914 3078 22).

307 3091 491 3166 Neque
558 3104 735 3149 tamen
813 3094 921 3149 illis
999 3103 1207 3151 tantum
1268 3097 1595 3153 cruciatibus
1663 3096 1915 3153 christia-

310 3201 410 3242 nos
466 3187 705 3257 torqueri
758 3187 874 3257 ipse
926 3186 1226 3244 denuntiat.
1280 3188 1414 3244 Nam
1439 3190 1545 3244 alio
1569 3188 1744 3245 adhuc
1773 3190 1823 3245 in
1848 3190 1917 3245 li-

2017 1993 2107 2031 nec
2134 1978 2370 2042 mortuis,
2394 1977 2469 2032 ait
2489 1977 2876 2043 Tertullianus,
2909 1989 3124 2049 parcunt
3149 1979 3471 2048 Christianis,
3503 1982 3627 2052 quin

2014 2070 2132 2125 illos
2156 2071 2219 2125 de
2246 2070 2417 2141 requie
2439 2071 2733 2141 sepulturas,
2771 2070 2835 2127 de
2872 2071 3017 2144 asylo
3042 2071 3267 2143 quodam
3308 2074 3491 2128 mortis
3511 2073 3628 2146 jam

2016 2162 2167 2228 alios,
2189 2160 2305 2232 jam
2333 2177 2425 2216 nec
2450 2171 2581 2216 totos
2601 2162 2846 2228 avellant,
2875 2162 3142 2231 dissecent,
3162 2163 3487 2236 distrahant(
3508 2163 3629 2220 Ter-

2018 2254 2224 2310 tullian.
2257 2252 2525 2326 Apologet.
2568 2270 2686 2325 cap.
2718 2255 2789 2311 57
2814 2257 2854 2326 ).
2906 2255 3027 2310 Alia
3057 2264 3236 2312 autem
3285 2257 3336 2311 in
3365 2256 3629 2313 disserta-

2017 2350 2164 2405 tione
2195 2350 2212 2419 (
2238 2347 2506 2405 Dissertat.
2539 2350 2592 2404 in
2618 2348 2879 2419 Lactant.,
2909 2366 3025 2422 cap.
3061 2350 3148 2417 10,
3179 2360 3279 2407 art.
3308 2351 3386 2425 2)
3418 2350 3629 2421 patefe-

2017 2443 2191 2499 cimus
2221 2452 2417 2514 quanta
2450 2442 2647 2500 ethnici
2681 2443 2894 2500 feritate
2925 2445 2977 2500 in
3004 2454 3345 2501 mortuorum
3373 2455 3428 2504 et
3448 2446 3629 2518 sepul-

2017 2542 2194 2593 torum
2225 2547 2521 2611 martyrum
2547 2551 2772 2610 corpora
2803 2537 3049 2594 bacchati
3081 2537 3301 2597 fueint.
3386 2552 3395 2565 '

2639 2730 2939 2774 Αιιτιαυιυε
2976 2731 3036 2774 ll.

2024 2853 2292 2923 Quomodo
2309 2853 2515 2928 sanguis
2536 2861 2815 2929 martyrum
2837 2851 3182 2924 semen'fuerit
3210 2853 3626 2923 christianorum,

2091 2947 2233 3019 isque
2261 2948 2528 3019 majorem,
2556 2962 2707 3020 quam
2731 2944 2926 3012 Cicero,
2960 2945 3175 3012 Seneca,
3205 2943 3472 3017 Diogenes,
3500 2944 3630 3019 Pyr-

2091 3041 2206 3109 rho,
2242 3039 2541 3106 Callinicus,
2567 3040 2755 3111 aliique
2775 3038 3065 3110 philosophi
3097 3047 3143 3093 et
3165 3047 3391 3092 oratores
3418 3036 3626 3106 ethnici,

2094 3133 2165 3188 ad
2185 3132 2600 3207 persuadendum
2630 3132 2732 3186 viui
2762 3129 3013 3186 habuerit.
3184 3132 3201 3143 ’

310 3278 409 3335 bro
434 3290 696 3335 memorat
727 3295 833 3335 non
862 3280 1023 3335 modo
1046 3280 1277 3352 gladium
1298 3298 1505 3362 grauem
1530 3292 1577 3335 et
1606 3298 1809 3337 crucem
1828 3298 1919 3337 ex-
1942 3298 1987 3362 ρ
2095 3270 2324 3326 Ταηῑυπι
2372 3269 2554 3333 (ὠθεῖν
2586 3278 2643 3324 ιιι
2668 3284 2729 3324 ea
2749 3308 2765 3336 ν
2796 3283 2914 3362 (ill-'0
2945 3265 3365 3323 ῖηθῐηοτθνῖῐηυε
3385 3306 3400 3332 υ
3437 3280 3502 3322 ac
3533 3265 3623 3321 νῘΧ

308 3374 519 3441 celsam,
553 3383 601 3429 et
643 3374 833 3429 rabiem
861 3374 1161 3439 bestiarum,
1206 3385 1254 3429 et
1284 3357 1535 3430 summam
1581 3375 1776 3447 ignium
1807 3391 1915 3447 po:-

310 3482 452 3532 nam,
480 3481 665 3521 verum
696 3467 859 3521 etiam
884 3483 1034 3521 omne
1059 3468 1318 3538 carniﬁcis
1335 3468 1595 3538 ingenium
1621 3468 1675 3522 in
1695 3476 1917 3523 tormen-

310 3558 375 3613 tis
406 3557 831 3625 immanioribus,
864 3574 984 3629 qute
1031 3559 1156 3615 feris
1185 3559 1457 3615 crudelius
1500 3558 1734 3615 hominis
1764 3561 1915 3632 inge-

309 3650 456 3706 nium
511 3651 816 3722 excogitare
870 3660 1079 3722 poterat
1132 3650 1342 3724 (Idem,
1374 3652 1463 3706 lib.
1514 3651 1584 3705 ad
1639 3650 1911 3726 Martyr.).

308 3744 483 3814 Atque
535 3743 607 3798 ita
664 3744 756 3800 ille
783 3744 965 3814 paucis
1009 3743 1113 3800 illis
1156 3743 1540 3815 posterioribus
1564 3743 1741 3800 verbis
1771 3743 1913 3800 haud

307 3835 536 3891 obscure
564 3834 885 3907 signiﬁcavit
916 3836 1121 3892 nullum
1152 3851 1274 3892 esse
1297 3844 1686 3891 tormentorum
1718 3842 1910 3908 genus,

307 3938 414 3999 quo
452 3926 731 3985 chriStiani
777 3941 887 3987 tum
917 3930 1221 3988 discruciati
1252 3945 1357 3985 non
1387 3928 1604 3986 iuerint.

374 4022 507 4092 Quia
547 4039 677 4079 vero
702 4024 821 4079 aliis
848 4024 1083 4096 gravior,
1110 4024 1195 4079 vel
1234 4024 1374 4079 sicut
1406 4036 1533 4079 mox
1576 4023 1643 4078 ab
1666 4037 1731 4079 eo
1773 4023 1912 4079 scri-

303 4123 452 4186 ptum
482 4116 733 4186 vidimus,
767 4118 1000 4173 maxima
1028 4126 1145 4173 erat
1174 4118 1376 4189 ignium
1405 4132 1587 4189 paena,
1618 4117 1746 4173 hinc
1774 4133 1911 4189 gen-

303 4208 425 4265 tiles
453 4224 572 4265 eam
597 4225 628 4265 a
651 4210 959 4266 christianis
975 4212 1172 4282 saepius
1188 4211 1524 4282 repetebant.
1548 4210 1909 4279 Quamobrem

301 4300 447 4369 illos,
474 4305 551 4357 uti
576 4304 647 4359 ibi
678 4306 731 4360 in
757 4304 1035 4361 codicibus
1054 4305 1255 4362 nostris
1285 4305 1512 4377 legimus
1532 4346 1547 4371 ,
1578 4321 1733 4371 nunc,
1756 4305 1807 4361 id
1829 4315 1913 4362 est

300 4402 403 4449 suo
433 4404 695 4467 tempore,
725 4399 1078 4454 sarmenticios
1105 4414 1153 4453 et
1188 4400 1440 4454 semaxios
1459 4440 1475 4466 ,
1505 4414 1613 4453 non
1645 4399 1764 4455 sine
1790 4413 1908 4454 sar—

301 4499 488 4541 castno
512 4498 567 4543 et
592 4487 841 4544 irrisione
858 4488 1118 4544 vocabant
1137 4488 1333 4560 (Idem,
1357 4489 1656 4560 Apologet.,
1677 4505 1796 4561 cap.
1815 4490 1905 4558 50,

2021 3364 2239 3437 quidem
2283 3362 2402 3417 sine
2440 3362 2666 3417 horrore
2690 3358 2865 3415 audiri
2891 3368 3134 3429 possunt,
3165 3368 3463 3430 martyrum
3494 3370 3625 3427 sup-

2020 3456 2177 3528 plicia
2222 3454 2358 3509 alios
2405 3450 2728 3509 christianos
2768 3465 2799 3506 a
2837 3450 3110 3522 religionis
3138 3464 3251 3505 sua:
3288 3447 3625 3519 professione

2018 3547 2416 3613 deterrucrint;
2448 3546 2577 3617 quin
2604 3544 2729 3601 inde
2753 3543 3004 3600 fortiores
3036 3542 3163 3600 lacti
3191 3584 3205 3608 ,
3236 3542 3419 3615 plures
3446 3541 3625 3599 ethni-

2017 3655 2113 3699 cos
2142 3640 2209 3697 ad
2238 3653 2356 3695 eam
2384 3635 2796 3707 amplexandam
2827 3636 3109 3702 traxerint,
3141 3642 3302 3705 atque
3334 3634 3407 3689 ita
3435 3641 3624 3691 auctus
3662 3678 3667 3683 .

2018 3749 2233 3806 semper
2256 3732 2423 3788 fuerit
2451 3731 2661 3787 illorum
2708 3744 2985 3785 numerus.
3016 3726 3151 3784 Nam
3180 3728 3394 3798 ipsimet
3420 3726 3624 3783 ethnici

2018 3828 2213 3902 agnitis
2252 3833 2545 3898 martyrum
2578 3832 2655 3879 tot
2699 3823 2968 3893 tantisque
2996 3820 3342 3885 cruciatibus,
3376 3820 3620 3890 miraque

2017 3937 2238 3996 prorsus
2278 3917 2611 3986 constantia,
2654 3923 2768 3972 tum
2824 3915 3069 3988 profecto
3136 3913 3509 3971 alliciebantur
3564 3921 3623 3970 ut

2027 4025 2188 4073 tanta:
2255 4012 2582 4070 fortitudinis
2636 4022 2882 4067 caussam
2946 4009 3211 4066 curiosius
3248 4008 3620 4080 inquirerent,

2015 4124 2188 4181 eaque
2236 4114 2511 4178 comperta
2567 4112 2625 4161 et
2665 4102 3035 4174 deprehensa,
3081 4102 3274 4159 ﬁerent
3319 4100 3618 4159 christiani.

2014 4202 2181 4259 Nobis
2226 4210 2405 4255 autem
2448 4199 2494 4255 si
2534 4199 2657 4269 quis
2695 4196 2830 4252 nolit
2871 4195 3128 4261 credere,
3157 4195 3202 4252 is
3229 4194 3619 4253 Tertullianum

2014 4303 2257 4351 nostrum
2285 4292 2501 4349 audiat:
2524 4290 2672 4359 Quis,
2697 4289 2890 4361 inquit,
2915 4288 3172 4361 martyris
3200 4286 3431 4359 alicujus
3454 4285 3622 4343 maxi-

1994 4406 2155 4447 mam
2204 4390 2255 4444 in
2294 4386 2578 4443 tormentis
2621 4383 2977 4439 constantiam
3007 4380 3250 4448 intuitus,
3274 4396 3376 4436 non
3397 4387 3625 4436 contem-

2015 4482 2239 4554 platione
2266 4482 2377 4549 ejus
2403 4476 2688 4531 concutitur
2726 4478 2794 4533 ad
2834 4472 3193 4547 requirendum
3238 4472 3361 4543 quid
3402 4471 3539 4526 intus
3566 4469 3623 4525 in

303 4598 357 4653 p.
392 4581 462 4637 55
482 4578 527 4655 ).
556 4579 610 4636 In
642 4582 872 4653 antiquis
886 4597 1019 4638 vero
1039 4581 1365 4637 editionibus
1388 4581 1667 4650 semissios,
1689 4582 1906 4652 quidam

2021 4592 2069 4630 re
2108 4574 2213 4629 sit?
2256 4570 2385 4638 Quis
2423 4587 2527 4625 non
2567 4568 2656 4624 ubi
2700 4568 2976 4639 requisiuit,
3009 4566 3251 4622 accedit?
3276 4564 3360 4619 ubi
3388 4562 3620 4629 accessit,

302 4654 489 4730 autem
514 4673 615 4743 legi
659 4674 845 4728 volunt
872 4674 1159 4738 semassios,
1192 4683 1247 4728 et
1276 4680 1462 4744 postea
1492 4674 1622 4727 assis
1648 4687 1747 4743 pro
1773 4674 1907 4740 axis,
1932 4699 1989 4762 Ι)
2014 4666 2144 4762 mori
2166 4672 2373 4762 exoptat
2384 4661 2722 4762 (Tertullian.
2748 4660 3039 4762 Apro-leget,
3062 4656 3294 4762 αξη..ὅοῖ
3318 4672 3439 4728 pag.
3460 4654 3621 4762 ξεςξγρ

301 4767 455 4838 quasi
482 4765 847 4821 Tertullianus
875 4765 1056 4821 dicere
1096 4765 1330 4821 voluerit
1356 4763 1689 4820 Christianos
1728 4764 1909 4820 revin-

302 4868 420 4917 ctos
448 4860 614 4917 fuisse
640 4860 707 4915 ad
755 4860 995 4931 stipitem
1026 4860 1141 4915 sive
1168 4859 1350 4931 palum
1377 4857 1584 4914 dimidii
1614 4857 1771 4914 assis.
1805 4858 1911 4915 Sed

304 4968 411 5024 quo
438 4954 633 5010 sensu?
662 4950 799 5009 Num
841 4952 1031 5009 eodem
1070 4967 1179 5023 quo
1206 4951 1393 5006 asseris
1422 4949 1763 5022 signiﬁcatu?
1804 4949 1911 5007 Sed

305 5046 360 5103 id
387 5061 573 5115 parum
604 5046 899 5118 probabile.
932 5045 1118 5102 Potior
1156 5043 1343 5117 procul
1385 5043 1551 5101 dubio
1585 5055 1639 5102 et
1681 5045 1909 5117 genuina

306 5149 613 5195 nostrorum
635 5148 691 5196 et
708 5139 956 5207 aliorum,
988 5154 1096 5195 uno
1122 5147 1328 5195 tantum
1350 5146 1576 5210 excepto
1603 5152 1776 5209 eoque
1796 5138 1911 5194 lor-

306 5231 445 5287 sitan
471 5241 746 5303 corrupto,
776 5216 1016 5287 omnium
1043 5232 1291 5288 codicum
1317 5231 1529 5287 videtur
1556 5229 1733 5286 lectio.
1776 5229 1910 5303 Nam

306 5325 535 5398 ipsemet
564 5327 946 5394 Tertulliauus,
981 5327 1180 5383 mentis
1208 5342 1321 5413 sum
1358 5325 1595 5397 optimus
1622 5324 1910 5396 interpres,

305 5421 644 5477 continenter
663 5420 876 5492 adjecit,
908 5422 1028 5492 quia
1048 5424 1119 5475 ad
1142 5420 1365 5492 stipitem
1386 5417 1586 5472 dimidii
1613 5418 1726 5473 axis
1745 5418 1914 5473 revin-

306 5516 396 5584 cti,
422 5525 795 5571 sarmentorum
831 5516 1025 5570 ambitu
1055 5516 1316 5570 exurimur
1358 5512 1529 5581 (Ibid.
1554 5512 1594 5586 ).
1631 5512 1779 5569 Dixit
1814 5513 1917 5568 ita-

306 5622 409 5681 que
436 5610 770 5667 Christianos
796 5610 863 5665 ad
889 5608 1123 5681 stipitem
1168 5621 1264 5664 seu
1310 5608 1488 5679 palum
1540 5606 1785 5679 alligatos
1806 5647 1821 5673 ,
1851 5621 1915 5663 ac

306 5705 592 5762 sarmentis
614 5706 967 5777 undequaque
991 5702 1385 5775 circumpositis
1408 5703 1633 5774 igneque
1648 5700 1914 5772 accensis,

305 5796 459 5854 vivos
486 5798 749 5856 comburi.
779 5798 947 5855 Recte
972 5797 1210 5870 quidem,
1242 5796 1487 5867 inquies;
1519 5794 1615 5852 sed
1643 5810 1740 5851 cur
1759 5795 1807 5851 is
1831 5793 1917 5849 di-

305 5890 451 5950 midii
485 5893 598 5951 axis
638 5894 808 5967 Stipes
835 5891 1070 5951 dicitur?
1094 5891 1164 5951 At
1191 5887 1441 5962 observa,
1472 5903 1687 5963 quaeso,
1718 5887 1919 5963 stipitis

2017 4758 2072 4815 id
2119 4767 2225 4825 est,
2253 4755 2432 4827 agnita
2474 4765 2529 4812 et
2571 4754 2819 4812 confessa
2863 4753 3008 4809 illius
3050 4751 3327 4822 religionis
3372 4749 3620 4819 veritate,

2017 4862 2146 4909 tunc
2177 4859 2394 4922 exoptat
2429 4848 2758 4921 quibuslibet
2784 4846 2947 4902 vitam
2995 4845 3148 4900 linire
3192 4843 3541 4911 cruciatibus,
3565 4850 3624 4900 et
3644 4870 3663 4881 κ

2016 4944 2294 5017 suppliciis
2312 4943 2335 4985 ν
2360 4940 2442 4998 Ad
2471 4940 2758 5012 Scapulam
2788 4953 2921 4995 vero
2950 4936 3069 4997 haec
3096 4948 3313 5009 quoque
3340 4933 3471 4992 fecit
3492 4949 3620 4991 ver-

2019 5039 2087 5095 ba
2136 5036 2414 5106 :Quisque
2455 5044 2650 5089 tantam
2690 5031 3010 5088 tolerantiam
3058 5038 3325 5099 spectans,
3356 5037 3410 5083 ut
3447 5029 3623 5101 aliqua

2013 5130 2253 5205 scrupulo
2296 5144 2597 5201 percussus,
2626 5137 2673 5182 et
2713 5124 2966 5197 inquirere
3004 5122 3297 5179 accenditur
3322 5123 3448 5195 quid
3473 5123 3537 5178 sit
3567 5123 3622 5178 in

2014 5243 2229 5293 caussa,
2281 5233 2329 5280 et
2384 5224 2473 5279 ubi
2515 5221 2800 5295 cognoverit
2852 5218 3149 5283 ueritatem,
3192 5225 3240 5272 et
3291 5218 3402 5289 ipse
3444 5217 3622 5277 statim

2018 5302 2251 5394 sequitur,
2291 5318 2522 5392 (Idem,
2573 5315 2663 5372 lib.
2718 5313 2787 5368 ad
2831 5311 3072 5382 ScapuL,
3121 5326 3235 5380 cap.
3288 5308 3382 5383 4).
3433 5309 3620 5367 Omnis

2017 5417 2195 5488 itaque
2241 5412 2563 5476 Christianus
2611 5416 2731 5479 post
2771 5405 3043 5476 religionis
3077 5417 3190 5471 sua)
3224 5401 3619 5474 professionem

2017 5523 2232 5567 summo
2258 5506 2398 5562 illius
2418 5499 2801 5560 conservanda
2819 5513 2884 5554 ac
2910 5495 3121 5554 tuenda:
3143 5497 3392 5553 incensus
3414 5496 3615 5563 studio,

2020 5610 2231 5675 paratus
2251 5607 2344 5666 est,
2373 5597 2448 5652 ait
2476 5594 2651 5650 adhuc
2675 5592 2875 5648 Auctor
2901 5598 3104 5657 noster,
3136 5589 3206 5644 ad
3225 5605 3386 5644 omne
3413 5588 3619 5659 suppli-

2019 5696 2154 5751 cium
2209 5691 2231 5765 (
2268 5689 2438 5754 Idem,
2466 5684 2760 5758 Apologet.,
2801 5699 2920 5755 cap.
2964 5680 3072 5750 30,
3117 5697 3239 5752 pag.
3270 5678 3426 5753 M5).
3469 5678 3617 5736 Nihil

1980 5830 1985 5835 -
2020 5790 2163 5847 enim
2187 5828 2203 5856 ,
2233 5784 2539 5857 inquiebat,
2566 5790 2740 5837 nostra
2768 5782 2926 5851 refert
2952 5776 3007 5833 in
3035 5774 3130 5833 hoc
3164 5789 3295 5843 atro,
3326 5773 3425 5844 nisi
3461 5772 3618 5837 deleo

2022 5881 2258 5943 excedere
2295 5875 2633 5953 (lbid.,cap.
2655 5872 2748 5946 41,
2778 5886 2900 5945 pag.
2927 5864 3081 5941 489).
3109 5865 3217 5943 Sed
3254 5864 3449 5939 majori
3476 5880 3614 5929 nun-
