4082 6356
587 324 692 384 967

1655 314 1723 373 ΙΝ
1761 311 2229 375 TEBTULLIANI
2265 310 2802 373 APOLOGETICUM
3759 313 3848 375 968

588 457 747 514 quam
797 438 962 513 gloria
1009 438 1077 495 de
1124 437 1218 494 illo
1259 451 1321 496 se
1368 434 1598 510 migrare
1625 435 1991 503 existimabat,
2022 448 2182 508 quam
2211 434 2264 498 Λ
2288 432 2521 521 virtutem
2549 449 2603 489 se
2620 432 2733 503 ipsa
2759 446 2866 488 esse
2881 436 3167 485 contentam
3189 426 3375 503 (Cicer.
3395 427 3479 484 tib.
3513 427 3559 485 ll
3586 428 3649 484 de
3675 428 3847 499 Dirim,

587 537 846 607 martyrio
870 540 1175 591 coronatus.

659 627 931 698 Sus-cepta:
955 627 1114 697 igitur
1139 624 1451 683 christiana:
1481 624 1754 697 religionis
1784 622 2052 691 neminem,
2081 622 2184 678 sic-

587 730 645 778 ut
675 722 763 777 ille
806 722 938 778 scite
987 721 1246 788 advertit,
1274 721 1479 791 pudet,
1519 721 1769 775 neminem
1812 719 2046 789 paenitet,
2086 716 2183 772 nisi

585 815 741 885 plane
767 831 868 869 non
898 825 1030 869 retro
1059 816 1235 886 fuisse.
1265 812 1327 869 Si
1358 813 1648 881 denotatur,
1678 812 1950 884 gloriatur;
1966 812 2012 866 si
2034 826 2186 865 accu-

584 919 750 970 satur,
776 923 877 961 non
913 907 1537 978 defendit:interrogatus
1577 905 1653 960 vel
1694 905 1827 960 ultro
1870 904 2184 973 conﬁtetur:

586 997 857 1053 damnatus
872 998 1064 1070 gratias
1089 998 1195 1069 agit
1221 996 1399 1068 (Apol.
1427 1013 1543 1067 cap.
1562 997 1613 1064 1,
1649 1014 1702 1067 p.
1732 993 1892 1067 269).
1921 992 2104 1066 Neque
2130 992 2185 1048 id

585 1090 840 1147 audacius
880 1099 972 1144 aut
1012 1099 1215 1145 temere
1259 1089 1325 1143 ab
1371 1088 1461 1143 illo
1509 1088 1836 1153 vcnditatum
1891 1085 2181 1157 putaveris.

584 1182 708 1238 Alio
737 1182 881 1237 enim
914 1182 966 1236 in
996 1180 1135 1236 libro
1165 1179 1292 1235 illud
1318 1178 1495 1234 adhuc
1533 1179 1611 1233 sic
1652 1177 1881 1248 repetit:
1916 1174 2186 1230 Neminem

587 1275 764 1348 pudet,
787 1274 1035 1329 neminem
1062 1273 1283 1346 paenitet,
1307 1272 1403 1327 nisi
1434 1271 1782 1341 pristinorum.
1814 1270 1873 1325 Si
1894 1266 2183 1333 denotatur,

586 1367 871 1439 gloriatur;
901 1368 943 1421 si
973 1366 1210 1433 trahitur,
1240 1381 1342 1420 non
1387 1364 1649 1430 subsistit;
1693 1363 1736 1417 si
1766 1369 2056 1430 accusatur,
2086 1375 2185 1414 non

588 1462 855 1534 defendit;
883 1462 1251 1531 interrogatus,
1285 1458 1590 1528 conﬁtetur;
1641 1456 1957 1519 damnatus,
1993 1452 2187 1524 gratias

587 1555 693 1627 agit
728 1554 918 1627 (Idem,
950 1552 1040 1607 lib.
1070 1553 1089 1607 Ι
1114 1552 1183 1605 ad
1209 1550 1362 1619 Nat.,
1390 1567 1504 1620 cap.
1544 1548 1596 1617 1,
1630 1565 1683 1618 p.
1726 1547 1880 1617 559).
1907 1545 2186 1601 Neminem

583 1648 747 1720 igitur
788 1645 1081 1719 poenitebat
1107 1660 1166 1700 se
1193 1643 1546 1699 christianum
1575 1655 1730 1709 esse,
1764 1640 1858 1695 sed
1886 1648 2041 1706 retro,
2073 1636 2187 1693 sive

584 1740 744 1798 citius
762 1749 817 1796 et
834 1747 1014 1805 antea,
1044 1754 1151 1794 non
1179 1737 1369 1802 fuisse,
1388 1750 1452 1791 ac
1477 1748 1689 1790 summo
1719 1732 2065 1803 pristinorum
2092 1728 2187 1787 dc-

2288 545 2406 599 pag.
2439 526 2568 591 248,
2600 526 2696 580 lin.
2726 524 2793 581 M
2820 533 2867 579 et
2889 541 3026 596 seqq.
3050 523 3090 595 ).
3116 522 3419 580 Facundior
3433 525 3591 580 etiam
3622 522 3709 581 ille
3733 541 3849 582 utar-

2288 632 2466 694 tyrum
2517 621 2733 691 sanguis
2782 617 2882 674 fuit
2921 617 3127 675 Seneca
3174 617 3229 673 in
3278 615 3703 689 Fortuitis,qua:
3740 619 3844 675 alibi

2287 716 2560 787 deperdita
2593 713 2904 788 (Dissertat.
2936 714 2989 767 in
3017 710 3281 779 Lactant.,
3310 729 3426 783 cap.
3459 712 3544 776 l0,
3574 722 3673 766 art.
3697 712 3785 784 3),
3807 722 3850 769 et

2288 826 2321 865 a
2369 810 2645 865 Lactantio
2689 808 2851 863 citata
2894 807 3366 863 animadvertimus
3392 804 3668 878 (Lactant.
3715 807 3849 863 tibi

2288 904 2449 959 divin.
2493 903 2723 958 Institut.
2752 944 2767 970 ,
2824 919 2942 973 cap.
3001 899 3132 973 13).
3174 900 3231 956 In
3275 898 3381 956 hoc
3419 909 3599 957 autem
3638 900 3762 957 libro
3795 902 3851 959 de

2289 1006 2601 1068 contemptu
2656 996 2845 1053 mortis
2902 995 3286 1066 disputaverat.
3347 994 3611 1051 Disertior
3669 1010 3851 1069 quoque

2289 1089 2389 1145 fuit
2450 1090 2541 1145 ille
2605 1088 2821 1161 sanguis
2896 1089 3153 1160 Diogene,
3212 1086 3353 1143 haud
3429 1087 3592 1143 dubie
3659 1089 3848 1161 Cynico,

2289 1197 2448 1254 quem
2472 1182 2700 1253 ipsemet
2721 1181 3083 1241 Tertullianus
3110 1181 3215 1237 alio
3244 1181 3296 1236 in
3322 1180 3457 1237 libro
3480 1181 3567 1237 his
3588 1182 3755 1238 verbis
3777 1183 3851 1239 de-

2289 1276 2501 1347 signat:
2530 1275 2801 1344 A/fectatio
2849 1276 3073 1330 humana
3109 1276 3309 1330 canina:
3357 1276 3744 1347 wquanimitatis
3767 1289 3852 1332 stu-

2289 1386 2415 1441 pore
2450 1372 2673 1441 formata
2726 1368 3069 1441 (Tertullian.
3099 1369 3187 1424 lib.
3229 1369 3292 1424 de
3344 1368 3599 1438 Patient.,
3628 1387 3737 1443 cap.
3771 1369 3867 1443 2),-

2291 1459 2386 1516 llle
2437 1469 2656 1530 autem,
2714 1470 2851 1517 teste
2900 1460 3156 1530 Laertio,
3205 1462 3275 1517 ad
3337 1461 3583 1519 laborum
3651 1463 3852 1521 toleran-

2292 1554 2419 1609 tiam
2457 1569 2518 1611 se
2561 1555 2735 1627 ipsum
2763 1554 2909 1610 omni
2935 1570 3005 1610 ex
3032 1556 3197 1625 parte
3222 1556 3544 1623 exercebat,
3568 1557 3852 1629 scripsitque

2289 1645 2486 1703 librum
2530 1647 2598 1704 de
2643 1656 2854 1714 morte,
2882 1663 2989 1718 quo
3032 1647 3099 1704 ad
3142 1664 3262 1705 eam
3307 1650 3576 1721 patienter
3613 1650 3853 1715 ferendam

2291 1737 2425 1795 alios
2449 1738 2637 1809 procul
2676 1739 2838 1795 dubio
2868 1739 3185 1796 hortabatur
3214 1739 3410 1814 (Laert.
3436 1741 3529 1796 lib.
3564 1742 3652 1809 Vl,
3690 1743 3739 1798 in
3775 1743 3852 1800 Vit.

585 1834 855 1903 lictorum,
884 1832 938 1894 in
967 1832 1119 1890 tetris
1157 1830 1473 1887 idololatria:
1518 1827 1753 1885 tenebris
1804 1826 2184 1890 admissorum,
2215 1844 2266 1904 Β
2294 1833 2539 1907 Diogen.,
2580 1833 2609 1908 ς
2661 1834 2734 1893 25
2780 1846 2828 1891 et
2880 1834 3010 1910 80).
3052 1837 3132 1894 Ad
3183 1839 3306 1896 lucc
3354 1856 3508 1908 vero,
3562 1842 3700 1899 idem
3739 1857 3855 1899 mar-

583 1925 770 1984 dolore
814 1925 1165 1982 afﬁciebatur.
1194 1924 1458 1980 Praeterea
1482 1922 1526 1976 si
1543 1921 1807 1979 denotetur
1831 1918 1898 1974 ab
1926 1917 2105 1989 aliquo
2127 1930 2187 1972 se
2293 1938 2471 1999 gyrum
2500 1930 2717 2001 sanguis
2759 1945 2969 1987 summa
2998 1932 3282 2004 eminendi
3322 1932 3577 1991 [acnuam
3602 1936 3721 1992 vicit
3746 1936 3853 2009 ΡΠ.

581 2019 924 2077 christianum
974 2016 1287 2089 religionem
1338 2013 1575 2086 proﬁteri
1597 2055 1611 2079 ,
1645 2023 1699 2067 et
1727 2010 1930 2067 idcirco
1959 2009 2186 2065 trahitur
2290 2021 2516 2078 τιιοηειη
2538 2063 2554 2089 ,
2587 2023 2681 2093 qui
2714 2023 2955 2095 quidem.
2984 2033 3040 2079 υι
3068 2033 3221 2080 "om
3247 2025 3520 2094 globus,
3550 2028 3766 2085 docebat
3788 2028 3854 2084 ιιί.

581 2115 648 2170 ad
667 2112 907 2185 judicum
952 2110 1233 2167 tribunalia
1253 2150 1268 2176 ,
1303 2125 1406 2162 non
1451 2106 1677 2178 defendit
1705 2105 1790 2160 :si
1819 2112 2110 2168 accusatur,
2138 2101 2185 2157 si

581 2206 962 2277 interrogatur,
990 2218 1098 2259 non
1128 2202 1353 2271 resistit,
1373 2215 1477 2256 non
1510 2197 1832 2264 dissimulat,
1863 2203 2182 2271 nonnegat;

579 2299 677 2357 sed
708 2300 848 2355 ultro
877 2308 931 2356 et
955 2298 1214 2371 glorians,
1245 2296 1515 2366 conﬁtetur
1544 2292 1723 2367 (idem,
1744 2292 2039 2365 Apologet.,
2064 2306 2181 2361 cap.

578 2394 670 2461 46,
698 2412 816 2467 pag.
850 2394 980 2465 511)
1001 2410 1015 2460 ;
1038 2409 1103 2448 ac
1131 2392 1378 2464 Lycurgo
1398 2431 1412 2455 ,
1441 2389 1510 2445 de
1538 2403 1645 2459 quo
1690 2402 1788 2443 nos
1832 2396 2014 2457 postea
2059 2398 2183 2440 cum

579 2487 911 2545 Tcrtulliano
952 2485 1199 2569 gicemus
1241 2482 1475 2557 (Infra.,
1502 2498 1617 2553 cap.
1642 2481 1711 2537 M
1734 2522 1752 2548 ,
1777 2489 1876 2534 art.
1901 2477 1991 2551 '5),
2025 2479 2184 2550 longe

579 2584 793 2653 fortior,
825 2585 1097 2637 damnatus
1132 2580 1325 2654 gratias
1361 2580 1486 2651 agit.
1530 2576 1869 2648 Quapropter
1910 2574 2181 2645 Apologe-

580 2679 687 2735 tico
716 2694 815 2733 suo
846 2677 1005 2732 tinem
1038 2675 1120 2730 his
1147 2672 1327 2729 verbis
1356 2671 1586 2742 imponit
1612 2686 1627 2724 :
1658 2656 1947 2726 Sententiis
1980 2668 2180 2733 uestris,

578 2769 803 2836 ethnici,
836 2769 1028 2840 gratias
1051 2767 1268 2838 agimus.
1298 2764 1406 2819 Cur
1434 2762 1601 2834 ergo?
1645 2761 1780 2831 Quia
1809 2777 1934 2819 cum
1960 2761 2181 2815 damna-

578 2878 694 2918 ntur
713 2878 744 2916 a
770 2861 929 2927 vobis,
958 2877 990 2913 a
1009 2858 1120 2914 Deo
1148 2858 1455 2913 absolvimur
1487 2857 1507 2928 (
1534 2853 1845 2910 Tertullian.
1873 2854 2174 2926 Apologet.,

579 2971 696 3029 cap.
725 2946 837 3022 50,’
848 2971 969 3026 pag.
996 2952 1149 3025 536).
1172 2951 1433 3007 Eumdem
1460 2951 1616 3020 plane
1645 2949 1697 3004 in
1717 2947 1934 3003 modum
1960 2946 2177 3015 Lucius,

579 3058 717 3107 teste
742 3060 927 3104 saneto
962 3045 1176 3105 Justino
1195 3087 1211 3114 ,
1242 3045 1441 3118 gratias
1470 3041 1700 3110 Urbica,
1725 3041 1817 3115 qui
1861 3041 2011 3096 illum
2040 3057 2176 3097 con-

578 3143 930 3200 dcmnaverat
956 3183 973 3209 ,
1009 3141 1225 3197 retulit:
1265 3145 1290 3194 6
1341 3142 1390 3193 δὲ
1429 3142 1511 3192 nisi
1555 3145 1696 3216 χάριν
1740 3141 1912 3191 εἰδέναι
1953 3141 2180 3209 ὡμολόγει

2289 2113 2367 2170 hil
2390 2115 2650 2172 interesse
2672 2115 2811 2173 inter
2831 2118 2994 2173 vitam
3024 2128 3076 2173 et
3105 2128 3338 2174 mortem
3360 2120 3553 2192 (Stob.
3575 2137 3721 2177 scrin.
3753 2119 3853 2189 120,

2287 2224 2411 2281 pag.
2443 2208 2605 2281 606).
2632 2210 2705 2265 Dc
2733 2209 2825 2264 illo
2848 2219 3026 2266 autem
3058 2211 3205 2281 plura
3234 2211 3479 2268 Laertius
3504 2255 3521 2280 ,
3558 2229 3711 2284 quem
3743 2228 3850 2270 con-

2288 2302 2406 2357 sule
2433 2299 2643 2373 (Laert.
2672 2302 2761 2357 lib.
2791 2300 2880 2367 IX,
2914 2303 2968 2357 in
3029 2301 3129 2357 Vit.
3163 2301 3444 2375 Pyrrham,
3474 2304 3595 2376 §9l
3631 2316 3679 2361 et
3699 2305 3850 2376 ιαμ).

2288 2393 2529 2465 Denique
2570 2392 2849 2464 sanguinis
2887 2393 3045 2466 hujus
3088 2397 3260 2468 major
3289 2395 3387 2451 fuit
3427 2394 3698 2464 facundia,
3725 2413 3852 2469 quam

2288 2485 2549 2553 Callinici,
2580 2486 2832 2543 videlicet
2884 2486 3156 2557 Suctorii,
3222 2490 3290 2546 ab
3357 2490 3687 2564 llicronymo
3735 2492 3853 2548 citati

2288 2577 2617 2653 (Ilierongm.
2646 2580 2925 2652 protegam.
2960 2582 3011 2635 in
3040 2580 3268 2648 Daniel.,
3288 2600 3408 2654 pag.
3442 2583 3584 2640 1075
3604 2585 3644 2655 ),
3666 2585 3749 2656 qui
3768 2598 3852 2640 non

2285 2673 2459 2727 solum
2487 2670 2797 2738 historicus,
2826 2673 2924 2730 sed
2951 2676 3194 2745 SOphista
3225 2677 3387 2731 etiam
3421 2675 3546 2732 fuit.
3579 2676 3756 2735 Varias
3775 2692 3849 2733 att-

2284 2772 2395 2822 tem
2423 2766 2593 2822 edidit
2616 2769 3094 2826 commentationes
3124 2786 3154 2825 a
3184 2769 3349 2825 Suida
3375 2780 3430 2827 et
3450 2770 3649 2828 Vossio
3678 2772 3849 2827 indica-

2287 2866 2368 2914 tas
2396 2859 2417 2929 (
2446 2859 2602 2915 Suid.
2632 2862 2699 2915 ad
2744 2878 2792 2916 υ.
2823 2869 3127 2930 Rutilium“;
3174 2861 3322 2919 Voss.
3348 2865 3438 2919 lib.
3468 2864 3518 2921 ΙΙ
3570 2866 3633 2922 de
3681 2864 3849 2924 Hister.

2286 2948 2474 3017 Greca,
2520 2969 2639 3024 cap.
2691 2953 2792 3021 i5,
2844 2972 2965 3026 pag.
3009 2956 3118 3013 225
3162 2954 3222 3027 ),
3272 2958 3516 3029 aliasque
3572 2960 3757 3031 plures.
3801 2961 3853 3015 At

2284 3059 2445 3100 unam
2473 3060 2538 3101 ex
2577 3045 2643 3100 iis
2682 3044 2823 3101 haud
2854 3047 3014 3104 dubie
3044 3048 3245 3120 legerat
3267 3049 3661 3122 Tertullianus,
3685 3053 3764 3109 ubi
3799 3050 3851 3107 de

2284 3139 2538 3210 patientia
2565 3150 2619 3195 et
2640 3141 3033 3197 contemnenda
3061 3152 3236 3199 morte
3263 3144 3549 3202 disseruit.
3632 3147 3645 3155 ’

578 3253 785 3309 πονηρῶν
831 3240 1061 3293 δεσποτῶν
1100 3250 1189 3292 τῶν
1215 3237 1436 3291 τσωῦτων
1466 3238 1796 3303 ἀπηλλάχθαι,
1828 3241 2057 3304 γινώσκων
2092 3235 2176 3285 uti

2355 3231 2583 3303 Sanguis
2622 3233 2782 3305 igitur
2822 3247 3116 3308 martyrum
3149 3237 3407 3308 majorcnt
3440 3240 3509 3295 ad
3545 3240 3847 3313 persuaden-

577 3341 691 3402 πρὸς
739 3339 820 3387 τὸν
861 3336 1055 3400 “stripe:
1102 3330 1185 3381 καὶ
1240 3334 1450 3399 βασιλέα.
1493 3342 1583 3382 τῶν
1635 3330 1837 3398 οὐρανῶν
1880 3334 2176 3398 «optinebat.

576 3422 647 3479 Ei
667 3412 871 3495 quidem
893 3438 948 3477 se
976 3420 1198 3493 gratiam
1226 3420 1314 3473 ille
1337 3418 1514 3474 debere
1532 3423 1791 3489 professus
1818 3427 1930 3473 est:
1958 3433 1992 3471 a
2026 3417 2179 3472 malis

574 3517 762 3589 quippe
789 3514 1010 3569 dominis
1028 3530 1080 3568 se
1101 3511 1330 3580 liberari,
1353 3520 1401 3566 et
1423 3510 1492 3565 ad
1507 3508 1678 3565 Deum
1703 3508 1912 3565 Patrem
1936 3517 1983 3564 et
2010 3525 2178 3580 regem

573 3612 815 3668 caelorum
864 3608 1081 3666 transire
1153 3606 1398 3680 (Justin.
1456 3604 1676 3678 Apolog.
1724 3606 1761 3661 2
1804 3605 1873 3660 ad
1926 3605 2105 3661 Sonat.
2128 3603 2173 3677 ).

573 3703 677 3762 Sed
710 3704 783 3770 id,
811 3703 857 3759 si
884 3716 1106 3758 necesse
1126 3709 1292 3761 esset.
1321 3698 1541 3755 infinitis
1579 3699 1963 3771 propemodum
1992 3714 2176 3757 exem—

573 3800 677 3872 plis
706 3798 861 3855 facile
887 3809 1066 3867 posset
1091 3794 1451 3867 comprobari.

647 3892 762 3948 Non
790 3892 982 3946 mirum
1010 3891 1208 3961 itaque,
1229 3890 1272 3944 si
1294 3904 1402 3960 quo
1418 3887 1611 3959 majori
1629 3887 1948 3945 crudelitate
1971 3887 2174 3944 ethnici

573 3985 908 4043 Christianos
954 3983 1130 4054 gladio
1173 3981 1538 4049 demetebant,
1561 3996 1627 4035 eo
1657 3980 1839 4050 plures
1878 3996 1946 4036 ex
1987 3995 2171 4036 eorum

572 4080 851 4150 sanguine,
876 4078 1026 4148 quasi
1047 4074 1446 4133 [mundissimo
1473 4073 1699 4140 semine,
1716 4072 2044 4129 oriebantur.
2066 4073 2173 4129 Sed

573 4171 721 4236 audi,
750 4170 993 4233 obsecro,
1024 4170 1308 4224 Auctorem
1339 4177 1602 4231 nostrum,
1630 4166 1719 4236 qui
1763 4165 1912 4223 hisce
1952 4166 2170 4223 totidem

574 4264 756 4319 verbis
800 4263 1057 4333 ipsosmet
1101 4258 1347 4316 ethnicos
1386 4257 1713 4327 alloquitur:
1748 4254 1858 4311 Nec
1898 4257 2172 4328 quidquam

573 4355 778 4428 proﬁcit
821 4353 1116 4423 exquisitior
1141 4366 1351 4424 quisque
1390 4349 1667 4405 crudelitas
1708 4358 1870 4405 uestra
1891 4391 1907 4417 ,
1938 4351 2172 4406 illecebra

573 4458 646 4506 est
688 4448 849 4520 magis
887 4455 1055 4501 sectw.
1106 4444 1289 4499 Plures
1339 4443 1604 4515 efﬁcimur,
1632 4443 1826 4513 quoties
1869 4444 2104 4499 metimur
2139 4461 2171 4498 a

571 4542 729 4597 vobis.
774 4540 960 4595 Semen
1000 4547 1072 4593 est
1108 4538 1318 4609 sanguis
1363 4536 1765 4592 Christianorum
1812 4535 2168 4607 (Tertullian.

570 4625 864 4708 Apologet'q
882 4650 1002 4705 cap.
1021 4632 1112 4700 50,
1137 4647 1259 4703 pag.
1283 4628 1437 4704 555).
1457 4630 1596 4685 Alibi
1625 4644 1788 4685 vero:
1812 4627 1922 4684 Nec
1951 4630 2169 4699 deﬁciet,

572 4732 765 4804 inquit,
795 4729 903 4784 lucc
923 4738 1079 4794 secta,
1111 4743 1266 4798 quam
1296 4737 1415 4780 tunc
1434 4725 1682 4795 aediﬁcari
1724 4726 1879 4794 scias,
1904 4741 2020 4780 cum
2046 4724 2174 4780 credi

570 4827 767 4883 uidetur
791 4822 997 4898 (Idem,
1021 4821 1110 4877 lib.
1138 4823 1207 4875 ad
1227 4818 1474 4893 Scapul.,
1498 4820 1553 4874 in
1581 4821 1674 4890 ﬁn.
1695 4816 1738 4891 ).
2062 4880 2069 4885 _

642 4921 781 4991 Quin
824 4919 989 4975 etiam
1030 4918 1075 4973 is
1121 4916 1238 4989 ipse
1282 4924 1580 4987 martyrum
1627 4916 1864 4985 sanguis,
1900 4923 2006 4968 tam
2049 4910 2173 4967 forti

571 5014 947 5085 constantique
981 5012 1162 5067 animo
1205 5010 1440 5077 ell‘usus,
1472 5024 1661 5064 omnes
1690 5023 1912 5078 prorsus
1936 5007 2172 5079 gentiles

570 5108 686 5164 sive
713 5106 1082 5179 philosophos,
1114 5104 1231 5161 sive
1255 5103 1412 5167 alios,
1439 5102 1528 5172 qui
1546 5100 1805 5172 quosdam
1835 5100 1901 5156 ad
1941 5101 2171 5157 toleran-

568 5188 709 5259 tiam
747 5200 987 5267 doloris,
1018 5205 1076 5254 et
1115 5197 1306 5253 mortis
1351 5203 1717 5265 contemptum
1767 5193 1964 5249 hortati
2006 5203 2167 5262 sunt,

572 5294 878 5368 eloquentia
921 5293 1079 5364 longe
1112 5290 1403 5362 superavit.
1433 5287 1565 5345 Nam
1590 5286 1927 5359 eloquentior
1952 5286 2053 5343 fuit
2079 5286 2170 5343 Ci-

572 5404 769 5446 cerone
814 5387 870 5442 in
913 5384 1244 5451 Tusculanis,
1284 5382 1424 5439 sicut
1463 5382 1540 5437 ait
1580 5379 1943 5436 Tertullianus
1970 5378 2167 5453 (Idem,

574 5482 870 5555 Apologet.,
893 5479 993 5535 loc.
1025 5477 1115 5533 cit.
1140 5482 1185 5550 ).
1217 5476 1417 5532 Harum
1439 5484 1617 5532 autem
1647 5476 2004 5545 quaestionum
2032 5474 2170 5531 liber

575 5576 792 5647 primus,
820 5580 881 5627 ut
906 5568 1149 5642 ejusdem
1173 5568 1453 5624 Ciceronis
1484 5567 1665 5623 verbis
1702 5574 1937 5635 utamur,
1963 5568 2027 5622 de
2048 5584 2170 5623 con-

577 5665 846 5724 temnenda
865 5673 1048 5729 morte,
1061 5660 1309 5719 secundus
1328 5659 1393 5715 de
1413 5658 1677 5715 tolerando
1697 5660 1874 5716 dolore
1888 5703 1905 5727 ,
1930 5660 1993 5715 de
2013 5662 2168 5732 aegri-

576 5762 752 5818 tudine
777 5756 1012 5814 lenienda
1039 5755 1238 5824 tertius,
1264 5763 1475 5827 quartus
1515 5756 1579 5810 de
1614 5755 1822 5828 reliquis
1857 5754 2018 5810 animi
2046 5771 2166 5826 per-

578 5848 980 5919 turbationibus,
1018 5848 1386 5921 quintus.......
1416 5846 1560 5903 docet
1610 5846 1680 5902 ad
1719 5844 1862 5905 beate
1902 5846 2170 5906 uiuendum

2283 3327 2411 3385 dum
2438 3330 2543 3386 vim
2572 3330 2774 3395 habuit,
2802 3347 2962 3403 quam
2993 3334 3100 3390 ulla
3126 3333 3318 3390 horum
3342 3336 3681 3408 aliorumque
3702 3337 3851 3393 ethni-

2281 3436 2469 3477 corum
2510 3424 3236 3498 quorumlibeLscriptorum
3269 3428 3705 3501 eloquentissima
3745 3447 3845 3488 ora-

2279 3517 2377 3574 tio.
2422 3517 2608 3590 Neque
2652 3519 2706 3574 id
2754 3520 3084 3577 Tertulliauo
3124 3523 3221 3577 fuit
3259 3523 3488 3595 probatu
3521 3525 3857 3591 difticite,setl

2281 3608 2441 3667 obvio
2484 3611 2761 3681 omnibus,
2811 3623 2867 3670 et
2913 3616 3263 3672 invictissime
3310 3616 3477 3675 hocce
3524 3630 3846 3692 argumento:

2281 3701 2406 3758 Non
2430 3713 2617 3770 tantos,
2662 3708 2850 3777 inquit,
2886 3709 3143 3764 inueniunt
3167 3710 3351 3765 horum
3390 3712 3543 3767 rerba
3579 3713 3844 3785 discipulos,

2278 3806 2496 3868 quantos
2522 3799 2785 3854 christiani
2812 3801 2985 3872 factis,
3016 3803 3119 3859 hoc
3146 3814 3249 3871 est,
3278 3805 3447 3860 effuso
3471 3809 3726 3880 sanguine
3747 3820 3843 3874 suo,

2279 3890 2507 3947 docendo
2537 3894 2554 3964 (
2589 3891 2894 3950 Tertullian.
2938 3894 3231 3967 Apologet.,
3280 3913 3397 3968 cap.
3427 3896 3520 3966 50,
3557 3918 3674 3973 pag.
3716 3895 3843 3968 555).

2278 3983 2547 4052 Quantum
2571 3989 2717 4044 enim
2746 3990 2862 4061 ipso
2904 3990 3215 4047 Tertulliani
3260 4004 3501 4067 tempore
3543 3992 3843 4066 multiplicati

2276 4075 2476 4134 fuerint
2510 4078 2799 4137 Christiani
2837 4084 2946 4154 jam
2976 4087 3330 4142 ostendimus.
3366 4091 3435 4142 At
3463 4104 3596 4145 vero
3622 4090 3711 4144 illa
3732 4089 3842 4159 ipsa,

2277 4171 2348 4227 ita
2378 4173 2470 4229 ille
2492 4173 2686 4230 affatur
2708 4176 2965 4247 gentiles,
2993 4177 3284 4247 obstinatio,
3310 4197 3462 4252 quam
3514 4181 3839 4256 exprobratis,

2276 4269 2520 4338 magistra
2547 4280 2620 4323 est
2650 4267 2835 4347 (Ibid.
2854 4272 2897 4343 ).
2930 4271 3135 4328 Plinius
3173 4276 3319 4329 enim
3349 4275 3651 4345 Secundus,
3680 4272 3840 4331 abillo

2277 4361 2429 4430 prius
2458 4362 2651 4417 citatus
2672 4363 2847 4432 (idem,
2867 4365 3016 4432 ibid.,
3043 4382 3159 4437 cap.
3179 4365 3232 4431 2,
3254 4386 3373 4439 pag.
3401 4370 3557 4443 271),
3587 4371 3685 4426 huc
3708 4368 3839 4424 obsti-

2274 4454 2496 4509 nationis
2526 4457 2741 4512 nomine
2769 4459 2935 4513 utitur
2960 4459 3014 4513 in
3035 4475 3129 4514 sua
3161 4466 3226 4515 ait
3255 4461 3545 4532 Trajanum
3576 4466 3836 4536 imperato-

2277 4558 2392 4599 rem
2435 4547 2694 4617 epistola,
2740 4565 2844 4621 qua
2892 4550 2969 4605 illi
3026 4554 3239 4623 scripsit
3266 4571 3282 4607 :
3313 4572 3371 4610 se
3424 4557 3558 4612 nihil
3578 4558 3835 4613 1uvenisse

2280 4637 2332 4692 in
2374 4636 2715 4710 Christianis,
2760 4653 2943 4713 praeter
2977 4643 3361 4702 obstinationem
3403 4665 3507 4704 non
3549 4644 3841 4718 sacriﬁcandi

2280 4729 2429 4787 falsis
2494 4732 2712 4789 illorum
2779 4736 2905 4792 diis.
2978 4737 3113 4793 Tutn
3167 4739 3364 4799 deinde
3428 4742 3545 4799 haec
3614 4742 3832 4812 adjecit:

2280 4820 2458 4893 Neque
2523 4824 2837 4894 dubitabant,
2884 4829 3248 4902 qualecumque
3292 4843 3417 4888 esset
3466 4834 3603 4905 quod
3648 4837 3838 4906 fateret-

2278 4923 2381 4983 ων»
2439 4917 2775 4988 Pet't'icaciam
2846 4932 2981 4977 certe
3054 4932 3100 4977 et
3170 4922 3527 4993 inﬂexibilent_
3578 4922 3840 4980 obstinatio-

2276 5024 2392 5063 nem
2418 5009 2595 5066 debere
2620 5013 2797 5082 puniri
2822 5012 2843 5087 (
2870 5012 3038 5081 Plin.,
3073 5015 3161 5071 lib.
3193 5014 3262 5079 Χ,
3294 5033 3376 5088 ep.
3412 5018 3535 5085 101,
3561 5035 3681 5090 pag.
3703 5013 3835 5086 575).

2277 5097 2494 5157 Ethnici
2522 5103 2701 5175 itaque
2728 5107 3081 5175 pervicaciam
3103 5118 3159 5164 et
3183 5108 3526 5167 inflexibilem
3552 5112 3840 5167 obstinatio-

2273 5208 2397 5248 nem
2437 5196 2778 5266 appellabant
2820 5197 2957 5256 hanc
3022 5202 3383 5259 invincibilem
3438 5205 3837 5261 Christianorum

2272 5292 2650 5355 constantiam,
2678 5309 2781 5363 qua
2816 5295 2960 5350 omni
2991 5297 3326 5353 cruciatuum
3368 5307 3836 5367 tormentorumque

2271 5394 2469 5451 genere
2490 5386 2859 5441 excarniﬁcari
2884 5388 3248 5461 trucidarique
3278 5389 3569 5458 malebant,
3598 5404 3748 5462 quam
3766 5383 3835 5441 vel

2272 5476 2552 5533 minimum
2596 5478 2698 5533 diis
2740 5479 2941 5536 tictitiis
2977 5481 3107 5540 dare
3147 5499 3372 5554 granum
3396 5486 3596 5553 thuris,
3624 5487 3702 5541 vel
3726 5481 3834 5539 reli-

2271 5569 2490 5640 gionem
2515 5585 2666 5627 suam
2687 5589 2889 5646 negare
2916 5589 3008 5631 aut
3032 5576 3394 5635 dissimulare.
3440 5581 3515 5637 Ea
3559 5580 3714 5652 igitur
3749 5573 3835 5630 nii-

2272 5662 2439 5717 rauda
2488 5680 2711 5737 prorsus
2758 5668 2924 5724 animi
2969 5668 3231 5727 fortitudo
3279 5672 3531 5746 magistra
3558 5681 3830 5741 erat,qtm

2272 5755 2501 5814 ethnicis
2527 5761 2681 5832 plane
2704 5763 3061 5834 persuadebat
3084 5782 3269 5825 verant
3293 5783 3415 5829 esse
3432 5769 3601 5827 solam
3619 5774 3832 5827 nostum

2272 5849 2609 5909 religionem.
2906 5882 2919 5893 α

2271 5864 2609 5923 religionem.
