4076 6356
262 366 372 456 969’

850 501 1139 545 ARTICULUS
1176 501 1255 544 Ill.

263 626 531 694 Quomodo
571 625 918 682 Tertullianus
944 627 1144 699 refellat
1178 628 1411 684 ethnicos
1453 625 1741 697 objicientes
1768 626 1853 682 in-

320 722 519 792 justam
556 736 664 776 esse.
692 720 1102 777 Christianorum
1137 738 1169 776 a
1196 736 1250 776 se
1274 731 1567 775 uexatorum
1596 720 1853 792 querimoo

328 814 489 882 niam,
507 815 696 884 quippe
719 814 805 884 qui
829 814 896 868 ad
927 823 1175 868 tormenta
1201 830 1262 868 ac
1289 823 1519 880 mortem,
1545 828 1721 882 quam,
1751 812 1854 866 dis-

329 905 568 962 simulata
594 905 835 976 religione
861 921 976 969 sua,
1005 905 1228 960 devitarc
1254 915 1507 976 poterant,
1537 913 1718 975 sponte
1740 920 1856 958 cur-

329 1008 511 1064 rentes,
542 997 646 1050 dici
670 998 838 1068 potius
867 997 1109 1053 debebant
1133 997 1387 1053 dementes
1412 1009 1456 1053 et
1487 997 1776 1068 desperati;
1797 1012 1857 1050 ac

328 1106 426 1162 quo
441 1091 562 1162 jure
585 1089 717 1144 hanc
748 1089 1162 1145 obtrectationem
1190 1099 1374 1145 evertat
1401 1089 1647 1160 exemplis
1682 1083 1854 1154 Matii,

330 1179 690 1252 Empedoclis,
719 1178 976 1249 Didonis,
1012 1181 1224 1254 Reguli,
1269 1181 1580 1245 Anaxarchi,
1621 1181 1857 1235 laconum

329 1289 638 1345 puerorum,
684 1275 852 1330 atticce
904 1275 1170 1344 mulieris,
1216 1275 1538 1348 CleOpatrw,
1587 1285 1636 1330 et
1683 1275 1858 1330 uxoris

331 1367 650 1422 Asdrubalis.
695 1436 702 1441 ο

333 1505 542 1562 Ethnici
571 1517 626 1560 ut
654 1507 940 1562 immanem
980 1518 1034 1562 et
1078 1507 1402 1563 horrendam
1433 1521 1583 1562 suam
1619 1507 1670 1561 in
1700 1503 1858 1560 Chri-

259 1601 464 1657 stianos
510 1600 880 1656 crudelitatem
927 1617 1142 1673 quoquo
1177 1601 1338 1656 modo
1384 1610 1726 1664 excusarent,
1778 1616 1862 1656 re-

261 1691 598 1763 spondebant
622 1695 686 1749 iis
709 1694 882 1764 perire
897 1693 1200 1750 volentibus
1224 1695 1420 1750 nullam
1442 1695 1557 1749 licri
1579 1695 1858 1766 injuriam;

261 1785 372 1840 imo
413 1800 542 1840 vero
575 1785 773 1842 debere
817 1803 910 1843 eos
954 1787 1176 1858 diligere
1202 1830 1216 1854 ,
1263 1805 1358 1858 per
1388 1803 1544 1857 quos,
1571 1804 1731 1860 quam
1763 1805 1858 1842 vo-

1404 368 1853 429 DISSERTATIO
1891 367 1957 428 D.
1996 369 2085 428 LE
2123 367 2430 432 NOURRY.
3317 443 3320 446 ,

1891 488 1943 547 Α
1970 489 2172 544 tullian.
2219 489 2509 561 Apologet.,
2565 505 2685 560 cap.
2712 489 2805 555 27,
2837 507 2958 564 pag.
2999 491 3152 564 455),
3193 507 3288 550 seu
3317 497 3558 563 mentali,

3451 379 3558 439 970

1960 583 2034 636 uti
2063 583 2241 648 aiunt,
2273 584 2612 640 restrictione
2637 627 2652 648 ,
2691 585 2794 640 diis
2834 586 3166 649 sacriﬁcare.
3199 589 3381 657 sicque
3411 589 3561 644 abire

1959 675 2132 731 illaesi.
2161 676 2266 732 Sed
2295 676 2350 732 hi
2377 692 2508 734 sane
2529 677 2865 735 fraudulenta
2895 680 3241 736 humanitatis
3266 681 3444 753 specie
3467 681 3563 738 da-

1959 766 2088 824 bant
2128 768 2434 826 christianis
2482 770 2792 837 consilium,
2826 787 2930 843 quo
2959 772 3198 843 ipsorum
3247 775 3564 831 credulitate

1958 859 2330 916 abuterentur.
2357 861 2474 917 Non
2501 861 2718 919 aliunde
2748 873 2949 930 autem,
2985 866 3154 937 pergit
3176 865 3561 929 Tcrtullianus,

1961 949 2063 1007 hoc
2126 953 2408 1008 collsilium
2469 969 2726 1011 emanare
2792 964 3028 1026 poterat,
3085 971 3242 1028 quam
3297 973 3362 1013 ex
3415 967 3564 1028 patre

1959 1045 2226 1100 mendacii
2269 1045 2512 1114 diabolo,
2549 1047 2639 1118 qui
2683 1046 2901 1102 eosdem
2950 1048 3274 1104 chriStianos
3314 1061 3401 1106 aut
3432 1050 3481 1104 vi
3506 1058 3562 1104 et

1961 1140 2189 1207 szevitia,
2212 1149 2305 1196 aut
2342 1141 2531 1198 saltem
2563 1142 2758 1197 astutia
2787 1151 2840 1198 et
2877 1142 3002 1198 dolo
3027 1143 3416 1199 circumvenire
3443 1158 3560 1198 mo-

1962 1234 2219 1290 liebatur.

2035 1327 2312 1383 Summum
2378 1328 2592 1400 itaque,
2644 1339 2703 1383 ut
2757 1345 2917 1400 supra
2975 1330 3308 1386 ostendimus
3348 1329 3562 1404 (Supr.

1962 1438 2077 1490 cap.
2106 1420 2159 1485 9,
2199 1431 2302 1478 art.
2346 1420 2417 1486 5;
2467 1432 2588 1476 tom.
2619 1419 2640 1474 1
2675 1422 2924 1492 Apparat.
2954 1464 2968 1487 ,
3003 1440 3122 1494 pag.
3155 1423 3258 1478 357
3282 1423 3324 1494 ),
3360 1422 3412 1477 hi
3455 1423 3566 1492 pia-

1963 1513 2144 1568 culum
2193 1528 2316 1568 esse
2355 1512 2732 1568 existimabant
2762 1515 2869 1568 ullo
2902 1531 3132 1586 unquam
3179 1513 3340 1570 modo
3367 1516 3428 1568 de
3451 1531 3566 1582 sua,

1966 1605 2104 1660 sicut
2139 1605 2214 1659 ait
2258 1603 2617 1660 Tertullianns
2637 1647 2652 1672 ,
2679 1607 2924 1676 religione
2954 1608 3172 1662 mentiri.
3207 1607 3567 1675 Quamobrem

1967 1694 2238 1752 malebant
2277 1694 2578 1765 quoslibet,
2621 1710 2684 1750 ac
2726 1697 3070 1766 quantumvis
3116 1696 3414 1752 horrendos
3440 1713 3568 1752 cru-

1967 1787 2138 1841 cintus
2183 1787 2455 1857 experiri,
2487 1787 2658 1858 iisque
2687 1788 2980 1855 trucidari,
3011 1785 3167 1858 quam
3200 1789 3307 1845 ullo
3347 1790 3570 1844 minimo

263 1877 445 1933 lebant
496 1879 894 1951 optabantqne,
946 1890 1175 1935 mortem
1229 1879 1723 1952 consequebantur.
1755 1879 1861 1937 Sed
1893 1887 1940 1946 Β
1970 1877 2286 1943 mendacio,
2329 1889 2419 1934 aut
2468 1880 2571 1933 ulla
2620 1879 3084 1948 dissimulatione,
3114 1891 3207 1936 aut
3253 1881 3570 1951 exceptione

263 1967 624 2025 Tertullianus
643 1972 881 2029 ostendit
911 1973 1124 2028 inanem
1155 1987 1374 2042 prorsus
1397 1972 1715 2042 {utilemque
1744 1987 1866 2028 esse

266 2065 403 2120 hanc
431 2067 858 2136 responsionem.
891 2067 934 2121 Α
964 2066 1290 2122 Christianis
1317 2067 1584 2137 siquidem
1631 2067 1866 2136 postula-

268 2158 396 2213 bant
432 2157 680 2230 gentiles,
714 2170 769 2213 ut
799 2159 964 2214 falsos
997 2159 1127 2215 deos
1156 2160 1400 2215 colerent
1421 2201 1435 2222 ,
1464 2173 1730 2229 suumque
1774 2173 1867 2214 ne-

267 2259 457 2321 garent
479 2251 654 2306 solum
685 2259 742 2306 et
768 2267 952 2307 verum
985 2267 1105 2307 esse
1136 2251 1326 2306 Deum.
1370 2252 1440 2305 At
1483 2251 1612 2306 illud
1651 2251 1865 2322 quidem

269 2345 322 2400 in
355 2353 620 2415 potestate
659 2344 896 2415 ipsorum
939 2361 1003 2400 ac
1033 2345 1305 2400 voluntate
1344 2345 1576 2416 positum
1611 2355 1868 2400 constan-

269 2435 477 2491 tissime
519 2436 869 2500 recusabant,
919 2436 1298 2506 malebantque
1339 2435 1612 2503 damnari,
1638 2451 1796 2505 quam
1838 2451 1867 2489 a

272 2527 387 2583 Dvo
430 2528 661 2583 excidere
715 2529 735 2598 (
779 2526 1083 2582 Tertulliau.
1137 2528 1430 2600 Apologet.,
1457 2545 1575 2599 cap.
1607 2529 1675 2584 49
1701 2571 1714 2591 ,
1746 2545 1864 2599 pag.

271 2619 423 2692 5'28),
445 2620 495 2676 id
520 2630 624 2686 est,
647 2637 770 2676 eum
795 2621 1093 2677 reluctante
1122 2622 1450 2678 conscientia
1478 2623 1643 2678 Deum
1672 2638 1872 2694 negan-

273 2714 364 2778 do,
393 2731 424 2769 a
453 2714 630 2770 divina
671 2713 789 2785 ejus
829 2716 996 2785 gratia
1025 2717 1294 2780 excidere,
1325 2730 1388 2770 ac
1416 2715 1592 2785 pinnis
1624 2715 1775 2771 brevi
1803 2714 1870 2770 ﬁ-

274 2807 506 2875 niendis,
520 2816 576 2862 et
601 2821 812 2863 summo
839 2808 1046 2864 scelere
1071 2807 1379 2874 declinatis,
1412 2807 1606 2863 merito
1633 2806 1872 2865 incidere

274 2899 328 2956 in
359 2911 612 2956 cateruas.

344 2994 544 3050 Invicto
572 2993 734 3066 igitur
760 2994 1031 3065 alacrique
1060 2995 1242 3050 animo
1273 2994 1381 3063 pati
1415 2995 1574 3065 plane
1599 2994 1866 3063 volebant,

271 3101 443 3140 verum
507 3102 565 3141 eo
629 3103 803 3154 more,
862 3087 938 3140 ait
997 3085 1388 3152 Tcrtullianus,
1437 3102 1536 3156 quo
1595 3096 1640 3139 et
1687 3086 1872 3141 bellum

272 3179 460 3248 miles(
493 3177 629 3232 Ibid.
660 3179 700 3249 ).
731 3177 808 3233 Ita
845 3178 986 3234 enim
1041 3179 1091 3233 in
1137 3179 1386 3234 omnibus
1436 3176 1648 3233 ineditis
1678 3187 1733 3232 et
1758 3177 1868 3232 edi-

1971 1973 2190 2028 mentali
2211 2015 2226 2038 ,
2263 1973 2462 2044 lingere
2491 1989 2550 2029 se
2582 1974 2812 2045 aliquem
2838 1975 3019 2030 colere
3047 1975 3214 2031 Deum
3236 2017 3250 2043 ,
3284 1990 3443 2046 quem
3474 1973 3570 2029 fal-

1971 2081 2088 2122 SUlll
2117 2082 2238 2122 esse
2266 2078 2545 2122 noverant.

2045 2161 2143 2214 Ast
2172 2160 2214 2214 si
2253 2174 2358 2212 non
2389 2157 2672 2224 dementis,
2713 2159 3022 2232 inquiebant
3051 2160 3274 2228 ethnici,
3305 2169 3454 2216 certe
3479 2159 3573 2215 de—

1973 2251 2169 2323 sperati
2198 2249 2430 2305 hominis
2453 2263 2565 2306 erat
2607 2251 2826 2307 cuilibet
2850 2252 3233 2322 suppliciorum
3277 2253 3482 2323 generi,
3512 2268 3575 2308 ac

1973 2344 2358 2399 crudelissima:
2383 2344 2501 2400 neci
2529 2360 2649 2400 sese
2677 2333 2909 2415 objicch
2932 2387 2948 2412 ,
2980 2360 3101 2415 qua:
3125 2345 3284 2415 jactis
3309 2345 3362 2400 in
3393 2345 3572 2416 ignem

1960 2435 2183 2491 duobus
2203 2445 2294 2490 aut
2324 2436 2492 2492 tribus
2525 2435 2694 2490 thuris
2720 2435 2904 2507 granis
2935 2435 3187 2491 facillime
3223 2435 3449 2492 devitari
3478 2452 3578 2506 po-
3609 2461 3611 2463 -

1975 2529 2097 2584 luit.
2130 2529 2246 2584 Jam
2268 2545 2394 2585 vero
2415 2545 2444 2584 a
2476 2529 2630 2586 nobis
2676 2531 2694 2599 (
2719 2529 2984 2585 Dissertat.
3017 2531 3068 2583 in
3093 2529 3305 2596 Minut.,
3327 2546 3442 2596 cap.
3473 2529 3572 2596 12,

1962 2619 2078 2676 ‘art.
2112 2623 2162 2686 1,
2197 2633 2242 2676 et
2284 2623 2557 2677 Dissertat.
2585 2624 2637 2676 in
2669 2621 2932 2690 Lactant.,
2963 2639 3079 2694 cap.
3120 2624 3207 2690 10,
3240 2634 3338 2676 art.
3368 2623 3444 2695 5)
3473 2624 3574 2679 0b-

1975 2723 2244 2769 servatum
2271 2724 2354 2769 est
2379 2715 2706 2770 christianos
2723 2715 2791 2770 ab
2812 2715 3041 2770 ethnicis
3068 2716 3365 2785 appellatos
3393 2715 3579 2785 deplo-

1977 2815 2108 2860 rata:
2136 2815 2189 2861 et
2213 2805 2510 2876 desperata:
2542 2804 2791 2861 factionis
2822 2807 3096 2872 homines,
3125 2819 3406 2877 propterea
3433 2808 3578 2878 quod

1975 2900 2152 2955 omnia
2183 2909 2478 2964 tormenta,
2500 2909 2550 2955 et
2593 2900 2870 2972 quodlibet
2916 2900 3344 2956 crudelissimum
3391 2902 3582 2956 mortis

1975 3009 2148 3064 genus
2189 2994 2550 3063 deSpieerent,
2581 3008 2682 3049 nec
2721 3003 3056 3048 vererentur.
3108 2992 3399 3063 chulsam
3449 3007 3582 3048 vero

1976 3087 2045 3141 ab
2069 3087 2186 3142 aliis
2217 3087 2412 3142 ibidem
2442 3087 2674 3141 vidimus
2701 3085 2986 3142 absurdam
3021 3085 3221 3140 hancce
3247 3083 3580 3139 criminatio-

1978 3195 2121 3236 nem.
2149 3179 2285 3248 Quid
2317 3189 2498 3234 autem
2528 3178 2934 3234 Tertullianus?
2963 3176 3144 3244 Nulla,
3164 3178 3356 3248 inquit,
3387 3178 3579 3247 despe-

275 3274 342 3328 lis
367 3273 641 3328 codicibus
664 3284 788 3328 ante
816 3272 1130 3344 Rigaltium,
1157 3273 1250 3342 qui
1291 3271 1449 3326 solita
1498 3271 1708 3325 licentia
1740 3271 1867 3324 ulti-
1896 3281 1942 3342 ρ
1975 3271 2114 3326 ratio
2142 3281 2227 3324 aut
2259 3269 2487 3340 perditio
2514 3279 2616 3336 est,
2650 3270 2737 3326 ubi
2763 3270 2984 3324 minime
3013 3269 3172 3323 dubia
3204 3269 3452 3333 victoria,
3484 3269 3572 3323 tibi

275 3382 424 3422 mum
475 3381 669 3423 nomen
735 3367 880 3421 miles
935 3366 1145 3436 penitus
1189 3365 1430 3420 abstulit.
1482 3363 1587 3418 Sed
1645 3366 1874 3433 ipsumet

272 3459 524 3516 Auctoris
553 3460 719 3515 nostri
744 3459 914 3513 oratio
943 3457 1070 3513 illud
1101 3457 1373 3528 postulare
1397 3457 1618 3511 omnino
1641 3454 1866 3510 videtur.

272 3552 654 3610 Sanctissimos
679 3553 953 3607 enimvero
981 3560 1246 3623 martyres
1273 3558 1504 3614 nostros,
1529 3557 1650 3603 ante
1691 3558 1871 3618 tyran-

273 3663 464 3703 norum
495 3645 775 3702 tribunalia
804 3643 872 3700 de
898 3645 1158 3714 religione
1179 3657 1272 3698 sua
1300 3649 1589 3706 certantes,
1610 3657 1730 3697 cum
1754 3641 1872 3695 aliis

273 3755 304 3796 c
329 3739 542 3810 imponit
576 3737 852 3797 militibus.
881 3737 970 3808 qui
999 3747 1186 3807 aperto
1215 3745 1404 3799 marte,
1437 3748 1701 3804 manuque
1739 3748 1869 3788 con-

272 3841 452 3895 serta,
500 3845 621 3885 cum
667 3827 977 3898 reipublica:
1023 3826 1266 3882 hostibus
1317 3824 1571 3881 dimicant
1606 3825 1622 3898 (
1661 3823 1794 3879 Ibid.
1830 3823 1869 3895 ).

275 3921 525 3979 Prwlium
551 3922 835 3995 siquidem,
858 3923 932 3977 ait
959 3922 1067 3985 ille,
1091 3930 1145 3976 et
1167 3930 1350 3991 postea
1379 3918 1709 3983 Lactantius,
1734 3933 1874 3973 mar-

276 4019 408 4089 tyris
436 4027 549 4083 est,
580 4033 686 4087 quo
728 4026 851 4072 ante
873 4015 1130 4084 judicium
1159 4013 1440 4068 tribunalia
1469 4012 1560 4067 sub
1586 4012 1876 4066 discrimine

274 4113 456 4181 Capitis
487 4113 504 4180 (
539 4110 774 4166 Lactant.
807 4110 892 4166 lib.
930 4108 973 4165 V
1010 4109 1168 4163 divin.
1214 4105 1384 4161 Instit.
1411 4148 1426 4174 ,
1476 4122 1593 4176 cap.
1629 4107 1715 4169 ll,
1750 4121 1871 4175 pag.

271 4205 728 4271 49!;Tertullian.
772 4203 870 4259 loc.
913 4204 1004 4258 cit.
1029 4203 1072 4275 ),
1103 4216 1208 4257 non
1235 4212 1436 4256 armata
1476 4198 1688 4270 quidem
1730 4197 1873 4254 ferro

274 4315 456 4364 manu,
481 4299 574 4354 sed
604 4299 798 4352 invicta
837 4296 1088 4366 patientia
1127 4293 1430 4366 pugnando,
1461 4294 1740 4348 victoriam
1763 4300 1868 4346 tam

275 4403 476 4449 certam
530 4409 688 4459 quam
732 4392 1020 4462 gloriosam
1069 4400 1327 4461 reportat.
1358 4392 1429 4442 At
1455 4387 1631 4442 nullus
1658 4386 1871 4456 quidem

275 4487 430 4541 miles
457 4485 683 4540 libenter
723 4498 782 4538 se
811 4485 1096 4537 committit
1123 4483 1328 4551 praelia,
1356 4482 1406 4534 in
1434 4497 1542 4551 quo
1571 4481 1692 4548 quia
1735 4479 1871 4550 peri-

274 4581 510 4645 clitatur,
545 4576 769 4632 naturali
805 4574 998 4630 timore
1045 4574 1294 4643 trepidat.
1338 4571 1439 4628 Ubi
1471 4588 1598 4626 vero
1635 4571 1871 4642 pnelium

1977 3373 2182 3418 certmn
2231 3361 2474 3436 placendi
2524 3363 2635 3417 Deo
2684 3361 2894 3432 pignus,
2926 3359 3015 3414 ubi
3065 3375 3312 3415 securum
3361 3369 3578 3415 :cterna:

1976 3454 2248 3511 felicitatis
2295 3454 2578 3524 praemium
2621 3452 2970 3525 (Tertullian.
3016 3452 3310 3523 Apologet.,
3339 3470 3455 3524 cap.
3486 3453 3576 3521 50,

1978 3564 2099 3618 pag.
2131 3545 2280 3616 550).

2050 3637 2154 3693 Sed
2195 3638 2420 3709 agedum
2442 3681 2457 3705 ,
2489 3653 2590 3708 qua
2626 3653 2812 3708 qureso
2857 3637 3035 3694 fronte
3080 3648 3341 3711 martyres
3370 3641 3578 3706 nostri,

1979 3740 2205 3785 mortem
2230 3744 2325 3798 pro
2350 3745 2474 3784 vera
2505 3744 2597 3783 sua
2625 3729 2884 3800 religione
2913 3730 3035 3784 heto
3063 3729 3370 3801 lubentique
3397 3731 3576 3784 animo

1979 3823 2256 3888 obeuntes,
2296 3831 2540 3892 poterant
2569 3820 2814 3878 nefanda:
2855 3821 3245 3892 desperationis
3281 3825 3350 3880 ab
3395 3822 3574 3878 ethni-

1979 3916 2058 3971 cis
2114 3915 2352 3970 accusari
2405 3914 2592 3986 (Ibid.
2625 3915 2692 3979 )?
2742 3915 2932 3971 Nonne
2975 3916 3052 3971 illi
3097 3917 3194 3986 ipsi
3257 3916 3452 3970 multos
3508 3931 3574 3971 ex

1979 4010 2111 4073 suis,
2141 4009 2230 4080 qui
2257 4008 2539 4063 dirissituis
2567 4008 2876 4075 tormentis,
2922 4023 3158 4078 ncceque
3204 4007 3468 4063 horrenda
3518 4021 3579 4061 se

1980 4102 2150 4159 occidi
2181 4102 2320 4157 ultro
2352 4101 2490 4171 passi
2521 4098 2735 4156 fuerant
2755 4141 2769 4164 ,
2804 4115 2910 4154 non
2949 4099 3176 4154 summis
3228 4108 3432 4153 tantum
3465 4098 3578 4151 lau-

1977 4198 2156 4260 dibus,
2207 4194 2299 4250 sed
2344 4203 2561 4249 :eterna:
2607 4193 2794 4262 gloria:
2855 4191 3041 4257 titulis,
3087 4207 3150 4246 ac
3189 4191 3378 4246 statuis
3419 4203 3579 4245 exor-

1981 4299 2240 4348 naverunt
2289 4286 2469 4360 (Ibid.
2503 4287 2558 4356 )?
2608 4285 2739 4340 Nam
2800 4285 3166 4355 prmtermisso
3223 4300 3416 4355 magno
3456 4284 3574 4354 gla-

1979 4385 2241 4439 diatorum
2299 4393 2543 4442 numero,
2576 4379 2698 4448 qui,
2729 4379 2865 4432 sicut
2913 4377 3046 4432 infra
3097 4377 3375 4438 dicemus,
3421 4392 3574 4432 suam

1978 4478 2138 4530 vitam
2162 4516 2175 4534 .
2219 4472 2407 4528 iisdem
2439 4470 2668 4526 ethnicis
2711 4469 3079 4534 laudantibus,
3110 4479 3301 4540 spoiite
3334 4470 3456 4525 leris
3481 4471 3580 4524 ob-

1972 4569 2169 4637 jectam
2187 4606 2203 4631 ,
2235 4579 2377 4632 sepe
2403 4562 2599 4632 s:cpius
2625 4562 2972 4629 amittebant,
3003 4572 3136 4617 certe
3159 4560 3374 4624 Matius,
3406 4561 3578 4630 inquit

275 4673 442 4729 semel
494 4673 627 4726 inire
690 4668 998 4738 compulsus
1042 4679 1157 4731 e5t,
1211 4667 1334 4720 totis
1383 4676 1578 4734 pugnat
1631 4665 1867 4728 viribus,
1895 4679 1950 4739 υ
1979 4663 2180 4714 Auctor
2229 4665 2450 4721 noster,
2501 4653 2759 4708 dexteram
2821 4671 2968 4708 suam
3011 4654 3186 4708 lubens
3228 4654 3280 4707 in
3327 4669 3416 4705 ara
3469 4669 3578 4707 cre-

274 4775 508 4835 tuncque
549 4764 760 4818 [zelatur
795 4776 916 4815 cum
946 4769 1212 4829 reportata
1242 4768 1325 4814 est
1355 4759 1592 4812 victoria.
1619 4758 1699 4811 Ad
1731 4757 1870 4812 hunc

275 4860 432 4930 igitur
479 4856 692 4912 modum
715 4881 718 4884 -
742 4864 945 4926 martyr
985 4852 1269 4924 pugnando
1307 4852 1561 4906 adversus
1593 4863 1866 4923 tyrannos,

275 4953 512 5020 ingenito
557 4950 808 5004 omnibus
855 4949 1046 5002 timore
1095 4945 1388 5014 periculum
1435 4943 1764 4998 reformidat.
1799 4945 1870 4998 Ue

277 5053 428 5114 parta
444 5052 620 5098 tamen
646 5041 866 5095 victoria
891 5049 1038 5093 t:nito
1060 5037 1254 5109 gaudio
1273 5035 1630 5107 perfunditur,
1654 5045 1710 5089 ut
1737 5051 1871 5102 prte-

276 5137 404 5193 lium
434 5137 574 5208 quod
618 5135 884 5191 declinare
929 5133 1156 5205 amplius
1203 5149 1306 5186 non
1353 5140 1548 5202 potest,
1583 5147 1684 5183 non
1713 5129 1872 5184 mmlo

276 5231 433 5295 velit,
477 5228 571 5284 sed
610 5237 752 5282 amet
791 5228 984 5290 etiam,
1013 5225 1368 5293 OlllllibUStllle
1412 5222 1612 5278 viribus
1635 5236 1756 5276 cum
1785 5230 1869 5292 ty-

276 5324 460 5380 rannis
487 5322 724 5378 dimicet.
765 5320 882 5376 Non
925 5321 1141 5390 putabat
1176 5333 1305 5388 ergo
1342 5316 1702 5372 Tertullianus
1733 5331 1867 5385 prte-

274 5415 590 5473 vertendum
616 5415 1017 5471 inconsiderata
1041 5413 1340 5468 temeritate
1371 5421 1582 5480 tempus
1609 5409 1869 5479 martyrii,

275 5510 370 5563 sed
398 5508 642 5579 quoties,
674 5506 785 5562 Deo
829 5507 898 5561 ita
946 5503 1285 5576 permittente
1306 5545 1321 5569 ,
1350 5500 1692 5567 oﬂ'erebatur,
1718 5502 1874 5554 toties

275 5603 469 5659 invicta
498 5601 660 5656 animi
692 5597 1004 5654 fortitudine
1029 5595 1388 5651 subeundum.

347 5699 416 5750 At
453 5695 667 5764 quidam
707 5691 906 5747 ethnici
942 5690 1060 5744 aliis
1090 5690 1356 5754 mitiores,
1384 5695 1438 5743 et
1466 5689 1517 5742 in
1542 5687 1875 5742 Christianos

274 5788 444 5858 magis
489 5786 771 5858 propensi,
815 5783 1076 5854 urgebant
1126 5780 1248 5834 illos
1277 5794 1399 5834 esse
1427 5780 1735 5845 dementes,
1785 5780 1874 5849 qui

272 5880 425 5938 facile
455 5890 722 5951 poterant,
753 5885 986 5930 manente
1007 5871 1147 5940 apud
1188 5873 1413 5925 animum
1435 5870 1728 5943 proposito(
1754 5869 1876 5925 Ter-

509 5973 944 6036 TEItI‘t‘LLIANl
991 5968 1039 6030 Ι.

1974 4753 2147 4816 movit,
2191 4758 2242 4802 ut
2279 4748 2373 4801 Itoc
2405 4747 2599 4817 factum
2625 4751 2765 4818 fanta
2795 4748 2906 4817 ejus
2929 4749 3130 4800 haberet
3153 4744 3346 4815 (Idem,
3375 4745 3464 4799 lib.
3507 4747 3576 4798 ad

1976 4844 2196 4914 Mai-tgr.
2244 4858 2359 4912 cap.
2411 4839 2444 4894 lt
2475 4838 2514 4910 ).
2548 4842 2617 4894 At
2656 4840 2722 4893 de
2771 4839 2872 4894 hoc
2913 4841 3027 4908 ipso
3065 4837 3209 4891 Mutii
3263 4839 3399 4890 iacto
3448 4837 3576 4892 alibi

1973 4936 2326 4993 disseruimus
2365 4935 2385 5006 (
2427 4932 2700 4989 Dissertat.
2741 4935 2794 4986 in
2839 4932 3026 4986 Minut.
3103 4930 3304 4999 0ctav.,
3353 4949 3466 5003 cap.
3498 4933 3531 4988 6
3563 4973 3578 4999 ,

1974 5041 2076 5087 art.
2106 5032 2141 5086 5

2047 5123 2236 5178 Nonne
2272 5121 2432 5176 etiam
2483 5117 2811 5190 Empedocles
2835 5156 2849 5180 ,
2881 5117 2954 5171 ait
2983 5115 3088 5180 ille,
3150 5125 3308 5170 totum
3341 5133 3447 5172 sese
3473 5117 3576 5173 Ca-

1978 5218 2260 5270 tanensium
2291 5211 2513 5267 JEtnazis
2552 5210 2752 5281 ignibus
2778 5207 3002 5262 donauit.
3036 5208 3169 5263 Male
3193 5208 3243 5262 in
3279 5212 3577 5265 manuscri-

1978 5309 2082 5379 ptis
2103 5306 2376 5362 codicibus
2401 5346 2414 5368 ,
2462 5301 2842 5356 Atheniensium
2869 5300 3121 5354 Atheneis.
3151 5301 3270 5355 Alio
3299 5303 3495 5374 quippe
3525 5304 3578 5358 in

1977 5401 2115 5456 libro
2139 5416 2168 5454 a
2205 5397 2358 5454 nobis
2383 5396 2492 5468 jam
2541 5395 2751 5472 citato,
2779 5394 3032 5461 scriptum
3067 5392 3134 5446 ab
3169 5393 3259 5447 illo
3304 5394 3528 5466 legimus
3565 5415 3577 5450 :

1982 5493 2081 5560 Qui
2106 5495 2158 5547 in
2189 5493 2329 5561 ignes
2358 5488 2553 5544 Αῖιηωὶ
2583 5486 2766 5541 montis
2795 5485 3013 5540 dissiluit
3065 5484 3393 5557 (Tertullian.
3421 5489 3577 5559 Apol.

1979 5603 2096 5653 cap.
2139 5585 2244 5649 49,
2291 5601 2412 5653 pag.
2459 5579 2600 5644 528;
2652 5589 2698 5632 et
2749 5577 2836 5632 lib.
2893 5579 2960 5630 ad
3012 5575 3272 5649 Mai-tgna,
3321 5596 3436 5650 cap.
3477 5581 3580 5653 4).

1982 5678 2120 5734 Alibi
2151 5693 2277 5731 vero
2304 5691 2322 5728 :
2357 5672 2689 5740 Empedocles
2715 5671 2834 5741 quia
2859 5687 2912 5725 se
2941 5669 3090 5723 deum
3114 5671 3472 5727 delirarat.....
3517 5691 3581 5728 ne

1981 5773 2153 5842 aliqua
2177 5769 2436 5840 sepultura
2459 5767 2738 5820 conditiore
2768 5775 3090 5834 putresceret,
3110 5782 3279 5818 assum
3302 5784 3354 5820 se
3376 5770 3581 5836 maluit,

1980 5869 2032 5923 in
2064 5863 2277 5919 .Etnam
2303 5860 2668 5934 praecipitando
2687 5858 2876 5931 (Idem,
2906 5858 2996 5913 lib.
3030 5860 3092 5912 de
3121 5861 3290 5914 Anim.
3320 5880 3434 5934 cap.
3462 5867 3581 5936 52).

2757 5954 3009 6034 (Tremo
3045 5962 3097 6013 el
3130 5957 3301 6035 uno.)
