4076 6356
485 372 588 433 971

482 491 643 548 Prius
668 495 852 548 autem
873 487 1129 548 Horatius
1154 486 1425 547 cecinerat
1453 505 1467 544 :

644 638 656 650 .
727 638 740 653 .
808 640 821 653 .
890 637 904 653 .
967 601 1138 653 Dicam
1154 601 1409 665 Siculique
1425 610 1585 665 poetic

637 664 860 717 Narrabo
875 666 1152 719 interitura:
1179 666 1307 721 deus
1327 664 1618 717 immortalis
1632 666 1809 716 haberi

638 724 924 842 Egiliupppit
946 726 1290 792 Empedocles,
1317 728 1572 781 ardentem
1603 727 1811 795 frigidus
1831 726 2041 805 Emam

898 852 1095 915 (Horat.
1122 853 1187 905 de
1206 854 1314 906 Art.
1339 858 1465 919 post.
1493 865 1538 905 υ.
1561 852 1656 904 to:
1677 858 1723 905 es
1743 853 1903 920 seqq.)
1972 912 1974 915 τ

485 958 645 1015 Plura
691 960 734 1014 si
782 958 1091 1028 desideres,
1141 960 1363 1016 consule
1403 959 1670 1017 Laertlum
1696 1001 1710 1025 ,
1754 958 2084 1025 Lucianmn,

486 1050 806 1122 Gregorium
833 1050 1227 1107 Nasisusenum
1251 1094 1265 1117 ,
1290 1061 1346 1109 et
1370 1052 1505 1108 alios
1531 1050 1729 1125 (Laert.
1761 1052 1848 1107 lib.
1885 1049 2005 1106 Vili
2036 1051 2091 1106 in
2122 1068 2123 1071 ‘

497 1140 601 1198 Vit.
632 1142 963 1216 Empedoc.§
994 1144 1083 1209 69;
1116 1141 1335 1199 Lucina.
1361 1144 1555 1216 dialog.
1601 1142 1797 1215 Menip.
1834 1161 1955 1216 pag.
1985 1144 2091 1199 ib!

485 1244 531 1288 et
572 1233 881 1290 Icaromeni.
905 1252 1025 1307 pag.
1073 1236 1198 1292 751.
1228 1244 1273 1290 et
1302 1236 1390 1291 lib.
1434 1237 1477 1292 ll
1530 1234 1726 1291 Hister.
1774 1254 1896 1309 pag.
1938 1236 2088 1308 598).

560 1327 696 1384 Tum
726 1327 920 1383 deinde
949 1327 1308 1384 Tertulliamss
1335 1345 1349 1383 :
1382 1327 1596 1400 Aliqua,
1625 1329 1833 1401 inquit,
1875 1328 2095 1385 Cartha-

487 1420 629 1492 gini:
645 1420 900 1475 conditrix
924 1437 1047 1493 rogo
1068 1421 1346 1476 secundum
1370 1423 1749 1481 matrimonium
1765 1422 1902 1477 dedit
1925 1421 2088 1495 (Tert.

489 1512 760 1584 Apologet.
783 1528 830 1566 e.
859 1512 955 1580 50,
984 1530 1038 1584 ρ.
1065 1512 1215 1584 530).
1258 1512 1331 1568 lta
1358 1527 1547 1569 omnes
1586 1516 1753 1569 nostri
1793 1515 2009 1571 codices
2040 1525 2097 1570 et

488 1620 597 1661 non
621 1605 751 1661 editi
778 1614 833 1661 et
872 1604 1019 1661 editi.
1069 1605 1253 1676 Itaque
1277 1606 1523 1663 nonnulli
1561 1605 1759 1662 frustra
1812 1596 2096 1678 legendum

490 1707 676 1769 [rotant
706 1715 810 1754 non
832 1698 1048 1770 quidem
1076 1699 1265 1770 Aliqua
1289 1740 1304 1765 ,
1356 1698 1452 1756 sed
1485 1698 1651 1755 Eliso.
1685 1699 1819 1755 Dido
1844 1702 1986 1757 enim
2013 1698 2100 1755 his

489 1794 671 1850 verbis
698 1802 809 1849 tam
852 1795 1139 1867 perspicue
1183 1794 1532 1868 designatur,
1576 1806 1636 1850 ut
1680 1810 1839 1852 nemo
1876 1796 1981 1863 sit,
2009 1796 2100 1868 qui

1546 372 1614 433 IN
1649 366 2121 433 nummum
2158 368 2692 463 Apowcn'rtcuu

2111 490 2163 552 Α
2192 488 2447 545 Nazianz.
2498 492 2713 546 carmin.
2757 488 2926 546 Iamb.
2980 487 3125 557 18).
3159 488 3302 547 illius
3348 505 3444 546 vas
3490 498 3546 547 et
3585 497 3823 546 utrem.

3690 370 3833 430 972

2263 582 2344 639 Ad
2366 583 2648 639 mulierum
2665 583 2909 654 exempla
2939 582 3062 643 inde
3077 582 3441 641 Tertullianus
3461 568 3821 655 regreditur,

2192 675 2372 747 aitque
2405 692 2417 731 :
2454 676 2620 731 Attica
2648 677 2886 732 meretrix
2906 717 2925 746 ,
2955 676 3197 746 carniﬁce
3234 678 3351 748 jam
3381 676 3627 748 fatigato,
3679 692 3827 744 pos-

2194 778 2352 823 tremo
2369 768 2597 842 linguam
2623 786 2770 825 suam
2791 785 3040 825 comesam
3069 771 3122 825 in
3144 770 3329 840 facient
3348 771 3554 842 tyranni
3576 769 3823 827 micu-

2194 862 2258 917 tis
2303 864 2512 933 expuit;
2542 874 2595 916 nt
2639 874 2902 934 exspueret
2943 874 2990 921 et
3028 880 3214 930 uocent,
3247 881 3311 921 tu
3350 865 3645 937 coujmtos
3673 880 3824 919 con-

2194 956 2327 1025 ﬁteri
2351 966 2517 1028 posset
2544 956 2783 1025 (Tertull.
2815 956 2968 1026 Apol.
3002 974 3048 1014 ε.
3078 958 3170 1021 50.
3198 976 3249 1027 ρ.
3279 959 3429 1030 539).
3462 956 3664 1016 Eadem
3717 957 3824 1012 ille

2193 1050 2401 1107 duobus
2439 1050 2561 1107 aliis
2599 1050 2671 1106 in-
2701 1050 2850 1107 libris
2889 1052 2979 1124 (ad
3027 1048 3243 1107 Nation.
3272 1069 3320 1108 ο.
3352 1049 3446 1115 i8.
3475 1069 3530 1123 ρ.
3562 1048 3706 1116 58b;
3743 1049 3826 1104 ad

2199 1145 2448 1217 Μαι-ινα,
2473 1163 2521 1200 c.
2553 1146 2611 1211 ι,
2642 1143 2673 1218 §
2702 1146 2828 1217 i7),
2870 1145 2964 1203 sed
3003 1145 3231 1203 diversis
3268 1145 3445 1203 verbis
3487 1144 3687 1201 retulit.
3729 1144 3824 1200 Ab

2197 1238 2483 1294 Ambrosio
2547 1248 2725 1295 autem
2795 1248 3173 1309 nuncupatur:
3210 1235 3538 1309 Pythagorea
3580 1252 3646 1293 es:
3695 1236 3820 1290 eir-

2197 1331 2395 1402 ginibus
2426 1330 2679 1403 (Ambros.
2708 1329 2797 1385 lib.
2834 1330 2850 1385 l
2885 1333 2947 1383 de
2984 1328 3231 1402 Virginib.
3266 1347 3312 1385 ε.
3348 1331 3400 1395 Ii,
3437 1328 3557 1403 σιτ
3586 1328 3629 1401 ).
3668 1327 3821 1385 Vide

2199 1428 2243 1481 si
2300 1426 2473 1498 placet
2525 1442 2643 1497 qua:
2695 1425 2746 1479 in
2800 1425 2941 1481 hunc
2996 1425 3263 1480 Ambrosii
3314 1424 3488 1479 locum
3546 1424 3820 1479 subnota-

2200 1519 2395 1583 vlntus,
2429 1528 2481 1573 et
2503 1533 2620 1589 qua:
2643 1516 2707 1573 de
2738 1517 2825 1572 illa
2854 1516 3087 1572 diximus
3116 1517 3166 1572 in
3198 1516 3474 1588 superiore
3505 1515 3662 1587 hujus
3694 1519 3818 1586 Ap-

2206 1623 2419 1686 paratus
2450 1613 2616 1667 nostri
2641 1622 2806 1677 tomo,
2830 1610 2916 1667 ubi
2941 1611 3242 1666 monuimus
3262 1610 3357 1682 ipsi
3380 1610 3586 1669 Lemma
3610 1625 3823 1688 nomen

2206 1707 2432 1761 inditum
2462 1703 2636 1781 (Tom.
2664 1704 2685 1760 l
2713 1706 2961 1777 Apparat.
2995 1725 3048 1777 p.
3082 1703 3266 1779 1250).

2279 1797 2445 1854 Multo
2473 1796 2739 1853 difﬁcilius
2767 1797 2893 1853 illud
2918 1796 3202 1863 videbitur,
3226 1797 3367 1869 quod
3397 1799 3594 1853 Auctor
3628 1807 3827 1854 noster

488 1902 607 1941 eam
629 1886 775 1942 illico
799 1902 906 1941 non
931 1897 1203 1956 agnoscat.
1253 1888 1523 1955 Quocirca
1553 1888 1910 1961 Hieronymus
1936 1889 2097 1945 simili
2128 1897 2177 1957 Β
2204 1890 2457 1946 continuo
2486 1887 2760 1959 subjunin
2785 1909 2797 1945 :
2824 1887 2965 1944 Zeno
2992 1887 3199 1944 Eleates
3213 1890 3474 1944 consultus
3499 1906 3533 1944 a
3560 1886 3824 1963 Dionysio

490 1980 648 2051 plane
687 1977 850 2037 modo
880 1980 1079 2036 alicubi
1122 1981 1336 2051 scripsit
1371 1999 1385 2034 :
1431 1979 1699 2053 Stringam
1726 1982 1936 2036 breuiter
1954 1982 2091 2053 regi-

488 2092 605 2130 nam
637 2074 980 2147 Carthaginis,
1005 2091 1117 2145 qua:
1147 2076 1310 2147 magis
1337 2076 1519 2131 ardere
1543 2076 1723 2141 valuit,
1756 2091 1910 2146 quam
1943 2074 2103 2129 Ilior-

491 2169 567 2223 διε
613 2169 723 2239 regi
770 2165 1325 2240 stubechlierenynt.
1372 2169 1520 2239 epist.
1571 2168 1665 2235 9i,
1699 2168 1770 2222 ad
1821 2167 2103 2242 Ageruch.;

494 2271 543 2316 st
570 2261 658 2317 tib.
705 2260 728 2316 l
766 2262 883 2316 nde.
932 2259 1105 2316 leuia.
1135 2260 1205 2342 ).ο
1224 2262 1293 2317 At
1360 2260 1449 2317 ille
1502 2274 1717 2330 tamen,
1756 2262 2107 2331 quemadmo-
2152 2248 2171 2257 ”

492 2356 624 2413 dum
659 2355 1039 2423 Tertullianus,
1081 2354 1209 2411 illud
1245 2354 1386 2411 idem
1422 2354 1547 2411 alibi
1578 2353 1902 2419 enarrando,
1933 2355 2104 2426 ipsam

490 2449 709 2506 nomine
744 2465 846 2505 suo
892 2449 1125 2520 appellat
1174 2446 1533 2520 (Tertullian.
1584 2446 1725 2504 lib.l
1767 2449 1839 2503 ad
1891 2447 2018 2503 Nat.
2054 2463 2102 2502 c.

495 2542 585 2609 18,
627 2561 683 2613 ρ.
713 2542 819 2599 584
859 2544 897 2613 ).
930 2540 1039 2598 Sed
1083 2539 1201 2597 haec
1254 2557 1324 2597 ne
1378 2540 1846 2617 grammaticorum
1890 2541 2105 2612 quidem

492 2636 696 2707 pueris,
724 2634 999 2708 Virgilium
1026 2632 1267 2706 quotidie
1281 2633 1603 2706 legentibus,
1623 2633 1955 2706 incomperta
1986 2649 2106 2691 esse

496 2741 741 2802 possunt.
822 2714 829 2720 ’

576 2821 753 2892 Pergit
792 2821 997 2877 Auctor
1022 2830 1207 2877 noster
1228 2838 1246 2875 :
1291 2820 1517 2893 Rrgulus
1544 2836 1609 2876 ne
1637 2837 1769 2874 unus
1812 2837 1903 2889 pro
1931 2821 2103 2874 multis

502 2914 727 2971 hostibus
741 2916 945 2983 viveret,
966 2923 1069 2971 toto
1090 2930 1304 2984 corpore
1323 2930 1495 2970 cruces
1515 2916 1707 2986 patitur
1732 2911 1923 2985 (Idem,
1948 2914 2102 2985 Apol.

497 3027 544 3066 c.
567 3010 657 3076 50,
689 3026 743 3081 ρ.
772 3006 947 3082 530)‘:
977 3009 1059 3066 vel
1082 3008 1239 3064 sicuti
1265 3008 1373 3064 alio
1395 3008 1448 3064 in
1475 3007 1611 3063 libro
1635 3007 1847 3063 edicere
1878 3007 2063 3063 maluit
2091 3025 2109 3063 :

498 3103 676 3159 Crucis
715 3103 987 3157 novitatem
1037 3116 1323 3158 nunterosa!
1366 3111 1417 3156 et
1458 3100 1706 3155 abstrusas
1754 3098 1981 3173 Regulus
2020 3116 2108 3155 ve-

498 3207 601 3252 ster
617 3197 830 3253 libenter
857 3196 1105 3251 dedicavit
1127 3193 1322 3269 (idem,
1368 3195 1456 3249 lib.
1488 3194 1557 3248 ad
1602 3192 1818 3265 κανων.
1864 3211 1910 3248 c.
1959 3196 2013 3259 4,
2061 3203 2111 3249 et

2208 1981 2451 2050 quidnam
2476 1980 2799 2053 philosOphia
2836 1989 3098 2052 pratstaret
3123 2024 3138 2049 ,
3181 1997 3298 2035 cum
3324 1980 3661 2054 respondisset
3692 1998 3826 2035 con-

2212 2081 2457 2145 temptum
2480 2072 2676 2138 mortis,
2720 2072 2939 2144 ﬂagellis
2962 2072 3167 2144 tyranni
3192 2072 3465 2146 subjectus,
3498 2073 3754 2129 sententia
3769 2089 3825 2127 m

2210 2182 2354 2220 suam
2392 2165 2462 2220 ad
2486 2176 2695 2220 mortem
2717 2182 2875 2237 usque
2899 2168 3129 2239 signabat
3174 2163 3508 2239 (Tertullian.
3541 2166 3822 2241 Apologet.

2212 2274 2257 2313 c.
2280 2257 2371 2326 50,
2397 2277 2446 2330 ρ.
2468 2256 2619 2330 550).
2646 2257 2702 2314 In
2736 2258 3111 2329 manuscriptis
3142 2260 3338 2315 nostris
3363 2258 3656 2321 codicibus.
3692 2272 3827 2318 ante

2213 2365 2409 2407 nomen
2449 2351 2669 2423 ﬂagellis
2712 2352 2911 2423 legitur
2964 2352 3294 2423 impassibilis
3317 2395 3332 2417 ,
3361 2352 3412 2408 in
3441 2354 3671 2425 antiquis
3697 2354 3824 2409 edi-

2212 2444 2446 2499 tionibus
2491 2444 2904 2515 impassibilibus.
2961 2444 3066 2501 Sed
3128 2444 3386 2517 Rigaltius
3439 2445 3541 2502 hoc
3570 2446 3821 2516 verbum,

2214 2547 2464 2609 tanquam
2530 2538 2598 2594 ab
2642 2540 2892 2610 imperito
2938 2538 3155 2594 librario
3195 2522 3474 2611 perperam
3527 2537 3768 2595 additum
3801 2581 3821 2609 ,

2215 2632 2496 2688 resecavit.
2527 2632 2666 2698 Quid
2689 2646 2838 2701 vero,
2866 2630 2912 2687 si
2938 2630 3084 2687 Zeno
3130 2632 3458 2705 impassibilis
3482 2629 3693 2691 dicatur
3721 2647 3822 2704 pro

2216 2723 2624 2796 insuperabilis,
2659 2734 2718 2780 ut
2742 2735 2866 2795 p0te
2888 2725 2976 2796 qui
3001 2724 3158 2779 nullis
3191 2724 3515 2781 cruciatibus
3543 2723 3682 2780 vinci
3723 2740 3823 2780 un-

2213 2831 2371 2888 quam
2400 2818 2675 2889 potuerit?
2696 2818 2823 2874 lure
2854 2817 3073 2873 forsitan
3099 2819 3291 2890 potiori
3317 2818 3578 2890 Rigaltius
3594 2819 3821 2895 dixisset

2216 2912 2268 2967 in
2293 2911 2392 2966 hoc
2416 2913 2662 2968 Auctoris
2691 2912 2858 2967 nostri
2886 2922 3029 2968 textu
3064 2924 3369 2983 corruptum
3402 2912 3564 2970 fuisse
3592 2929 3621 2968 a
3654 2914 3821 2970 libra-

2215 3002 2311 3060 riis
2342 3002 2578 3076 Dionysii
2606 3020 2819 3061 nomen.
2845 3004 3123 3062 Testatum
3148 3005 3411 3077 siquidem
3429 3004 3671 3061 Laertius
3694 3007 3819 3065 fecit

2216 3095 2488 3152 Zenonem
2514 3097 2748 3153 Eleatem
2775 3107 3042 3153 mortuum
3064 3112 3185 3153 esse
3206 3096 3349 3156 circa
3366 3097 3815 3171 septuagesimam

2218 3206 2413 3245 nonam
2444 3189 2810 3263 Olympiadem
2844 3190 3049 3262 (Laert.
3084 3192 3172 3247 lib.
3206 3190 3278 3250 IX
3321 3193 3375 3246 in
3415 3191 3527 3248 Vita
3569 3192 3813 3264 Zenonis,

498 3287 588 3344 lib.
620 3288 684 3345 de
733 3287 950 3343 Exhort.
996 3288 1163 3344 castit.
1211 3304 1259 3343 c.
1304 3284 1432 3360 5i).
1481 3286 1589 3344 Sed
1633 3284 1687 3342 id
1726 3286 1892 3342 Paulo
1934 3287 2107 3358 expli-
2138 3293 2187 3358 ε
2219 3282 2404 3355 με).
2456 3286 2615 3355 Atqui
2653 3284 2792 3339 circa
2838 3283 3239 3353 nonagesimum
3265 3296 3507 3359 quartam
3535 3285 3816 3359 Dionysius

499 3383 670 3438 catius
695 3424 711 3450 ,
760 3382 952 3454 bisque
976 3382 1152 3438 verbis
1179 3382 1305 3437 alibi
1335 3381 1623 3437 edisseruit
1666 3399 1679 3435 :
1712 3381 1958 3454 Regulus,
2006 3376 2113 3436 dna:

501 3475 851 3530 Romanorum
880 3517 893 3540 ,
962 3484 1142 3545 captus
1206 3492 1238 3528 a
1303 3472 1819 3545 Carthaginensibus,
1892 3490 2006 3528 cum
2060 3487 2114 3528 se

502 3585 661 3623 unum
692 3585 795 3639 pro,
814 3568 989 3623 multis
1032 3567 1246 3638 captivis
1285 3567 1766 3641 Carthaginensibns
1792 3568 2112 3638 contpensari

502 3660 774 3726 voluisset,
804 3659 987 3714 maluit
1035 3658 1260 3715 hostibus
1301 3660 1482 3727 reddi,
1524 3670 1571 3715 et
1596 3660 1649 3715 in
1678 3675 1811 3715 arca:
1839 3676 1994 3733 genus
2021 3661 2113 3715 sti-

509 3766 662 3825 patus
684 3754 909 3826 undique
932 3754 1242 3810 extrinsecus
1266 3796 1282 3822 ,
1327 3755 1482 3809 clavis
1509 3756 1741 3824 ron/iens
1769 3798 1785 3824 ,
1840 3764 1911 3809 tot
1937 3772 2113 3811 cruces

509 3846 664 3901 sensit
693 3845 885 3920 (Idem,
921 3845 1186 3920 Apologet.
1217 3864 1262 3902 c.
1295 3847 1384 3913 50,
1409 3866 1463 3923 p.
1493 3846 1640 3921 550).
1668 3845 2111 3904 Crudelissimum

510 3940 692 4011 itaque
722 3939 823 3996 hoc
839 3940 1082 4010 supplicii
1114 3956 1283 4011 genus
1324 3950 1479 3996 vocat
1506 3941 1781 3995 novitatem
1808 3984 1821 4007 ,
1853 3941 2113 3995 hactenus

514 4047 621 4087 non
646 4032 898 4088 usitatam
922 4032 1086 4088 crucis
1102 4048 1385 4087 numerosa:
1409 4074 1422 4096 ,
1463 4033 1630 4088 clavis
1662 4032 1912 4089 videlicet
1938 4033 2114 4088 acutis

510 4121 742 4195 undique
765 4125 1124 4180 eminentibus
1145 4167 1159 4190 ,
1188 4133 1348 4195 atque
1367 4123 1612 4178 abstrustv
1637 4123 1804 4195 (Idem
1824 4167 1838 4188 ,
1866 4125 1952 4179 lib.
1992 4123 2014 4178 Ι
2046 4124 2115 4178 ad

512 4212 641 4268 Nat.
666 4232 713 4269 c.
756 4214 845 4281 18,
875 4235 923 4284 p.
958 4216 1085 4282 584,
1114 4225 1167 4270 et
1208 4214 1295 4269 lib.
1326 4216 1395 4270 ad
1425 4214 1644 4287 Martyr.
1686 4233 1730 4270 c.
1763 4216 1840 4287 4),
1871 4217 2016 4288 quia,
2056 4225 2116 4272 ut

513 4307 730 4364 Tubero
771 4306 910 4377 apud
964 4308 1027 4363 Α.
1071 4306 1283 4364 Gelium
1334 4306 1650 4364 testificatur
1700 4306 1876 4378 (Gell.
1927 4309 2021 4363 lib.
2065 4309 2114 4366 ν

515 4397 671 4455 Noct.
717 4397 843 4452 Atti.
895 4414 942 4451 c.
978 4398 1071 4468 4),
1127 4399 1178 4452 in
1229 4406 1372 4455 atras
1420 4408 1475 4453 et
1527 4397 1817 4470 profundas
1867 4401 2115 4458 tenebras

513 4494 683 4560 illum,
705 4494 759 4548 in
788 4507 911 4549 arca
940 4492 1027 4547 illa
1056 4478 1341 4559 inclusum,
1371 4493 1611 4565 quotidie
1636 4493 1979 4558 claudebant.
2012 4495 2115 4551 do-

516 4603 617 4644 nec
639 4585 1032 4643 ardentissimis
1061 4587 1237 4642 exorti
1276 4588 1406 4642 solis
1448 4588 1614 4643 radiis
1657 4588 1916 4644 urendum
1944 4604 2117 4661 expo-

2217 3376 2398 3432 senior
2425 3366 2760 3449 tyrannidem
2788 3377 3091 3432 exercuisse
3116 3377 3444 3448 perhibetur.
3481 3377 3561 3433 Ah
3582 3376 3686 3434 hoc
3713 3379 3816 3434 ita-

2216 3483 2342 3536 que,
2362 3466 2507 3523 Zeno
2529 3483 2625 3524 nec
2650 3468 2899 3533 cruciari,
2923 3483 3019 3524 nec
3043 3468 3211 3524 occidi
3244 3471 3433 3539 potuit.
3462 3468 3577 3525 Non
3596 3485 3816 3541 prorsus

2216 3576 2344 3634 ergo
2371 3562 2635 3616 immerito
2663 3573 2754 3616 aut
2780 3561 3143 3618 Tertulliauus
3170 3563 3429 3618 memoria
3456 3562 3636 3639 lapsus
3666 3568 3815 3635 argui

2217 3663 2426 3727 potest,
2458 3664 2550 3711 aut
2595 3657 2887 3712 oscitantes
2936 3656 3135 3711 librarii
3185 3655 3327 3712 haud
3388 3656 3604 3712 insolito
3632 3674 3815 3714 errore

2221 3747 2527 3819 Dionysium
2559 3764 2653 3819 pro
2669 3746 2930 3815 Nearcho,
2965 3758 3059 3804 aut
3081 3749 3330 3823 Demyso,
3359 3749 3816 3807 antDiomcdonte

2217 3852 2402 3911 postea
2442 3843 2791 3914 scripserunt.
2845 3842 2977 3899 Nam
3026 3846 3154 3903 varii
3207 3844 3533 3918 scriptorcs,
3582 3855 3638 3901 ut
3689 3846 3814 3902 alibi

2218 3936 2551 3992 ostendimus
2581 3936 2751 4009 (Tom.
2787 3936 2807 3992 l
2836 3938 3086 4008 Apparat.
3122 3956 3172 4011 p.
3207 3938 3395 4012 1246),
3444 3949 3662 3993 nan-ant
3708 3938 3813 3995 Ze-

2221 4045 2413 4083 nonem
2445 4028 2688 4085 Eleatem
2730 4030 2798 4085 ab
2845 4046 2950 4086 uno
2988 4048 3052 4086 cx
3088 4031 3192 4089 illis
3229 4040 3423 4103 tortum
3462 4046 3527 4087 ac
3569 4041 3813 4089 necatum

2219 4118 2404 4176 fuisse.
2433 4121 2541 4177 Nec
2579 4138 2793 4178 movere
2813 4139 3130 4195 quemquam
3162 4123 3322 4181 debet
3342 4167 3356 4188 ,
3392 4124 3536 4197 quod
3575 4124 3718 4181 Zeno
3744 4126 3815 4184 de

2219 4214 2465 4271 affectata
2508 4216 2806 4291 tyrannide,
2834 4233 2939 4272 non
2965 4227 3166 4284 autem,
3186 4219 3324 4274 sicut
3343 4219 3414 4274 ait
3433 4218 3810 4284 Tertullianus,

2219 4308 2288 4363 de
2318 4308 2666 4381 philosophia:
2696 4310 2835 4365 bono
2866 4311 3219 4383 interrogatus
3248 4311 3315 4366 ab
3346 4310 3439 4366 illo
3468 4312 3643 4366 fuerit.
3673 4310 3813 4379 Quid

2220 4403 2363 4457 enim
2393 4411 2556 4471 vetat,
2586 4405 2872 4474 quominus
2900 4411 3155 4475 tyrannus
3184 4403 3361 4458 habita
3399 4403 3467 4458 de
3502 4403 3811 4475 proditionis

2219 4496 2451 4552 consciis
2476 4496 2795 4567 quazstioue,
2822 4496 2890 4552 ab
2927 4512 2993 4552 eo
3024 4496 3234 4567 petierit
3258 4497 3509 4569 quidnam
3539 4505 3812 4571 praestaret

2219 4575 2547 4660 duceretque
2590 4588 2928 4661 philosophia
2954 4633 2968 4657 ,
3001 4598 3058 4644 ut
3086 4588 3186 4645 hac
3216 4590 3632 4661 interrogatione
3684 4590 3808 4647 illud

513 4687 724 4734 nerant.
751 4678 820 4733 At
841 4675 909 4732 de
930 4675 1032 4732 hoc
1057 4676 1247 4749 Reguli
1276 4678 1541 4748 supplicio
1563 4679 1686 4735 alibi
1714 4678 1919 4750 egimus
1944 4679 2110 4750 (Diss.
2138 4693 2195 4754 D
2220 4682 2536 4754 proditionis
2565 4684 2765 4740 crimen
2793 4684 2967 4738 acrius
2996 4682 3387 4755 exprobraret?

510 4770 564 4825 in
597 4768 783 4824 Minut.
839 4764 1017 4823 Oetae.
1055 4785 1103 4825 c.
1134 4767 1198 4834 ϐ,
1223 4776 1323 4823 art.
1363 4769 1419 4836 3,
1450 4780 1496 4824 et
1523 4768 1741 4827 Dissert.
1773 4773 1827 4829 in
1873 4774 2110 4830 Lactant.

512 4878 559 4917 c.
587 4860 674 4928 10,
707 4869 805 4915 art.
832 4858 913 4931 5).

588 4951 945 5022 Explanatum
973 4968 1186 5024 quoque
1212 4967 1240 5008 a
1274 4950 1429 5009 nobis
1456 4952 1554 5009 fuit
1579 4955 1727 5025 quod
1750 4956 2112 5016 Tertulli‘anns

518 5044 588 5100 de
616 5043 934 5100 Anaxarcho
961 5044 1239 5115 subjunxit
1262 5061 1276 5101 :
1302 5045 1450 5115 Cum,
1481 5048 1533 5101 in
1564 5050 1869 5118 exetnplnm,
1901 5053 2117 5120 ptisana!

516 5137 625 5209 pilo
652 5139 1042 5192 contunderetur
1062 5154 1080 5191 :
1110 5136 1320 5203 Tunde,
1357 5140 1531 5204 tunde,
1578 5141 1763 5209 aiebat,
1819 5142 2114 5200 Anaxarchi

514 5230 727 5303 follem;
774 5230 1134 5286 Anaxarchum
1177 5231 1308 5285 enim
1340 5248 1440 5287 non
1467 5232 1657 5288 tundis.
1689 5233 1894 5291 Follem
1947 5237 2018 5293 ibi
2047 5253 2113 5294 eo

513 5336 676 5380 sensu
703 5322 856 5387 dixit,
887 5336 992 5393 quo
1036 5322 1293 5388 Lucilius,
1321 5338 1350 5378 a
1381 5322 1553 5381 Nonio
1581 5326 1793 5396 citatus,
1828 5330 2117 5401 folliculum

511 5414 728 5486 scripsit
781 5428 880 5486 pro
931 5429 1141 5484 corpore
1169 5412 1495 5485 (Tertullian.
1531 5415 1797 5492 Apologet.
1828 5437 1871 5475 ε.
1908 5420 2010 5489 50,
2057 5441 2113 5495 p.

509 5506 637 5572 530;
659 5515 779 5561 tam.
802 5504 826 5560 Ι
848 5505 1092 5576 Apparet.
1118 5523 1170 5577 p.
1196 5505 1356 5574 Ηυξ
1389 5506 1528 5563 Non.
1554 5507 1867 5581 deSigni/ic.
1893 5512 2114 5581 verboru,

512 5614 559 5653 ο.
583 5597 677 5669 2);
706 5597 977 5654 Arnobius
1024 5610 1189 5653 vero:
1225 5596 1376 5652 Nihil
1420 5599 1564 5656 nobis
1585 5611 1657 5657 est
1696 5603 2000 5673 promissum
2044 5605 2115 5659 ad

511 5692 645 5746 hanc
667 5691 821 5746 vitam
843 5732 858 5758 ,
908 5706 1000 5744 nec
1019 5689 1073 5745 in
1111 5692 1438 5747 carnuncula:
1456 5692 1607 5765 hujus
1637 5696 1870 5768 folliculo
1893 5696 2111 5771 (Arnob.

500 5784 557 5838 in
583 5785 677 5853 fin.
729 5784 816 5839 lib.
863 5784 905 5839 ll
943 5784 1143 5840 advers.
1195 5795 1330 5856 gent.
1360 5784 1401 5856 ).
1436 5786 1623 5845 Graece
1681 5801 1861 5849 autem
1908 5792 2115 5867 Grego-

510 5876 625 5931 rius
672 5874 1037 5934 Nazianzenus
1076 5878 1308 5950 scripsit,
1354 5885 1432 5934 τὰ)
1485 5885 1637 5939 «hoc
1682 5887 1874 5942 θὺλικον
1928 5883 2108 5959 (Greg.

2295 4773 2532 4846 Denique
2594 4776 3016 4847 superbientinm
3072 4775 3323 4846 patientia
3390 4790 3484 4831 sua
3533 4774 3807 4848 gentilium

2221 4880 2409 4937 agmen
2439 4865 2521 4922 his
2547 4866 2902 4924 Tertullianus
2933 4869 2984 4923 in
3014 4867 3365 4940 Apologetico
3389 4866 3590 4924 claudit
3613 4868 3801 4925 verbis:

2221 4956 2366 5011 Certe
2396 4956 2655 5013 Laconum
2684 4958 2893 5031 ﬂagella
2917 5002 2930 5025 ,
2978 4958 3069 5014 sub
3113 4960 3275 5016 oculis
3311 4961 3462 5015 etiam
3502 4960 3808 5017 hortantium

2221 5052 2625 5122 propinquorum
2668 5055 2900 5109 acerbata
2926 5097 2941 5121 ,
2992 5065 3189 5109 tantum
3237 5056 3444 5111 honoris
3511 5059 3803 5129 conferunt,

2217 5153 2459 5213 quantum
2489 5147 2752 5219 sanguinis
2776 5149 3016 5219 fuderunt
3042 5146 3367 5221 (Tertullian.
3401 5150 3619 5225 Apolog.
3649 5168 3693 5206 c.
3719 5151 3802 5220 50,
3872 5134 3881 5139 ~

2221 5253 2275 5305 p.
2294 5235 2517 5309 530).]n
2548 5253 2645 5293 suo
2670 5249 2845 5294 autem
2862 5239 2932 5294 ad
2958 5238 3199 5295 Nationes
3226 5241 3362 5298 libro
3383 5241 3496 5297 inec
3515 5259 3575 5299 se
3601 5242 3805 5314 quidem

2221 5341 2401 5385 tacere
2430 5329 2568 5386 velle
2604 5331 2683 5387 sic
2721 5339 2979 5389 testatur:
3015 5332 3084 5389 Ut
3111 5343 3303 5388 taceam
3337 5334 3400 5390 de
3423 5333 3678 5391 Laconica
3699 5336 3805 5407 glo-

2220 5422 2300 5475 ria
2333 5419 2468 5487 (Lib.
2504 5420 2521 5476 l
2552 5423 2623 5477 ad
2664 5421 2876 5479 Nation.
2901 5441 2946 5482 τ.
2972 5424 3060 5491 18,
3092 5444 3144 5498 p.
3172 5424 3305 5497 58i)
3331 5445 3344 5480 :
3378 5426 3471 5484 sed
3493 5427 3679 5483 aculeo
3705 5445 3806 5488 non

2223 5512 2400 5568 minus
2424 5523 2580 5569 acuto
2612 5516 2795 5587 pungit
2822 5515 3088 5574 ethnicos.
3134 5516 3335 5575 Verum
3385 5517 3581 5577 clarius
3602 5519 3807 5593 scripsit

2221 5605 2288 5660 ad
2310 5605 2572 5679 Martyres
2596 5606 2741 5664 hunc
2773 5609 2930 5675 plane
2960 5610 3303 5666 inhumanum
3332 5625 3535 5666 morem
3558 5628 3722 5684 usque
3739 5613 3805 5671 ad

2217 5714 2371 5755 suam
2404 5715 2781 5772 perseverasse
2813 5714 3024 5760 :etatem
3060 5723 3072 5759 :
3112 5702 3295 5767 Hodie,
3330 5705 3522 5779 inquit,
3545 5706 3683 5779 apud
3711 5705 3803 5762 La-

2216 5793 2553 5849 cedaemonios
2572 5795 2866 5853 solemnitas
2890 5799 3112 5853 maxima
3130 5807 3202 5853 est
3229 5802 3621 5869 διαμασσέίγωσις,
3637 5797 3693 5854 id
3708 5810 3795 5866 est,

2215 5884 2497 5979 ﬂagellatio
2526 5902 2542 5942 :
2570 5904 2669 5944 non
2710 5888 2827 5945 latet
2857 5891 2907 5945 in
2958 5904 3056 5963 quo
3096 5906 3241 5948 sacro
3289 5901 3406 5949 ante
3433 5907 3577 5951 orant
3624 5893 3803 5949 nobiles
