4076 6356
326 346 435 408 973

1465 344 1919 405 DISSERTATIO
1959 344 2021 403 υ.
2053 345 2142 403 LE
2178 345 2490 405 NOURRY.

3525 345 3630 406 974

327 467 512 538 quique
581 462 923 522 adolescentes
974 464 1193 537 ﬂagellis
1249 464 1560 536 afﬂiguntur,
1607 465 1926 520 adstantibus
1949 462 2004 524 Α
2101 473 2307 535 peccata
2336 465 2508 518 omnia
2540 462 2866 519 remittuntur
2884 503 2901 530 ,
2923 479 2985 518 ac
3010 462 3242 533 prtclium
3268 480 3331 520 ea:
3356 481 3456 536 quo
3484 466 3631 523 uicto-

328 557 621 631 parentibus
652 574 711 611 ae
740 558 1037 629 prapinquis
1060 597 1075 624 ,
1122 566 1271 629 atque
1295 557 1368 611 uti
1391 566 1703 629 perseverent
1730 558 1924 611 adhor-

328 652 568 707 tantibus.
595 650 965 706 Ornamentum
1014 652 1144 706 enim
1175 661 1221 705 et
1270 652 1435 722 gloria
1460 652 1787 722 deputabitur
1811 667 1925 706 ma-

320 748 438 820 jore
464 746 667 817 quidem
695 747 862 813 titulo,
883 746 926 801 si
947 747 1119 800 animo
1147 747 1315 816 potius
1341 747 1543 802 cesserit
1560 745 1745 819 plagis,
1775 762 1927 817 quam

2102 573 2184 612 res
2199 557 2486 625 christiani,
2516 550 2745 625 palmata
2764 564 2897 611 ueste
2919 555 3109 622 ornati,
3137 565 3185 612 et
3201 557 3498 629 triumphali
3521 575 3631 615 cur-

2103 667 2164 704 ru
2192 651 2246 703 in
2274 649 2572 720 paradisum
2600 649 2869 704 uehuntur.

2104 744 2333 800 Maxima
2356 744 2615 814 proiecto,
2635 743 2795 800 sicuti
2822 744 3075 811 vidimus,
3099 752 3153 800 et
3172 745 3319 802 omni
3349 745 3505 803 laude
3526 762 3632 804 ma-

329 855 514 909 corpus
553 837 765 908 (Ideni,
822 837 909 893 tib.
953 839 1021 893 ad
1066 838 1312 911 Martgr.,
1358 857 1406 894 c.
1455 840 1536 910 4).
1582 838 1686 896 Sed
1729 839 1798 894 de
1845 838 1929 895 his
2028 838 2116 909 jor
2133 837 2601 894 t'nitinvictissima
2629 846 2921 910 martyrum
2938 838 3335 912 iortitudo,qua
3356 848 3630 912 acceptam

328 930 478 1002 plura
501 930 610 1001 jam
645 932 694 984 in
729 930 903 1001 primo
944 931 1247 1002 Apparatus
1280 932 1448 989 nostri
1473 943 1619 989 tomo
1659 932 1929 988 etiarravi-

330 1038 449 1079 mus
475 1022 645 1096 (Tom.
669 1021 690 1077 1
722 1023 969 1095 Apparet.
992 1042 1044 1094 p.
1080 1022 1259 1096 1246).

404 1116 637 1170 Duarum
689 1117 907 1186 insuper
963 1117 1247 1171 mulierum
1293 1118 1536 1188 exempla
1587 1117 1637 1172 in
1690 1117 1825 1173 libro
1862 1118 1931 1171 ad

332 1206 584 1263 Nationes
614 1208 833 1278 protulit
871 1206 1198 1278 (Tertullian.
1237 1208 1327 1264 lib.
1363 1209 1476 1263 lad
1513 1208 1731 1265 Nation.
1760 1227 1807 1264 c.
1839 1210 1929 1277 i8,

332 1318 387 1371 ρ.
416 1298 572 1367 584).
629 1299 804 1354 Prima
852 1298 920 1354 ab
963 1299 1057 1355 illo
1106 1300 1421 1371 simpliciter
1475 1314 1696 1357 vocatur
1734 1301 1934 1373 Regina

331 1390 572 1464 Egypti,
602 1392 850 1446 nimirum
873 1390 1177 1463 Cleopatra,
1205 1409 1319 1463 quae
1337 1392 1509 1449 bestiis
1529 1395 1655 1458 suis,
1688 1393 1792 1450 hoc
1811 1404 1891 1451 est
1915 1437 1930 1463 ,

330 1484 533 1553 aspidis
553 1484 619 1539 ad
647 1499 708 1539 se
733 1483 872 1538 clam
895 1483 1086 1539 delatae
1116 1500 1296 1540 morsu
1323 1502 1417 1540 usa
1436 1495 1529 1552 est,
1560 1500 1663 1556 qua
1705 1496 1930 1542 mortem

330 1576 430 1632 sibi
458 1576 737 1633 conscivit.
765 1576 932 1648 Magis
971 1587 1147 1633 autem
1191 1579 1468 1650 perspicue
1501 1580 1616 1635 Iuro
1644 1580 1710 1635 ad
1738 1580 1936 1654 Marty-

331 1687 420 1728 res
444 1669 658 1741 scripsit
687 1689 700 1725 :
732 1669 930 1725 Bestias
958 1672 1165 1742 [minina
1208 1671 1383 1726 lubens
1403 1674 1617 1741 appetiit
1637 1713 1653 1741 ,
1691 1683 1735 1728 et
1764 1675 1937 1745 utique

236 1781 241 1785 ’
329 1763 531 1834 aspides
557 1772 830 1833 serpentes,
855 1771 1004 1817 tauro
1051 1763 1127 1816 vel
1155 1779 1274 1819 urso
1297 1763 1625 1831 horridiores,
1643 1782 1768 1833 quas
1791 1765 1935 1820 Cleo-

2033 948 2062 984 a
2087 929 2303 985 Christo
2332 929 2647 999 religionem
2678 945 2776 984 suo
2803 930 3083 1001 sanguine,
3118 938 3369 1002 tanquam
3418 932 3632 1002 publico

2032 1024 2228 1094 sigillo,
2259 1023 2629 1093 obsignarunt.
2657 1026 2723 1078 At
2752 1038 2817 1078 eo
2845 1039 2975 1078 sane
2997 1022 3248 1080 libentius
3279 1026 3425 1081 illum
3452 1026 3637 1098 prolu-

2034 1116 2248 1179 dcrunt,
2279 1132 2385 1187 quo
2410 1118 2610 1173 certius
2629 1125 2890 1171 noverant
2916 1114 3031 1172 fore
3059 1127 3116 1171 ut
3141 1118 3400 1191 martyrio
3420 1134 3633 1173 onmem

2038 1208 2134 1264 Dei
2157 1210 2394 1279 gratiam,
2418 1208 2766 1279 omniumque
2781 1208 3350 1281 reniampeccatorum
3372 1210 3638 1281 adipisce-

2037 1311 2246 1356 rentur.
2279 1300 2386 1356 Cur
2414 1301 2559 1356 enim
2609 1294 2937 1357 christianos
2990 1311 3097 1356 tam
3148 1301 3402 1358 ardenter
3440 1314 3640 1375 marty-

2039 1395 2176 1449 rium
2198 1395 2454 1464 Optahat't
2486 1392 2554 1449 Ut
2582 1410 2669 1461 eo,
2702 1394 2872 1463 inquit
2895 1393 3259 1449 Tertullianus
3282 1435 3298 1462 ,
3342 1392 3442 1450 Dei
3482 1404 3638 1450 totam

2038 1486 2256 1557 gratiam
2278 1485 2515 1549 redimat,
2546 1494 2601 1539 ut
2631 1501 2830 1539 onmem
2857 1486 3053 1540 ueniant
3074 1487 3139 1541 ob
3158 1502 3216 1541 eo
3230 1488 3643 1556 compensatione

2036 1581 2301 1651 sanguinis
2322 1580 2401 1634 sui
2446 1579 2683 1643 expediat
2710 1577 3044 1651 (Tertullian.
3084 1580 3354 1652 Apologet.
3382 1596 3497 1651 cap.
3543 1581 3636 1648 50,

2040 1688 2140 1744 pag
2176 1672 2325 1743 530).
2351 1671 2632 1728 Rationem
2650 1671 2694 1726 si
2710 1671 3046 1740 expostules,
3070 1672 3248 1728 statim
3270 1673 3637 1744 respondebit:

2044 1765 2230 1820 Omnia
2256 1766 2390 1821 enim
2427 1766 2545 1820 huic
2575 1765 2718 1835 operi
2770 1765 2954 1820 delicta
2984 1765 3259 1822 donantur.
3316 1766 3436 1822 Alio
3462 1778 3641 1823 autem

333 1869 482 1929 patra
532 1857 742 1911 innnisit
800 1857 892 1911 sibi
920 1899 935 1924 ,
982 1873 1046 1911 ne
1095 1857 1147 1911 in
1196 1873 1378 1913 manus
1420 1858 1612 1912 inimici
1662 1863 1940 1929 perreniret
1968 1866 2016 1925 Β
2046 1861 2098 1914 in
2125 1860 2260 1914 libro
2288 1859 2444 1914 docet
2470 1858 2595 1913 illud
2621 1856 2916 1914 secundum
2941 1873 3061 1914 esse
3089 1858 3376 1941 baptisma,
3398 1874 3506 1930 quo
3531 1875 3649 1929 gra-

333 1950 475 2025 (lib.
506 1952 573 2005 ad
613 1948 834 2020 Hartyr.
889 1966 935 2003 c.
988 1950 1070 2022 4).
1128 1949 1233 2006 Sed
1283 1951 1384 2006 hoc
1423 1949 1643 2006 famosa:
1696 1953 1939 2009 mulieris

334 2045 538 2100 facinus
590 2041 789 2114 sapius
831 2044 901 2097 ab
956 2041 1221 2099 historicis
1270 2044 1531 2099 Suetonio
1576 2044 1814 2113 (Sueten.
1846 2046 1935 2101 lib.

334 2138 378 2195 ll
402 2139 454 2192 in
490 2135 590 2192 Vit.
624 2136 843 2208 August.
875 2135 1024 2210 §3fl)
1045 2179 1059 2200 ,
1095 2136 1379 2192 Plutarcho
1409 2135 1705 2208 (Plutarch.
1739 2141 1791 2193 in
1834 2138 1936 2194 Vit.

334 2230 565 2297 Antonii,
598 2247 650 2301 p.
682 2224 847 2312 95d),
880 2239 934 2284 et
965 2229 1084 2284 aliis
1111 2271 1127 2298 ,
1175 2243 1382 2286 necnon
1426 2245 1456 2285 a
1489 2230 1661 2301 poetis
1687 2230 1947 2301 decanta.

339 2332 448 2379 tum
478 2333 577 2379 est.
604 2323 942 2393 Quapmptcr
968 2321 1085 2376 hate
1112 2321 1317 2378 Horatii
1339 2364 1354 2389 ,
1387 2339 1505 2394 qua:
1531 2323 1597 2381 ad
1626 2323 1941 2381 Tertulliani

338 2416 671 2489 prepositum
713 2416 883 2488 magis
913 2414 1255 2485 conducunt,
1302 2415 1539 2472 carmina
1570 2416 1765 2474 citasse
1810 2418 1943 2475 satis

339 2510 443 2568 erit
474 2528 491 2567 :

679 2629 735 2675 et
750 2625 1001 2690 iacentem
1034 2625 1198 2676 visere
1220 2627 1435 2690 regiam,

528 2686 681 2751 Vultu
698 2686 880 2738 sereno
904 2687 1060 2747 fortis,
1086 2697 1138 2739 et
1160 2686 1363 2751 asperas

622 2750 858 2814 Tractare
881 2757 1164 2814 serpentes,
1189 2750 1244 2800 ut
1266 2759 1425 2801 atrum

713 2812 932 2875 Corpore
956 2812 1264 2865 cmnbiberet
1282 2827 1529 2865 venenum
1553 2827 1566 2863 :

529 2873 822 2926 Deliberata‘
841 2885 1000 2927 morte
1024 2875 1257 2937 ferocior;

530 2937 687 2988 Sacris
710 2937 936 2987 Liburnis
957 2939 1145 2989 scilicet
1168 2939 1392 2989 invidens

623 3000 818 3066 Priyata
836 3001 1010 3066 deduci
1032 3002 1251 3066 superbo

716 3063 824 3115 Non
847 3062 1049 3114 humilis
1067 3062 1245 3115 mulier
1270 3065 1537 3129 triumpho.

631 3145 829 3209 (Horat.
852 3142 934 3195 lib.
962 3152 976 3194 1
1003 3144 1216 3198 Carmin.
1242 3145 1325 3199 od.
1349 3148 1429 3207 37,
1449 3160 1494 3197 υ.
1514 3146 1576 3199 25
1600 3153 1645 3198 et
1667 3148 1818 3216 seqq.)

2044 1954 2114 2009 tia
2144 1952 2237 2008 Dei
2262 1953 2492 2007 donatur
2511 1993 2527 2018 ,
2569 1951 2857 2023 omniaque
2890 1960 3103 2022 peccata
3126 1994 3141 2018 ,
3197 1961 3322 2007 ante
3349 1953 3651 2009 sacratissi-

2043 2060 2188 2099 mum
2218 2043 2352 2099 illud
2374 2058 2529 2113 aqua:
2554 2043 2826 2098 lavacrum
2864 2043 3172 2110 commissa,
3206 2044 3365 2114 plane
3412 2045 3649 2115 penitus-

2042 2154 2146 2207 que
2173 2138 2541 2192 remittuntur.
2587 2135 2691 2192 Sed
2732 2137 2938 2206 ipsum,
3002 2135 3045 2191 si
3075 2135 3288 2205 placet,
3339 2134 3648 2206 loquentem

2043 2230 2217 2285 adhuc
2263 2220 2582 2284 audiamus:
2619 2227 2711 2284 Est
2752 2228 2957 2298 quidem
3007 2227 3150 2284 nobis
3177 2229 3328 2281 etiam
3373 2229 3651 2308 secundum

2047 2324 2335 2390 lavacrum,
2368 2339 2526 2377 unum
2566 2332 2614 2376 et
2638 2323 2835 2390 ipsum,
2881 2320 3145 2392 sanguinis
3173 2320 3397 2387 scilicet,
3439 2320 3543 2377 hoc
3567 2329 3653 2376 est

2046 2417 2286 2488 martyrii
2313 2458 2328 2482 ,
2377 2417 2441 2470 de
2462 2432 2564 2488 quo
2590 2414 2839 2471 Dominus
2866 2430 2887 2469 :
2916 2412 3123 2479 Habeo,
3158 2414 3319 2484 inquit
3346 2456 3362 2481 ,
3401 2413 3650 2485 baptismo

2046 2511 2228 2581 tingui,
2262 2525 2377 2564 cum
2397 2509 2512 2579 jam
2536 2509 2721 2563 tinctus
2742 2508 3055 2577 fuisset...“
3083 2505 3193 2563 Hos
3217 2505 3348 2563 duos
3374 2505 3653 2576 baptismos

2047 2603 2110 2656 de
2136 2602 2340 2657 vulnere
2362 2590 2578 2672 perfossi
2611 2600 2781 2656 lateris
2812 2599 2980 2656 emisit
3005 2641 3022 2667 ,
3049 2608 3299 2670 quatenus
3326 2600 3414 2670 qui
3451 2600 3504 2654 in
3531 2615 3653 2653 san-

2047 2697 2249 2765 guinem
2277 2695 2389 2764 ejus
2419 2693 2700 2759 crederent,
2732 2709 2867 2763 aqua
2886 2693 3211 2758 lavarentur;
3237 2693 3323 2763 qui
3343 2708 3476 2761 aqua
3498 2692 3654 2746 lauis-

2050 2798 2181 2853 sent,
2213 2786 2364 2842 etiam
2409 2789 2712 2857 sanguinem
2757 2796 3012 2856 potarent.
3043 2785 3143 2841 Hic
3166 2798 3240 2842 est
3270 2787 3548 2858 baptismus
3571 2788 3659 2856 qui

2006 2884 2013 2892 ’
2049 2885 2329 2946 lavacrum,
2358 2890 2405 2936 et
2454 2897 2556 2936 non
2605 2888 2868 2951 acceptum
2909 2890 3238 2951 reprtesentat
3260 2922 3274 2945 ,
3324 2890 3369 2937 et
3407 2881 3659 2951 perditura

2048 2974 2213 3029 reddit
2258 2972 2464 3047 (Idem,
2514 2972 2602 3027 tib.
2661 2973 2725 3027 de
2776 2971 3030 3043 Baptism.
3066 2990 3184 3044 cap.
3232 2971 3355 3044 i6).
3407 2977 3474 3030 At
3528 2973 3658 3029 illud

2048 3068 2117 3123 ab
2153 3082 2220 3124 eo
2241 3076 2501 3122 assertum
2531 3065 2758 3120 vidimus
2789 3064 2975 3135 (Supr.
3005 3082 3051 3120 c.
3085 3066 3171 3131 ll,
3202 3075 3305 3118 art.
3336 3065 3392 3135 5)
3415 3106 3430 3131 ,
3462 3079 3660 3135 quem-

2051 3159 2337 3215 admodum
2388 3175 2416 3214 a
2462 3158 2728 3229 discipulo
2766 3158 2884 3227 ejus
2910 3157 3180 3229 (Zypriano
3206 3198 3223 3225 ,
3268 3158 3356 3229 qui
3399 3167 3662 3227 praeterea

348 3251 532 3308 Altera
562 3234 723 3322 porro
750 3253 941 3307 mulier
986 3252 1441 3324 cartliagineusis,
1480 3254 1762 3311 Asdrubale
1790 3258 1945 3312 mari-
1978 3260 2023 3321 ί]
2058 3253 2315 3322 majorem
2355 3251 2513 3322 hujus
2535 3294 2549 3315 ,
2605 3266 2765 3321 quam
2809 3251 3002 3319 prioris
3041 3250 3289 3319 baptismi
3318 3252 3548 3321 gratiam
3576 3251 3665 3307 his

359 3355 446 3407 to,
493 3346 570 3399 ait
599 3344 998 3411 Tertullianus,
1038 3346 1090 3399 in
1132 3347 1368 3401 extremis
1419 3349 1600 3418 patria:
1643 3351 1953 3405 constantior

357 3438 593 3511 (Tertull.
620 3438 706 3493 lib.
740 3438 846 3494 [ad
868 3437 1084 3495 Nation.
1113 3457 1159 3495 c.
1198 3439 1284 3508 18,
1318 3457 1371 3510 p.
1401 3439 1561 3511 584),
1589 3441 1722 3507 sive,
1748 3443 1954 3499 utalibi

356 3529 527 3597 dixit,
562 3530 675 3600 jant
717 3529 930 3584 ardente
967 3528 1315 3602 Carthagine,
1360 3548 1481 3586 cum
1519 3533 1758 3587 ntaritum
1808 3552 1957 3590 suum

355 3621 635 3693 supplicem
666 3620 896 3691 Scipioni
923 3621 1133 3690 uideret,
1159 3639 1273 3677 cum
1294 3623 1417 3694 filiis
1445 3624 1550 3679 suis
1590 3626 1641 3679 in
1668 3626 1957 3682 incendium

358 3717 537 3788 patria:
584 3715 830 3771 denotavit
882 3715 1092 3788 (Idem,
1149 3718 1237 3774 lib.
1288 3718 1359 3772 ad
1401 3717 1644 3790 Μανίῳ-η
1689 3738 1805 3791 cap.
1856 3721 1953 3794 ι).

359 3809 489 3866 Cum
522 3810 664 3864 enim
694 3809 997 3865 rescivisset
1026 3808 1379 3866 Asdrubalem
1401 3852 1417 3877 ,
1440 3819 1592 3880 capta
1614 3811 1953 3883 Carthagine,

361 3902 521 3956 vitam
550 3917 577 3955 a
605 3899 855 3972 Scipione
887 3902 1224 3972 impetrasse,
1256 3914 1422 3972 seque
1444 3902 1513 3957 ab
1538 3918 1604 3959 eo
1624 3903 1953 3973 derelictam,

360 3994 413 4049 in
463 3995 695 4050 incensa:
738 3993 887 4051 urbis
941 3993 1094 4067 ignes
1136 4009 1194 4050 se
1224 4010 1344 4052 cum
1377 3997 1499 4052 {illis
1549 3997 1797 4069 injecisse
1842 4013 1959 4053 me-

360 4098 621 4143 moratur.
654 4086 866 4142 Vidcsis
911 4084 1182 4143 Valerium
1210 4088 1493 4145 Maximum
1540 4088 1759 4162 (Vater.
1809 4088 1956 4145 Max.

365 4179 449 4235 lib.
508 4180 604 4247 llI,
654 4198 769 4254 cap.
825 4181 861 4236 2
905 4180 1123 4239 Extent.
1174 4181 1202 4256 §
1246 4184 1337 4257 8),
1394 4186 1633 4258 aliosque
1675 4186 1960 4242 historicos

364 4274 678 4345 scriptores.

437 4364 540 4420 Tot
568 4374 744 4422 autem
775 4383 894 4423 cum
936 4370 1170 4425 virorum
1222 4381 1333 4426 tum
1389 4372 1671 4427 mulierum
1700 4373 1962 4444 exemplis

367 4467 517 4512 recte
556 4457 920 4513 Tertullianus
950 4461 1284 4517 demonstrat
1334 4462 1699 4531 Christianos,
1748 4466 1844 4521 sibi
1894 4466 1963 4521 ob

367 4553 536 4608 solam
560 4551 871 4621 religionem
892 4553 1033 4607 illata
1058 4554 1125 4609 ab
1143 4555 1372 4611 ethnicis
1389 4567 1559 4612 morte
1591 4558 1964 4616 lubentissimo

2060 3344 2238 3400 verbis
2265 3343 2441 3413 palam
2473 3342 2727 3413 praedicat
2756 3361 2769 3394 :
2806 3341 3039 3395 Primum
3067 3341 3321 3410 baptisma
3343 3341 3669 3398 credentibus

2058 3438 2290 3493 dedimus
2311 3478 2326 3503 ,
2359 3437 2426 3491 ad
2470 3436 2613 3491 aiiud
2659 3452 2854 3507 quoque
2881 3436 3109 3507 singulos
3154 3452 3500 3507 prteparemus
3535 3439 3666 3493 insi-

2060 3541 2274 3585 nnantes
2305 3537 2349 3584 et
2379 3530 2612 3584 docentes
2651 3528 2746 3583 hoc
2776 3544 2883 3584 esse
2901 3528 3153 3597 baptisma
3182 3530 3235 3583 in
3254 3530 3422 3601 gratia
3450 3530 3619 3601 majus
3640 3571 3658 3599 ,

2060 3624 2112 3676 in
2135 3628 2382 3694 potestate
2409 3618 2673 3677 sublimius
2696 3660 2712 3686 ,
2755 3622 2807 3674 in
2846 3620 3037 3674 honore
3076 3621 3378 3691 pretiosius;
3404 3622 3659 3691 baptisma

2059 3718 2111 3771 in
2125 3734 2226 3787 quo
2245 3716 2412 3787 angeli
2436 3715 2716 3787 buptizant,
2735 3716 2984 3785 baptisnta
3000 3718 3052 3769 in
3079 3731 3180 3785 quo
3208 3714 3344 3769 Deus
3358 3724 3403 3771 et
3430 3713 3666 3772 Christus

2061 3812 2169 3883 ejus
2202 3810 2457 3866 exsultant
2481 3827 2499 3877 ;
2521 3808 2790 3879 baptisma,
2818 3819 2926 3880 post
2963 3811 3098 3879 quod
3137 3825 3283 3864 nemo
3320 3810 3435 3881 jam
3465 3819 3671 3879 peccat;

2061 3904 2330 3975 baptisma,
2357 3904 2494 3975 quod
2519 3903 2643 3973 ﬁdei
2660 3911 2845 3958 nostris
2863 3902 3169 3957 incrementa
3184 3912 3523 3968 consummat;
3541 3903 3671 3972 bap-

2062 3999 2232 4064 tisma,
2255 3998 2389 4070 quod
2413 4013 2504 4052 nos
2519 3996 2581 4051 de
2597 3996 2786 4050 mundo
2800 3994 3105 4060 recedentes,
3126 3995 3294 4048 statim
3316 3993 3420 4049 Deo
3437 3996 3666 4064 copulat.

2062 4091 2131 4148 In
2159 4107 2305 4162 aquis
2326 4091 2573 4159 baptismo
2599 4089 2846 4158 accipitur
2867 4096 3186 4157 peccatorum
3212 4087 3458 4153 remissio,
3478 4088 3530 4141 in
3552 4103 3667 4142 san-

2064 4187 2230 4257 guinis
2264 4200 2452 4239 corona
2497 4182 2734 4236 virtutnm
2761 4179 2781 4252 (
2808 4179 3052 4251 Cyprian.
3095 4179 3159 4233 de
3205 4178 3475 4235 Exhortat.
3532 4195 3673 4233 mar-

2066 4279 2215 4350 tgr.).
2240 4278 2460 4335 Brevius
2504 4291 2632 4332 vero
2669 4274 2792 4331 alibi
2828 4291 2842 4328 :
2880 4273 3163 4345 Numquid,
3199 4274 3573 4344 inquit,~potest
3596 4274 3668 4329 vis

2064 4372 2302 4441 baptismi
2350 4387 2457 4426 esse
2499 4370 2665 4439 major
2703 4378 2789 4421 aut
2821 4369 3005 4437 potior,
3032 4383 3185 4438 quam
3208 4366 3486 4437 confessio,
3518 4381 3672 4437 quam

2068 4467 2258 4537 passio,
2294 4473 2348 4518 ut
2392 4463 2504 4533 quis
2556 4478 2726 4515 coram
2774 4460 3063 4515 hominibus
3115 4461 3437 4528 conﬁteatur,
3478 4468 3527 4514 et
3553 4475 3674 4514 san-

2067 4559 2218 4629 guine
2243 4572 2337 4611 suo
2362 4556 2639 4626 baptizatur
2671 4554 2689 4624 (
2726 4551 2838 4618 ld.,
2869 4568 2950 4622 ep.
2997 4552 3085 4607 7'5.
3129 4551 3197 4605 ad
3222 4552 3344 4606 Jub.
3382 4549 3441 4623 )?
3473 4548 3674 4605 Eadem

369 4647 550 4702 animo
569 4646 982 4714 occumbcntes,
1035 4647 1105 4702 ab
1143 4649 1228 4704 his
1285 4665 1563 4721 perperam
1605 4650 1892 4709 dementiae
1921 4655 2053 4716 etD
2082 4650 2171 4704 ille
2224 4647 2347 4705 alibi
2400 4647 2595 4717 repetit
2645 4643 2867 4718 (Idem,
2923 4644 3070 4713 epist.
3139 4643 3230 4699 55.
3273 4642 3362 4697 lib.
3409 4641 3472 4696 de
3521 4640 3674 4696 Orat.

371 4738 764 4810 desperationis
787 4740 1050 4795 accusari.
1077 4739 1213 4796 Nam
1240 4743 1465 4799 summis
1518 4743 1595 4799 illi
1632 4744 1874 4801 laudibus
1912 4758 1967 4803 et
2070 4740 2283 4796 Domi".
2311 4740 2365 4811 ),
2401 4754 2522 4810 quae
2568 4737 2853 4792 confirmat
2898 4734 3226 4807 Augustinus
3278 4732 3545 4803 (August.
3579 4732 3672 4786 lib.

371 4832 638 4890 bonorum
675 4831 842 4888 titulis
884 4847 1012 4887 suos
1040 4875 1056 4900 ,
1091 4832 1347 4890 hactenus
1373 4846 1700 4893 memoratos
1726 4840 1968 4895 cumula—
2072 4833 2190 4891 Xlli
2217 4834 2281 4889 de
2321 4831 2469 4887 Civil.
2496 4847 2614 4901 cap.
2635 4831 2713 4900 7),
2738 4829 2826 4885 ubi
2850 4827 3011 4883 variis
3032 4825 3325 4895 Scriptura:
3351 4838 3518 4881 sacra:
3553 4838 3679 4879 rer-

372 4925 519 4982 baut.
554 4926 622 4980 At
639 4924 797 4996 longe
816 4924 1110 4995 majoribus
1128 4925 1274 4997 digni
1289 4937 1442 4983 erant
1462 4928 1736 4986 christiani
1769 4942 1971 5005 marty-

374 5034 463 5075 res
486 5061 501 5083 ,
530 5018 621 5089 qui
650 5034 755 5074 non
786 5018 1002 5075 caducae
1042 5035 1297 5091 vanusque
1342 5020 1618 5079 hominum
1659 5025 1846 5096 gloria:
1882 5042 1973 5083 ca-

2075 4928 2158 4985 bis
2210 4924 2447 4982 ostendit
2496 4932 2698 4979 tautum
2748 4921 2929 4977 valere
2969 4917 3305 4989 martyrium,
3337 4924 3594 4987 quantum
3632 4914 3682 4970 si

2076 5021 2196 5092 quis
2230 5033 2384 5074 sacro
2422 5015 2757 5090 baptismatis
2793 5013 2938 5069 fonte
2972 5009 3302 5067 ablueretur.
3325 5006 3404 5065 Ibi
3424 5024 3551 5066 vero
3582 5008 3680 5065 ad-

379 5110 591 5179 ptandte
613 5150 630 5178 ,
670 5111 765 5167 sed
792 5121 1010 5168 internae
1036 5113 1304 5171 felicitatis
1347 5116 1725 5187 comparanda:
1758 5134 1970 5189 caussa,
2073 5117 2184 5188 jicit
2219 5131 2233 5169 :
2275 5113 2413 5182 Quid
2443 5113 2576 5168 enim
2621 5110 2908 5181 pretiosius,
2932 5122 3086 5176 quam
3117 5120 3278 5172 mors,
3308 5121 3397 5175 per
3420 5120 3572 5175 quam
3600 5102 3679 5169 lit,

379 5202 661 5259 horrendis
684 5204 840 5273 plane
855 5207 1178 5264 cruciatibus
1196 5223 1255 5264 se
1274 5210 1643 5267 excarniﬁcari
1662 5213 1854 5268 mirum
1873 5215 1979 5284 pla-

379 5312 446 5351 ne
471 5295 526 5350 in
554 5295 769 5352 modum
800 5299 1155 5369 patiebantur.
1185 5301 1661 5360 Persuasissimum
1713 5305 1978 5378 siquidem

374 5388 648 5447 habebant
668 5405 729 5449 se
748 5393 1006 5466 martyrio
1031 5396 1414 5465 sempiternam
1440 5398 1821 5457 beatitudinem
1848 5416 1982 5457 cou-

379 5493 681 5541 secuturos.
708 5484 821 5543 Sed
848 5486 901 5543 id
932 5503 964 5544 a
991 5489 1150 5545 nobis
1180 5493 1338 5561 paulo
1376 5495 1659 5553 enodatius
1696 5497 1974 5570 explican-

378 5578 509 5636 dum
538 5588 641 5636 est.

979 5671 1271 5716 ABTICULUS
1306 5676 1380 5718 ιν.

2080 5220 2137 5266 ut
2166 5220 2213 5266 et
2239 5208 2424 5264 delicta
2466 5205 2639 5261 omnia
2672 5202 3000 5255 dimittantur
3023 5239 3036 5262 ,
3069 5207 3115 5251 et
3145 5196 3329 5251 merita
3376 5195 3684 5262 cumulatius

2083 5315 2384 5377 augeantur.
2401 5298 2715 5359 Ambrosius
2732 5303 2908 5350 autem
2926 5292 3162 5363 pressius
3177 5289 3496 5346 Tertulliani
3514 5288 3688 5345 nostri

2089 5399 2306 5468 vestigia
2358 5404 2572 5452 saeuius
2613 5399 2726 5447 est:
2751 5388 2872 5459 Non
2894 5404 3074 5454 unum,
3103 5385 3292 5458 inquit,
3316 5395 3387 5441 est
3408 5381 3691 5456 baptisma?

2085 5492 2253 5548 Unum
2278 5499 2373 5554 est,
2402 5487 2539 5558 quod
2564 5486 2646 5539 hic
2671 5482 2825 5537 tradit
2855 5479 3119 5548 Ecclesia,
3152 5496 3242 5551 per
3266 5494 3452 5550 aquam
3470 5487 3518 5533 et
3549 5476 3685 5553 Spif

2079 5588 2236 5641 ritum
2264 5590 2513 5643 sanctum,
2543 5578 2607 5633 de
2631 5592 2732 5647 quo
2750 5575 2873 5629 dicit
2894 5572 3145 5628 Dominus
3167 5570 3200 5627 J
3206 5588 3317 5627 esus
3341 5586 3398 5626 :i
3421 5568 3691 5641 Baptisma

2086 5679 2246 5733 habeo
2266 5672 2534 5751 baptismi,
2551 5670 2685 5741 quod
2705 5684 2791 5723 vos
2811 5666 3029 5723 nescitis.
3044 5684 3063 5717 ι
3088 5664 3131 5721 U
3139 5665 3272 5736 tique
3279 5665 3392 5736 jam
3408 5661 3697 5734 baptizatus

318 5822 326 5829 ,
390 5760 559 5828 Quom
582 5764 848 5835 perspicue
875 5765 1219 5825 Tertullianus
1244 5770 1420 5828 doceat
1442 5777 1748 5848 martyrium
1777 5794 1889 5834 esse
1906 5795 1949 5834 st

2085 5772 2141 5826 in
2166 5767 2398 5825 Jordane
2422 5766 2608 5836 fuerat,
2631 5762 2759 5818 sicut
2783 5759 3052 5831 superiora
3067 5755 3332 5811 declarant
3358 5771 3376 5810 :
3405 5755 3494 5811 sed
3518 5754 3696 5810 sithoc

460 5853 680 5911 cundum
709 5856 993 5933 baptisma,
1045 5876 1145 5933 quo
1191 5870 1296 5920 tota
1338 5863 1437 5922 Dei
1480 5868 1648 5940 gratia
1689 5870 1988 5941 redimitur,

2092 5862 2395 5937 baptisntunt
2424 5856 2697 5930 passionis,
2732 5869 2830 5925 quo
2855 5853 3004 5909 etiam
3030 5848 3277 5923 sanguine
3302 5863 3395 5905 suo
3426 5844 3703 5921 unusquiso
