4076 6356
485 335 590 397 975

1554 333 1621 388 IN
1661 329 2126 390 TERTULLIANI
2165 330 2695 390 APOLOGETICUM

3677 328 3785 386 976

482 471 581 520 que
623 453 894 506 inundatur
921 451 1199 523 (Ambros.
1235 447 1470 520 Est-posit.
1512 448 1564 502 in
1615 431 1801 519 psalui.
1853 443 2086 513 CXVIII,
2114 446 2169 506 Α
2192 447 2323 502 alias
2353 447 2572 516 feceritis
2595 490 2609 512 ,
2644 444 2960 518 pontiﬁcalia
2985 453 3136 518 atque
3151 445 3420 517 auguralia
3443 444 3666 517 insignia
3695 445 3785 497 ad-

484 564 637 603 serm.
671 548 735 610 5,
767 544 795 618 ᾗ
831 545 966 616 14).
1022 543 1128 600 Sed
1169 541 1237 600 de
1294 543 1376 598 his
1422 543 1572 614 plura
1620 542 1760 613 apud
1806 541 2082 612 theologos

482 639 834 698 scholasticos
887 639 986 709 legi
1031 645 1257 707 possunt
1294 638 1312 708 (
1344 635 1409 691 In
1435 636 1525 691 lib.
1571 635 1658 690 IV.
1694 635 1925 691 Sentent.
1958 635 2079 688 dist.

481 736 538 800 4,
570 746 617 788 et
644 732 696 788 in
721 732 918 788 Summ.
947 731 1006 788 S.
1029 729 1213 786 Thom.
1241 741 1375 800 part.
1398 729 1486 797 III,
1513 739 1690 800 quatst.
1715 728 1804 796 66,
1835 738 1932 782 art.
1969 727 2080 800 Il).

559 828 880 884 Persuasum
910 825 1068 896 igitur
1089 825 1404 880 Christianis
1434 825 1644 895 penitus
1670 835 1784 879 erat
1810 838 2081 893 nunquam

480 923 741 992 majorem
765 935 825 975 se
850 919 919 975 de
942 918 1276 974 daemonibus
1297 959 1312 984 ,
1345 928 1562 973 aeterna:
1609 932 1718 972 sua:
1748 917 1933 972 salutis
1955 931 2082 971 oso-

484 1015 658 1083 ribus,
691 1013 1017 1084 triumphum
1049 1027 1230 1084 agere,
1259 1027 1418 1082 quam
1445 1027 1567 1066 eum
1606 1009 1804 1066 ethnici
1838 1009 2082 1080 malignis

479 1111 695 1167 illorum
717 1107 1146 1177 instigationibus
1160 1106 1460 1172 subornati,
1484 1107 1628 1176 ipsos
1646 1113 1862 1174 propter
1883 1102 2082 1157 Chriin

481 1202 882 1259 confessionem
925 1198 1322 1256 interﬁciebant
1351 1217 1362 1252 :
1413 1196 1550 1250 Nam
1599 1197 1715 1250 illos
1737 1239 1750 1260 ,
1779 1195 1855 1249 ait
1881 1197 2082 1258 Auctor:

481 1307 688 1359 noster,
723 1309 981 1365 nunquam
1012 1291 1174 1362 ntagis
1189 1290 1650 1358 detriumphamus,
1676 1304 1829 1359 quam
1855 1303 1969 1341 cum
1989 1303 2080 1357 pro

482 1389 604 1458 ﬁdei
633 1388 962 1444 obstinatione
980 1384 1306 1456 (Tertullian.
1333 1383 1550 1453 Apolog.
1581 1398 1696 1450 cap.
1722 1380 1814 1447 27,
1844 1398 1894 1450 p.
1928 1379 2078 1452 454),

481 1500 581 1542 seu
611 1483 916 1545 constanti,
950 1490 1008 1534 ut
1035 1479 1194 1551 paulo
1221 1487 1345 1534 ante
1393 1477 1706 1532 dicebamus
1728 1519 1742 1540 ,
1777 1474 2080 1545 invictaque

479 1576 816 1639 defensione,
840 1574 1165 1627 damnamur.
1194 1570 1325 1638 Quis
1350 1579 1549 1634 autem,
1568 1579 1620 1622 et
1640 1583 1797 1638 quam
1816 1567 2080 1638 gloriosus

481 1671 555 1725 sit
599 1669 690 1723 ille
735 1666 1161 1722 Christianorum
1212 1661 1514 1732 trimnphus
1542 1703 1556 1726 ,
1587 1661 1728 1714 hunc
1757 1660 1988 1730 explicat.
2026 1661 2078 1713 in

475 1762 697 1818 modum
729 1777 742 1814 :
774 1759 1023 1814 Prwlium
1051 1767 1123 1811 est
1158 1756 1326 1817 nobis,
1372 1754 1508 1823 quod
1535 1752 1840 1808 christiana:
1868 1751 2076 1822 profes-

2175 539 2356 610 ficere,
2378 538 2622 610 quilovis
2646 539 2821 611 aptimi
2845 539 3056 594 maximi
3083 548 3268 592 ornatu
3294 537 3557 592 decoratus
3581 580 3595 602 ,
3625 554 3781 591 curru

2187 643 2365 687 aurato
2422 649 2509 701 per
2542 630 2729 686 Urbem
2780 639 2984 697 vectus,
3039 632 3092 684 in
3133 629 3444 701 Capitolium
3495 629 3783 683 ascenderit

2187 724 2322 799 (Liv.
2357 725 2444 780 lib.
2471 725 2588 796 X,§
2619 725 2714 798 7)?
2761 723 2834 780 Ita
2862 732 3039 780 autem
3069 721 3228 790 dixit,
3260 721 3404 777 Jovis
3431 731 3635 789 ornatu,
3658 722 3781 792 quia

2189 819 2582 889 triumphantes,
2605 818 2678 872 uti
2708 816 2958 874 observat
2983 816 3223 882 Servius,
3253 816 3436 870 habent
3451 814 3621 869 omnia
3639 813 3784 868 Jovis

2185 914 2425 985 insignia,
2455 925 2705 985 sceptrum
2742 913 3042 983 palmulam.
3079 909 3228 966 Unde
3255 911 3325 964 ait
3349 909 3633 973 Juvenalis,
3670 927 3688 960 t
3729 909 3785 962 in

2187 1006 2360 1059 tunica
2383 1005 2526 1060 lovis
2552 1008 2600 1065 ι(
2609 1005 2754 1061 Serv.
2779 1006 2831 1059 in
2856 1005 3012 1075 eclog.
3039 1005 3125 1068 10,
3150 1005 3298 1068 υ.27,
3317 1023 3366 1075 p.
3401 1004 3514 1075 55).
3545 1003 3618 1058 De
3635 1013 3784 1059 veste

2186 1111 2362 1154 autem
2390 1101 2641 1169 palmata,
2665 1110 2889 1156 etcurru
2908 1100 2976 1154 ita
3006 1100 3094 1154 ille
3109 1099 3236 1154 alibi
3260 1115 3272 1153 :
3303 1098 3584 1153 Sciendum
3603 1099 3784 1154 sellam

2187 1196 2414 1248 curulem
2456 1213 2488 1248 a
2544 1211 2701 1249 curru
2755 1195 2945 1249 dictam
2970 1237 2983 1259 ,
3013 1195 3148 1265 quod
3178 1211 3237 1249 ea
3261 1205 3458 1248 tantum
3490 1196 3780 1260 utebantur,

2185 1291 2270 1360 qui
2301 1290 2598 1360 triumphali
2624 1307 2778 1345 curru
2802 1291 2988 1346 invecti
3031 1291 3249 1362 fuissent
3275 1307 3292 1345 .‘
3318 1292 3444 1344 sicut
3479 1292 3630 1345 etiam
3662 1293 3781 1361 pal-

2187 1393 2322 1437 mata
2343 1383 2525 1436 dicitur
2550 1385 2740 1448 tunica,
2771 1401 2922 1456 qttam
2948 1385 3286 1450 merebantur,
3328 1384 3415 1455 qui
3438 1394 3783 1455 reportassent

2185 1475 2248 1528 de
2267 1474 2491 1529 hostibus
2519 1476 2740 1545 palmam
2763 1474 2956 1547 (Idem,
2999 1477 3050 1529 in
3081 1476 3169 1530 lib.
3198 1475 3260 1531 II.
3300 1473 3517 1531 /Eueid.
3564 1493 3612 1532 υ.
3644 1477 3776 1544 534,

2185 1584 2238 1636 p.
2273 1567 2419 1641 657).
2441 1566 2627 1623 Nonne
2647 1576 2823 1624 autem
2846 1568 2912 1622 ibi
2940 1569 3111 1623 innuit
3141 1584 3257 1624 eam
3284 1568 3362 1623 sic
3399 1580 3777 1639 nuncupatam,

2183 1660 2304 1730 quia
2330 1660 2412 1715 his
2437 1660 2684 1728 dabatur,
2717 1662 2805 1732 qui
2837 1662 3064 1732 palmam
3102 1663 3447 1716 meruerant?
3474 1663 3572 1716 Alii
3603 1672 3780 1719 tamen

2181 1753 2259 1808 sic
2284 1764 2525 1808 vocatam
2554 1756 2861 1824 cpinantur,
2889 1755 3032 1824 quod
3076 1754 3266 1824 palmis
3285 1762 3432 1810 esset
3460 1753 3682 1810 intexta.
3703 1753 3778 1811 De

475 1855 646 1912 sionls
690 1852 945 1918 accusati,
983 1864 1316 1919 provocamur
1344 1847 1412 1899 ad
1436 1845 1717 1917 gentilium
1758 1844 2037 1898 tribunalia
2062 1859 2076 1908 ;
2108 1851 2156 1911 B
2186 1847 2272 1902 illa
2297 1862 2457 1918 porro
2485 1847 2535 1900 hi
2563 1857 2688 1901 sunt
2717 1846 2969 1901 Martialis
3005 1861 3187 1901 versus
3217 1864 3231 1900 :

473 1959 530 2003 ut
547 1948 652 2003 illic
673 1946 765 2000 sub
797 1944 1088 2000 discrimine
1107 1943 1288 2012 capitis
1321 1957 1412 2010 pro
1441 1939 1647 1993 veritate
1671 1937 1912 2007 ejusdem
1941 1935 2068 1990 reli-

471 2039 647 2111 gionis
677 2045 874 2092 nostra:
895 2034 1112 2100 tuenda,
1143 2045 1387 2086 certemus
1408 2070 1421 2085 .
1466 2030 1518 2084 In
1561 2030 1662 2084 hoc
1683 2039 1860 2084 autem
1887 2028 2072 2099 prirlio

467 2132 740 2191 vincimus,
758 2129 948 2200 inquit.
980 2143 1094 2180 cum
1121 2126 1418 2179 occidimur.
1446 2123 1684 2192 Denique
1705 2137 1770 2176 ex
1800 2120 1902 2176 hoc
1931 2136 2068 2190 pra:-

469 2225 546 2280 lio
573 2225 804 2279 victores
829 2219 1090 2276 evadimus
1119 2234 1232 2289 cum
1261 2215 1562 2270 obducimur
1611 2213 1776 2278 (Ibid.
1802 2231 1848 2267 c.
1892 2213 1982 2279 50,
2013 2230 2066 2281 ρ.

469 2316 693 2388 550),ἱύ
721 2324 805 2372 est
823 2356 838 2380 ,
869 2313 937 2367 ad
955 2312 1274 2382 supplicium
1293 2308 1436 2364 ducti
1459 2309 1827 2362 consumimur
1847 2314 1901 2361 et
1929 2312 2068 2360 occi-

468 2411 668 2467 dimur.
702 2411 779 2465 Eo
805 2408 948 2464 enim
977 2422 1138 2462 sensu
1166 2406 1363 2461 Auctor
1395 2413 1577 2458 noster
1608 2402 1708 2457 hoc
1732 2403 1949 2456 verbum
1981 2401 2066 2453 ob-

467 2505 704 2558 ducimur
746 2503 816 2557 ibi
862 2501 1074 2556 videtur
1103 2498 1416 2568 sumpsisse,
1447 2496 1587 2567 quod
1609 2494 1715 2550 alio
1740 2494 2062 2565 significatu,

463 2598 544 2652 uti
573 2595 900 2656 videbimus,
931 2592 1057 2646 alibi
1084 2592 1308 2660 accepit.
1337 2590 1468 2656 Quia
1503 2603 1630 2642 vero
1655 2585 1945 2642 Christiani
1977 2585 2062 2638 ni-

463 2691 542 2747 hil
566 2690 734 2761 magis
759 2689 810 2744 in
839 2687 978 2743 votis
1003 2686 1292 2750 habebant,
1326 2699 1484 2755 quam
1517 2697 1614 2752 pro
1647 2680 1921 2752 religionis
1948 2695 2062 2735 sua:

462 2782 774 2838 defensione
799 2780 935 2834 mori
964 2788 1017 2834 et
1045 2777 1296 2833 trucidari
1316 2819 1330 2840 ,
1361 2776 1644 2830 vincebant
1674 2774 1856 2844 utique
1884 2813 1899 2838 ,
1933 2787 2058 2827 cum

461 2875 811 2932 necabantur.
843 2873 977 2928 Nam
997 2873 1208 2926 victoria
1236 2881 1330 2937 est,
1362 2870 1436 2924 ait
1464 2869 1641 2925 adhuc
1671 2868 2056 2937 Tertullianus,

461 2986 558 3038 pro
585 2985 682 3041 quo
709 2969 994 3032 certaveris,
1024 2967 1246 3020 obtinere
1274 2964 1482 3036 (lbid.).

535 3061 807 3118 Athooiu
846 3059 1141 3116 certamine
1186 3059 1440 3120 victores,
1484 3067 1534 3112 et
1575 3055 1746 3127 gloria
1778 3055 1960 3127 utique
2005 3065 2059 3110 et

457 3158 668 3228 prteda,
689 3156 928 3211 omnium
959 3153 1197 3224 profecto
1220 3152 1472 3220 maxima,
1495 3152 1862 3223 potiebantur;
1888 3168 2055 3221 quan-

2430 1961 2470 2022 Ι,
2489 1975 2680 2026 fomes,
2709 1967 2762 2012 et
2785 1975 2988 2026 magnos
3012 1961 3162 2026 illaesa
3195 1975 3397 2026 merere
3419 1961 3708 2026 triumphos,

2487 2024 2815 2088 Paltnaueque
2833 2025 3028 2084 ducem,
3047 2025 3135 2073 sed
3159 2026 3258 2074 cito
3281 2024 3434 2074 redde
3461 2024 3607 2086 togas.

2764 2107 3009 2174 (Martial.
3038 2106 3121 2160 lib.
3147 2117 3237 2171 VII,
3265 2109 3552 2174 epigramm.
3576 2110 3647 2172 1.)

2163 2235 2224 2292 Ii
2256 2237 2375 2307 quis
2407 2236 2555 2306 plura
2601 2237 2758 2304 velit,
2809 2236 2897 2291 hic
2935 2235 3091 2292 adeat
3136 2233 3412 2290 Octavium
3465 2234 3763 2291 Ferrarium

2171 2328 2408 2401 (Ferrar.
2437 2332 2524 2385 lib.
2558 2331 2599 2385 II
2631 2333 2694 2386 de
2723 2330 2798 2385 lie
2834 2332 3036 2386 vestiar.
3063 2348 3109 2384 c.
3139 2330 3216 2402 8),
3250 2329 3440 2384 Aldqu
3473 2328 3762 2384 Manutium

2169 2423 2189 2491 (
2218 2423 2418 2478 Manut.
2453 2425 2516 2478 tle
2551 2435 2668 2497 toga
2702 2423 2978 2491 Romam),
3007 2425 3264 2480 Lazarum
3318 2423 3554 2496 Baylium
3584 2423 3762 2496 (Bayf.

2168 2518 2232 2572 de
2248 2517 2325 2573 Re
2341 2520 2539 2574 vestiar.
2570 2537 2616 2574 c.
2645 2520 2757 2588 I0),
2789 2521 3064 2576 Albertutn
3089 2518 3387 2574 Rubenium
3407 2518 3611 2587 (Ruben
3641 2560 3658 2585 ,
3682 2519 3717 2572 l.
3745 2518 3763 2573 I

2168 2613 2230 2666 de
2267 2612 2342 2668 Ile
2382 2614 2584 2668 vestiar.
2635 2630 2681 2668 c.
2725 2613 2840 2684 21),
2886 2615 2972 2684 qui
3003 2613 3071 2669 dc
3097 2629 3257 2668 curru
3309 2613 3614 2684 triumphali
3643 2613 3764 2671 data

2165 2720 2324 2775 opera
2355 2705 2648 2776 disputant.
2697 2710 2764 2761 At
2807 2716 3064 2776 prmterea
3099 2707 3165 2762 de
3197 2708 3278 2761 his
3325 2707 3548 2778 aliisque
3575 2708 3764 2762 trium-

2163 2797 2440 2865 phantium
2462 2799 2762 2870 insiguihtts
2791 2810 2847 2854 et
2866 2802 3198 2854 ornamentis
3228 2801 3446 2869 poteris,
3474 2801 3518 2855 si
3544 2800 3688 2855 Iubet
3709 2810 3766 2858 et

2163 2901 2350 2956 vacat,
2375 2891 2523 2945 adire
2552 2890 2814 2961 Otmphrii
2845 2891 3065 2946 Pauvini
3103 2891 3170 2947 de
3194 2890 3492 2962 Triumpho
3525 2892 3716 2946 librum
3739 2934 3755 2960 ,

2165 2993 2218 3039 et
2245 2983 2443 3038 Maderi
2467 2984 2519 3038 in
2541 2999 2663 3040 eum
2688 2987 3082 3041 annotatioues.

2234 3078 2508 3134 Caeterum
2532 3079 2691 3150 longe
2723 3080 2901 3156 major
2925 3089 3039 3136 erat
3065 3083 3256 3137 eximia
3292 3082 3444 3152 plane
3471 3094 3764 3156 martyrum

2167 3185 2473 3228 nostrorum
2508 3173 2761 3243 triumphi
2793 3175 2982 3244 gloria.
3028 3174 3215 3229 Mediis
3244 3174 3521 3230 enimvero
3563 3191 3762 3232 accen-

459 3249 750 3322 do(luidem
779 3266 837 3305 θα
861 3249 1072 3340 "iam?"
1096 3290 1109 3314 ν
1164 3247 1239 3304 "Ii
1262 3247 1336 3301 ³η
1375 3246 1734 3340 Τθηυυίθημε
1765 3289 1781 3314 ν
1834 3246 1978 3300 ¹⁸⁰¹²θ⁸
2008 3255 2053 3298 εί
2083 3246 2127 3308 C
2163 3278 2342 3320 serum
2373 3273 2764 3320 sarmentorum
2797 3265 3048 3333 flammis,
3081 3277 3328 3337 tanquam
3350 3283 3612 3339 purpurea
3642 3270 3762 3340 pal-

459 3345 677 3416 gloriam
717 3341 949 3414 placendi
992 3338 1102 3394 Deo
1127 3382 1141 3406 ,
1181 3349 1225 3394 et
1248 3339 1476 3410 prtedam
1503 3338 1704 3393 vivendi
1735 3340 1786 3392 in
1808 3348 2056 3393 teter-num

459 3435 670 3510 (lbid.).
701 3437 778 3492 Eo
795 3445 972 3492 autem
997 3433 1223 3489 fortas:e
1250 3433 1421 3501 major
1451 3432 1753 3502 gratiorque
1775 3431 1893 3486 hare
1920 3446 2056 3502 prac-

453 3533 524 3587 da
546 3531 646 3602 ipsi
668 3529 964 3596 videbatur,
981 3527 1124 3600 quod
1151 3529 1287 3582 sicut
1307 3541 1469 3596 supra
1495 3525 1868 3580 annotavimus
1890 3525 2050 3595 (Sup.

453 3642 499 3679 c.
532 3626 624 3689 11,
668 3633 768 3679 art.
796 3622 892 3694 5),
965 3619 1304 3678 existimabat
1351 3618 1482 3674 illud
1527 3617 1793 3674 felicitatis
1836 3627 2053 3673 ceterum

452 3718 768 3788 prtemium,
807 3717 926 3770 aliis
965 3716 1121 3786 justis
1158 3714 1380 3769 dilatum
1404 3755 1418 3779 ,
1483 3713 1683 3768 sanctis
1726 3713 2050 3783 martyribus

453 3813 632 3868 statim
665 3820 786 3882 post
815 3818 1042 3866 mortem
1074 3823 1463 3878 cxcessumquc
1504 3823 1657 3862 suum
1681 3808 1936 3864 conferri.

522 3904 661 3972 Quin
688 3908 847 3958 etiam
882 3913 988 3957 tam
1021 3902 1281 3972 insignem
1315 3900 1642 3972 triumphum
1683 3901 1752 3956 de
1778 3901 1976 3957 mundo
1997 3911 2051 3957 et

455 3997 668 4052 diabolo
687 3995 965 4067 agentibus
1006 4010 1110 4050 non
1143 3993 1329 4049 deerat
1355 3994 1794 4064 triumphantium
1817 3993 2048 4062 habitus,

453 4089 621 4145 vestis
649 4088 878 4159 palmata
902 4131 915 4153 ,
951 4099 1004 4144 et
1049 4102 1260 4143 currus.
1291 4087 1398 4142 Sed
1424 4102 1693 4158 quamam,
1727 4097 1903 4156 putas,
1937 4088 2052 4144 haec

455 4183 1068 4252 eranttriumphantium
1095 4193 1389 4253 martyrum
1444 4181 1708 4252 insignia?
1735 4181 1876 4236 Nihil
1904 4193 2052 4236 certe

453 4277 667 4340 minus,
709 4291 867 4345 quatn
909 4291 1253 4330 romanorum
1304 4275 1500 4329 ducum
1549 4283 1604 4328 et
1645 4275 2046 4344 imperatorum.

454 4367 588 4422 Nam
619 4382 740 4423 cum
783 4367 848 4421 ad
875 4366 1083 4422 dimidii
1118 4369 1265 4433 axis,
1307 4366 1374 4421 de
1404 4381 1510 4436 quo
1539 4366 1694 4436 paulo
1721 4377 1876 4422 antea
1905 4409 1920 4432 ,
1952 4367 2048 4421 sti-

453 4462 618 4532 pitem
646 4458 752 4517 vivi
781 4461 1061 4525 exurimur,
1095 4461 1178 4514 hic
1215 4469 1304 4524 est,
1339 4462 1411 4515 ait
1442 4460 1483 4515 Τ
1486 4461 1820 4530 ertullianus,
1850 4461 2050 4516 habitus

452 4553 677 4608 victoria:
718 4561 925 4616 nostra;
959 4551 1066 4605 lucc
1097 4553 1322 4622 palmata
1351 4554 1529 4616 vestis;
1573 4553 1663 4606 tali
1691 4571 1842 4608 curru
1871 4555 2051 4608 trium-

454 4646 672 4715 phamus
700 4645 1023 4716 (Tertullian.
1052 4645 1314 4716 Apologet.
1347 4662 1394 4698 c.
1424 4646 1510 4708 50,
1546 4647 1762 4718 p.550).
2076 4648 2129 4707 D

526 4737 764 4792 Primum
813 4748 990 4792 autem
1017 4736 1109 4792 ibi
1162 4748 1491 4792 memoratur
1521 4738 1732 4793 habitus
1775 4739 2045 4805 victoria),

453 4845 560 4900 quo
589 4831 805 4886 nomine
833 4831 1128 4902 generatim
1159 4829 1526 4899 signiﬁcantur
1565 4832 1744 4885 omnia
1773 4832 2010 4886 victorize
2029 4873 2044 4897 ,

448 4927 569 4978 sive
598 4924 1059 4996 triumphantium,
1088 4935 1399 4978 ornamenta
1422 4965 1435 4990 ,
1457 4925 1704 4978 nimirum
1731 4939 1926 4979 corona
1948 4939 2044 4977 au-

450 5031 566 5082 rea,
607 5018 737 5072 sella
766 5019 998 5082 curulis,
1059 5017 1227 5088 scipio
1248 5016 1548 5082 eburneus,
1605 5027 1722 5087 toga
1752 5017 1923 5086 picta,
1956 5026 2044 5071 tu-

450 5109 573 5164 nica
602 5109 852 5180 palmata,
885 5120 939 5167 et
969 5110 1101 5176 alia,
1145 5124 1370 5180 qttorum
1417 5109 1664 5179 frequens
1695 5109 1834 5178 apud
1867 5109 2045 5165 varios

448 5203 740 5274 scriptores
767 5203 969 5259 mentio
990 5203 1125 5258 facta
1141 5211 1241 5259 est.
1265 5201 1546 5258 Brevitatis
1567 5215 1692 5256 vero
1705 5215 1889 5255 caussa
1909 5217 2043 5270 prae-

447 5298 713 5354 tertnissis
739 5299 980 5370 pluribus
1011 5297 1094 5353 his
1124 5297 1472 5361 ornamentis,
1496 5296 1602 5350 duo
1634 5305 1835 5349 tantum
1863 5295 2044 5350 abillo

449 5390 756 5447 indicantur
775 5433 790 5457 ,
816 5391 1043 5462 palmata
1074 5392 1258 5455 vestis,
1283 5399 1336 5444 et
1364 5387 1700 5460 triumphalis
1729 5403 1942 5443 currus.
1973 5389 2041 5444 At

450 5481 634 5537 Livius
659 5481 728 5537 de
757 5483 822 5538 iis
851 5481 1074 5552 aliisque
1097 5481 1316 5537 Decium
1363 5481 1666 5551 loquentem
1698 5481 1776 5536 sic
1797 5481 1995 5537 inducit
2027 5496 2039 5531 :

453 5573 547 5630 Cui
577 5574 786 5629 deorum
812 5574 1133 5632 hominumve
1155 5574 1422 5644 indignum
1440 5574 1599 5628 videri
1623 5583 1780 5642 potest
1803 5590 1886 5628 eos
1913 5574 2046 5628 viros

452 5684 578 5738 quos
607 5684 693 5722 vos
735 5667 870 5722 sellis
896 5666 1170 5728 curulibus,
1204 5675 1320 5735 toga
1349 5677 1606 5736 prtetcxta,
1642 5668 1810 5730 tunica
1841 5667 2042 5737 palma-

456 5772 508 5815 ta
529 5805 544 5828 ,
575 5773 622 5816 et
653 5771 769 5833 toga
804 5763 971 5831 picta,
1023 5770 1066 5814 et
1091 5775 1278 5813 corona
1305 5760 1601 5829 triumphali
1643 5763 2043 5824 honoraveritis,

450 5869 666 5922 quorum
693 5853 873 5934 domos
901 5893 914 5921 ,
955 5851 1134 5923 spoliis
1166 5852 1379 5907 hostium
1419 5852 1614 5921 afﬁxis,
1661 5853 1884 5923 insignes
1914 5854 2044 5910 inter

2163 3365 2407 3426 malaque
2438 3365 2586 3412 veste
2607 3399 2621 3423 ,
2667 3357 2902 3427 undique
2930 3359 3213 3424 combusti,
3245 3369 3405 3430 atque
3427 3360 3493 3414 ad
3525 3360 3762 3431 stipitem

2159 3449 2446 3522 palamque
2462 3450 2680 3520 alligati,
2699 3450 2820 3505 inde
2841 3451 2977 3505 sicut
3007 3450 3314 3521 triumphali
3330 3461 3476 3507 veste
3493 3463 3544 3507 et
3570 3467 3756 3520 curru,

2159 3558 2264 3596 non
2299 3543 2350 3596 in
2382 3542 2724 3612 Capitolium,
2757 3541 2852 3596 sed
2897 3543 2946 3596 in
2982 3543 3308 3612 paradisum,
3343 3555 3399 3598 ut
3436 3559 3596 3616 supra
3623 3545 3760 3600 vidi-

2158 3651 2278 3693 mus
2305 3639 2370 3707 (c.
2397 3638 2484 3702 11,
2516 3648 2616 3690 art.
2651 3636 2726 3706 5),
2756 3636 2823 3692 de
2853 3635 3073 3703 mundo,
3098 3635 3166 3692 de
3195 3637 3457 3709 tyrannis,
3479 3648 3533 3693 et
3554 3637 3622 3694 de
3643 3638 3761 3694 dia-

2158 3729 2281 3785 bolo
2312 3728 2724 3800 triumphantes,
2755 3727 3107 3783 ducebantur.

2726 3841 2954 3899 C.—\PUT
2995 3841 3161 3896 XVII.

2159 3958 2353 4026 Quibus
2382 3959 2691 4028 argumentis
2718 3958 3062 4013 Tertullianus
3091 3959 3396 4014 demonstret
3438 3959 3752 4014 Christianos

2227 4051 2538 4121 iniquissime
2566 4059 2612 4104 et
2640 4059 2828 4105 contra
2845 4050 3076 4104 omnium
3123 4050 3289 4122 legum
3339 4053 3639 4123 prwscripta
3691 4052 3755 4106 ab

2227 4143 2437 4197 ethnicis
2471 4152 2694 4212 vexatos,
2725 4153 2771 4197 et
2799 4143 3082 4196 trucidatos
3106 4141 3284 4213 fuisse.

2685 4291 2976 4332 ABTICULCS
3004 4293 3212 4334 PRIMUS.

2158 4412 2362 4479 Quanta
2391 4414 2717 4484 perversitate
2745 4416 2931 4470 etlmici
2958 4415 3296 4482 Christianos,
3316 4417 3409 4471 sibi
3433 4433 3640 4488 prorsus
3668 4417 3751 4472 in-

2225 4509 2470 4580 cognitas,
2505 4525 2593 4562 nec
2619 4509 2702 4579 qui
2731 4510 2966 4579 qualesve
2990 4520 3171 4575 essent,
3196 4494 3494 4582 investigare
3506 4511 3751 4579 volentes,

2227 4601 2439 4655 oderant
2468 4611 2616 4671 atque
2642 4601 3036 4655 insectabantur.

2225 4739 2356 4807 Qua:
2386 4738 2454 4793 de
2483 4738 2790 4794 Christianae
2809 4740 3098 4811 Religionis
3125 4739 3346 4795 veritate
3363 4749 3415 4795 et
3443 4740 3748 4806 sanctitate,

2153 4832 2220 4887 de
2259 4833 2454 4887 divinis
2498 4833 2639 4887 illius
2695 4833 3032 4889 documentis
3081 4844 3136 4887 et
3163 4833 3367 4903 legibus
3391 4876 3408 4902 ,
3438 4832 3506 4888 de
3529 4834 3751 4903 optimis

2151 4935 2473 4981 sectatorum
2502 4926 2619 4996 ejus
2647 4927 2885 4982 moribus
2911 4969 2925 4993 ,
2957 4926 3026 4981 de
3057 4927 3396 4982 invictissima
3448 4937 3746 4998 martyrum

2150 5017 2464 5073 fortitudine
2484 5034 2512 5072 a
2553 5019 2706 5073 nobis
2727 5018 2985 5072 hactenus
3007 5017 3146 5073 dicta
3168 5027 3292 5074 sunt
3315 5059 3329 5082 ,
3363 5017 3476 5073 haec
3503 5018 3631 5073 satis
3656 5032 3751 5073 su-

2149 5125 2353 5180 perque
2368 5109 2738 5165 demonstrant
2768 5109 2906 5164 hane
2929 5111 3097 5180 ipsam
3125 5109 3290 5164 solam
3315 5109 3622 5179 religionem
3650 5123 3747 5162 ve-

2148 5217 2262 5259 ram
2289 5219 2429 5272 esse,
2459 5213 2679 5258 cauet-as
2702 5219 2828 5258 vero
2857 5218 3046 5258 omnes
3092 5200 3252 5257 falsas
3282 5203 3595 5272 penitusque
3618 5201 3748 5271 reji—

2145 5295 2383 5352 ciendas.
2415 5295 2566 5351 Nulla
2593 5296 2750 5366 igitur
2772 5296 2942 5366 major
2957 5295 3244 5367 excogitari
3276 5303 3448 5364 potest
3467 5292 3743 5364 iniquitas,

2145 5405 2305 5461 quam
2333 5389 2610 5460 gentilium
2631 5430 2646 5453 ,
2700 5388 2789 5458 qui
2822 5379 3155 5444 Christianos
3195 5397 3412 5458 propter
3439 5385 3599 5456 hujus
3616 5385 3745 5444 reli-

2148 5481 2322 5551 gionis
2365 5495 2476 5535 sate
2515 5479 2887 5536 defensionem
2937 5495 3148 5536 summa
3195 5477 3603 5549 horrendaque,
3662 5479 3742 5534 uti

2148 5575 2420 5640 vidimus,
2471 5573 2787 5630 crudelitate
2840 5575 3134 5641 vexabant,
3191 5572 3637 5629 excarnificahant
3685 5581 3746 5628 et

2148 5667 2483 5723 occidebant.
2529 5665 2726 5722 Verum
2765 5666 3134 5724 Tertullianus
3163 5675 3348 5721 noster
3375 5707 3391 5728 ,
3439 5674 3498 5720 ut
3523 5680 3746 5722 eorum-

2147 5759 2270 5814 dem
2315 5757 2742 5814 Christianorum
2769 5773 3013 5816 caussam
3042 5759 3340 5814 accuratius
3359 5755 3609 5813 defendat
3627 5797 3640 5820 ,
3673 5755 3745 5812 ad

2149 5851 2256 5909 duo
2285 5850 2459 5909 adhuc
2499 5850 2918 5912 demonstranda
2975 5863 3257 5924 aggressus
3302 5856 3416 5916 est;
3472 5863 3534 5904 ac
3564 5847 3750 5920 primo
