4082 6356
340 341 444 400 977

1480 339 1933 397 DISSERTATIO
1971 339 2032 395 D.
2077 340 2163 396 LE
2200 340 2506 398 NOUBRY.

3535 347 3641 406 978

314 460 554 532 quidem
584 457 917 515 Christianos
944 458 1013 512 ab
1040 455 1291 519 ethnicis,
1314 465 1498 511 contra
1524 456 1615 528 jus
1642 471 1804 512 omne
1834 472 1932 512 na-
1960 456 2013 517 Α
2041 458 2193 512 metsi
2225 457 2409 527 quales
2433 465 2614 513 essent
2640 469 2745 512 non
2776 457 2948 513 solum
3001 458 3331 525 nesciebant,
3351 459 3446 518 sed
3474 462 3634 520 intle-

339 554 532 617 turale,
560 551 796 607 divinum
844 561 899 607 et
949 551 1260 616 humanum,
1291 549 1636 605 condemnari
1666 549 1941 605 :secundo

338 645 469 701 falsa
510 660 631 700 esse
657 644 880 701 crimina
910 644 1087 698 omnia
1134 658 1360 714 quorum
1390 642 1814 710 accusabantur,
1856 651 1939 697 at-

338 754 444 810 que
469 737 680 793 illorum
710 752 834 793 reos
859 752 1047 793 revera
1079 749 1198 792 esse
1225 736 1468 807 gentiles.

410 828 700 884 Videamus
729 828 907 900 itaque
939 828 1108 898 primo
1136 843 1241 899 qua
1278 827 1364 882 ille
1391 826 1596 883 ratione
1628 825 1935 897 probaverit

337 921 524 992 prima:
554 921 937 993 propositionis
964 921 1267 988 veritatem,
1298 927 1351 975 et
1372 918 1439 974 ad
1468 917 1755 974 secundam
1783 917 1935 973 dein-

335 1016 406 1072 de
437 1015 732 1071 veniemus.
785 1016 856 1069 At
882 1014 1034 1081 haue,
1065 1013 1253 1085 inquit,
1288 1012 1504 1084 primam
1531 1027 1762 1066 caussam
1793 1010 1932 1081 apud

333 1126 422 1165 vos
445 1153 460 1177 ,
495 1109 719 1165 romanii
754 1108 964 1180 imperii
986 1107 1276 1172 antistites,
1309 1107 1621 1164 collocamus
1645 1106 1930 1176 iniquitatis

332 1203 439 1258 odii
467 1220 587 1274 erga
616 1218 797 1256 nomen
819 1201 1245 1269 Christianorum,
1271 1218 1423 1271 quam
1450 1200 1765 1271 iniquitatem
1794 1199 1927 1253 idem

332 1297 508 1351 titulus
551 1305 726 1352 onerat
768 1307 813 1350 et
859 1296 1066 1351 revincit
1106 1296 1193 1367 qui
1238 1296 1437 1349 videtur
1478 1310 1743 1359 excusare,
1774 1295 1925 1365 igno-

331 1390 499 1443 rantia
527 1390 716 1444 scilicet
755 1387 1086 1460 (Tertullian.
1110 1388 1387 1463 Apologet.
1422 1405 1466 1443 ο.
1505 1389 1531 1443 1
1563 1404 1577 1453 ;
1609 1400 1657 1442 et
1690 1387 1778 1442 lib.
1811 1387 1825 1440 Ι
1857 1386 1926 1441 ad

332 1481 551 1536 Nation.
569 1498 615 1536 c.
651 1482 698 1536 Ι.
720 1499 777 1551 p.
797 1481 949 1551 559).
968 1480 1026 1535 In
1056 1479 1373 1552 quibUsdam
1402 1489 1580 1536 autem
1603 1479 1925 1536 editionibus

329 1573 523 1642 legitur
550 1573 723 1628 odium
755 1590 850 1643 pro
879 1574 1005 1639 odii,
1038 1572 1132 1629 sed
1161 1588 1462 1643 perperam.
1488 1571 1618 1627 Nam
1640 1572 1925 1642 iniquitatis

330 1668 458 1734 odii,
491 1667 562 1723 ibi
610 1667 750 1722 idem
781 1666 1048 1735 signiﬁcat
1076 1682 1136 1720 ac
1176 1666 1336 1737 iniqui
1364 1665 1491 1719 odii.
1525 1664 1756 1719 Primam
1796 1680 1926 1735 ergo

324 1760 695 1818 Tertullianus
720 1761 892 1832 arguit
918 1760 1253 1815 ethnicorum
1281 1758 1632 1830 iniquitatem,
1655 1774 1757 1829 qua
1781 1759 1926 1827 prius

2044 550 2189 605 xibili
2217 550 2603 616 obstinatione,
2636 564 2734 606 nec
2776 551 2938 618 scire,
2972 567 3072 607 nec
3099 552 3369 623 inquirere
3399 570 3637 627 unquam

2041 641 2307 696 volebant.
2341 640 2491 696 Nulla
2526 652 2704 697 autem
2736 641 2896 713 hujus
2916 642 3268 700 intolerabilis
3300 646 3633 715 pervicaeim,

2039 742 2094 789 et
2123 735 2437 790 voluntariae
2474 734 2731 790 caecitatis
2757 734 2861 790 alia
2890 744 3007 791 erat
3025 751 3237 803 caussa,
3267 738 3368 793 nisi
3395 740 3518 808 quia
3541 755 3638 797 ve-

2037 829 2314 895 rebantur,
2345 843 2413 884 ne
2433 828 2574 899 quod
2596 828 3023 885 Christianorum
3053 839 3198 886 esset
3217 830 3426 888 vivendi
3455 846 3628 903 genus

2035 922 2398 994 agnoscendo,
2431 922 2583 977 fateri
2628 932 2952 994 cogerentur
2980 922 3132 991 illos,
3180 932 3302 994 post
3324 932 3629 996 susceptam

2033 1016 2230 1073 Christi
2258 1016 2593 1086 religionem,
2626 1016 2796 1071 factos
2822 1030 2945 1072 esse
2965 1015 3236 1073 meliores.

2106 1109 2302 1166 Verum
2331 1109 2586 1164 audacter
2607 1108 2680 1163 illi
2703 1108 2967 1180 negabant
2994 1107 3447 1174 Christianorum,
3476 1110 3567 1181 qui
3600 1126 3632 1165 a

2030 1203 2254 1259 deorum
2279 1202 2425 1258 cultu
2457 1200 2766 1257 defecerant
2789 1244 2806 1268 ,
2847 1216 3028 1257 veram
3058 1200 3223 1257 fuisse
3259 1200 3577 1271 probitatem
3611 1220 3627 1258 :

2031 1296 2155 1351 Non
2183 1297 2316 1350 enim
2343 1336 2357 1361 ,
2393 1295 2703 1366 inquiehant
2729 1338 2742 1360 ,
2782 1294 2897 1350 ideo
2922 1294 3109 1349 bonum
3148 1304 3231 1349 est
3258 1294 3480 1366 aliquid,
3509 1296 3632 1367 quia

2028 1390 2212 1443 multos
2233 1388 2472 1442 convertit
2498 1385 2825 1457 (Tertullian.
2849 1382 3115 1457 Apo’loget.
3145 1402 3191 1440 c.
3225 1386 3277 1441 1.
3308 1403 3362 1456 ρ.
3390 1385 3545 1459 266),
3575 1386 3628 1443 id

2028 1489 2107 1536 est
2130 1520 2145 1545 ,
2177 1479 2248 1534 ab
2266 1479 2442 1549 aliqua
2467 1476 2801 1547 professione
2821 1476 2886 1532 ad
2913 1476 3072 1531 aliam
3097 1475 3349 1533 traduxit.
3378 1476 3445 1532 Et
3481 1488 3630 1536 certe

2026 1572 2201 1641 quanti
2229 1586 2257 1623 a
2288 1570 2448 1636 bono,
2473 1562 2706 1635 aiebant,
2738 1570 2809 1623 ad
2834 1568 3021 1623 malum
3052 1572 3432 1640 performantur
3459 1570 3624 1639 (anti-

2027 1680 2149 1737 quae
2169 1664 2432 1719 editiones
2458 1666 2876 1735 prteformantur,
2912 1663 3103 1718 melius
3125 1664 3177 1718 in
3197 1663 3317 1719 aliis
3345 1673 3401 1719 et
3425 1666 3624 1722 nostris

2028 1757 2303 1813 codicibus
2351 1760 2730 1828 performantur
2752 1795 2768 1821 ,
2797 1755 2910 1811 sive
2935 1756 3116 1825 potius
3153 1760 3498 1828 reformantur
3519 1797 3534 1817 .
3578 1759 3625 1813 si

326 1854 554 1911 oderant
580 1853 935 1921 Christianos,
964 1869 1123 1925 quam
1167 1853 1367 1908 scirent
1396 1851 1482 1922 qui
1512 1850 1764 1921 qualesve
1799 1850 1916 1906 fue-
1948 1857 1996 1917 Β
2024 1850 2250 1918 alicujus
2273 1849 2475 1905 codicis
2494 1848 2776 1905 accederet
2799 1845 3625 1919 auctoritas).Addebantgenti-

328 1947 608 2018 rint.Qu:e
634 1949 913 2003 enimvero
939 1948 1111 2018 major
1137 1946 1462 2017 perversitas
1481 1952 1586 2012 est,
1607 1959 1768 2015 quam
1798 1959 1923 2000 emn

324 2041 504 2097 odisse
532 2080 549 2106 ,
579 2055 766 2112 quem,
809 2050 984 2095 utrutn
1030 2038 1154 2094 odio
1197 2036 1282 2094 vel
1332 2051 1516 2093 amore
1565 2035 1756 2109 dignus
1817 2038 1919 2102 sit,

326 2134 485 2206 plane
522 2133 769 2190 nescias?

395 2228 591 2284 Verum
616 2225 861 2283 etlmicos
891 2224 993 2281 hoc
1033 2239 1178 2280 caeco
1206 2225 1257 2280 in
1282 2224 1604 2281 christianos
1654 2224 1935 2285 exarsisse;

321 2320 448 2376 odio
481 2320 607 2377 hinc
662 2319 818 2390 plane
842 2316 1077 2373 ostendit
1104 2318 1305 2373 Auctor
1335 2328 1538 2386 noster,
1566 2320 1688 2390 quia
1714 2334 1915 2386 omnes,

321 2415 407 2484 qui
449 2427 544 2468 eos
591 2422 765 2477 retro,
820 2410 935 2467 sive
959 2420 1116 2466 antea
1170 2411 1383 2467 oderant
1407 2456 1423 2479 ,
1451 2414 1572 2481 quia
1617 2413 1920 2485 ignorabant

321 2505 469 2576 quale
514 2505 576 2559 sit
614 2504 750 2574 quod
779 2503 990 2560 oderant
1010 2547 1025 2571 ,
1052 2505 1205 2560 simul
1231 2506 1465 2561 desinunt
1493 2508 1754 2579 ignorare,
1804 2524 1916 2562 ces-

325 2607 444 2652 sant
472 2607 517 2652 et
540 2597 706 2652 odisse
733 2595 897 2665 (Ibid.
934 2596 1034 2655 loc.
1055 2600 1189 2665 cia).
1220 2597 1273 2652 In
1295 2599 1508 2669 Rigaltii
1540 2600 1776 2656 editione
1803 2599 1919 2656 haec

325 2690 483 2744 verba
536 2689 687 2760 quale
716 2690 782 2744 sit
810 2689 916 2760 (vel
947 2690 1085 2746 sicut
1113 2691 1165 2745 itt
1207 2691 1479 2746 nonnullis
1506 2691 1664 2748 editis
1689 2732 1704 2758 ,
1763 2694 1914 2762 esset)

319 2781 455 2854 quod
480 2782 706 2848 oderant,
735 2797 952 2851 prorsus
978 2782 1174 2853 rejecta
1227 2794 1372 2840 sunt.
1403 2784 1519 2852 Quo
1556 2795 1733 2840 autem
1759 2785 1879 2854 jure
1897 2827 1913 2853 ,

321 2891 388 2931 an
420 2876 633 2946 propria
663 2878 981 2933 auctoritate
1028 2876 1281 2947 Rigaltii,
1333 2893 1401 2933 an
1459 2878 1913 2951 Iypograpliorum

319 2983 526 3035 errore,
558 2969 824 3025 nescimus
853 2969 1068 3039 quidem
1098 2986 1113 3036 ;
1140 2969 1234 3026 sed
1265 2970 1431 3041 probe
1477 2971 1674 3026 scimus
1714 2972 1831 3027 luce
1860 2973 1912 3029 in

328 3060 784 3132 sancquentibus
803 3072 855 3115 et
885 3062 1085 3116 ultimis
1112 3063 1433 3118 cditionibus
1463 3065 1705 3134 reperiri.
1731 3062 1916 3120 Ea'au-

330 3164 435 3209 tem
452 3154 684 3225 genuina
704 3168 823 3209 esse
839 3153 1153 3209 Tertulliani
1174 3155 1330 3210 verba
1354 3156 1650 3210 communis
1667 3157 1911 3213 codicum

2029 1945 2109 1999 les
2137 1960 2151 1996 :
2186 1940 2377 2009 Quanti
2402 1940 2683 2012 transfuga:
2709 1940 2761 1994 in
2793 1940 3124 2014 peruersum?
3154 1938 3217 1995 lli
3245 1948 3422 1996 autem
3452 1949 3628 1997 trans-

2026 2036 2184 2108 l'ugze'
2226 2044 2514 2100 vocantur,
2563 2035 2652 2105 qui
2681 2033 2746 2089 ad
2775 2033 2956 2089 hostes
2980 2032 3368 2104 transfugiunt,
3419 2035 3501 2091 vel
3531 2039 3622 2107 qui

2028 2130 2356 2187 induciarum
2385 2139 2628 2200 tempore
2654 2127 2719 2182 ad
2750 2142 2844 2184 eos
2871 2128 3246 2199 commigrant,
3275 2143 3397 2184 cum
3424 2129 3621 2200 quibus

2025 2225 2170 2281 nulla
2195 2224 2429 2281 amicitia
2451 2232 2554 2279 est.
2579 2223 2733 2294 Atqui
2763 2223 2795 2276 ii
2842 2223 3037 2293 saepius
3060 2264 3076 2290 ,
3106 2222 3419 2294 inquiebant
3445 2223 3622 2281 adhuc

2023 2319 2220 2375 ethnici
2238 2360 2254 2386 ,
2284 2319 2337 2373 in
2381 2332 2668 2387 perversum
2694 2314 2973 2380 conversi,
3006 2314 3218 2386 pejores
3245 2314 3425 2387 utique
3455 2313 3612 2372 ﬁunt.

2026 2414 2265 2484 Denique
2292 2412 2472 2467 aerius
2521 2420 2772 2481 urgentes
2800 2408 3145 2464 clamabant:
3188 2406 3312 2463 Non
3349 2409 3522 2478 utique
3559 2426 3618 2465 eo

2022 2511 2206 2565 bonum
2232 2506 2558 2579 prejudicori
2578 2547 2592 2569 ,
2620 2507 2737 2575 quia
2765 2503 3026 2574 plerosque
3044 2512 3321 2569 convertat,
3349 2511 3397 2557 et
3411 2501 3506 2557 sibi
3533 2519 3618 2556 ra-

2022 2603 2147 2673 piat.
2180 2596 2313 2656 Νουὶ
2341 2600 2731 2655 dcmutationem
2763 2598 2944 2651 utentis
2973 2597 3025 2651 in
3069 2597 3232 2651 malas
3258 2607 3449 2668 partes.
3480 2596 3618 2665 Quot

2020 2699 2296 2751 desertores
2325 2696 2470 2750 bona:
2521 2693 2674 2748 vitta!
2722 2702 2843 2762 quot
2880 2691 3160 2762 transfuga:
3199 2691 3252 2745 in
3282 2706 3567 2762 peruersum
3594 2691 3617 2744 .'

2019 2790 2182 2861 (Ibid.
2214 2800 2261 2844 et
2290 2790 2378 2844 lib.
2402 2787 2425 2843 Ι
2445 2789 2513 2843 ad
2547 2786 2760 2841 Nation.
2789 2802 2836 2839 c.
2870 2786 2922 2840 1.
2943 2802 2996 2856 p.
3015 2784 3173 2854 559.)

2089 2882 2194 2939 Sed
2225 2882 2309 2937 his
2333 2879 2622 2951 respondet
2637 2877 2995 2932 'l‘crtullianus
3023 2876 3073 2931 id
3096 2875 3311 2946 quidem
3339 2891 3369 2931 a
3401 2874 3617 2932 nemine

2018 2976 2229 3048 negari,
2267 2974 2362 3030 sed
2383 2987 2573 3028 omnes
2595 2970 2735 3025 ultro
2759 2970 2919 3025 etiam
2948 2968 3097 3024 fateri
3130 2967 3389 3039 plurimos
3417 2982 3447 3021 a
3475 2967 3617 3021 malo

2018 3085 2140 3125 sese
2176 3067 2507 3122 convertisse
2538 3065 2590 3120 in
2621 3064 2840 3119 bonum.
2867 3064 2935 3117 At
2960 3062 3034 3128 id,
3061 3061 3250 3132 inquit,
3271 3076 3336 3117 ex
3366 3062 3491 3116 mali
3520 3061 3615 3117 bo-

2018 3164 2176 3233 nique
2207 3170 2393 3217 natura
2444 3157 2602 3214 facile
2630 3158 2978 3228 dignoscitur.
3013 3155 3132 3210 Mali
3173 3157 3371 3227 quippe
3422 3155 3616 3209 indivi-

318 3249 554 3301 omnium
584 3245 889 3308 consensio,
920 3255 973 3300 et
991 3246 1238 3302 Auctoris
1290 3246 1457 3317 ipsius
1487 3247 1753 3316 ingenium
1782 3248 1914 3305 satis
1939 3252 1983 3315 C
2018 3257 2137 3310 dum
2163 3254 2387 3309 comites
2412 3262 2538 3307 sunt
2560 3251 2739 3315 timor,
2772 3249 2964 3319 pudor,
2993 3247 3397 3319 tergiversatio,
3435 3247 3612 3315 pceni-

316 3348 500 3405 aprrte
516 3338 861 3393 convincunt.
879 3336 1005 3392 Haec
1024 3346 1203 3393 autem
1229 3348 1311 3392 est
1333 3338 1472 3393 illius
1496 3339 1907 3408 argumentatio:

318 3429 417 3487 Ubi
466 3430 666 3487 ethnici
696 3437 1029 3500 agnoverunt
1048 3434 1136 3499 qtti
1165 3439 1220 3486 et
1247 3430 1434 3499 quales
1461 3431 1568 3484 sint
1594 3429 1907 3499 Christiani,

315 3537 437 3592 qua:
454 3536 640 3576 eorum
667 3522 838 3592 pietas
866 3536 928 3575 ac
948 3519 1205 3591 probitas,
1228 3529 1337 3575 tum
1355 3520 1595 3591 protinus
1612 3536 1704 3577 cos
1734 3523 1912 3578 odisse

314 3613 585 3670 desinunt.
621 3612 766 3685 Ergo
793 3613 911 3669 illos
943 3611 1200 3681 oderant,
1259 3613 1381 3684 quia
1409 3613 1500 3684 qui
1529 3622 1712 3669 essent
1751 3622 1909 3670 antea

314 3707 655 3779 ignorabant.

386 3800 640 3868 Quamvis
668 3808 846 3855 autem
876 3812 1057 3865 nemo,
1089 3796 1192 3853 nisi
1225 3799 1455 3853 naturali
1506 3798 1706 3854 lumine
1737 3799 1911 3855 omni-

314 3908 386 3949 no
414 3894 648 3964 privatus
667 3934 681 3958 ,
711 3892 760 3946 id
793 3891 1033 3947 abnuere
1074 3878 1459 3961 queatturget
1488 3900 1664 3946 tamen
1692 3890 1909 3947 Tertul-

315 3986 509 4052 lianus,
541 3992 596 4041 et
636 3984 882 4040 ctlmicos
912 3983 1089 4039 adhuc
1120 3984 1344 4039 revincit
1368 3983 1695 4039 Anacharsis
1723 3996 1910 4041 aucto-

314 4079 490 4141 ritate.
522 4077 610 4149 qui
652 4077 852 4134 diserte
882 4076 1246 4147 pronuntiavit
1275 4091 1381 4131 non
1413 4077 1587 4131 minus
1613 4091 1736 4132 reos
1759 4092 1906 4148 csse,

314 4171 664 4243 imprudentes
695 4172 759 4224 de
788 4169 1119 4240 prudentibus
1138 4170 1439 4240 judicantes
1459 4212 1474 4238 ,
1498 4186 1650 4242 quam
1672 4170 1906 4226 immusi-

313 4284 399 4322 cos
426 4267 490 4321 de
516 4267 718 4321 musicis
746 4265 764 4338 (
790 4265 1000 4322 Tertull.
1043 4264 1313 4338 Apologet.
1340 4283 1386 4320 c.
1417 4267 1469 4333 ‘l,
1501 4284 1553 4337 p.
1587 4267 1746 4337 265).
1775 4266 1909 4336 Quae

313 4355 531 4433 quidem
605 4359 757 4428 hujus
804 4358 1108 4429 philosophi
1161 4359 1426 4414 sententia
1472 4374 1502 4413 a
1562 4359 1775 4415 Laertio
1829 4359 1910 4417 sic

312 4453 630 4509 exhibetur:
655 4458 932 4520 Θαυμάζειν
959 4457 1007 4506 δὲ
1037 4461 1123 4523 εφη
1154 4470 1249 4513 πῶς
1264 4460 1399 4525 παρρά
1423 4457 1525 4513 τοῖς
1545 4460 1728 4514 illud”
1752 4456 1910 4524 r2va-

313 4553 479 4616 ξοντιιι
497 4558 584 4616 μὲν
606 4556 650 4602 si
665 4552 902 4616 τεχνῖται,
926 4558 1131 4619 κρίνουσι
1160 4552 1209 4601 δὲ
1234 4557 1278 4602 οἱ
1301 4558 1372 4617 μὶ
1389 4538 1629 4616 aspirati.
1651 4546 1837 4603 Mirari
1855 4565 1910 4604 se

2015 3350 2200 3413 tentia,
2250 3346 2570 3418 deploratio.
2609 3344 2950 3413 Quapropter
3005 3342 3253 3410 malefici,
3305 3340 3379 3394 ait
3422 3354 3613 3395 rursus

2014 3444 2215 3497 Auctor
2244 3449 2458 3505 noster,
2493 3439 2708 3507 gestiunt
2752 3436 2939 3499 latere,
2972 3434 3193 3488 devitant
3217 3448 3464 3504 apparere
3489 3430 3607 3501 (Id.

2012 3535 2281 3606 Apologet.
2310 3547 2358 3585 c.
2391 3533 2418 3587 1
2456 3548 2509 3600 ρ.
2532 3529 2684 3600 267).
2710 3527 2969 3599 Rigaltius
2998 3541 3127 3582 vero
3153 3524 3271 3581 haec
3297 3524 3404 3580 duo
3430 3533 3608 3596 poste-

2010 3627 2154 3682 riora
2175 3624 2338 3681 verba
2366 3623 2681 3678 auctoritate
2714 3621 2925 3693 propria
2966 3619 3206 3682 abstulit,
3236 3634 3336 3676 nec
3365 3633 3494 3674 sane
3520 3619 3611 3675 ad-

2012 3718 2172 3773 vertit
2196 3716 2309 3772 barc
2331 3717 2443 3785 ipsa
2473 3715 2526 3770 in
2557 3714 2693 3769 libro
2719 3714 2786 3767 ad
2815 3711 3066 3767 Nationes
3093 3726 3213 3767 esse
3239 3712 3466 3782 repetita
3488 3710 3603 3784 (Id.

2012 3810 2100 3865 lib.
2131 3809 2150 3864 1
2176 3809 2245 3863 ad
2281 3807 2560 3863 Nation.c.
2593 3805 2645 3871 l,
2676 3824 2726 3876 p.
2753 3803 2903 3877 559),
2932 3804 3089 3859 sicuti
3117 3804 3364 3873 illa,qua:
3394 3807 3447 3858 in
3465 3805 3609 3874 Apo-

2011 3902 2240 3974 logetico
2281 3899 2621 3956 continenter
2662 3897 2904 3952 addidit:
2938 3895 3220 3966 Trepidant
3260 3894 3602 3965 deprehensi,

2011 4005 2194 4067 negant
2218 3994 2460 4060 accusati,
2506 4008 2567 4046 ne
2593 3992 2710 4046 torti
2735 3990 2945 4061 quidem
2973 3989 3124 4062 facile
3146 3998 3234 4043 aut
3259 4002 3458 4058 semper
3483 4003 3608 4043 con-

2010 4091 2255 4160 ﬁtentur;
2274 4096 2405 4142 certe
2432 4086 2657 4140 damnati
2684 4093 2911 4147 maerent,
2943 4083 3268 4138 dinumerant
3288 4083 3341 4137 in
3363 4082 3607 4152 semetip-

2010 4199 2114 4250 sos,
2139 4183 2322 4236 mentis
2351 4180 2502 4235 malle
2525 4180 2764 4248 impetus,
2787 4178 2865 4232 uel
2888 4181 3016 4247 fato,
3046 4176 3125 4231 uel
3150 4176 3302 4231 astris
3330 4177 3607 4248 imputant.

2011 4277 2081 4330 At
2126 4276 2179 4329 in
2234 4273 2375 4329 libro
2417 4272 2488 4327 ad
2518 4271 2770 4326 Nationes
2824 4270 2938 4325 inec
2991 4270 3287 4339 posteriora
3336 4270 3500 4323 verba
3527 4268 3607 4323 sic

2010 4370 2288 4425 immutata
2315 4376 2470 4423 sunt:
2498 4364 2824 4434 Exprobrant
2840 4363 2971 4418 enim
2996 4362 3133 4434 quod
3161 4370 3325 4427 erant,
3353 4362 3407 4415 in
3434 4368 3609 4416 semet-

2009 4464 2148 4534 ipsos
2177 4465 2329 4516 ma/a:
2356 4460 2537 4516 mentis
2579 4458 2641 4512 ab
2671 4458 2959 4513 innocentia
2983 4457 3252 4511 transitum
3278 4454 3355 4509 vel
3378 4453 3486 4525 fato
3506 4454 3610 4507 im-

2010 4563 2190 4626 putant
2220 4550 2384 4623 (Ibid.
2409 4550 2507 4605 loc.
2538 4550 2673 4620 cit.).
2708 4548 2815 4605 Sed
2833 4548 2903 4603 ibi
2926 4546 3150 4602 forsitan
3177 4545 3378 4601 librarii
3398 4543 3608 4599 calamo

310 4643 443 4696 dixit
467 4642 718 4713 quomodo
754 4642 895 4713 apud
923 4641 1131 4721 graces
1174 4641 1398 4709 artiﬁces
1426 4651 1711 4707 certarent,
1755 4642 1906 4713 judi-
1932 4647 1984 4708 D
2012 4646 2099 4700 illa
2130 4644 2238 4700 duo
2264 4644 2428 4699 verba
2456 4684 2469 4707 ,
2502 4642 2577 4696 vel
2606 4641 2758 4695 astris
2780 4680 2798 4707 ,
2839 4637 3173 4695 exciderunt.
3223 4635 3383 4691 Solus
3422 4642 3607 4689 autem

311 4746 583 4804 careatque
616 4735 702 4806 qui
730 4734 954 4803 arti/ires
993 4750 1093 4788 non
1120 4743 1284 4788 essent
1311 4731 1508 4804 (Laert.
1542 4734 1631 4788 lib.
1658 4732 1680 4787 l
1708 4735 1761 4788 in
1804 4733 1902 4789 Vit.

313 4825 644 4889 Anacharsis,
677 4824 704 4897 §
736 4824 884 4892 105).
910 4824 1073 4879 Paulo
1103 4839 1231 4879 vero
1256 4825 1412 4879 aliter
1450 4824 1768 4880 Plutarchus
1787 4841 1906 4881 eam

312 4917 391 4972 sic
419 4917 601 4972 retulit
620 4904 750 4989 εέφη
782 4924 832 4972 δὲ
847 4921 1031 4973 κάκεῖνο
1052 4924 1319 4989 Ossa/uigent
1339 4923 1364 4973 ὁ
1391 4905 1660 4992 Ᾰνᾶιχαρσις
1685 4927 1908 4992 ἐκκλησίᾳ

310 5015 706 5082 πιρωγενόμινος.
757 5019 835 5067 ὅτι
884 5020 1067 5084 λέγουσι
1120 5023 1208 5081 μὲν
1256 5021 1300 5067 ei
1352 5017 1486 5086 σοφοὶ
1530 5014 1649 5086 παρ’
1700 5021 1903 5082 illum,

315 5114 526 5174 κρίνουσι
554 5108 603 5157 δὲ
629 5113 673 5157 ot
697 5106 914 5173 ἀμιθεῖς.
949 5103 1020 5158 Id
1056 5114 1222 5158 autem
1243 5104 1372 5160 dixit
1395 5104 1705 5160 Anacharsis
1732 5123 1787 5160 se
1814 5106 1907 5160 nti-

312 5198 438 5260 rari,
467 5212 583 5250 cum
608 5196 837 5250 concioni
862 5197 1187 5269 interfuisset,
1208 5198 1344 5269 quod
1359 5198 1579 5253 dicerent
1603 5199 1744 5266 apud
1765 5198 1907 5254 Grat-

313 5305 399 5343 cos
426 5289 679 5360 sapientes
699 5330 713 5354 ,
741 5289 883 5343 stulti
910 5306 1024 5344 vero
1040 5291 1337 5362 judicarent
1378 5289 1674 5362 (Plutarch.
1710 5293 1761 5346 in
1793 5291 1909 5348 Vita

318 5380 498 5435 Solon.
528 5400 580 5452 p.
615 5381 728 5450 8t).
761 5381 920 5437 Vides
951 5397 1079 5438 sane
1108 5383 1357 5439 eamdem
1404 5383 1489 5440 his
1517 5385 1765 5441 omnibus
1784 5402 1905 5441 ver-

317 5474 398 5529 bis
417 5476 643 5545 exprimi
674 5476 994 5531 senlentiam
1021 5519 1038 5544 ,
1069 5493 1189 5549 quae
1213 5477 1542 5550 quibusdam
1575 5488 1780 5535 tantum
1820 5481 1909 5536 di-

317 5559 483 5623 versis
507 5569 835 5626 enuntiatur.
889 5569 1051 5626 Nel‘as
1080 5572 1221 5627 enim
1268 5588 1388 5630 esse
1414 5575 1673 5631 asseritur
1697 5575 1911 5647 aliquod

316 5658 384 5715 de
405 5661 565 5717 rebus
586 5654 847 5733 ignoratis
873 5661 1002 5719 ferri
1028 5662 1309 5734 judicium.

388 5753 457 5808 At
483 5753 655 5809 multo
690 5756 976 5826 nequiores
999 5767 1153 5812 erant
1180 5758 1411 5826 ethnici,
1441 5762 1534 5834 qui
1567 5759 1907 5821 Christianos

319 5846 578 5913 oderant,
625 5847 954 5907 et'net‘andis
981 5849 1407 5913 condemnabam
1435 5855 1749 5918 criminibus
1773 5901 1788 5927 ,
1823 5867 1907 5914 ta-

2009 4736 2271 4806 Georgius
2302 4733 2696 4797 Ambianensis,
2725 4733 2948 4802 solaque
2967 4731 3277 4800 conjectura
3303 4727 3518 4793 ductus,
3548 4726 3606 4782 in

2010 4838 2159 4885 textu
2188 4826 2498 4883 Tertulliani
2528 4826 2784 4881 audacius
2815 4824 2994 4894 posuit
3013 4823 3310 4886 deonerant,
3333 4834 3430 4889 pro
3446 4818 3605 4872 dinu-

2010 4931 2226 4976 merant.
2275 4919 2404 4975 Nam
2437 4934 2628 4975 sensus
2657 4918 2799 4973 illius
2827 4925 2912 4973 est
2946 4936 2959 4972 :
2988 4914 3210 4970 Malelici
3231 4914 3285 4968 in
3311 4911 3607 4981 semetipsos

2011 5016 2163 5069 mala:
2186 5014 2366 5068 mentis
2395 5014 2613 5083 impetus
2640 5020 2967 5081 agnoscunt,
2993 5009 3363 5069 dinumerant,
3395 5005 3608 5075 sibique

2012 5106 2366 5178 exprobrant;
2391 5120 2575 5161 eorum
2599 5114 2776 5167 tamen
2799 5103 3009 5173 culpam
3033 5116 3140 5156 non
3165 5100 3287 5165 sibi,
3305 5098 3399 5155 sed
3422 5102 3608 5164 astris,

2010 5200 2096 5257 vel
2138 5200 2268 5265 fato,
2325 5201 2589 5268 imputant
2649 5206 2704 5251 et
2754 5195 3086 5253 adscribunt.
3135 5193 3375 5250 Vidimus
3426 5200 3608 5265 autem

2012 5291 2254 5364 (Dissert.
2304 5293 2356 5346 in
2384 5290 2573 5346 Minut.
2611 5289 2790 5345 Octav.
2839 5305 2889 5344 c.
2918 5289 2975 5357 6,
3005 5296 3104 5342 art.
3138 5286 3195 5360 4)
3245 5301 3407 5358 quam
3453 5299 3604 5341 com~

2011 5386 2189 5441 munis
2217 5384 2374 5441 fuerit
2398 5384 2486 5439 illa
2514 5366 2792 5456 gentilium
2819 5381 2950 5436 falsa
2980 5380 3183 5451 opinio,
3216 5394 3320 5451 qua
3350 5377 3458 5434 fato
3483 5391 3605 5431 om-

2015 5482 2101 5536 nia
2134 5481 2245 5537 ﬁeri
2276 5480 2693 5535 arbitrabantur.
2718 5476 2917 5533 Verum
2958 5476 3102 5531 nulla
3154 5488 3374 5547 prorsus
3403 5488 3468 5528 ex
3496 5472 3605 5538 his,

2013 5589 2133 5647 qua:
2157 5581 2450 5628 memorata
2481 5579 2627 5640 sunt,
2659 5570 2783 5626 mali
2814 5568 3008 5625 indicia
3038 5566 3519 5640 deprehenduntur
3546 5565 3605 5620 in

2011 5669 2306 5726 christiano
2328 5711 2345 5737 ,
2395 5684 2553 5740 quem
2576 5710 2591 5734 ,
2648 5677 2705 5724 ut
2751 5681 2912 5737 supra
2943 5664 3418 5723 animadvertimus
3449 5662 3601 5734 (Cap.

2010 5780 2179 5836 super.
2212 5773 2309 5818 art.
2334 5761 2433 5835 2),
2465 5762 2741 5834 religionis
2773 5776 2885 5817 suze
2913 5774 3012 5816 nec
3047 5757 3245 5831 pudet,
3275 5772 3373 5814 nec
3421 5757 3601 5829 ιιωηὶ-

2014 5869 2128 5929 tet,
2169 5857 2264 5916 sed
2295 5866 2574 5915 accusatus
2594 5895 2611 5927 ,
2641 5865 2695 5914 et
2736 5854 3126 5928 interrogatus,
3159 5867 3218 5912 se
3236 5850 3599 5913 'chriStianum
