4076 6356
524 278 627 338 979

1587 292 1655 349 ιΝ
1694 294 2159 356 TERTULLIANI
2201 300 2725 363 APOLOGETICUM

3736 320 3850 381 980

524 415 644 452 esse
667 398 975 465 conﬁtetur,
1006 401 1237 474 gaudet,
1283 405 1564 479 gloriatur,
1592 425 1655 466 ac
1683 412 1966 471 damnatus
1994 432 2117 488 gra-
2148 420 2198 480 Α
2226 435 2382 490 quam
2411 437 2476 476 ex
2504 439 2561 478 re
2591 425 2766 496 aliqua
2816 426 2917 483 sibi
2953 439 3226 500 comperta
3274 433 3432 488 aliam
3464 451 3619 507 quam
3673 439 3844 511 igno-

527 491 626 545 tias
651 493 776 562 agit.
957 557 963 566 ,

598 581 764 637 Recte
785 598 913 654 ergo
937 584 1299 644 Tertullianus
1327 607 1340 642 :
1372 589 1512 656 Quid
1541 594 1635 649 hoc
1659 635 1673 660 ,
1705 599 1812 663 ait,
1864 601 1989 654 mali
2013 611 2118 668 est,

524 674 577 726 in
601 673 930 740 Christianis,
957 678 1096 746 quod
1121 682 1381 736 naturalia
1432 686 1555 739 ntali
1581 703 1680 742 non
1707 689 1854 743 habet
1879 691 2116 762 (Tertull.

520 762 740 834 Apotog.
770 783 816 819 c.
845 767 898 831 l,
929 786 983 838 p.
1007 768 1158 842 269).
1183 770 1290 826 Sed
1323 773 1374 827 in
1416 778 1612 832 nostris
1637 780 1910 836 codicibus
1934 800 2119 838 manu-

519 856 737 926 scriptis
783 858 1007 929 legimus
1033 903 1046 926 ,
1077 865 1237 933 quod,
1258 876 1441 920 natura
1469 871 1575 923 alia
1627 873 1750 928 mali
1788 891 1888 929 non
1937 877 2118 942 habet;

519 945 764 1003 fortassis
798 965 902 1004 non
932 954 1154 1010 omnino
1177 958 1317 1014 male
1343 1002 1356 1026 ,
1396 962 1440 1019 si
1469 963 1560 1029 ibi,
1587 967 1723 1019 sicut
1751 967 1901 1021 bonis
1926 979 2113 1026 aucto-

519 1040 670 1098 ribus
697 1042 838 1098 haud
889 1045 1046 1116 plane
1072 1050 1378 1124 infrequens
1403 1066 1485 1114 est
1505 1099 1520 1123 ,
1566 1059 1916 1116 subaudiatur
1948 1065 2115 1133 parti.

521 1135 676 1201 cula,
729 1153 914 1207 quam,
971 1141 1072 1199 hoc
1121 1146 1370 1204 nimirum
1422 1167 1620 1207 sensu:
1651 1153 1793 1223 quod
1825 1172 1931 1210 non
1971 1158 2114 1224 alia,

546 1244 705 1300 quam
737 1233 860 1288 mali
894 1246 1081 1292 natura
1103 1237 1283 1297 habet.
1315 1243 1418 1300 Sed
1447 1246 1682 1316 pluribus
1706 1248 1876 1305 littera
1913 1268 1944 1304 a
1974 1253 2113 1308 anti-

518 1325 829 1393 quariorum
881 1329 1178 1400 ignorantia
1209 1337 1290 1392 vel
1321 1353 1504 1394 errore
1551 1340 1622 1396 ibi
1663 1342 1926 1413 duplicata
1973 1345 2114 1401 haud

518 1416 678 1474 dubie
710 1420 992 1478 videbitur.
1028 1425 1354 1485 Videtamen
1379 1444 1556 1488 utrum
1589 1437 1759 1505 prima
1799 1437 1958 1494 lectio
1986 1455 2113 1495 con-

517 1508 719 1565 ﬁrmari
751 1527 856 1568 non
882 1517 1051 1584 possit
1077 1534 1142 1574 ex
1173 1520 1310 1577 libro
1341 1526 1410 1578 ad
1435 1525 1686 1583 Nationes
1709 1569 1725 1595 ,
1768 1530 1819 1584 in
1847 1545 1953 1600 quo
1983 1533 2108 1588 bre-

517 1601 637 1658 vius
664 1604 902 1674 quidem,
932 1612 1026 1664 sed
1059 1628 1165 1667 non
1197 1616 1374 1672 minus
1404 1619 1549 1674 clare
1575 1619 1805 1676 dicitur:
1840 1623 1990 1688 Quod
2019 1627 2112 1681 hoc

517 1695 710 1748 malum
734 1708 828 1763 est,
851 1698 905 1752 in
938 1717 1038 1770 quo
1077 1705 1200 1758 mali
1229 1717 1414 1762 natura
1445 1723 1602 1766 cessat
1631 1715 1647 1783 (
1678 1713 1840 1780 Idem,
1878 1716 1963 1770 lib.
1996 1718 2013 1772 Ι
2043 1719 2112 1772 ad

2228 530 2314 570 ras
2341 517 2663 587 vituperare,
2687 531 2775 576 aut
2797 538 2862 578 ex
2892 539 2951 580 re
2976 525 3213 595 ignorata
3243 527 3401 582 aliam
3434 547 3464 585 a
3494 546 3552 587 se
3581 535 3841 604 agnitam

2225 621 2589 680 corrumpere.
2618 612 2736 668 Non
2763 616 2941 672 minor
2963 626 3138 674 tamen
3162 632 3276 676 erat
3296 621 3543 693 iniquitas
3561 627 3842 686 Christia-

2225 715 2324 755 nos
2353 703 2421 756 ob
2450 705 2622 759 solum
2661 721 2816 763 suum
2847 718 2901 764 et
2939 710 3178 780 ignotum
3211 729 3407 770 nomen
3437 718 3837 788 condemnare,

2223 801 2279 849 et
2321 795 2600 862 occidere,
2643 815 2742 856 nec
2789 803 2924 858 velle
2965 821 3198 876 unquam
3245 809 3382 864 scire
3411 821 3466 866 et
3503 813 3840 887 investigare

2223 889 2349 959 quid
2375 891 2425 944 in
2452 891 2531 946 eis
2566 895 2633 948 sit
2671 906 2762 950 aut
2802 898 2927 952 boni
2969 907 3063 954 aut
3107 901 3254 956 mali.
3305 903 3533 960 Tantum
3585 924 3728 963 vero
3767 913 3835 967 ab

2223 980 2322 1037 hac
2371 984 2774 1058 investigatione
2804 992 3166 1049 abhorrebant
3203 996 3438 1065 ethnici,
3478 1010 3537 1056 ut
3582 1003 3830 1075 iniquis-

2221 1073 2339 1128 simi
2383 1075 2590 1144 judices
2634 1080 2784 1142 illos.
2817 1083 2884 1139 ad
2935 1086 3219 1143 tribunalia
3249 1105 3342 1145 sua
3375 1092 3595 1160 ductos,
3625 1097 3831 1156 audire

2225 1183 2497 1238 nunquam
2520 1173 2804 1232 voluerint.
2844 1179 3150 1236 Secundum
3176 1191 3354 1239 autem
3383 1185 3510 1240 illud
3535 1197 3656 1243 erat
3689 1205 3835 1246 sum-

2219 1276 2323 1316 ma:
2351 1263 2559 1320 illorum
2585 1266 2878 1340 iniquitatis
2907 1284 3086 1344 caput,
3118 1277 3259 1346 quod
3285 1280 3396 1350 jam
3424 1281 3829 1352 explorandum

2218 1365 2323 1410 est.

2801 1516 3098 1558 ARTICULUS
3137 1520 3200 1560 ll.

2221 1606 2422 1674 Quanta
2464 1610 2725 1682 iniquitate
2765 1614 2950 1669 ethnici
2977 1615 3312 1686 Christianos,
3345 1640 3435 1677 nec
3473 1626 3704 1694 auditos,
3739 1645 3829 1684 nec

2289 1699 2550 1768 defensos,
2584 1705 2674 1759 sed
2704 1723 2853 1760 suum
2884 1709 3136 1765 duntaxat
3175 1714 3235 1767 ob
3280 1732 3461 1771 nomen
3512 1720 3828 1776 condemna-

516 1783 647 1841 Nat.
677 1803 724 1840 c.
762 1790 810 1856 l,
843 1807 898 1859 p.
929 1793 1080 1864 560).
1107 1797 1217 1852 lmo
1247 1815 1372 1856 vero
1391 1803 1756 1862 additAuctor
1784 1818 1966 1864 noster
2010 1827 2097 1866 ma

2291 1792 2470 1857 verint,
2503 1797 2928 1855 et'm'udelissime
2956 1807 3263 1861 necaverint.

512 1881 716 1937 simum
745 1884 796 1939 in
825 1902 888 1942 eo
909 1903 1029 1944 esse
1059 1891 1255 1950 debere
1284 1896 1506 1965 bonum,
1530 1902 1677 1971 cujus
1717 1919 1832 1958 reus
1884 1906 2071 1975 gaudet
2101 1947 2116 1972 ,

513 1979 661 2047 cujus
688 1985 943 2038 accusatio
971 1997 1142 2041 votum
1173 2001 1262 2044 est.

589 2069 848 2129 Ethnicos
885 2087 1062 2132 autem
1108 2081 1199 2135 ille
1228 2084 1404 2138 acrius
1426 2095 1574 2156 ttrget
1601 2088 1618 2157 (
1645 2087 1799 2153 idem,
1823 2090 2113 2161 Apologet.,

513 2178 632 2230 cap.
665 2165 717 2230 l,
749 2183 867 2238 pag.
887 2168 1037 2240 264),
1065 2173 1341 2244 palamque
1371 2176 1492 2231 facit
1530 2177 1583 2232 in
1622 2179 1940 2236 Christianis
1984 2183 2115 2236 nihil

511 2270 633 2310 csse
685 2259 840 2326 mali,
871 2262 961 2331 qui
1007 2263 1196 2321 relicto
1244 2266 1497 2323 falsorum
1551 2270 1774 2326 deorum
1827 2273 2002 2339 culttt,
2050 2289 2113 2330 ac

511 2359 759 2418 suscepta
788 2349 986 2407 Christi
1017 2356 1276 2426 religione
1296 2401 1309 2422 ,
1343 2361 1626 2427 meliores,
1658 2363 2109 2433 quemadmodum

507 2438 762 2508 diximus,
793 2442 916 2499 facti
941 2444 1168 2502 fuerant.
1199 2448 1380 2520 Neque
1403 2452 1452 2505 id
1472 2451 1600 2521 ipsis
1623 2455 1929 2523 gentilibus,
1954 2457 2110 2526 quid-

510 2531 638 2598 quid
687 2544 872 2590 contra
920 2537 1308 2607 reclamarent,
1341 2555 1548 2614 poterat
1587 2562 1710 2603 esse
1758 2548 2105 2621 incognitum.

509 2624 784 2684 Noverant
824 2630 966 2685 enim
1011 2645 1242 2703 quantus
1268 2646 1412 2692 esset
1454 2638 1866 2696 Christianorum
1913 2644 2109 2714 ubique

510 2727 777 2776 terrarttm
804 2739 1080 2792 numerus,
1112 2727 1340 2798 hincque
1361 2731 1594 2801 graviter
1618 2736 1937 2802 maerebant,
1961 2752 2024 2792 ac
2043 2739 2109 2794 de

509 2824 576 2864 eo
603 2817 712 2866 tam
759 2827 902 2884 Saepe
931 2832 1091 2886 quam
1121 2819 1329 2888 publice
1357 2824 1843 2892 conquerebantur.
1881 2831 1945 2883 At
1969 2845 2105 2900 quo.

509 2914 619 2968 quo
663 2903 825 2958 modo
871 2905 993 2962 illos
1036 2913 1386 2980 agnoverint,
1420 2915 1662 2970 viderant
1708 2919 1889 2990 utique
1941 2921 2106 2978 factos

505 3006 629 3047 esse
651 3008 714 3048 ex
749 2996 902 3051 malis
925 3009 979 3054 et
1004 3001 1260 3070 improbis
1289 3005 1460 3062 bonos
1486 3019 1539 3062 et
1568 3009 1786 3078 probos.
1817 3029 1883 3068 ex
1925 3015 2101 3084 impu-

506 3085 642 3140 dicis
673 3088 923 3158 pudicos,
956 3108 1025 3148 ex
1075 3095 1286 3164 injustis
1325 3114 1387 3154 ac
1428 3101 1706 3158 sceleratis
1735 3116 1942 3175 castos,
1973 3109 2102 3164 reli-

2295 1904 2602 1964 Secundutn
2635 1911 2946 1969 Tertulliani
2989 1917 3247 1976 adversus
3287 1922 3619 1982 eﬂ‘rmnatam
3650 1936 3825 2000 genti-

2225 1996 2350 2050 lium
2381 2001 2431 2052 in
2464 2000 2802 2060 Christianos
2831 2007 3138 2065 violentiam
3168 2026 3543 2084 argumentum
3586 2036 3701 2076 non
3730 2024 3828 2076 mi-

2220 2089 2365 2144 noris
2396 2092 2671 2160 profecto,
2705 2112 2864 2166 quam
2922 2103 3186 2171 superius,
3227 2108 3436 2162 roboris
3474 2120 3558 2165 est
3597 2128 3667 2167 ac
3709 2129 3823 2170 mo-

2216 2274 2358 2344 gula,
2389 2291 2507 2345 quae
2537 2282 2760 2336 naturali
2789 2285 3024 2352 :equitati
3056 2288 3190 2344 adeo
3218 2303 3578 2352 consentanea
3607 2309 3720 2367 est,
3747 2310 3820 2367 ut,

2216 2382 2276 2421 ea
2311 2372 2698 2438 prietermissa,
2730 2375 3125 2446 iniquissimum
3151 2421 3166 2448 ,
3208 2384 3414 2442 irritum
3459 2392 3726 2459 omnino,
3774 2405 3823 2449 et

2215 2459 2420 2514 nullum
2465 2464 2533 2516 sit
2577 2465 2812 2535 cujusvis
2861 2469 3096 2528 hominis
3137 2474 3420 2545 judicium.
3449 2482 3520 2536 At
3564 2482 3726 2552 hinc,
3767 2494 3821 2540 ut

2215 2552 2349 2608 scite
2369 2554 2726 2613 Tertullianus
2749 2562 3147 2634 animadvertit,
3177 2570 3361 2640 regula
3389 2583 3492 2636 est,
3526 2591 3651 2644 qua:
3677 2589 3818 2634 vetat

2213 2646 2504 2716 indefensos
2543 2660 2588 2704 et
2634 2653 2891 2709 inauditos
2932 2659 3136 2714 omnino
3189 2661 3427 2719 damnari
3455 2668 3474 2736 (
3505 2666 3812 2726 Tertullian.

2213 2738 2504 2809 Apologet.,
2546 2759 2664 2813 cap.
2710 2744 2780 2810 2,
2823 2764 2939 2817 pag.
2975 2749 3124 2822 276).
3163 2753 3236 2809 De
3261 2756 3391 2826 legis
3441 2769 3624 2816 autem
3659 2765 3812 2834 hujus

2213 2834 2466 2901 aequitate
2516 2836 2671 2910 plane
2718 2840 2946 2896 convicti
2993 2847 3256 2914 gentiles,
3305 2854 3729 2925 constituerant,
3761 2871 3813 2915 ut

2210 2925 2437 2993 quilibet
2472 2931 2853 3002 cujuscumque
2900 2937 3140 2994 criminis
3165 2942 3525 3014 insimulatus,
3550 2961 3809 3018 uteretur,

2209 3027 2254 3068 et
2278 3020 2486 3086 pmprio
2523 3039 2610 3076 ore
2630 3063 2645 3089 ,
2678 3024 2752 3077 ait
2780 3026 2982 3082 Auctor
3011 3041 3216 3098 noster,
3249 3046 3293 3090 et
3324 3044 3638 3096 mercenaria
3658 3047 3808 3100 advo-

2207 3110 2434 3176 catione,
2464 3113 2712 3170 videlicet
2742 3129 3121 3190 patronorum,
3151 3128 3241 3196 qui
3271 3133 3519 3188 mercede
3550 3150 3771 3208 accepta
3790 3179 3803 3204 ,

502 3176 704 3244 giosos,
728 3195 789 3234 ac
810 3181 1049 3240 sedulam
1070 3187 1354 3245 virtutibus
1376 3193 1625 3249 omnibus
1645 3211 1862 3266 operam
1887 3199 2096 3258 dantes.
2132 3223 2176 3285 ρ
2211 3218 2454 3259 caussam
2486 3208 2697 3264 illorum
2729 3222 3025 3273 tuerentur.

505 3268 577 3323 Et
601 3283 748 3327 certe
780 3273 910 3342 ipsis
931 3317 946 3341 ,
981 3286 1038 3331 ut
1075 3279 1148 3334 ait
1194 3280 1555 3340 Tertullianus
1577 3328 1592 3351 ,
1623 3287 1902 3346 videbatur
1945 3292 2104 3349 bonus

503 3363 579 3414 uir
609 3363 759 3420 Caius
785 3374 801 3436 (
827 3372 1172 3442 munuscripti
1219 3377 1421 3443 nostri,
1469 3377 1626 3434 Gaius
1670 3381 1864 3454 Seius)
1905 3394 2103 3440 tantum

500 3458 638 3525 quod
681 3460 985 3517 Christianus
1025 3463 1190 3532 (Ibid.
1214 3485 1331 3538 cap.
1357 3471 1422 3535 5,
1464 3489 1585 3543 pag.
1617 3473 1755 3541 280;
1786 3486 1832 3530 et
1863 3477 1951 3532 lib.
1986 3479 2008 3533 Ι
2035 3481 2104 3534 ad

502 3550 746 3620 Natiom,
771 3571 887 3626 cap.
907 3559 961 3624 4,
984 3577 1108 3630 pag.
1129 3562 1277 3632 564).
1303 3563 1631 3622 Mit'abautur
1647 3568 1865 3625 Lucium
1891 3574 2102 3643 sapien-

503 3651 634 3708 tem,
666 3644 803 3700 hanc
826 3649 1108 3706 mulierem
1148 3653 1394 3723 pudicam
1420 3698 1435 3720 ,
1465 3657 1607 3714 hunc
1645 3660 1812 3717 lilium
1844 3666 1976 3734 patri
2004 3682 2100 3722 suo

501 3733 886 3805 obsequentem
907 3782 922 3806 ,
951 3742 1090 3798 hunc
1117 3760 1331 3802 servum
1362 3749 1580 3807 domino
1609 3768 1707 3809 suo
1736 3755 1966 3813 fidelem.
1999 3759 2096 3814 Mt-

502 3827 762 3884 rabantur
785 3833 1000 3901 quidem
1029 3836 1124 3892 has
1144 3839 1383 3911 aliaSque
1404 3843 1820 3905 christianorum
1853 3853 2094 3910 virtutes:

499 3919 593 3972 scd
624 3921 722 3976 hos
746 3923 1069 3984 christianos
1089 3945 1212 3987 esse
1241 3935 1379 3988 ferre
1406 3952 1509 3991 non
1544 3948 1812 4007 poterant.

569 4012 700 4076 Quis
721 4030 850 4085 ergo
870 4033 965 4073 eos
994 4022 1168 4088 potius
1185 4040 1368 4082 errare
1387 4027 1726 4099 difﬁtebitur,
1753 4037 1840 4104 qui
1881 4037 2096 4092 laudant

494 4116 609 4168 qua:
633 4104 830 4171 sciunt,
856 4109 930 4162 ait
957 4112 1156 4168 Auctor
1204 4128 1408 4181 noster,
1450 4122 1750 4190 vituperant
1791 4143 1906 4196 qua:
1943 4131 2092 4200 igno-

492 4207 648 4262 rant,
679 4210 725 4253 et
773 4202 827 4254 id
866 4207 1002 4273 quod
1053 4211 1239 4275 sciunt,
1283 4229 1340 4266 eo
1367 4216 1501 4283 quod
1543 4218 1810 4288 ignorant,
1860 4239 2092 4280 corrum-

500 4300 633 4357 punt
676 4293 694 4357 (
736 4292 876 4349 Ibid.
920 4301 977 4367 )?
1019 4301 1073 4355 ln
1119 4307 1371 4363 omnibus
1422 4312 1621 4367 nostris
1678 4314 1953 4373 codicibus
2011 4320 2089 4374 le-

499 4384 674 4452 gimus
703 4388 992 4459 irrumpunt
1018 4436 1034 4459 ,
1083 4412 1180 4464 pro
1204 4415 1535 4470 corrumpunt
1559 4424 1577 4458 :
1604 4406 1698 4460 sed
1751 4410 1928 4465 minus
1982 4411 2091 4466 for-

491 4481 654 4534 tassis
676 4481 828 4536 bene.
851 4484 907 4538 lu
929 4486 1068 4541 libro
1092 4493 1234 4544 enim
1281 4496 1349 4546 ad
1397 4494 1644 4553 Nationes
1686 4503 1944 4573 scriptum
1965 4518 2085 4559 est:

489 4569 602 4624 Pro
650 4575 879 4630 stultitia:
923 4580 1148 4634 caecitate
1203 4584 1414 4640 laudant
1463 4607 1578 4659 quae
1639 4569 1842 4661 sciunt,
1892 4600 2086 4670 vitupe-

465 4673 605 4718 rant
630 4681 745 4734 quia
781 4671 1041 4738 nesciunt,
1081 4684 1128 4727 et
1158 4676 1211 4729 id
1239 4679 1374 4747 quod
1431 4684 1656 4738 nesciunt
1685 4687 1864 4742 vitiant
1907 4693 1927 4758 (
1959 4690 2082 4746 Loc.

484 4757 575 4809 cit.
595 4757 653 4828 ):
684 4760 852 4830 quod,
881 4764 954 4818 uti
978 4765 1157 4832 vides,
1188 4770 1328 4824 idern
1353 4782 1434 4828 est
1463 4789 1526 4830 ac
1551 4757 1987 4852 corrumpunttSi
2010 4795 2087 4841 ta-

487 4857 614 4896 men
640 4847 793 4901 malis
820 4850 1117 4922 probesque
1140 4856 1423 4926 legendum
1457 4847 1765 4934 irrumpunt,
1790 4884 1895 4924 non
1920 4874 2088 4927 omni-

483 4947 558 4987 no
579 4939 1008 5008 repugnabimus.
1046 4947 1119 5002 De
1140 4946 1278 5004 fama
1308 4953 1570 5024 siquidem
1601 4957 1846 5016 Lucanus
1863 4964 2079 5022 cecinit:

636 5047 771 5135 Xalt-3
786 5066 990 5135 quoque
1009 5059 1067 5129 ad
1093 5069 1294 5135 vestros.
1303 5068 1508 5135 accessit
1529 5069 1653 5118 fama
1674 5081 1897 5135 nepotes,

638 5110 920 5180 Irrupitque
944 5110 1332 5189 anituos'populi.

1246 5215 1447 5276 (Lucan.
1473 5215 1556 5266 tib.
1583 5227 1620 5277 ι,
1646 5227 1748 5284 post
1772 5224 1926 5289 med.)

475 5299 700 5361 Summa
745 5307 906 5379 igitur
947 5313 1200 5386 stultitia,
1245 5320 1486 5380 c:'ccitate
1536 5341 1598 5381 ac
1639 5330 1838 5386 malitia
1880 5336 2078 5393 ethnici

479 5395 768 5455 laudabant
808 5401 910 5456 sibi
956 5409 1196 5477 cognitas
1227 5411 1657 5474 Christianorum
1692 5422 1947 5479 virtutes:
1981 5428 2074 5484 sed

481 5489 606 5546 illos
647 5493 1058 5567 vituperabant,
1109 5501 1416 5571 ignorantes
1461 5511 1588 5580 quid
1633 5528 1821 5569 eorum
1873 5533 2072 5575 nomen

475 5582 821 5652 significaret.
848 5589 928 5644 Ex
953 5592 1195 5662 ignorato
1215 5609 1392 5655 autem
1416 5602 1520 5659 hoc
1545 5609 1760 5665 nomine
1788 5612 2068 5680 vitiabant,

474 5689 570 5729 seu
600 5684 1013 5752 corrumpebant
1060 5689 1270 5746 illorum
1313 5695 1535 5754 virtutes
1557 5742 1571 5767 ,
1601 5719 1733 5771 quas
1777 5707 1950 5763 nullas
1980 5718 2072 5766 aut

465 5767 630 5826 falsas
660 5786 778 5829 esse
803 5775 1131 5840 eﬂ'uticbaut.
1165 5785 1230 5842 At
1261 5787 1393 5845 nihil
1433 5802 1578 5852 certe
1606 5767 1776 5868 magis
1797 5800 2060 5872 iniquum,

2285 3297 2478 3353 Verum
2504 3301 2659 3372 longe
2681 3305 2834 3362 aliter
2859 3307 3213 3382 Christianos,
3241 3316 3496 3376 falsorum
3519 3324 3804 3381 criminum

2209 3405 2509 3463 accusatos,
2540 3402 2858 3458 tractabant.
2904 3406 3111 3467 Nullam
3150 3413 3347 3484 quippe
3392 3416 3701 3476 facultatem
3730 3425 3802 3478 eis

2207 3488 2572 3544 concedebant
2602 3491 2965 3552 innocentiam
2995 3517 3147 3556 suam
3177 3514 3269 3558 aut
3297 3523 3391 3562 ore
3420 3524 3519 3562 suo
3543 3551 3558 3576 ,
3587 3522 3682 3567 aut
3724 3515 3798 3568 ul-

2206 3580 2310 3634 lius
2359 3586 2656 3650 patroeinio
2721 3606 2953 3661 unquam
3020 3595 3360 3654 defendendi.
3418 3603 3797 3664 Verumtamen

2203 3677 2447 3745 ejusdem,
2483 3691 2538 3733 ut
2567 3683 2698 3737 scite
2744 3685 2833 3739 ille
2874 3691 3082 3758 arguit,
3117 3695 3383 3750 noxietatis
3410 3698 3428 3768 (
3448 3698 3633 3772 lbid.),
3665 3704 3794 3770 sive,

2204 3776 2262 3820 ut
2292 3769 2343 3822 in
2377 3773 2573 3826 nostris
2598 3774 2874 3832 codicibus
2905 3785 3281 3854 manuscriptis
3320 3798 3374 3842 et
3422 3792 3657 3861 antiquis
3684 3796 3796 3851 edi-

2207 3858 2442 3915 tionibus
2464 3863 2677 3933 legitur,
2702 3861 2928 3937 ejusdem
2956 3891 3104 3930 nosce
3128 3878 3301 3932 eadem
3330 3885 3565 3937 tractatio
3592 3887 3796 3942 debebat

2202 3952 2502 4009 intervenire
2527 3957 2542 4025 (
2564 3956 2702 4012 Ibid.
2722 3961 2762 4028 ).
2792 3962 2929 4030 Quid
2952 3981 3078 4036 ergo
3107 3969 3361 4040 iniquius,
3388 3991 3548 4045 quam
3579 3980 3627 4033 id
3655 3981 3793 4050 quod

2196 4042 2400 4112 justum
2433 4057 2516 4102 est
2557 4051 2775 4107 ethnico
2800 4059 3115 4127 concedere,
3139 4070 3196 4116 et
3222 4063 3351 4120 illud
3383 4042 3556 4138 ipsum
3603 4042 3794 4143 negare

2199 4134 2533 4194 christiano?

2270 4227 2351 4282 Ad
2380 4229 2495 4286 hare
2522 4248 2670 4299 vero,
2701 4238 2996 4296 secundum
3025 4250 3262 4303 omnium
3289 4247 3589 4308 divinarum
3618 4265 3672 4310 et
3698 4257 3789 4312 liu-

2199 4335 2479 4377 manarum
2511 4324 2688 4396 legum
2741 4334 3052 4404 praescripta
3083 4339 3307 4407 quilibet
3347 4343 3528 4413 homo,
3557 4348 3792 4418 cujusvis

2195 4414 2435 4469 criminis
2457 4419 2775 4489 postulatus,
2803 4439 2909 4478 non
2933 4425 3103 4482 solum
3133 4447 3348 4503 semper
3382 4437 3683 4495 audiendus
3713 4451 3789 4498 est

2195 4518 2250 4564 et
2313 4512 2758 4584 interrogandus.
2817 4520 2912 4575 sed
2979 4523 3354 4593 inquirendum
3430 4533 3678 4604 insuper,
3730 4553 3786 4592 ac

2110 4617 2165 4678 D
2193 4605 2492 4672 qumsdone
2511 4609 2670 4662 etiam
2699 4620 2752 4665 et
2780 4616 3062 4671 tormentis
3092 4624 3544 4693 extorquendum,
3573 4644 3693 4699 qua:
3722 4631 3785 4685 sit

2192 4696 2430 4752 criminis
2457 4701 2684 4768 qualitas
2704 4744 2720 4769 ,
2747 4706 2836 4774 qui
2861 4706 3011 4763 locus
3039 4720 3094 4765 et
3119 4713 3341 4782 modus,
3367 4719 3510 4788 quod
3541 4731 3782 4791 tempus,

2189 4792 2278 4859 qui
2305 4792 2438 4846 socii
2473 4808 2537 4848 ac
2571 4796 2792 4852 conscii.
2824 4797 2936 4855 Nec
2976 4801 3079 4858 hoc
3103 4806 3464 4876 :cquissimum
3495 4828 3615 4868 esse
3643 4814 3782 4870 diiti-

2189 4884 2437 4939 tebantur
2465 4886 2687 4956 ethnici,
2724 4892 2814 4961 qui
2856 4893 2972 4948 haec
3012 4899 3192 4953 omnia
3228 4901 3512 4974 diligenter
3542 4907 3780 4977 inquire-

2185 4976 2336 5044 bant,
2366 4979 2454 5034 ubi
2481 4979 2674 5052 aliquis
2696 4999 2765 5039 ex
2806 4988 2917 5042 suis
2957 4990 3117 5046 ullius
3139 4994 3360 5050 sceleris
3385 4997 3455 5052 ab
3485 4999 3664 5070 aliquo
3688 5018 3777 5058 ae-

2185 5068 2499 5126 cusabatur.
2528 5073 2748 5129 Summa
2777 5085 2955 5134 tamen
2997 5081 3189 5151 injuria
3233 5087 3347 5143 haec
3393 5091 3573 5146 omnia
3618 5095 3778 5150 missa

2187 5161 2456 5219 faciebant
2482 5167 2936 5239 spernebantque,
2964 5174 3055 5229 ubi
3093 5177 3353 5245 agebatur
3378 5183 3441 5236 de
3468 5187 3675 5252 nostris,
3707 5188 3780 5242 ait

2185 5252 2570 5319 Tertullianus,
2599 5259 2775 5330 elogiis
2802 5260 3010 5335 (ibid),
3045 5265 3098 5321 id
3127 5279 3235 5336 est,
3267 5271 3335 5327 de
3362 5273 3776 5334 Christianorum

2184 5344 2576 5414 vituperatione
2624 5359 2679 5405 et
2725 5357 3086 5413 accusatione.
3117 5360 3290 5418 Minus
3327 5363 3503 5435 itaque
3544 5368 3682 5425 bene
3726 5373 3774 5426 in

2182 5440 2456 5494 codicibus
2501 5445 2704 5498 nostris
2755 5445 2979 5505 habetur
3019 5452 3267 5526 eulogiis,
3298 5458 3402 5514 hoc
3447 5472 3563 5528 est,
3608 5466 3774 5522 bene-

2178 5530 2522 5600 dietionibus,
2550 5535 2656 5589 nisi
2685 5553 2878 5595 nomen
2908 5543 3036 5598 illud
3059 5546 3128 5601 ah
3150 5549 3242 5603 illo
3268 5549 3470 5609 ironice
3491 5567 3771 5626 acceptum

2175 5620 2339 5676 fuisse
2383 5623 2718 5693 probaveris.
2751 5629 3166 5705 Quidquid‘sit,
3201 5641 3393 5709 planus
3423 5654 3506 5702 est
3534 5655 3590 5702 et
3616 5620 3772 5719 aper-

2173 5721 2261 5770 tus
2288 5715 2599 5774 Tertulliani
2629 5736 2855 5793 sensus,
2879 5730 2972 5799 qui
3019 5734 3216 5791 asserit
3248 5745 3452 5794 tantum
3499 5715 3765 5810 abfuisse,

2170 5816 2228 5863 ut
2253 5811 2476 5881 gentiles
2506 5814 2598 5871 illo
2618 5857 2632 5882 ,
2663 5834 2822 5891 quem
2869 5812 3092 5894 aequitas
3139 5833 3448 5903 postulabat
3471 5877 3484 5904 ,
3514 5837 3678 5895 modo
3708 5839 3762 5894 in
