4082 6356
285 295 388 356 981

1418 280 1871 343 DlSSERTATlO
1909 280 1976 337 D.
2014 279 2103 336 LE
2138 278 2442 340 NOURRY.

3360 258 3590 340 '98:

289 407 735 472 christianos-um,
758 404 916 464 sicuti
942 404 1170 460 aliorum
1191 399 1455 469 omnium,
1482 400 1729 465 crimina,
1754 411 1889 469 quo-
1913 397 1967 458 Δ
1993 396 2382 467 quaestionibus
2400 438 2418 465 ,
2464 411 2599 469 quas
2660 395 2975 453 verberibus
3019 405 3075 453 et
3114 395 3398 452 tormentis
3442 395 3589 469 leges

288 501 903 566 rumiasimulabantur,
935 512 1170 569 unquam
1212 494 1582 567 inquirerent;
1609 496 1737 566 quin
1787 506 1883 564 po-

295 596 402 653 tius
426 594 604 651 omnis
639 608 827 651 eorum
869 590 1143 664 inquisitio
1175 588 1450 660 iudicibus
1476 586 1730 643 omnibus
1758 601 1884 657 pro-

293 689 465 745 bibita
489 697 624 743 erat.

366 780 546 840 Plinio
570 779 714 836 enim
739 778 977 836 secundo
999 777 1289 849 Trajanum
1317 776 1696 847 imperatorem
1724 774 1888 829 inter-

298 874 508 946 rogAnti
533 871 664 944 quid
694 870 1024 935 Christianis,
1054 877 1280 941 quorum
1326 869 1567 949 infinitqs
1595 878 1886 939 propemo-

297 967 428 1023 dum
455 974 572 1022 erat
596 977 876 1028 numerus,
908 960 1234 1029 faciendum,
1266 960 1376 1028 ille,
1403 959 1479 1014 ait
1506 958 1887 1022 Tertulliauus,

300 1056 616 1130 respondit,
658 1058 755 1113 hoc
791 1071 951 1128 genus
991 1054 1319 1126 inquirendos
1356 1052 1561 1123 quidem
1601 1067 1702 1107 non
1742 1066 1889 1118 esse,

302 1152 499 1208 oblatos
522 1166 637 1206 vero
658 1148 831 1221 puniri
856 1157 1090 1218 oportere
1116 1145 1359 1215 (Tertull.
1385 1146 1485 1217 Ap.
1509 1160 1557 1200 c.
1576 1144 1630 1209 2,
1665 1160 1716 1213 ρ.
1737 1142 1890 1215 275).

300 1244 588 1316 lpsiusmet
609 1251 790 1298 autem
814 1239 1032 1309 Traiani
1076 1238 1191 1294 haec
1216 1248 1339 1294 sunt
1370 1238 1422 1291 in
1453 1236 1677 1307 epistola
1705 1249 1801 1289 sua
1827 1233 1894 1290 ad

302 1337 534 1392 Plinium
564 1333 728 1390 verba
756 1351 770 1387 :
799 1331 1139 1403 Conquirendi
1180 1347 1280 1384 non
1320 1338 1472 1395 sunt;
1501 1329 1546 1382 si
1580 1328 1894 1397 deferantur,

308 1441 356 1486 et
396 1436 703 1500 arguantur,
749 1424 993 1496 puniendi
1033 1432 1152 1479 sunt
1189 1420 1378 1493 (Plin.
1422 1420 1661 1487 secund.,
1692 1420 1781 1475 lib.
1825 1419 1894 1486 X,

302 1520 450 1592 epist.
472 1516 601 1584 t02,
632 1532 754 1587 pug.
783 1515 886 1571 377
912 1516 964 1585 ):
1000 1513 1051 1569 id
1075 1522 1181 1580 est,
1210 1514 1363 1583 juxta
1391 1511 1700 1568 Tertulliani
1731 1510 1899 1566 nostri

304 1609 826 1682 interpretationem,
858 1607 904 1663 si
933 1606 1212 1661 cbrisdani
1243 1619 1429 1662 revera
1475 1618 1595 1659 esse
1643 1617 1899 1673 catnproo

305 1701 506 1759 bentur
558 1710 614 1758 et
653 1700 1060 1761 convincuntur,
1094 1695 1349 1768 puniendi
1377 1694 1615 1765 quidem,
1661 1692 1757 1750 Sed
1799 1693 1895 1747 mi-

1988 488 2177 546 liaberi
2224 490 2515 560 imperant.
2570 488 2685 545 Non
2730 489 2889 544 aliam
2947 487 3146 559 quippe
3196 487 3267 543 ob
3320 488 3588 544 rationem

1987 583 2230 641 exerceri
2258 583 2481 650 debent,
2508 595 2671 655 quam
2704 592 2761 638 ut
2804 589 3113 654 retegantur
3147 580 3374 637 erimina
3396 620 3412 646 ,
3439 590 3494 636 et
3518 580 3590 635 il-

1988 677 2165 732 lorum
2204 670 2444 732 accusati
2482 690 2548 733 ea
2587 690 2617 731 ο
2656 688 2717 731 se
2744 675 3031 731 commissa
3081 672 3367 729 fateantur.
3393 672 3592 730 Omnia

1992 784 2224 841 namque
2249 770 2444 841 placita
2473 769 2798 841 principum,
2827 770 2873 824 si
2904 769 3117 840 tyranni
3146 782 3254 823 non
3280 768 3410 835 sint,
3439 767 3586 838 justa

1992 872 2213 921 senatus
2262 863 2527 931 consulta,
2556 863 2785 933 alimque
2812 863 2959 933 leges
2984 877 3090 917 non
3121 842 3344 928 omnino
3371 861 3591 933 iniquae,

1995 962 2311 1032 praecipiunt
2335 960 2498 1016 malos
2534 960 2666 1026 erui,
2696 975 2796 1013 non
2834 957 3107 1025 abscondi,
3135 959 3295 1015 verba
3323 967 3449 1015 sunt
3476 959 3593 1014 Au-

1996 1055 2161 1112 ctoris
2188 1053 2356 1110 nostri
2386 1095 2402 1123 ,
2424 1057 2685 1124 confessos
2727 1052 2993 1117 damnari,
3038 1068 3141 1107 non
3180 1053 3375 1107 absolvi
3399 1050 3421 1124 (
3450 1051 3591 1107 Ibid.

1999 1164 2120 1219 pag.
2154 1146 2302 1212 276;
2333 1156 2378 1202 et
2408 1146 2497 1200 lib.
2531 1146 2552 1200 Ι
2578 1146 2648 1200 ad
2680 1145 2918 1208 Notium,
2952 1160 3067 1217 cap.
3096 1143 3150 1210 2,
3180 1158 3300 1216 pag.
3333 1142 3485 1217 560).
3515 1146 3601 1201 Ad

1998 1239 2283 1311 Scapulam
2335 1254 2467 1295 vero
2507 1239 2745 1311 judicent
2790 1236 3042 1292 similiter
3090 1237 3355 1292 scribebat
3398 1254 3413 1291 :
3455 1237 3596 1306 Quid

2000 1334 2223 1405 anrplius
2243 1332 2332 1387 tibi
2359 1331 2654 1395 mandatur,
2684 1344 2837 1401 quam
2880 1338 3114 1384 nocentes
3136 1331 3416 1401 confessos,
3444 1331 3596 1382 dom-

2002 1443 2147 1493 nare,
2175 1435 2417 1497 negantes
2443 1433 2612 1478 autern
2632 1425 2700 1478 ad
2728 1431 2978 1478 tormenta
3002 1435 3241 1477 reuocare
3272 1420 3478 1493 (Idem,
3507 1421 3598 1476 lib.

2002 1520 2070 1573 ad
2098 1518 2336 1589 Scapul.,
2366 1532 2481 1588 cap.
2512 1516 2548 1571 4
2567 1516 2620 1588 )ἳ

2082 1608 2457 1665 Verumtamen
2487 1606 2716 1674 ethnici,
2747 1614 2936 1661 contra
2979 1604 3118 1659 hanc
3168 1612 3311 1659 tanta
3351 1602 3603 1674 aequitate

2006 1702 2373 1773 praescriptam
2419 1698 2830 1770 iudicandorum
2873 1712 3087 1754 reorum
3137 1709 3411 1759 normam,
3440 1694 3601 1750 Chri-

303 1796 454 1866 njmc
482 1791 787 1865 inquirendi
814 1802 958 1847 sunt.
990 1788 1183 1846 Totum
1214 1798 1394 1843 autem
1424 1786 1568 1842 hunc
1587 1783 1900 1841 Tertulliani
1930 1798 1979 1861 Β
2009 1794 2212 1850 stium;
2240 1808 2348 1848 mm
2373 1792 2441 1847 ad
2487 1791 2704 1863 aliquod
2749 1790 2930 1845 scelus
2958 1787 3343 1850 confitendum,
3376 1784 3471 1841 sed
3502 1801 3603 1842 ηε-

303 1886 484 1942 locum
509 1885 696 1941 citavit
722 1882 987 1939 Eusebius
1004 1880 1224 1954 (Euseb.
1248 1880 1334 1935 lib.
1356 1877 1426 1934 ΙΙΙ
1451 1877 1647 1933 Eccles.
1670 1876 1896 1944 Histor.,

305 1995 425 2050 cap.
455 1977 551 2045 35,
582 1992 703 2046 pag.
734 1974 894 2045 106),
927 1975 1017 2044 qui
1047 1973 1253 2044 prolata
1299 1986 1328 2025 a
1375 1969 1534 2025 nobis
1579 1970 1695 2038 ejus
1736 1969 1900 2023 verba

304 2071 384 2128 Sit:
425 2084 601 2142 graece
651 2060 1030 2139 interpretatus
1072 2073 1156 2119 est
1184 2080 1197 2117 :
1230 2069 1301 2116 Τὸ
1324 2073 1419 2117 τῶν
1443 2077 1729 2131 xpuncter
1766 2064 1901 2133 ξὺλον

306 2172 382 2232 pnis
429 2163 734 2227 ἅδιζηιηῖσθαι
782 2166 888 2226 μὲν,
946 2161 1144 2224 ἐμπεσὸν
1200 2156 1248 2206 δὲ
1301 2156 1604 2218 κολάζεσθαι,
1629 2164 1766 2220 qua:
1795 2150 1905 2204 ltu-

314 2255 457 2311 ftnus
513 2252 675 2306 latine
726 2247 959 2304 reddidit
988 2267 1001 2303 :
1029 2245 1304 2302 Christiani
1360 2259 1459 2298 non
1488 2242 1693 2313 quidem
1730 2241 1903 2312 requi-

306 2358 512 2415 rantur,
560 2347 605 2400 si
652 2344 738 2414 qui
787 2353 953 2397 tamen
1007 2340 1294 2405 inciderint,
1349 2337 1629 2408 puniantur
1664 2336 1684 2406 (
1719 2333 1901 2402 Ruﬁn.

308 2443 400 2498 lia.
424 2439 496 2496 ιιι
520 2437 720 2493 Hister.
748 2436 954 2503 eccles.,
977 2450 1094 2503 cap.
1126 2432 1194 2486 27
1215 2433 1257 2504 ).
1281 2430 1467 2486 Nullus
1488 2428 1667 2498 itaque
1691 2424 1903 2482 Tertul~

309 2533 487 2591 ltanus
515 2530 776 2587 dubitavit
801 2527 905 2584 hoc
932 2526 1109 2582 edicto
1142 2523 1543 2596 pronuntiatum
1572 2518 1736 2574 fuisse
1762 2516 1904 2574 ebri-

312 2629 517 2683 stianus
538 2640 644 2679 non
676 2619 1090 2694 perquireudus,
1120 2616 1216 2673 sed
1244 2615 1424 2672 statim
1451 2621 1610 2683 atque
1635 2609 1907 2683 iudicibus

315 2718 659 2780 oderrcntur,
682 2729 746 2783 ac
773 2714 1243 2783 eliristianos_esse
1283 2714 1576 2774 constaret,
1606 2704 1751 2761 nulla
1788 2717 1906 2757 am-

313 2812 455 2882 plius
498 2808 659 2864 ullius
704 2808 782 2862 rei
835 2803 974 2861 facta
1018 2801 1399 2872 inquisitione,
1430 2795 1747 2870 puniendos.
1797 2792 1909 2849 Nec

316 2906 458 2963 male
506 2901 745 2976 quidem.
782 2899 916 2956 Nam
958 2896 1219 2970 'l‘rajanus
1262 2894 1520 2950 continuo
1554 2889 1787 2944 addidit:
1819 2885 1908 2940 Ita

316 3008 485 3053 tamen
514 3006 566 3049 ut
591 2995 676 3065 qui
707 2991 960 3065 negauerit
981 3007 1034 3045 se
1063 2988 1394 3043 christianum
1423 2998 1549 3048 esse,
1572 2982 1721 3052 idque
1740 2979 1910 3049 reipsa

317 3092 644 3160 manifestum
683 3088 892 3156 fecerit,
940 3084 993 3136 id
1037 3091 1149 3147 est,
1190 3075 1528 3150 supplicando
1572 3074 1671 3128 diis
1701 3073 1908 3138 nostris,

2004 1887 2236 1960 gantiam
2284 1885 2673 1942 crudelissimis
2717 1882 3079 1954 quaestionum
3119 1879 3404 1936 tormentis
3448 1892 3604 1933 como

2006 1979 2294 2052 pellebant.
2350 1977 2668 2033 Persuasum
2710 1990 2841 2046 ergo
2892 1974 3094 2029 Italiere
3133 1970 3441 2027 debuerunt
3481 1969 3606 2025 illos

2007 2088 2127 2131 esse
2166 2072 2445 2137 innoxios,
2475 2080 2532 2127 et
2572 2070 2775 2125 nullius
2805 2083 2931 2124 reos
2958 2065 3201 2123 criminis
3226 2106 3240 2132 ,
3268 2063 3470 2136 quippe
3511 2062 3609 2135 qui

2010 2165 2141 2221 illud
2166 2163 2235 2220 ab
2260 2164 2391 2236 ipsis
2416 2162 2599 2234 ωηεν-ἱ
2628 2161 2851 2227 vellent,
2882 2170 2975 2215 aut
3000 2174 3116 2222 eos,
3146 2157 3290 2229 quod
3315 2157 3468 2213 nefas
3496 2168 3604 2223 esr,

2009 2257 2054 2313 si
2109 2256 2186 2313 rei
2234 2255 2441 2321 forent,
2489 2253 2649 2325 plane
2698 2251 2935 2308 mentiri.
2982 2251 3294 2318 Quaestione
3338 2244 3605 2319 siquidem

2013 2350 2136 2406 torti
2160 2389 2177 2416 ,
2226 2348 2531 2404 fatebantur
2567 2346 2853 2417 palamque
2895 2344 3199 2400 clamabunt
3226 2357 3288 2398 se
3314 2354 3436 2399 esse
3464 2341 3613 2399 ebri-

2010 2445 2234 2501 stianos.
2266 2441 2372 2499 Sed
2397 2441 2598 2498 ethnici
2616 2440 2813 2511 quibus
2838 2439 2974 2494 alios
2995 2436 3315 2494 conﬁtentes
3341 2448 3465 2493 reos
3486 2449 3603 2492 am-

2014 2537 2155 2608 plius
2181 2545 2436 2605 tumuere
2463 2532 2543 2589 las
2572 2546 2677 2588 non
2719 2542 2833 2588 erat
2854 2569 2872 2599 ,
2899 2522 3228 2587 christianos
3254 2529 3425 2585 dirius
3449 2529 3609 2599 jube-

2013 2628 2141 2683 bant
2171 2625 2421 2693 cruciari,
2448 2622 2624 2680 donec
2653 2632 2932 2694 negarent,
2962 2629 3053 2676 aut
3081 2628 3427 2677 necarentur.

2084 2721 2250 2779 Recte
2293 2732 2423 2792 ergo
2475 2717 2839 2774 Tertullianus
2892 2716 3012 2771 illos
3053 2716 3136 2770 sic
3177 2724 3370 2786 urget:
3422 2710 3615 2769 Videtis

2013 2815 2267 2888 quantodo
2298 2814 2397 2884 ipsi
2422 2828 2509 2869 vos
2533 2818 2713 2866 contra
2742 2808 2989 2863 mandata
3018 2806 3239 2880 faciatis,
3271 2815 3326 2860 ut
3357 2805 3615 2878 confessos

2015 2926 2202 2983 negare
2236 2908 2449 2980 cogatis.
2500 2905 2642 2960 Adeo
2671 2902 2984 2974 conﬁtemini
3022 2902 3314 2956 innocentes
3353 2914 3461 2954 esse
3498 2912 3615 2967 nos,

2015 3002 2141 3072 quos
2162 2996 2408 3060 domitare
2436 3001 2606 3055 statim
2638 3014 2707 3053 es:
2725 2996 3041 3069 confessione
3074 3010 3175 3049 non
3214 2990 3411 3063 uultls(
3444 2990 3616 3059 Idem,

2019 3098 2107 3153 lib.
2162 3096 2231 3151 ad
2282 3093 2525 3166 Scupul.,
2567 3107 2683 3162 cap.
2740 3087 2818 3161 4).
2864 3089 2937 3143 Διί
2959 3093 3107 3143 certe
3151 3084 3205 3139 hi
3246 3090 3394 3140 tanta
3443 3083 3619 3155 legum

318 3185 546 3258 quamvis
571 3192 836 3254 suspectus
862 3181 913 3233 in
949 3176 1263 3249 prateritum
1292 3173 1469 3243 fuerit,
1498 3168 1694 3223 veniam
1714 3182 1777 3222 ex
1803 3180 1908 3236 pte-
1938 3195 1986 3261 ο
2019 3200 2237 3245 suam",
2263 3183 2702 3257 μηγπξωιίωη
2721 3195 2780 3236 se
2814 3180 2960 3251 ipsos
3006 3176 3442 3234 manifesmsime
3482 3190 3622 3232 0οη,

321 3281 534 3335 nitentia
555 3279 783 3349 impetret
810 3271 993 3346 (Plin.
1024 3269 1150 3324 ibid.
1178 3271 1219 3341 ).
1248 3265 1462 3322 Nullum
1486 3263 1646 3335 igitur
1671 3259 1915 3316 tln'istia-

326 3387 517 3428 norum
563 3373 769 3425 crimen
814 3381 846 3419 a
888 3363 1157 3436 iudicibus
1204 3358 1402 3430 inquiri
1451 3357 1653 3421 rolutt,
1688 3351 1785 3407 sed
1824 3364 1919 3405 eos

325 3466 538 3525 oblatos
565 3463 637 3519 ob
673 3460 849 3517 solum
872 3473 1031 3514 suum
1051 3468 1268 3519 nomen,
1296 3462 1398 3505 nec
1424 3446 1656 3519 amplius
1684 3442 1918 3506 auditos,

325 3558 529 3633 puniri,
552 3554 658 3611 nisi
678 3554 817 3609 forte
843 3550 947 3607 hoc
970 3555 1228 3620 negarent
1250 3557 1447 3600 nomen
1467 3553 1647 3606 suum,
1666 3535 1922 3606 falsisque

325 3654 430 3713 diis
449 3650 836 3723 supplicarent.

401 3720 533 3805 lure
554 3720 754 3814 itaque
799 3740 996 3796 merito
1021 3734 1284 3799 exclamat
1310 3727 1708 3785 'l‘ertullianus:
1741 3720 1786 3777 0
1811 3737 1926 3777 sen-

331 3842 541 3900 tentiam
586 3835 877 3893 necessitate
926 3834 1191 3901 confusam
1230 3822 1576 3897 (Tertullian.
1632 3816 1923 3889 Apolaget.,

336 3951 454 4005 cap.
480 3932 517 3986 2
538 3973 553 3999 ,
579 3947 699 4001 pag.
727 3927 879 3996 275).
902 3920 1161 3979 Corisulto
1202 3926 1381 3974 autem
1427 3912 1563 3969 dixit
1614 3916 1926 3974 necessitate,

334 4029 458 4102 quia
482 4027 750 4098 Trajanus
777 4022 923 4079 illam
945 4019 1141 4076 clarius
1166 4014 1433 4086 explicare
1451 4026 1559 4066 non
1597 4015 1827 4081 poterat.
1854 4005 1928 4059 lia

336 4100 467 4189 rem
489 4124 713 4184 confusa
755 4129 868 4185 est,
899 4116 1021 4189 quia
1050 4111 1314 4182 Traianus
1358 4113 1547 4184 negat,
1583 4100 1739 4163 sicuti
1785 4107 1933 4155 recte

338 4226 512 4302 arguit
530 4226 732 4282 Auctor
759 4234 943 4280 noeter
966 4219 1128 4294 (ibid.
1145 4220 1189 4287 ),
1216 4228 1318 4268 non
1341 4208 1669 4283 inquirendos
1692 4206 1933 4265 chi-istis.

340 4343 470 4392 nos,
510 4329 694 4396 utpote
730 4320 1017 4374 innocentes
1040 4355 1055 4381 ,
1088 4314 1393 4384 nulliusqne
1434 4308 1652 4365 sceleris
1697 4318 1859 4370 reos;
1889 4310 1935 4359 et

342 4422 550 4478 mandat
578 4431 756 4475 tamen
776 4411 1080 4486 puniendos,
1112 4418 1166 4465 ut
1208 4396 1462 4472 nocentes,
1493 4418 1558 4458 ac
1586 4399 1935 4474 gravissimo-

342 4533 461 4574 rum
511 4510 755 4568 conscios
798 4507 1083 4563 scelerum.
1135 4501 1335 4558 Eadem
1374 4512 1503 4570 ergo
1530 4494 1647 4551 lucc
1671 4492 1937 4549 sententia

2021 3281 2364 3339 demnabsnt.
2415 3277 2755 3334 Christianos
2807 3273 2949 3329 enim
2993 3312 3010 3341 ,
3066 3287 3166 3329 nec
3227 3270 3475 3337 auditos,
3522 3283 3622 3326 nec

2022 3373 2276 3429 defensos
2295 3411 2312 3438 ,
2336 3380 2589 3442 tanquam
2632 3368 2874 3423 omnium
2904 3367 2960 3419 in
2983 3362 3116 3443 deos
3133 3403 3149 3429 ,
3176 3364 3325 3435 leges
3342 3402 3356 3430 ,
3383 3361 3621 3434 impera-

2027 3477 2205 3531 iures,
2236 3479 2451 3528 mores,
2480 3464 2873 3533 ipsamquemet
2915 3468 3102 3514 contra
3143 3464 3392 3511 naturam
3435 3451 3624 3509 crimi-

2026 3574 2155 3617 num
2200 3566 2321 3614 reos
2360 3554 2779 3612 insectabantur.
2810 3552 2943 3605 Dum
2982 3562 3113 3621 ergo
3158 3546 3461 3603 nitebantur
3501 3544 3625 3601 illos

2028 3651 2324 3725 qumstione
2350 3647 2417 3703 ad
2447 3662 2512 3703 ea
2538 3643 2783 3717 neganda
2822 3642 3038 3713 adigere
3056 3680 3072 3707 ,
3097 3639 3404 3695 fatebantur
3444 3636 3629 3708 utique

2032 3756 2138 3801 tam
2167 3742 2294 3799 falsa
2335 3754 2458 3796 esse
2476 3755 2539 3793 ea
2565 3736 2812 3802 crimina,
2842 3748 3001 3806 quam
3025 3744 3238 3789 summa
3265 3735 3382 3787 erat
3405 3728 3626 3785 illorum

2031 3846 2087 3894 ct
2139 3832 2448 3891 innocentia
2500 3840 2556 3885 et
2596 3828 2892 3898 integritas.
2923 3825 2979 3881 In
3010 3826 3110 3879 hac
3151 3824 3332 3895 itaque
3359 3832 3467 3876 tam
3497 3819 3630 3877 hor.

2034 3927 2198 3984 renda
2221 3924 2532 3982 earumdem
2558 3919 2974 3978 ebriatianorum
2997 3916 3281 3985 vexatione
3306 3930 3412 3970 non
3439 3912 3584 3969 aliud
3609 3952 3631 3978 ,

2034 4022 2191 4078 sicuti
2242 4017 2421 4074 aiebat
2472 4012 2870 4076 Tertullianus,
2922 4009 3026 4066 nisi
3078 4007 3359 4064 christiani
3412 4004 3632 4059 nominis

2035 4116 2268 4190 prwlium
2306 4122 2376 4168 est
2420 4110 2613 4185 (Idem,
2636 4106 2930 4179 Apologet.,
2957 4119 3074 4175 cap.
3114 4102 3181 4167 2,
3229 4116 3350 4172 pag.
3376 4096 3482 4154 279
3502 4099 3548 4170 ),
3578 4097 3633 4152 in

2038 4225 2145 4284 quo
2169 4214 2428 4281 negantes
2454 4200 2888 4265 absolrebantur,
2920 4206 3082 4269 atque
3111 4191 3636 4252 excarnificabantur

2039 4304 2379 4364 confitcntes.

2124 4396 2310 4470 Neque
2332 4389 2603 4467 putaveris
2619 4384 2907 4461 quidquam
2929 4380 3104 4440 abillo
3121 4381 3195 4438 ibi
3214 4390 3305 4437 aut
3325 4378 3531 4446 fictum,
3549 4386 3644 4434 aut

2043 4499 2440 4566 exaggeratam.
2464 4484 2595 4541 Nam
2620 4482 2808 4540 eadem
2829 4479 2987 4554 plane
3016 4476 3189 4535 fuerat
3218 4490 3323 4531 non
3353 4474 3525 4530 solum
3544 4471 3643 4528 Ju-

652 4563 794 4657 steait
814 4641 831 4666 ,
878 4594 1167 4652 dissimulat
1205 4604 1254 4647 ει
1298 4563 1651 4645 animatum“
1681 4589 1700 4658 (
1730 4584 1871 4640 “id.
1893 4585 1936 4657 )-
1961 4595 2021 4658 Ῑ)
2047 4563 2171 4645 stini
2190 4563 2469 4655 martyris,
2499 4576 2878 4647 Athenagorae,
2909 4569 3143 4636 Tatiani,
3174 4577 3231 4624 ut
3254 4566 3381 4623 alibi
3411 4563 3642 4621 vidimus

347 4676 697 4757 Clementiam
723 4692 922 4764 quippe
949 4684 1275 4751 dissimulat,
1304 4679 1577 4753 parcendo
1604 4676 1937 4743 christianis,

348 4794 438 4867 qui
452 4789 732 4863 iudicibus
769 4798 875 4841 non
916 4779 1296 4837 offerebantur.
1327 4774 1488 4832 Saevit
1525 4785 1654 4828 vero
1702 4770 1756 4824 in
1785 4767 1942 4824 obla-

352 4863 453 4955 tos,
483 4884 690 4941 tametsi
728 4881 1062 4942 innocentes,
1092 4886 1228 4944 quos
1255 4884 1409 4927 suum
1455 4867 1717 4923 duntaxat
1744 4863 1814 4920 ob
1842 4877 1943 4918 no-

352 4996 475 5039 men
507 4979 653 5050 iubet
678 4973 871 5048 puniri.

424 5076 483 5131 lu
516 5082 623 5128 tnta
649 5084 781 5143 ergo
814 5063 1240 5123 Christianorum
1265 5068 1452 5115 caussa
1482 5054 1612 5111 nihil
1660 5050 1804 5108 aliud
1850 5064 1948 5143 po-

355 5169 674 5231 stulabatur,
696 5142 850 5220 sicuti
878 5158 1053 5216 adhuc
1077 5156 1153 5212 ait
1164 5149 1549 5214 Tertullianus,
1571 5146 1671 5202 nisi
1694 5142 1949 5215 confessio

355 5261 601 5325 nominis,
627 5274 728 5313 non
755 5251 1064 5311 examinatio
1092 5247 1292 5305 sceleris
1312 5241 1487 5314 (Ibid.
1518 5257 1642 5311 pag.
1669 5238 1822 5307 271),
1852 5249 1953 5290 nec

358 5356 591 5415 accusati
616 5350 877 5409 defensio.
903 5347 981 5402 Ad
1008 5346 1124 5400 illos
1151 5342 1428 5399 enimvero
1455 5332 1789 5392 damnandos
1815 5374 1830 5400 ,
1860 5336 1953 5385 aut

360 5455 715 5514 absolvendos
744 5452 871 5509 illud
903 5455 1106 5504 tantum
1122 5441 1440 5505 sufficiebat,
1459 5449 1519 5494 ut
1548 5449 1743 5493 nomen
1771 5447 1951 5500 suum,

362 5568 458 5609 seu
487 5566 546 5608 se
573 5549 896 5606 christianos
923 5559 1013 5600 ess
1026 5558 1075 5607 e,
1104 5553 1194 5597 aut
1231 5550 1488 5614 negarent
1514 5541 1606 5594 adt
1633 5536 1959 5593 confiteren-

364 5656 470 5704 tur.

367 5756 372 5799 ;
438 5737 591 5809 Quod
613 5736 849 5808 quidem,
882 5748 1043 5805 quam
1082 5730 1321 5802 iniquum
1352 5729 1606 5801 omnique
1627 5726 1735 5800 juri
1778 5725 1959 5782 divino

2047 4676 2262 4751 (tomJ
2297 4674 2572 4746 Apparat.,
2608 4685 2729 4741 pag.
2773 4666 2901 4734 551,
2947 4662 3071 4730 556,
3113 4662 3214 4719 471
3257 4670 3314 4717 et
3352 4658 3518 4730 523),
3548 4658 3643 4714 sed

2047 4747 2312 4827 uenimus
2337 4767 2521 4832 etiam,
2556 4762 2711 4818 sicuti
2742 4758 2910 4817 refert
2938 4756 3200 4813 Eusebius
3221 4751 3440 4826 (Euseb.
3462 4751 3551 4807 lib.
3576 4747 3645 4805 ιν

2051 4862 2250 4920 Hister.
2293 4859 2512 4925 Eccles.,
2562 4873 2680 4927 cap.
2727 4854 2801 4909 26
2828 4893 2844 4919 ,
2896 4866 3016 4921 pag.
3051 4849 3216 4917 M7),
3253 4847 3461 4916 publica
3483 4859 3649 4916 expo-

2052 4958 2288 5014 stulatio.
2306 4954 2487 5010 Palam
2508 4951 2705 5024 quippe
2720 4944 2999 5017 conquesti
3018 4953 3164 5009 sunt,
3180 4939 3427 5014 quamvis
3437 4939 3643 4995 nullum

2050 5065 2246 5108 nomen
2274 5063 2341 5104 ex
2367 5062 2426 5104 se
2452 5047 2568 5117 ipso
2598 5045 2795 5099 bonum
2825 5040 2898 5095 sit
2931 5045 3024 5092 aut
3053 5036 3273 5101 malum,
3304 5032 3641 5089 Christianos

2053 5154 2232 5201 tamen
2278 5155 2435 5195 suum
2473 5136 2733 5193 duntaxat
2754 5132 2825 5187 ub
2852 5128 3192 5196 vocabulum,
3212 5142 3312 5184 nec
3334 5126 3514 5209 audita
3544 5139 3647 5180 un-

2053 5248 2215 5309 quam
2245 5246 2435 5291 caussa
2457 5270 2474 5298 ,
2512 5224 2883 5285 condemnari.
2913 5222 3120 5280 Eodem
3165 5230 3344 5277 autem
3374 5220 3481 5276 telo
3503 5259 3520 5287 ,
3550 5218 3649 5275 sed

2055 5334 2218 5407 paulo
2257 5331 2415 5386 aliter
2457 5333 2724 5390 contorto,
2754 5319 3001 5375 ethnicos
3049 5316 3433 5373 transfixorum
3470 5313 3647 5370 Minu-

2058 5431 2160 5485 tius
2188 5426 2360 5491 Felix,
2386 5424 2462 5480 uti
2485 5435 2645 5492 supra
2666 5415 3000 5474 ostendimus
3038 5413 3344 5487 (Dissertat.
3375 5411 3428 5464 in
3458 5409 3648 5464 Minut.

2062 5524 2267 5589 Oetam,
2295 5536 2411 5590 cap.
2442 5517 2512 5584 8,
2537 5523 2639 5570 art.
2678 5512 2777 5585 2),
2826 5519 2884 5568 et
2926 5508 3262 5582 Cyprianus,
3311 5504 3466 5561 sicuti
3514 5501 3654 5560 infra

2060 5623 2324 5680 dicemus.

2131 5714 2244 5770 Nec
2281 5709 2505 5768 multum
2547 5705 2807 5764 curabant
2831 5701 3059 5774 gentiles
3082 5711 3350 5757 summam
3387 5695 3526 5752 hanc
3563 5701 3650 5752 te-

373 5785 598 5893 Μίδηιὶ
623 5785 679 5891 ἐι
703 5785 937 5895 humatio
960 5785 1295 5902 adversetur,
1310 5823 1400 5883 ille
1422 5785 1598 5881 adliuc
1626 5785 1963 5884 demonstrat
2070 5824 2199 5884 gere
2227 5804 2540 5880 injusritiam
2559 5846 2577 5875 ,
2608 5814 2766 5874 quam
2811 5798 2915 5861 lata
2959 5809 3048 5869 per
3073 5793 3312 5852 tabellam
3334 5828 3351 5862 ,
3380 5789 3534 5863 cujus
3557 5785 3660 5852 Ci-
