4082 6356
521 255 632 316 .983
1579 254 1644 309 IN
1683 251 2146 310 TERTULLIANI
2218 251 2745 312 APOLOGETICUM
3708 259 3794 316 985

527 386 657 427 cero
706 374 723 442 (
764 372 923 426 Cicer.
955 371 1041 425 lib.
1092 371 1131 424 γ
1186 371 1238 423 in
1301 368 1466 435 Verr.,
1519 385 1638 440 pag.
1694 367 1815 435 179,
1878 370 1974 423 lin.
2032 369 2121 431 l9;
2153 369 2202 428 Α
2233 369 2558 424 henduntur.
2607 369 2712 424 Sed
2765 369 3043 425 falsissima
3103 385 3221 427 esse
3267 370 3380 427 haec
3450 369 3663 426 crimina
3704 372 3794 442 jam

528 475 661 519 orat.
703 465 772 520 59
814 481 904 533 pro
949 462 1126 517 liabir.
1154 505 1168 526 ,
1195 480 1315 534 pag.
1358 461 1455 517 56l
1486 503 1501 524 ,
1559 462 1650 516 lin.
1689 463 1827 528 ull.;
1877 471 2008 515 orat.
2056 461 2126 516 25
2232 463 2583 518 ostendimus.
2613 461 2719 519 Fac
2761 475 2958 528 tamen,
2989 463 3268 532 si'possis,
3302 463 3390 518 illa
3422 472 3529 518 tam
3557 479 3672 519 vera
3698 481 3796 522 esse

460 568 474 575 ’
527 578 622 629 pro
679 559 878 622 Flacc.,
931 576 1048 630 pag.
1098 558 1222 624 569,
1278 559 1369 611 lin.
1417 558 1510 624 47;
1560 566 1689 611 orat.
1737 557 1805 612 57
1849 559 1899 610 in
1940 555 2002 610 L.
2039 555 2128 609 Pi—
2230 571 2388 627 quam
2415 555 2546 610 falsa
2577 565 2720 620 sunt,
2756 553 3008 624 numquid
3059 553 3342 618 homicida,
3375 554 3461 610 vel
3504 554 3638 610 alius
3660 557 3795 625 quili-

527 669 665 718 son.,
704 670 822 723 pag.
858 650 1019 722 545),
1073 650 1270 720 aliique
1320 651 1516 718 smpius
1559 648 1885 713 meminere,
1935 657 2123 704 contra
2230 648 2320 704 bet
2365 649 2658 703 sceleratus
2717 647 2895 708 homo,
2950 655 3166 717 propter
3209 663 3358 701 suum
3412 646 3584 700 solum
3632 663 3795 704 nomen

529 758 624 798 eos
655 745 918 798 sententia
948 743 999 797 in
1029 743 1302 812 publicum
1338 741 1700 810 proferebant.
1729 741 1783 794 In
1807 740 1905 796 hac
1926 742 2125 812 quippe
2228 740 2573 794 condemnari
2600 739 2802 795 debet?
2833 738 3018 794 Nonne
3043 739 3252 808 jndices
3275 749 3526 794 tenentur
3555 739 3693 812 illum
3717 755 3796 795 au-

530 835 725 891 tabclla
786 853 890 891 non
945 836 1158 906 aliquod
1207 836 1660 899 Christianorum,
1709 835 1852 890 sicut
1897 836 2122 889 aliorum
2229 832 2366 896 dire,
2407 842 2462 888 et
2508 833 2831 902 investigare
2879 830 2989 895 ubi,
3019 831 3253 902 quando,
3308 829 3599 898 quomodo,
3635 803 3798 902 qtiibus

532 941 706 985 morte
763 931 1135 985 damnatorum
1157 970 1172 994 ,
1213 930 1415 984 crimen
1465 930 1770 995 norabatur,
1816 929 1909 983 sed
1948 930 2122 984 solum
2230 924 2389 979 sociis
2418 925 2621 980 crimen
2652 925 3076 994 perpetraverit'l
3107 921 3299 977 Verum
3327 922 3614 975 Christiani
3643 933 3797 979 contra

529 1022 944 1077 Christianorum
971 1007 1190 1076 nomen
1229 1039 1240 1073 :
1271 1021 1349 1074 De
1395 1021 1609 1082 tabella,
1643 1023 1716 1075 ait
1761 1020 2124 1076 Tertullianus
2230 1016 2326 1071 has
2351 1016 2701 1086 :equissimas,
2727 1019 2801 1069 uti
2831 1015 3096 1080 diximus,
3131 1014 3277 1084 leges
3314 1013 3795 1069 condemnabantur.

527 1130 623 1170 eos
655 1115 995 1186 alloquendo,
1029 1115 1249 1169 recitatis
1267 1115 1409 1168 illum
1437 1114 1768 1168 christianum
1793 1113 2122 1183 (Tertulliau.
2230 1107 2625 1177 IniquiSSimum
2667 1122 2796 1176 ergo
2833 1115 2951 1162 erat
2989 1107 3264 1177 gentilium
3295 1104 3560 1175 judicium
3601 1103 3797 1176 (Tertul-

529 1209 771 1279 Apolog.,
806 1226 920 1279 cap.
951 1207 1005 1270 2,
1041 1225 1161 1278 pag.
1190 1207 1342 1278 279),
1368 1208 1605 1276 nihilque
1629 1208 1878 1277 amplius.
1908 1209 1972 1259 At
2000 1222 2120 1260 cum
2229 1201 2354 1255 lian.
2388 1201 2654 1272 Apologet.
2683 1217 2798 1268 cap.
2845 1199 2881 1253 2
2901 1242 2912 1262 ,
2943 1215 3062 1269 pag.
3084 1197 3209 1264 279,
3237 1208 3282 1252 et
3326 1198 3413 1252 lib.
3459 1195 3473 1250 Ι
3501 1196 3569 1250 ad
3612 1194 3796 1252 Natiou.

528 1316 618 1355 res
650 1302 718 1354 ita
753 1301 859 1366 sit,
891 1301 1062 1370 pergit
1104 1301 1223 1363 ille,
1252 1309 1432 1354 certe:
1469 1299 1788 1353 Christianus
1840 1300 1884 1352 si
1931 1300 2123 1352 nullius
2227 1312 2343 1366 cap.
2373 1295 2425 1358 6,
2458 1312 2576 1366 pag.
2612 1293 2764 1358 566).

530 1394 757 1447 criminis
803 1411 980 1446 nomen
1012 1404 1115 1458 est,
1146 1393 1292 1447 valde
1341 1394 1597 1463 ineptum.
1619 1393 1662 1446 si
1705 1393 1861 1447 solius
1904 1392 2124 1446 nominis
2300 1387 2571 1460 Urgebmt
2602 1399 2777 1443 tamen
2801 1387 3025 1458 gentiles
3059 1407 3071 1441 ε
3104 1386 3256 1441 Secta
3282 1385 3690 1441 Christianorum
3709 1385 3798 1439 odi-

531 1487 720 1540 crimen
762 1496 834 1539 est
879 1488 894 1550 (
922 1484 1223 1539 Tertulliau.
1259 1485 1382 1540 ibid.
1409 1485 1449 1557 ).
1485 1487 1549 1540 Et
1579 1485 1646 1539 ita
1676 1486 1889 1555 quidem
1935 1487 1984 1538 in
2028 1485 2124 1539 Ri.
2227 1491 2309 1534 tur
2334 1482 2385 1535 in
2416 1482 2618 1534 nomine
2642 1481 2812 1550 utique
2836 1481 2914 1535 sui
2939 1481 3160 1534 auctoris
3190 1478 3351 1549 (Ibid.
3388 1495 3441 1550 p.
3471 1477 3621 1544 289.).
3659 1476 3798 1531 Num-

529 1577 676 1646 galtii
703 1576 956 1631 editione.
991 1575 1044 1630 In
1076 1579 1274 1631 nostris
1303 1593 1430 1631 vero
1459 1577 1733 1632 codicibus
1761 1595 1773 1630 :
1805 1575 2123 1632 Christianus
2227 1574 2352 1645 quid
2383 1590 2511 1646 ergo
2538 1573 2952 1629 examinandum
2994 1590 3100 1628 non
3129 1583 3246 1628 erat
3282 1583 3462 1628 utrum
3495 1573 3584 1627 ille
3622 1583 3795 1636 auctor,

527 1670 571 1722 si
608 1669 796 1722 nullius
831 1669 1053 1723 criminis
1101 1686 1282 1724 nomen
1308 1685 1422 1722 reus
1447 1679 1538 1734 est,
1567 1669 1714 1723 valde
1742 1669 2004 1736 incestum,
2033 1685 2120 1724 rc-
2226 1677 2316 1722 aut
2338 1667 2454 1738 ejus
2473 1677 2767 1723 sectatores
2793 1667 2918 1722 odio
2948 1683 3130 1723 revera
3156 1666 3338 1721 haberi
3377 1667 3664 1721 deberent?
3689 1665 3798 1720 Ter-

529 1761 796 1815 ceutiores
845 1760 1120 1824 incertum,
1152 1762 1194 1814 si
1220 1761 1379 1815 solius
1425 1762 1641 1816 nominis
1681 1763 1871 1816 crimen
1913 1771 2006 1816 est.
2060 1762 2115 1816 In
2149 1769 2195 1828 Β
2225 1761 2472 1816 tullianus
2518 1771 2694 1815 autem
2744 1761 3145 1816 evidentissime
3201 1759 3541 1814 demonstrat
3585 1759 3797 1814 ethnicos

531 1850 848 1921 quibusdam
897 1853 1308 1922 manuscriptis,
1337 1861 1391 1906 et
1410 1853 1567 1907 editis
1601 1853 1827 1922 lligaltio
1855 1854 2122 1923 antiquio-
2231 1853 2458 1908 absurda
2491 1854 2588 1909 hac
2632 1854 3090 1923 argumentatione
3129 1868 3190 1907 se
3239 1853 3385 1923 ipsos
3423 1868 3544 1919 suo,
3582 1851 3802 1922 quemad-

529 1945 679 2000 ribus
705 1963 717 1996 :
742 1945 1059 2000 Christianus
1098 1947 1140 2000 si
1186 1947 1377 2000 nullius
1400 1947 1628 2001 criminis
1658 1963 1774 2001 reus
1801 1957 1910 2014 est,
1944 1965 2126 2004 nomen
2233 1948 2448 2002 modum
2479 1946 2702 2010 dicitur,
2735 1948 3001 2002 coniicere
3048 1947 3244 2014 gladio.
3271 1947 3387 2000 Non
3439 1946 3580 2001 enim
3611 1947 3798 2015 platani-

531 2037 677 2091 ualde
697 2037 956 2110 infestum,
977 2039 1022 2092 si
1048 2040 1205 2092 solius
1227 2039 1445 2093 nominis
1467 2040 1658 2095 crimen
1685 2051 1778 2096 est.
1809 2041 1983 2111 Atque
2013 2041 2127 2096 hzec
2230 2057 2321 2095 eos
2353 2050 2569 2111 pr0ptcr
2617 2039 2875 2108 Platonis,
2905 2041 3184 2110 epicnrcos
3225 2050 3448 2111 propter
3479 2041 3698 2109 Epicuri,
3725 2056 3800 2112 py-

531 2129 744 2184 videtur
787 2133 1014 2199 genuina
1048 2131 1364 2186 Tertulliani
1398 2132 1586 2198 lectio,
1617 2142 1776 2203 atque
1808 2135 1858 2188 in
1890 2135 2007 2188 aliis
2035 2150 2127 2191 co-
2234 2133 2517 2204 tbagoreos
2551 2143 2771 2204 propter
2800 2133 3136 2205 Pythagorm,
3165 2133 3365 2187 stoicos
3420 2141 3632 2203 proiiter
3651 2132 3798 2188 Zeno-

531 2221 740 2277 dicibus
769 2238 831 2278 ea
858 2239 957 2277 vos
991 2241 1170 2278 nomen
1213 2226 1570 2294 transliosita,
1598 2235 1652 2282 et
1677 2227 1842 2282 altera
1883 2228 2128 2283 incestam
2232 2228 2314 2279 uis
2370 2242 2563 2280 nomen
2621 2226 2746 2280 odio
2798 2226 3062 2281 habebant
3108 2224 3318 2298 (lbid.).
3373 2228 3443 2280 At
3494 2225 3546 2280 hi
3616 2240 3797 2279 suarum

530 2315 1031 2384 cor‘rupta.$ensus
1061 2331 1289 2384 namque
1311 2317 1622 2372 Tertulliani
1647 2329 1750 2386 est,
1777 2319 2124 2375 christianum
2231 2327 2518 2385 sectarum,
2573 2320 2644 2374 uti
2693 2320 2818 2375 alibi
2871 2321 3202 2374 Ostendimus
3258 2317 3436 2390 (Tom.
3508 2315 3526 2372 Ι
3583 2320 3793 2388 Apparet.

531 2425 727 2464 nomen
758 2408 924 2465 fuisse
952 2411 1184 2466 ethnicis
1221 2412 1372 2467 valde
1403 2413 1688 2479 infestum,
1723 2426 1941 2485 propter
1984 2416 2125 2487 quod
2233 2411 2322 2466 lib.
2356 2410 2441 2472 Ill,
2484 2413 2686 2465 dissert.
2729 2412 2784 2476 2,
2827 2427 2944 2481 cap.
2973 2412 3060 2473 l7,
3103 2421 3202 2464 art.
3243 2412 3342 2466 let
3383 2425 3518 2480 seqq.
3551 2421 3662 2480 pag.
3688 2405 3797 2462 1123

532 2501 728 2566 solum,
761 2515 859 2556 nec
885 2501 1026 2556 aliud
1060 2517 1277 2572 prorsus
1307 2504 1376 2558 ub
1403 2505 1628 2572 crimen,
1661 2506 1990 2563 christianos
2018 2518 2125 2564 tam
2231 2514 2276 2558 et
2300 2503 2482 2577 seqq.).
2520 2504 2731 2560 fuerant
2760 2515 3027 2559 auctores.
3060 2503 3196 2558 Tum
3229 2504 3427 2560 deinde
3452 2520 3479 2555 a
3511 2500 3795 2558 Tertulliani)

532 2591 822 2647 crudeliter
853 2593 1200 2662 torquebant,
1232 2604 1283 2648 ct
1327 2596 1732 2652 interticiebant.
2232 2606 2577 2651 recensentur
2617 2595 2927 2662 acadeinici,
2955 2611 3090 2666 quos
3134 2596 3315 2665 utique
3358 2612 3387 2648 a
3432 2596 3696 2666 platonicis
3728 2609 3795 2648 se-

608 2685 676 2738 At
699 2684 900 2740 nullum
926 2696 1071 2740 certe
1094 2729 1107 2752 ,
1133 2699 1285 2757 urget
1310 2687 1670 2744 Tertullianus
1697 2691 1715 2754 (
1732 2691 1881 2757 ibid.,
1911 2709 2026 2762 cap.
2055 2693 2088 2748 3
2107 2736 2122 2760 ,
2231 2704 2455 2744 cernere
2533 2689 2743 2743 videtur
2815 2688 3144 2762 (Tertullian.
3223 2688 3497 2760 Apologet.
3576 2703 3680 2755 cap.
3736 2685 3789 2749 5,

535 2792 653 2845 pag.
675 2774 828 2846 281),
857 2777 1089 2831 nominis
1135 2779 1317 2833 odium
1357 2781 1565 2850 concipi
1599 2791 1808 2852 potest,
1844 2783 1945 2836 nisi
1996 2783 2124 2839 illud
2230 2801 2283 2854 p.
2306 2783 2457 2852 282).
2482 2782 2742 2853 Numquid
2777 2782 2934 2853 igitur
2964 2783 3030 2837 de
3056 2781 3243 2837 medim
3271 2791 3327 2836 et
3355 2797 3507 2835 nova:
3533 2765 3793 2836 Academia:

532 2868 732 2939 aliquid
765 2869 1028 2940 signiticet
1054 2869 1339 2926 barbarum
1362 2914 1377 2934 ,
1403 2883 1495 2928 aut
1538 2875 1785 2929 vitiosum
1815 2877 1867 2930 in
1898 2892 1957 2933 se
1989 2879 2123 2947 ipso,
2231 2877 2560 2946 principibus
2579 2867 3163 2948 Arcesilao,etLacyde
3185 2918 3198 2940 ,
3224 2877 3363 2931 sicut
3389 2869 3793 2930 ibidemanimad-

533 2963 614 3026 vel
646 2963 929 3033 incognitis
982 2963 1288 3020 hominibus
1330 2967 1418 3037 qui
1457 2983 1523 3022 eo
1563 2969 1922 3038 appellantur.
1965 2973 2125 3042 Atqui
2231 2970 2508 3033 vertimus,
2538 2985 2842 3024 sermonem
2871 2968 3065 3024 fecisse
3103 2967 3364 3023 dicendus
3405 2967 3525 3022 est?
3551 2961 3788 3033 Expende,

533 3055 734 3110 ethnici
767 3057 899 3112 nihil
932 3069 1220 3128 pomcrant
1264 3061 1314 3113 in
1363 3060 1672 3116 christianis
1719 3061 2125 3131 deprehendere
2229 3078 2435 3133 quaeso,
2463 3079 2526 3118 ac
2557 3055 2858 3134 pronuntia.

530 3150 729 3216 vitiosi,
757 3168 890 3222 quos
916 3154 1000 3209 vel
1027 3155 1195 3209 semel
1220 3154 1406 3210 audire
1434 3155 1733 3210 noluerant.
1775 3155 1916 3211 Nihil
1957 3158 2117 3212 etiam
2145 3157 2190 3222 C
2299 3156 2475 3228 Pergit
2501 3157 2605 3221 ille,
2636 3172 2699 3211 ac
2731 3171 2930 3222 nonne,
2962 3157 3153 3227 inquit,
3195 3155 3389 3211 medici
3437 3170 3624 3210 nomen
3663 3166 3788 3208 Suum

528 3242 813 3298 barbarum
841 3246 891 3299 in
920 3246 1194 3300 christiani
1221 3246 1465 3312 nomine,
1493 3246 1634 3316 quod
1665 3248 1728 3300 de
1753 3250 2018 3312 unctione,
2047 3249 2124 3304 ait
2227 3247 2397 3302 sortiti
2441 3257 2563 3302 sunt
2605 3248 2673 3302 ab
2716 3246 3044 3307 Erasistrato.
3078 3248 3167 3318 qui
3212 3248 3279 3301 ab
3317 3248 3382 3303 A.
3429 3246 3597 3303 Gellio
3642 3241 3789 3297 nobilis

529 3334 924 3401 Turtullianns,
950 3337 1215 3416 deducitur
1244 3335 1443 3410 (Ibid.,
1479 3355 1596 3408 pag.
1630 3337 1780 3410 281).
1816 3338 1925 3394 Nec
1956 3339 2118 3394 hilum
2228 3340 2450 3393 medicus
2486 3338 2643 3409 (Gell.
2677 3339 2765 3393 lib.
2809 3337 2952 3394 XVII
2984 3338 3138 3393 Noct.
3185 3338 3314 3404 Att.,
3347 3355 3466 3410 cap.
3512 3338 3624 3407 Η),
3649 3350 3676 3389 a
3702 3333 3788 3388 Ma-

529 3427 745 3496 quidem
780 3430 1166 3498 promovebant
1194 3429 1360 3500 ignari
1386 3429 1645 3501 gentiles,
1674 3431 1762 3502 qui
1784 3431 2119 3497 chrestianos,
2225 3433 2408 3486 crubio
2474 3433 2779 3487 medicorum
2846 3443 3067 3486 veterum
3134 3432 3478 3487 nobilissimus
3531 3427 3787 3500 appellatur

528 3536 633 3577 non
658 3523 979 3591 christianos,
999 3525 1344 3594 appellandos
1365 3539 1487 3580 esse
1502 3526 1827 3596 garriebant.
1854 3526 1987 3580 Nam
2018 3527 2121 3582 hoc
2227 3522 2506 3593 (Macrob,
2553 3523 2638 3577 lib.
2672 3522 2765 3579 VII
2798 3523 3066 3579 Saturnal.
3095 3541 3217 3595 cap.
3255 3525 3366 3594 l5).
3414 3524 3671 3579 Testalum
3707 3532 3786 3572 3'1-

523 3615 700 3684 ipsum
742 3632 935 3674 nomen
977 3617 1040 3672 de
1076 3618 1358 3684 suavitate,
1388 3619 1464 3672 vel
1493 3618 1794 3690 benignitate
1822 3618 2117 3674 derivatum
2227 3627 2330 3670 tem
2360 3616 2552 3671 Strabo
2583 3615 2704 3670 fecit
2744 3617 2992 3688 Smyrna:
3036 3617 3308 3671 exstitisse
3353 3625 3561 3684 patrum
3599 3623 3782 3667 suorum

521 3719 603 3763 est
634 3707 809 3780 (Ibid.
837 3713 877 3778 ).
911 3713 976 3764 At
1005 3711 1072 3766 de
1103 3710 1202 3766 hac
1240 3711 1514 3781 utriusque
1542 3711 1773 3765 nominis
1797 3712 2118 3782 etymologia
2225 3718 2462 3780 tempore
2479 3707 2897 3764 Erasistratmam
2931 3709 3213 3764 medicinae
3240 3709 3480 3765 scholam
3508 3704 3689 3779 (Strab.
3711 3699 3782 3754 lib.

523 3803 647 3858 alibi
694 3805 1047 3860 disseruimus
1100 3807 1118 3875 (
1155 3804 1419 3859 Dissertat.
1467 3805 1518 3858 in
1567 3803 1828 3867 Lactant.,
1863 3821 1978 3874 cap.
2016 3805 2112 3869 17,
2222 3801 2312 3857 XII
2345 3802 2555 3872 Georg,
2601 3820 2718 3874 pag.
2755 3802 2901 3871 580).
2933 3803 3277 3857 Celeberrimi
3325 3818 3487 3872 porro
3515 3800 3659 3869 hujus
3695 3807 3784 3850 me.

521 3908 620 3952 art.
654 3899 680 3953 1
711 3900 748 3968 ).
2221 3895 2323 3950 dici
2353 3895 2668 3950 Plutarchus
2695 3894 3014 3962 (Plutarch.,
3043 3895 3130 3948 lib.
3175 3893 3238 3949 IV
3278 3893 3525 3965 Sympos.
3555 3899 3712 3960 quwﬂ-
3739 3886 3780 3949 li

2221 3984 2339 4060 pag.
2361 3988 2487 4051 603,
2507 3998 2552 4042 et
2579 3989 2667 4042 lib.
2692 3988 2801 4054 VII,
2833 3998 3011 4056 quiest.
3048 3988 3098 4046 1.
3136 4005 3253 4058 pag.
3282 3987 3410 4054 698,
3431 3998 3478 4041 et
3507 3987 3556 4037 in
3582 3982 3685 4036 Vita
3709 3977 3782 4032 De-

2220 4091 2366 4135 nietr.
2417 4098 2540 4151 pag.
2585 4080 2734 4149 907),
2788 4081 2986 4136 Plinius
3025 4079 3219 4153 (Plin.,
3274 4081 3362 4135 lib.
3418 4077 3585 4136 XXIX
3638 4075 3777 4128 natur.

2222 4174 2360 4228 Hist.
2395 4192 2512 4240 cap.
2556 4175 2606 4238 l,
2634 4191 2753 4245 pag.
2801 4173 2963 4244 665),
3016 4173 3265 4228 Valerius
3307 4174 3563 4228 Maximus
3603 4165 3774 4237 (Valet.

2220 4267 2367 4322 Max.
2397 4267 2481 4322 lib.
2517 4265 2580 4329 ν,
2610 4283 2725 4336 cap.
2750 4269 2803 4333 7,
2839 4267 2867 4339 §
2908 4267 2976 4339 l),
3005 4277 3058 4322 et
3083 4268 3331 4322 Cbronici
3366 4262 3640 4322 Eusebiani
3668 4256 3778 4313 scri-

2219 4371 2338 4431 ptor
2382 4362 2704 4415 mentionem
2753 4361 2994 4416 fecerunt
3039 4362 3274 4434 ((Ilirou.
3327 4360 3512 4416 Euseb.
3560 4357 3638 4411 ad.
3674 4367 3775 4406 amt.

1113 4030 1402 4071 ABTICULUS
1430 4030 1506 4069 III.

595 4126 761 4193 Quam
789 4127 1006 4180 absurde
1051 4128 1237 4181 ethnici
1264 4128 1536 4197 objicerent
1568 4126 1880 4180 Christianos
1911 4136 2116 4196 propter

515 4235 666 4274 suum
707 4227 794 4271 aut
834 4221 1055 4273 auctoris
1083 4220 1162 4272 sui
1197 4235 1377 4273 nomen
1407 4218 1524 4272 odio
1547 4217 1822 4280 habendas,
1854 4218 1974 4287 quia
2001 4219 2114 4272 uul-

516 4311 597 4365 lus
644 4309 976 4380 philosophus
1033 4311 1331 4377 platouicos,
1395 4311 1675 4380 epicureos,
1731 4309 2109 4380 pytliagoreos,

510 4405 716 4464 stoicos.
769 4411 814 4458 et
849 4403 1183 4469 academicos,
1237 4403 1411 4458 nullus
1461 4403 1681 4456 medicus
1724 4401 2107 4470 Erasistratum,

510 4497 684 4551 nullus
729 4497 1091 4567 grammaticus
1120 4497 1499 4560 Aristarclmm,
1550 4495 1722 4550 nullus
1765 4511 1953 4566 Cuqttus
1979 4496 2106 4565 Api-

509 4591 663 4648 cium.
687 4601 938 4642 sectarum
962 4605 1167 4642 suarum
1188 4597 1437 4653 auctores,
1464 4589 1525 4641 ob
1548 4605 1692 4642 suum
1734 4604 1914 4641 nautea
1945 4588 2110 4642 odisse

509 4684 885 4753 perhibeantur.

528 4858 535 4862 -
576 4824 709 4878 Cum
747 4824 878 4878 nihil
901 4825 968 4878 sit
1010 4822 1121 4877 sole
1168 4824 1324 4877 etiam
1369 4822 1661 4876 meridiano
1704 4822 1931 4888 clarius,
1959 4822 2102 4892 quod

504 4913 792 4970 humanum
828 4915 1115 4986 ingenium,
1148 4914 1294 4968 falsa:
1336 4913 1606 4980 religionis
1639 4913 1962 4983 praeiudiciis
2001 4930 2098 4968 ex-

502 5018 782 5072 caecatum,
814 5010 1101 5064 obscurare
1145 5023 1252 5062 non
1296 5007 1580 5072 nmliatur;
1613 5022 1720 5061 non
1749 5007 1938 5061 mirum
1971 5022 2098 5076 pro-

502 5100 646 5156 fecto
670 5142 684 5164 ,
711 5101 752 5156 si
781 5102 978 5172 ethnici
1003 5101 1322 5172 quibusdam
1368 5100 1612 5172 litigiosis
1650 5100 2098 5171 disputationibus

494 5171 889 5264 propositasoab
911 5195 1142 5248 Auctore
1167 5202 1350 5247 nostro
1381 5193 1758 5247 invictissitnas
1778 5191 2100 5248 inlibristia-

495 5303 685 5342 norum
714 5286 1076 5342 defensionem
1115 5287 1607 5356 argumentationes
1641 5284 1861 5340 eludere
1894 5295 1986 5340 aut
2014 5287 2096 5341 in-

497 5377 710 5434 ﬁrmare
738 5379 1076 5434 tentaverint.
1113 5377 1374 5434 Audiendi
1407 5386 1582 5431 tamen
1611 5376 1662 5430 hi
1693 5375 2091 5454 suntquiChri-

2218 4455 2403 4528 1755).

2136 4560 2187 4619 Ι)
2287 4547 2525 4618 Denique
2551 4548 2696 4616 coqui
2726 4546 2878 4601 etiam
2925 4545 3282 4616 cognominati
3317 4557 3460 4607 sunt,
3502 4545 3570 4598 ait
3596 4533 3774 4595 Tertul-

2209 4640 2404 4707 Iianus,
2435 4644 2498 4696 ab
2540 4643 2739 4712 Apicio,
2773 4658 2936 4712 quem
2974 4641 3097 4696 alibi
3130 4643 3269 4695 inter
3295 4657 3496 4712 coquos
3537 4631 3776 4709 pretiosis-

2209 4735 2374 4789 simos
2394 4746 2661 4803 recenset,
2693 4733 2916 4806 ejusque
2944 4736 3285 4791 comlimenta
3327 4737 3554 4804 exagitat
3580 4724 3774 4799 (Tertul-

2207 4829 2331 4881 lian.
2375 4828 2642 4900 Apologet.
2695 4845 2811 4898 cap.
2845 4830 2908 4891 5,
2941 4846 3059 4898 pag.
3091 4829 3144 4892 5,
3169 4840 3215 4882 et
3244 4829 3333 4882 lib.
3367 4828 3430 4880 de
3474 4823 3634 4879 Pallio
3675 4831 3768 4886 cap-

2205 4921 2326 4987 ult.,
2360 4931 2406 4974 et
2450 4922 2538 4976 lib.
2570 4923 2632 4975 de
2680 4923 2848 4975 Anim.
2897 4937 3011 4992 cap.
3067 4922 3181 4991 55).
3225 4921 3305 4974 Ab
3345 4919 3596 4974 Athenzeo
3619 4921 3768 4967 autem

2203 5012 2458 5068 discimus
2513 5014 2653 5069 hunc
2705 5013 2902 5068 Tiberii
2974 5013 3310 5084 imperatoris
3361 5012 3555 5067 sarculo
3603 4999 3768 5061 ditissi-

2202 5120 2348 5160 mum
2421 5105 2620 5170 l'nisse,
2687 5107 2778 5160 sed
2842 5105 2972 5161 luxu
3035 5106 3308 5170 solutum,
3371 5105 3561 5160 multas
3596 5091 3768 5152 ventris

2201 5207 2255 5253 et
2310 5199 2449 5268 gulae
2494 5199 2622 5253 vitio
2673 5197 2944 5270 myriadas
2994 5213 3332 5252 nummorum
3383 5193 3679 5267 profudisse,
3713 5197 3763 5236 ac

2200 5290 2345 5346 varia
2417 5292 2778 5363 placentarum
2851 5306 3046 5361 genera
3121 5290 3238 5360 ejus
3304 5290 3517 5346 nomine
3573 5271 3763 5336 vocitari

2200 5381 2475 5450 (At/lenm,
2529 5383 2618 5438 lib.
2673 5382 2696 5438 Ι
2742 5381 3094 5452 Deipnosoph.
3136 5387 3334 5452 irap.1,
3377 5397 3488 5450 pag.
3524 5379 3596 5444 7).
3628 5371 3758 5428 Plura

490 5473 694 5526 stianos
747 5471 931 5527 audire
963 5471 1233 5535 nolebant,
1263 5482 1314 5525 et
1349 5468 1718 5532 excutiendae,
1761 5469 2093 5539 qualescum—

488 5578 593 5633 que
623 5563 749 5627 sint,
780 5562 988 5617 illorum
1023 5562 1274 5618 rationes.

555 5655 915 5711 Clamitabant
934 5667 1113 5712 autem
1141 5670 1244 5711 non
1268 5655 1582 5729 requirenda
1614 5673 1732 5714 esse
1753 5657 2087 5715 Christiano-

479 5763 600 5808 rum
631 5747 850 5821 scelcra,
880 5765 998 5822 quae
1025 5751 1204 5811 omnia
1231 5763 1336 5810 uno
1361 5765 1545 5811 eorum
1583 5752 1798 5809 nomine
1827 5767 2082 5826 compre-

2197 5478 2356 5533 etiam
2383 5477 2450 5533 de
2478 5477 2568 5531 illo
2593 5476 2818 5541 Seneca,
2845 5476 3001 5546 cujus
3029 5477 3143 5530 lucc
3174 5487 3400 5538 tantum,
3432 5489 3547 5544 qua:
3570 5466 3628 5522 ad
3655 5477 3757 5534 9""

2196 5571 2428 5642 positum
2483 5578 2723 5625 nostrum
2772 5572 2940 5641 magis
2996 5569 3214 5632 Iaciunt.
3260 5570 3419 5625 verba
3476 5557 3757 5621 transcribe'

2194 5677 2313 5717 mus
2343 5679 2354 5714 :
2387 5661 2594 5734 Apicius
2625 5672 2797 5717 nostra
2823 5663 3065 5717 memoria
3099 5663 3242 5723 vixit,
3269 5662 3356 5730 qui
3383 5662 3433 5715 in
3462 5676 3517 5715 ea
3554 5653 3678 5712 urbe,
3704 5658 3753 5698 et?

2191 5771 2290 5827 qua
2331 5757 2608 5831 aliquando
2636 5755 2955 5829 pliilosOplii,
2998 5755 3132 5812 velut
3167 5763 3480 5828 corruptores
3503 5735 3750 5824 juvenlttll'i
