4076 6356
272 296 379 355 985

1387 301 1843 362 DlSSERTATlO
1879 304 1944 360 D.
1987 304 2076 363 LE
2114 305 2418 368 NOURRY.

3464 317 3574 380 986

271 410 557 482 abircjussi
573 419 711 477 sunt,
734 411 997 468 scientiam
1017 413 1278 485 propriam
1298 420 1573 490 professus,
1597 419 1869 488 disciplina
1894 419 1948 480 A
1975 431 2193 491 pronter
2216 425 2390 480 scelus
2411 426 2628 497 aliquod
2649 437 2741 484 aut
2776 431 3051 502 conjectus
3083 433 3134 488 in
3155 447 3448 500 carcerem,
3478 444 3573 493 aut

271 505 642 585 suasazculum
666 505 836 577 infecit
864 505 1070 577 (Senec.
1101 508 1188 562 lib.
1221 509 1284 564 de
1314 509 1500 566 Conso!
1556 511 1618 565 ad
1659 511 1870 568 Helvid.

273 613 387 668 cap.
417 597 503 664 10,
549 614 668 669 pag.
710 599 859 670 781).
909 600 1050 658 Alibi
1100 612 1278 658 autem
1333 605 1443 671 ille,
1489 605 1624 660 sicut
1669 605 1872 662 Plinius

275 690 470 759 (Plin.,
532 692 621 746 lib.
650 691 724 748 IX
767 705 938 749 natur.
972 694 1109 752 Hist.
1134 714 1250 768 cap.
1302 699 1390 764 17,
1445 716 1563 771 pag.
1608 700 1772 770 508),
1817 708 1874 757 et

274 782 632 854 Hieronymus
675 786 846 854 Apicii
873 786 1235 861 (Hieronym.,
1264 791 1350 846 lib.
1386 792 1427 847 ll
1485 793 1604 848 adv.
1643 793 1816 850 Jorin.
1851 797 1872 868 )

271 877 492 949 ejusque
534 878 871 936 helluationis
912 891 965 937 et
996 883 1270 941 immensa:
1311 889 1448 958 gulae
1487 888 1868 948 meminerunt.

270 968 406 1025 Tres
450 985 609 1039 porro
653 971 1001 1030 Casaubonus
1045 986 1192 1031 notat
1227 978 1463 1048 Apicios,
1497 994 1696 1051 eosque
1733 982 1871 1053 gula!

271 1059 400 1116 vitio
445 1060 670 1118 infames
715 1061 1028 1128 (Casaubon.
1070 1068 1122 1122 in
1170 1069 1258 1123 lib.
1317 1069 1360 1124 ll
1397 1072 1580 1125 Athen.
1633 1089 1747 1143 cap.
1804 1055 1901 1142 6,-

269 1171 392 1227 pag.
436 1156 506 1210 29.
543 1158 806 1228 el'srqq.).
862 1158 919 1214 In
973 1163 1238 1231 superiori
1273 1174 1455 1221 autem
1493 1165 1872 1223 dissertatione

276 1245 514 1316 (Dissert.
543 1249 595 1300 in
626 1249 816 1305 Arnob.
851 1268 965 1321 cap.
995 1253 1086 1318 25,
1115 1265 1216 1309 art.
1241 1257 1296 1325 ι)
1330 1274 1433 1311 non
1480 1259 1644 1314 semel
1687 1261 1872 1315 citavi-

270 1353 391 1394 mus
421 1339 589 1409 Apicii
641 1342 708 1398 de
751 1345 814 1400 ‘re
859 1347 1164 1416 coquinaria
1211 1349 1407 1405 editam
1461 1355 1874 1410 commentatio-

271 1447 416 1488 nem.
443 1432 624 1506 Neque
670 1452 864 1508 magno
907 1439 1089 1497 labore
1123 1444 1278 1500 nobis
1331 1448 1688 1517 persuadebis.
1730 1450 1873 1508 hunc

271 1540 411 1593 esse,
449 1527 515 1583 de
543 1545 648 1600 quo
679 1529 1040 1593 Tertullianus
1069 1535 1320 1606 loquitur.

344 1621 412 1674 At
452 1621 773 1694 quicumque
817 1625 996 1692 fuerit,
1044 1628 1220 1685 nullus
1275 1641 1452 1688 tamen
1514 1636 1728 1705 gentilis
1775 1653 1873 1693 un-

271 1724 431 1781 quam
474 1711 607 1768 dixit
652 1725 870 1786 propter
917 1718 1075 1785 illius,
1105 1730 1195 1776 aut
1223 1723 1449 1779 aliorum
1493 1742 1628 1797 quos
1685 1744 1872 1784 recen-

1975 514 2040 568 ad
2068 513 2264 571 bestias
2290 517 2595 584 damnatus,
2628 521 2721 577 sed
2767 538 2921 579 suum
2963 526 3222 582 duntaxat
3243 527 3313 582 ob
3351 543 3568 598 nomen,

1973 611 2117 681 quod
2149 611 2280 667 nihil
2315 614 2468 678 plane
2511 616 2633 671 mali
2667 617 2913 694 habebat.
2942 620 3122 676 Palam
3154 622 3296 678 enim
3334 631 3388 678 et
3425 639 3575 680 asse-

1976 714 2222 762 veranter
2264 707 2624 764 Tertullianus
2658 710 2926 768 afﬁrmat:
2970 713 3156 770 Nullus
3183 715 3290 771 illic
3332 716 3573 771 christia-

1973 813 2088 863 nus,
2118 798 2216 852 nisi
2243 798 2337 852 hoc
2379 808 2572 853 tantum
2611 813 2828 872 propter
2875 818 3029 859 suum
3075 821 3269 860 nomen
3295 823 3307 857 :
3331 817 3421 860 aut
3447 809 3491 861 si
3526 816 3573 862 ct

1974 891 2136 956 aliud,
2171 891 2222 947 id
2247 903 2349 960 est,
2373 894 2615 964 capitalis
2641 896 2863 961 alicuius
2881 898 3100 954 sceleris
3130 914 3252 954 reus
3271 907 3324 955 et
3353 900 3573 956 convic-

1977 993 2079 1046 tus,
2122 986 2227 1048 iam
2268 1002 2368 1040 non
2415 987 2722 1043 christianus
2765 988 3094 1063 (Tcrtullian.
3147 990 3245 1046 loc.
3291 992 3428 1056 cit.),
3479 991 3573 1048 sed

1975 1077 2278 1134 christiana:
2323 1080 2597 1150 religionis
2635 1093 2877 1152 apostata
2907 1094 2958 1138 et
2991 1084 3254 1140 desertor.
3283 1084 3423 1140 Nihil
3445 1101 3574 1157 ergo

1975 1171 2228 1242 iniquius,
2262 1187 2324 1229 ac
2344 1172 2538 1229 divinis
2562 1184 2615 1230 et
2645 1174 2893 1231 humanis
2932 1177 3137 1250 legibus
3167 1179 3336 1249 magis
3361 1189 3576 1234 contra-

1975 1263 2134 1328 rium,
2159 1279 2315 1334 quam
2343 1257 2651 1322 innocentes
2675 1267 3000 1323 chriSIianos
3023 1311 3037 1330 .
3069 1285 3340 1339 nunquam
3363 1271 3574 1326 auditos

1975 1363 2030 1409 et
2048 1354 2326 1418 defensos,
2359 1373 2513 1412 suum
2539 1359 2709 1413 solum
2746 1358 2817 1414 ob
2845 1376 3040 1415 nomen
3070 1361 3430 1417 condemnare
3456 1404 3471 1427 ,
3510 1377 3574 1418 ac

1975 1448 2298 1516 quibuslibet
2322 1451 2650 1522 gravissimis
2686 1453 2962 1523 suppliciis
2993 1456 3373 1512 excarnificare
3397 1464 3451 1512 et
3477 1471 3573 1512 oc-

1976 1542 2173 1600 cidere.
2966 1562 2976 1567 ·

2558 1678 2785 1739 CAPUT
2819 1682 3002 1739 XVIII.

272 1803 498 1871 suimus,
527 1806 702 1862 solum
734 1824 929 1866 nomen
957 1811 1082 1867 odio
1121 1815 1334 1886 dignam
1357 1833 1479 1875 esse
1519 1821 1812 1878 institutam
1842 1840 1871 1880 a

1982 1819 2149 1887 Quam
2187 1817 2405 1873 absurde
2442 1818 2631 1872 ethnici
2658 1819 2964 1892 objectarent
2993 1837 3046 1874 se
3090 1821 3158 1874 ad
3199 1821 3453 1878 vexandos
3482 1838 3572 1877 ne-

272 1895 511 1962 quolibet
553 1913 778 1966 sectam,
821 1903 922 1958 nisi
971 1905 1119 1975 prius
1159 1911 1462 1966 constiterit
1502 1913 1552 1967 in
1580 1930 1640 1969 ea
1672 1917 1871 1986 aliquid

273 2001 393 2043 esse
442 1991 588 2044 mali.
620 1993 859 2049 Gentiles
899 2012 1028 2067 ergo
1060 2015 1165 2054 non
1215 2001 1484 2058 debebant
1509 2005 1690 2063 odisse
1717 2008 1891 2065 Chri--

273 2079 494 2147 stianos,
532 2099 630 2138 nec
661 2096 878 2156 promer
904 2104 1059 2144 suum
1083 2134 1096 2154 ,
1140 2108 1237 2148 nec
1264 2106 1484 2165 pr0pter
1524 2101 1759 2156 auctoris
1788 2103 1870 2158 sui

273 2185 488 2240 nomen,
520 2174 618 2230 nisi
673 2179 1007 2248 exploratum
1054 2193 1178 2242 ante
1230 2186 1542 2246 habuissent
1587 2192 1709 2249 illos
1752 2210 1902 2269 esse,

273 2265 462 2321 malos.
490 2266 651 2340 Atqui
674 2269 786 2340 jam
817 2275 1150 2330 ostendimus
1192 2280 1408 2334 eosdem
1437 2284 1662 2352 gentiles
1701 2302 1872 2356 neque

272 2356 514 2422 scivisse,
545 2375 718 2432 neque
738 2363 898 2428 scire,
928 2377 1019 2420 aut
1065 2367 1338 2440 inquirere
1369 2389 1601 2444 unquam
1633 2378 1871 2436 Voluisse

272 2457 447 2504 utrum
485 2450 558 2505 illi
601 2453 799 2524 aliquid
845 2467 1081 2528 agerent,
1115 2461 1257 2532 quod
1297 2463 1422 2518 odio
1451 2474 1505 2521 et
1535 2482 1689 2537 paena
1728 2479 1873 2526 esset

270 2545 722 2612 prosequendum.

341 2633 539 2690 Contra
571 2647 745 2694 tamen
798 2642 999 2698 nemini
1047 2660 1272 2715 prorsus
1316 2647 1708 2722 incompertum
1757 2664 1872 2711 erat

270 2722 603 2783 Christianos
627 2746 718 2784 suo
745 2731 888 2788 titulo
906 2777 921 2800 ,
954 2735 1066 2791 sive
1091 2753 1246 2793 suum
1292 2738 1550 2796 duntaxat
1577 2743 1648 2797 ob
1675 2761 1869 2801 nomen

269 2818 479 2876 actibus
524 2839 588 2878 ac
628 2828 910 2882 sententiis
956 2830 1241 2899 prmsidum
1282 2835 1460 2888 statim
1500 2836 1868 2904 condemnari,

268 2921 430 2993 atque
461 2914 622 2970 oblati
653 2917 756 2974 illis
783 2918 1011 2976 fuerant.
1045 2921 1176 2977 Natu
1207 2936 1426 2995 pr0pter
1455 2927 1558 2983 hoc
1586 2930 1757 3000 ipsum
1783 2947 1873 2987 so-

269 3006 378 3062 lum
401 3025 595 3065 nomen
623 3011 692 3066 ab
720 3013 823 3068 illis
845 3013 1426 3086 condemnari'vestros,
1461 3023 1562 3078 hoc
1587 3034 1690 3092 est,
1721 3026 1869 3096 judi-

265 3112 409 3163 eunt,
441 3101 712 3172 inquiebat
749 3104 1126 3176 Tertullianus,
1167 3113 1280 3180 jam
1315 3124 1656 3170 contestamur
1702 3129 1867 3186 actus,

2044 1914 2334 1982 caudasque
2382 1912 2683 1966 christianos
2722 1912 3021 1982 quibusdam
3062 1913 3168 1967 suis
3212 1913 3406 1984 legibus
3433 1923 3574 1968 tene-

1986 2057 1987 2060 η
2045 2005 2110 2069 ri,
2141 2004 2228 2074 qui
2267 2004 2510 2074 quaslibet
2537 2005 2810 2059 sanctiores
2848 2014 2950 2058 tam
2990 2020 3145 2074 stupe,
3175 2021 3327 2076 quam
3370 2007 3576 2077 impune

2043 2098 2315 2154 violabant.

2507 2226 2798 2268 ABTICULUS
2828 2227 3036 2268 PRIMUS.

1977 2328 2171 2394 Quibus
2201 2328 2479 2382 rationibus
2509 2327 2854 2382 Tertullianus
2882 2328 3110 2382 ostendat
3140 2328 3302 2391 nulla,
3338 2329 3414 2382 vel
3443 2327 3570 2400 lege,

2043 2423 2121 2477 vel
2144 2423 2473 2488 auctoritate,
2507 2421 2668 2476 ullum
2699 2421 2951 2476 hominem
2981 2423 3094 2493 cogi
3137 2438 3282 2490 posse
3323 2422 3392 2475 ad
3437 2439 3573 2487 eum,

2045 2532 2190 2586 quem
2237 2516 2426 2587 falsum
2480 2516 2636 2580 novit,
2669 2514 2817 2568 deum
2876 2515 3166 2579 colendum,
3196 2524 3284 2569 aut
3328 2515 3484 2568 cuivis
3514 2515 3578 2568 li-

2045 2609 2287 2664 bertatem
2327 2609 2505 2674 adiuti,
2538 2625 2689 2680 quam
2717 2625 2887 2663 veram
2926 2610 3099 2676 credit,
3138 2609 3433 2680 religionem
3461 2625 3575 2662 am-

2048 2701 2311 2771 plexandi.

2046 2837 2287 2894 Gentiles
2331 2840 2382 2894 in
2424 2854 2662 2895 summas
2700 2837 2973 2910 angusdas
3019 2836 3256 2902 adducti,
3288 2834 3354 2892 ad
3403 2835 3575 2905 legum

1975 2944 2190 2986 Suarum
2231 2933 2644 2998 auctoritatem,
2690 2933 2942 3000 tanquam
2985 2930 3229 2984 ultimum
3278 2943 3578 3000 propugna-

1973 3024 2173 3088 culum,
2219 3024 2511 3095 confugere
2568 3023 2888 3080 nitebantur.
2942 3022 3193 3088 Nostris,
3248 3022 3574 3093 inquiebant,

1973 3117 2354 3188 adstringimur
2378 3119 2603 3189 legibus,
2636 3133 2755 3188 qum
2779 3117 3095 3189 przecipiunt
3117 3117 3296 3172 vexari
3327 3116 3578 3172 christia-

266 3193 353 3262 qui
375 3196 597 3264 quotidie
626 3199 917 3263 iudicandis
946 3204 1208 3270 custodiis,
1256 3205 1308 3260 id
1339 3216 1440 3274 est,
1479 3212 1684 3266 carceri
1715 3227 1869 3267 man-
1895 3219 1940 3282 (ζ
1976 3225 2094 3276 nos,
2128 3219 2182 3265 et
2208 3209 2272 3265 ad
2307 3210 2729 3266 internecionem
2759 3226 2928 3280 usque
2957 3210 3272 3266 excruciari.
3304 3209 3466 3263 Nobis
3492 3225 3578 3264 cr-

268 3287 478 3356 cipatis,
526 3291 845 3358 praesidetis,
896 3296 983 3365 qui
1021 3298 1281 3352 sententiis
1344 3301 1510 3371 elogia
1564 3302 1870 3375 dispungitis

269 3378 594 3450 (Tertullian.
639 3385 907 3456 Apologet.
954 3405 1068 3457 cap.
1090 3389 1184 3455 44,
1229 3407 1349 3462 pag.
1380 3392 1534 3465 496),
1589 3395 1702 3450 sive
1745 3412 1869 3451 reo-

270 3485 389 3525 rum
443 3477 814 3531 accnsationcs
867 3481 1220 3547 examinatis;
1265 3484 1521 3554 numquid
1568 3485 1704 3540 inter
1753 3488 1870 3545 illos

270 3578 458 3620 omnes
487 3566 678 3638 aliquis
729 3569 975 3625 inventus
1021 3583 1105 3626 est
1149 3574 1396 3642 sicarius,
1427 3591 1520 3632 seu
1567 3577 1870 3634 homicida?

266 3671 393 3712 num
431 3657 626 3730 aliquis
656 3663 1040 3717 manticularius
1057 3664 1214 3736 (Ibid.
1236 3666 1320 3738 Cf.
1345 3666 1482 3723 Fest.
1503 3669 1572 3722 ad
1599 3685 1646 3723 v.
1675 3670 1868 3727 Manti-

265 3751 542 3824 cularius),
574 3754 687 3808 sive
711 3754 800 3825 qui
831 3756 1117 3825 repositam
1152 3758 1203 3812 in
1226 3759 1448 3814 aliorutu
1479 3763 1764 3832 marsupiis
1788 3780 1872 3833 pe-

265 3844 474 3899 etmiam
520 3845 726 3903 furatus
769 3849 876 3903 sit?
925 3866 1049 3904 nmn
1095 3852 1288 3924 aliquis
1331 3855 1610 3910 lavantium
1670 3857 1864 3926 prtedo,

265 3948 376 4005 aut,
411 3950 466 3993 ut
492 3940 618 3995 alibi
651 3943 802 4009 dixit,
838 3945 923 4014 fur
952 3943 1280 4014 balnearum,
1311 3949 1399 4019 qui
1431 3949 1720 4004 lavantium
1751 3967 1868 4006 ves-

265 4038 343 4085 tes
375 4041 466 4087 aut
489 4044 768 4104 argenturm
794 4037 1167 4107 subripiebat?
1192 4042 1260 4095 At
1288 4052 1433 4098 certe
1459 4043 1510 4096 hi
1540 4058 1728 4099 omnes
1756 4045 1869 4100 eth-

265 4123 366 4178 nici
398 4125 778 4199 erant(Apulei
805 4129 1023 4199 Apolog.
1057 4131 1080 4185 1
1122 4142 1243 4186 ante
1275 4132 1419 4203 ﬁn.),
1465 4143 1518 4189 et
1558 4135 1762 4191 nullum
1794 4137 1863 4192 ibi

264 4218 545 4274 invenistis
580 4221 885 4293 christianm
931 4225 1205 4296 religionis
1265 4244 1446 4282 verum
1517 4238 1860 4285 sectatorem.

264 4308 378 4364 Non
405 4312 546 4366 enim
578 4313 644 4368 de
678 4324 894 4381 nostris,
927 4318 1096 4386 pergit
1137 4317 1519 4388 Tertullianus,
1551 4322 1644 4378 sed
1676 4323 1739 4376 de
1780 4339 1863 4378 ve-

263 4402 379 4456 stris
422 4420 618 4472 semper
662 4417 840 4461 azstuat
890 4425 1062 4461 carcer
1122 4409 1319 4481 (Plaut.
1367 4412 1562 4484 Captiv.
1605 4426 1708 4469 act.
1759 4416 1858 4482 IV,

263 4513 401 4552 scen.
435 4497 517 4569 2),
548 4508 791 4570 totnsipie
820 4503 1059 4557 scelestis
1082 4506 1274 4558 vesttis
1309 4507 1600 4576 gentilibus
1629 4511 1862 4579 repletus

263 4602 365 4648 est.
403 4592 478 4645 De
503 4596 677 4647 vestris
703 4609 912 4664 quoque
940 4613 1135 4665 semper
1182 4600 1385 4653 metalla
1412 4605 1670 4670 suspirant
1715 4603 1868 4675 (Ter-
1895 4611 1948 4670 1)

264 4685 377 4740 tull.
411 4687 497 4740 lib.
529 4687 592 4740 de
638 4685 805 4758 Fuga.
841 4704 956 4756 cap.
993 4689 1104 4760 15).
1149 4689 1216 4744 de
1261 4693 1325 4745 iis
1369 4691 1594 4758 scilicet,
1628 4695 1715 4763 qui
1747 4712 1864 4751 sceo

262 4780 432 4834 letum
463 4779 715 4844 convicti,
746 4781 957 4835 metalla
989 4781 1228 4838 effudere
1272 4785 1617 4852 cogebantur.
1643 4787 1870 4858 Denique

261 4875 328 4927 de
352 4876 525 4928 vestris
553 4889 752 4944 semper
793 4874 962 4928 bestia:
1003 4878 1321 4947 saginantur,
1356 4879 1418 4931 de
1456 4879 1631 4932 vestris
1673 4898 1870 4950 semper

262 4967 536 5021 numerarii
558 4967 824 5019 noxiorum
853 4983 1026 5037 greges
1052 4979 1264 5038 pascunt
1293 4969 1618 5038 (Tertullian.
1653 4973 1865 5045 Apolog.

265 5079 379 5129 cap.
434 5064 523 5125 «id,
581 5081 631 5132 ρ.
673 5063 823 5134 497).
865 5063 1146 5118 Mttnerarii
1175 5073 1371 5128 autem,
1422 5067 1492 5121 uti
1516 5067 1625 5135 jam
1652 5083 1681 5122 a
1715 5068 1869 5121 nobis

262 5156 388 5211 alibi
447 5157 785 5210 observatum
858 5168 940 5212 est
988 5156 1302 5229 (Dissertat.
1351 5159 1403 5211 in
1455 5158 1642 5214 Minut.
1687 5160 1865 5213 Octav.

261 5265 378 5316 cap.
411 5249 496 5313 15,
528 5258 626 5301 art.
661 5251 711 5314 1,
741 5259 787 5302 et
830 5247 1042 5323 Dissert.
1092 5250 1146 5303 in
1192 5247 1428 5304 Lactant.
1482 5267 1598 5321 cap.
1642 5252 1732 5316 ‘27,
1764 5261 1864 5304 art.

263 5342 367 5412 1).
421 5343 454 5396 ii
497 5352 687 5406 erant,
743 5343 833 5414 qui
872 5343 1223 5414 gladiatorum
1269 5346 1570 5414 spectacula
1615 5345 1864 5400 edebant.

262 5440 325 5496 Hi
357 5449 532 5494 autem
577 5439 866 5510 pascebant
912 5449 967 5494 et
1011 5439 1223 5494 alebant
1276 5442 1486 5504 noxios,
1535 5441 1622 5512 qui
1664 5442 1728 5496 ad
1775 5441 1868 5496 he-

260 5537 388 5588 stias
424 5533 659 5587 damnati
709 5531 975 5588 debebant
1013 5545 1133 5586 cum
1170 5532 1276 5587 illis
1308 5548 1561 5604 pugnare.
1596 5535 1651 5589 Si
1683 5544 1861 5590 autem

259 5626 382 5681 victi
413 5625 656 5692 fuissent,
681 5635 791 5680 tum
840 5625 1086 5681 victrices
1135 5624 1319 5680 bestia:
1359 5627 1608 5682 carnibus
1646 5625 1858 5683 illorum

260 5718 646 5786 saginahantur.

331 5809 516 5871 Nullus
545 5810 720 5886 itaque
766 5826 831 5868 ex
879 5811 1066 5870 horum
1109 5827 1333 5871 numero
1377 5821 1491 5872 erat
1531 5812 1853 5880 christianos

1973 3317 2061 3372 go,
2094 3301 2161 3356 ad
2181 3318 2277 3358 eos
2309 3303 2654 3373 torquendos,
2678 3304 2817 3359 scire
2843 3303 3038 3358 sufficit
3070 3319 3253 3358 revera
3284 3317 3405 3357 esse
3430 3302 3577 3357 chri-

1973 3396 2198 3458 stianos,
2235 3409 2334 3448 nec
2387 3395 2476 3465 qui
2521 3397 2779 3464 qualesve
2824 3397 2932 3450 sint
2987 3395 3218 3465 amplius
3265 3395 3579 3465 perquiren-

1973 3485 2097 3540 dum
2119 3485 2355 3556 (Tertull.
2390 3486 2656 3557 Apologet.
2686 3503 2730 3540 c.
2753 3487 2805 3550 3,
2837 3504 2888 3558 ρ.
2915 3485 3061 3558 989.).
3095 3486 3198 3542 Sed
3222 3486 3580 3542 Tertullianus

1975 3579 2263 3648 respondet
2293 3594 2481 3634 vanam
2512 3595 2632 3635 esse
2662 3595 2724 3634 ac
2769 3579 2922 3648 plane
2945 3579 3230 3635 absurdam
3263 3579 3400 3634 hanc
3423 3595 3582 3650 argu-

1974 3670 2382 3738 mentationem,
2415 3681 2466 3726 et
2508 3672 2766 3741 ipsosmet
2794 3671 3037 3726 ethnicos
3064 3672 3144 3727 sic
3167 3671 3451 3742 alloquitur
3476 3688 3488 3724 :
3523 3670 3580 3727 Si

1973 3757 2242 3836 perleges
2291 3771 2497 3820 vestras
2547 3763 2626 3818 fas
2673 3774 2728 3820 ct
2757 3779 2977 3820 necesse
3023 3767 3221 3835 putatis
3259 3764 3581 3821 christianos

1973 3854 2238 3910 inauditos
2263 3865 2318 3910 ct
2339 3856 2644 3911 indefensos
2668 3856 3028 3912 eoudetnnarc
3052 3898 3066 3921 ,
3106 3858 3204 3910 vim
3247 3855 3578 3929 proﬁtemini,

1970 3960 2016 4002 et
2046 3950 2270 4018 iniquam
2309 3966 2371 4004 ea:
2410 3966 2525 4002 arce
2563 3949 2955 4004 dominationem
2995 3948 3279 4020 (Ibidem);
3321 3965 3385 4004 ex
3431 3963 3578 4015 arce,

1970 4043 2160 4112 inquit,
2193 4043 2241 4096 id
2267 4052 2370 4105 est,
2406 4041 2660 4105 forsitan,
2687 4059 2749 4096 ex
2772 4043 2907 4097 edito
2936 4053 2982 4097 et
3024 4044 3132 4114 ipso
3162 4042 3341 4096 vertice
3367 4042 3582 4096 civitatis

1969 4134 2129 4203 (Ibid.
2155 4152 2268 4205 cap.
2290 4137 2340 4195 1.
2363 4153 2414 4204 p.
2439 4135 2589 4207 259),
2611 4135 3062 4208 quemadmodum
3089 4135 3240 4191 initio
3278 4136 3434 4207 hujus
3461 4135 3581 4190 libri

1967 4227 2194 4282 dixerat.
2229 4229 2327 4296 Qui
2359 4229 2500 4284 enim
2535 4230 2776 4298 quemvis
2807 4239 3137 4295 accusatum,
3168 4228 3402 4284 inaudita
3427 4244 3581 4284 caus-

1967 4337 2046 4383 sa,
2096 4322 2457 4388 condemnat,
2500 4321 2755 4393 jnbetque
2803 4323 3052 4389 interfici,
3109 4323 3151 4377 is
3199 4322 3379 4394 procul
3419 4322 3583 4376 dubio

1969 4429 2071 4467 non
2118 4415 2254 4482 inqui
2277 4415 2474 4484 judicis
2524 4414 2763 4486 fungitur
2792 4415 2989 4480 officio,
3022 4416 3115 4471 sed
3157 4415 3582 4470 dominationem

1966 4517 2183 4561 exercet
2227 4507 2639 4578 iniquissimam,
2669 4524 2730 4560 ac
2759 4508 3148 4562 intolerandam
3179 4507 3540 4579 tyrannidem.

2048 4599 2246 4652 Verum
2292 4611 2347 4651 ut
2381 4599 2658 4670 gentilium
2688 4592 3054 4668 pertinaciam
3085 4601 3294 4670 penitus
3343 4598 3578 4670 frangat,

1975 4690 2118 4744 aliud
2148 4701 2520 4760 argumentum
2547 4691 2669 4746 inde
2689 4691 2847 4752 eruit.
2877 4693 3016 4762 qttod
3049 4694 3298 4746 omnibus
3327 4702 3380 4746 et
3400 4692 3581 4762 singu-

1974 4784 2037 4837 lis
2069 4783 2265 4838 dabant
2295 4785 2601 4856 quemlibet,
2637 4803 2743 4839 uno
2774 4797 2828 4841 et
2859 4802 2986 4841 vero
3015 4797 3260 4856 excepto.
3289 4784 3448 4839 detnn
3483 4804 3547 4840 co
3567 4819 3579 4829 -

1977 4877 2115 4931 Iendi
2151 4877 2472 4934 facultatem.
2506 4879 2637 4934 Nam
2671 4896 2790 4934 eum
2832 4879 3054 4936 dixisset
3085 4896 3246 4933 llllllm
3278 4879 3345 4932 ab
3374 4895 3498 4942 uno,
3527 4893 3581 4936 ct

1972 4972 2134 5026 alium
2164 4970 2232 5023 ab
2269 4970 2374 5024 alio
2416 4971 2584 5026 libere
2613 4983 2667 5027 et
2705 4972 2930 5027 licenter
2967 4971 3090 5034 coli,
3123 4971 3240 5025 illos
3281 4972 3357 5027 sic
3395 4980 3576 5035 urget:

1983 5063 2161 5118 Videte
2186 5082 2246 5118 ne
2267 5067 2361 5119 hoc
2387 5067 2455 5118 ad
2485 5065 2875 5137 irreligiositatis
2891 5064 3110 5134 elogium
3137 5075 3429 5133 concurrat,
3461 5067 3550 5119 adi
3565 5097 3581 5109 -

1975 5177 2106 5214 ntere
2136 5159 2415 5213 libertatem
2444 5160 2720 5231 religionis,
2750 5169 2795 5212 et
2817 5159 3114 5212 interdicere
3148 5152 3404 5228 optionem
3449 5159 3581 5212 divi-

1973 5255 2144 5307 nitatis
2167 5271 2185 5318 ;
2213 5267 2264 5307 ut
2293 5271 2392 5307 non
2416 5254 2558 5308 liceat
2583 5254 2708 5306 mihi
2739 5253 2922 5314 colere,
2948 5269 3096 5322 quem
3121 5253 3286 5316 velim,
3310 5253 3398 5307 sed
3424 5269 3580 5323 coqar

1970 5349 2152 5414 colere,
2196 5365 2344 5418 quem
2406 5348 2563 5401 nolim
2608 5345 2793 5418 (lbid.,
2825 5365 2940 5416 cap.
2979 5346 3071 5413 24,
3125 5366 3177 5418 p.
3220 5347 3387 5420 “8)?
3435 5346 3581 5404 [ivli-

1973 5441 2154 5509 giosus
2190 5441 2385 5493 ctenim
2420 5440 2594 5493 cultus
2624 5439 2778 5503 liber,
2800 5439 2991 5508 inquit,
3022 5449 3074 5494 et
3107 5441 3436 5497 voluntarius
3457 5456 3580 5498 esse

1971 5532 2150 5600 debet,
2181 5548 2280 5587 nec
2311 5533 2449 5586 ullus
2489 5547 2719 5600 unquam
2747 5532 2814 5586 ab
2837 5532 2944 5587 ullo
2971 5532 3186 5588 homine
3211 5543 3302 5587 aut
3331 5533 3434 5589 ulla
3463 5536 3580 5605 lege

1967 5629 2084 5699 Cogi
2129 5635 2300 5697 potest
2337 5626 2402 5681 ad
2437 5641 2576 5692 eam,
2609 5641 2768 5697 quam
2820 5625 3005 5681 falsam
3063 5641 3184 5682 esse
3239 5627 3407 5692 novit,
3459 5642 3581 5681 am-

1965 5721 2280 5790 plexandam
2327 5719 2634 5789 religionem
2671 5739 2682 5774 :
2719 5718 2916 5774 Divinas
2935 5719 3196 5790 siquidem
3225 5719 3319 5784 rei,
3370 5718 3443 5773 uti
3489 5719 3578 5776 ille

1963 5823 2148 5883 postea
2190 5811 2348 5879 dixit,
2382 5809 2638 5891 faciundae
2673 5811 2830 5877 libens
2869 5811 3069 5874 animus
3094 5809 3333 5875 indicitur
3372 5807 3567 5894 (lbid.,

3391 5977 3412 6001 ο
