4076 6356
529 303 637 365 987

1626 296 1697 356 IN
1736 294 2204 357 TERTULLIANI
2238 294 2764 361 APOLOGETICUM

3730 309 3868 371 988

531 438 650 494 cap.
699 419 794 488 28,
827 435 883 490 p.
915 416 1069 489 455).
1100 414 1385 472 nationem
1431 425 1560 470 vero
1614 414 1660 470 si
1697 414 1956 484 postules,
1989 413 2129 472 hanc
2152 415 2208 480 Α
2235 425 2322 471 tur
2351 415 2554 487 Fidiw,
2586 395 2680 474 sed
2711 417 3049 474 librariorum
3082 418 3267 490 procul
3298 419 3462 478 dubio
3491 437 3697 482 errore.
3730 426 3862 483 To-

530 517 627 576 tibi
649 507 799 571 dabit
824 528 839 566 :
873 511 1100 566 Humani
1114 510 1253 581 juris
1278 519 1327 565 et
1347 509 1597 564 naturalis
1623 511 1884 582 potestatis
1907 521 1984 566 est
2021 512 2130 566 uni-

530 611 729 679 cuique,
756 605 892 674 quod
913 603 1183 675 putaverit,
1210 603 1407 667 colere;
1431 617 1522 657 nec
1549 602 1644 656 alii
1683 602 1819 657 obest
1837 642 1852 669 ,
1883 613 1970 657 aut
2009 620 2130 674 pro-

530 703 638 757 dest
666 702 874 756 alterius
911 699 1109 770 religio.
1143 698 1252 754 Sed
1278 713 1371 754 uec
1395 697 1659 769 religionis
1697 707 1771 752 est
1807 713 1986 769 cogere
2008 700 2129 754 reli-

529 796 750 868 gionem,
777 809 893 865 quc
918 803 1098 864 spanis
1123 792 1313 862 suscipi
1338 791 1533 854 debeat,
1565 805 1668 845 non
1697 791 1780 857 si;
1811 807 1927 845 cum
1959 801 2006 846 et
2031 793 2127 846 lio-

528 891 642 946 stite
667 890 731 944 ab
771 889 944 943 animo
987 887 1160 942 libenti
1192 885 1592 956 expostulantur.
1624 883 1711 938 Ita
1736 885 1827 940 etsi
1866 901 1957 939 nos
1993 901 2129 939 coni-

528 981 762 1054 puleritis
785 979 1288 1050 “sacriﬁcandum,
1309 978 1438 1032 nihil
1463 976 1768 1049 prastabitis
1804 977 1904 1031 diis
1929 980 2124 1033 vestris.

527 1074 606 1130 Ab
627 1075 796 1130 invitis
826 1075 961 1128 enim
985 1073 1241 1142 sacriﬁcia
1269 1087 1372 1127 non
1395 1070 1771 1139 desiderabant,
1803 1071 1898 1126 nisi
1925 1081 2129 1126 conten-

525 1168 646 1222 tiosi
673 1168 795 1222 sint.
820 1166 1170 1222 Contentiosus
1192 1166 1326 1221 enim
1351 1165 1608 1237 Deusnon
1634 1175 1704 1220 est
1737 1163 1928 1236 (Idem,
1948 1166 2036 1222 lib.
2060 1167 2129 1222 ad

531 1258 748 1330 Scapul.
772 1276 888 1330 cap.
915 1261 999 1330 Ξ).

603 1354 770 1410 Audis
825 1365 973 1410 certe
1009 1353 1202 1425 quibus
1228 1354 1426 1409 Auctor
1466 1362 1647 1408 noster
1693 1353 1958 1408 rationum
2008 1368 2127 1408 mo-

531 1448 732 1503 mentis
757 1446 1002 1502 ostendat
1041 1446 1172 1517 juri,
1196 1461 1300 1502 non
1330 1447 1506 1502 solum
1539 1446 1791 1512 humano,
1829 1445 1924 1501 sed
1964 1447 2125 1501 etiam

532 1540 760 1596 naturali
789 1553 1086 1610 repugnare
1108 1580 1120 1604 ,
1151 1549 1208 1594 ut
1227 1540 1347 1610 quis
1376 1543 1618 1610 junquam
1647 1540 1750 1594 ulla
1777 1539 1825 1593 vi
1853 1538 1919 1594 ad
1960 1539 2130 1594 susci-

530 1635 778 1706 piendam
805 1633 1037 1704 aliquam
1069 1633 1256 1688 lalsam
1294 1634 1606 1705 religionem
1636 1643 1727 1688 aut
1756 1633 1871 1688 falsi
1902 1634 1987 1690 dei
2025 1635 2130 1691 cul-

533 1735 642 1779 tum
673 1725 1042 1795 compellatur.
1069 1724 1365 1795 Cujuslibet
1389 1726 1650 1796 siquidem
1681 1726 1866 1798 religio
1893 1741 1994 1781 nec
2012 1741 2132 1797 pro-

2235 511 2506 567 lerabilius
2535 512 2756 568 forsitan
2799 514 3057 583 scriptum
3088 525 3230 571 esset
3265 515 3425 583 Fidii,
3457 535 3616 589 quem
3658 522 3859 594 genti-

2234 605 2332 670 les,
2366 616 2421 661 ut
2449 609 2592 662 conit
2619 607 2874 674 Ovidius,
2909 607 3054 664 lovis
3096 608 3270 688 lilium
3293 620 3346 666 et
3374 612 3530 668 deum
3562 629 3685 670 esse
3715 616 3857 688 opi-

2233 698 2498 753 nabantur
2549 700 2570 768 (
2605 699 2754 754 Ovid.
2788 699 2876 754 lib.
2918 700 2985 756 VI
3022 699 3227 755 Fastor.
3320 703 3398 780 li).
3433 703 3598 760 Recte
3652 687 3852 763 autem

2233 789 2404 858 Fidei,
2455 794 2609 862 cujus
2649 803 2898 864 tanquam
2937 793 3053 850 dea:
3084 794 3340 865 templum
3381 805 3498 852 erat
3539 797 3589 852 in
3620 798 3856 870 Capito-

2233 885 2326 951 lio,
2360 886 2809 955 quemadmodum
2853 887 2979 944 alibi
3009 887 3416 945 observavimus
3449 873 3478 962 ’(
3503 889 3654 948 Tant.
3687 892 3704 948 ι
3733 894 3855 965 Αρ-

2235 988 2401 1047 parat.
2435 996 2488 1048 p.
2535 977 2684 1049 866).

2303 1070 2384 1126 Ad
2404 1071 2616 1128 Judaeos
2651 1087 2780 1128 vero
2805 1084 3047 1143 spectare
3068 1074 3314 1132 videntur
3334 1077 3712 1150 subsequentia
3741 1080 3855 1134 Au-

2232 1165 2395 1220 ctoris
2424 1165 2590 1220 nostri
2619 1166 2777 1221 verba
2811 1184 2825 1221 :
2857 1167 3021 1234 Alius,
3047 1169 3091 1223 si
3111 1171 3204 1223 hoc
3240 1170 3446 1240 putatis,
3482 1171 3633 1225 nubes
3664 1188 3855 1226 nume-

2231 1270 2306 1316 ret
2330 1276 2502 1315 orans.
2539 1259 2669 1314 Nam
2691 1259 2760 1315 de
2785 1259 2970 1316 iisdem
2999 1261 3198 1317 .ludzL-is
3225 1260 3497 1318 Iuvenalis
3527 1265 3721 1319 cecinit
3747 1282 3761 1318 :

2386 1372 2589 1439 Quidam
2615 1371 2781 1439 sortiti
2811 1381 3120 1439 metuentem
3147 1375 3342 1439 sabbata
3365 1385 3582 1439 patrem,

2387 1436 2467 1486 Nil
2489 1443 2668 1498 praeter
2689 1437 2850 1486 nubes
2871 1445 2924 1487 et
2943 1437 3054 1486 eieil
3078 1450 3258 1486 numen
3284 1436 3503 1488 adorant.

2915 1517 3164 1582 (Juvenal.
3190 1517 3344 1572 Satir.
3369 1521 3442 1587 ιθ,
3471 1534 3516 1572 υ.
3545 1521 3684 1586 916.)

2231 1623 2341 1680 Cur
2358 1632 2537 1680 autem
2554 1621 2747 1695 adjecit
2763 1623 3119 1690 Tertullianus
3143 1643 3156 1679 :
3183 1626 3246 1681 Si
3275 1627 3368 1680 hoc
3393 1627 3626 1697 putatis?
3653 1627 3854 1685 Nonne

2234 1715 2320 1771 bis
2366 1718 2545 1772 verbis
2595 1717 2817 1773 eosdem
2865 1718 3080 1774 .ludzeos
3134 1718 3391 1775 denotare
3443 1721 3611 1776 voluit
3642 1763 3656 1785 ,
3706 1738 3854 1792 quos

530 1816 672 1884 dest,
703 1831 803 1872 uec
828 1825 988 1872 nocet
1007 1816 1183 1883 alteri,
1215 1819 1304 1887 qui
1330 1817 1559 1888 proximi
1586 1817 1667 1872 sui
1695 1816 1840 1873 bono
1866 1826 1960 1873 aut
1987 1817 2131 1874 malo
2159 1826 2208 1886 Β
2235 1810 2434 1867 ethnici
2464 1820 2518 1866 et
2545 1811 2714 1867 nubes
2755 1821 2809 1867 et
2853 1811 3047 1867 cmlum
3093 1812 3322 1868 adorare
3371 1813 3506 1868 falso
3550 1815 3856 1885 putabant?

529 1925 631 1965 nec
662 1910 852 1964 melior
877 1924 974 1966 nec
1008 1909 1156 1981 pejor
1176 1909 1423 1966 efﬁcitur.

605 2002 810 2058 Deinde
836 2016 966 2058 vero
1003 2003 1142 2058 Deus
1169 2002 1237 2057 ab
1271 2003 1437 2058 invito
1462 2011 1516 2058 et
1546 2002 1840 2058 reluctante
1868 2002 2129 2058 sacriﬁcia

530 2110 635 2148 non
685 2094 974 2161 desiderat,
1023 2095 1122 2149 nisi
1149 2097 1518 2150 contentiosus
1567 2095 1657 2160 sit,
1695 2094 1750 2149 id
1789 2102 1890 2159 est,
1919 2094 2036 2150 lites
2074 2106 2130 2150 et

524 2187 697 2258 jurgia
722 2187 990 2242 seminare
1018 2188 1163 2243 velit.
1192 2187 1404 2242 Attalis
1428 2187 1570 2243 Deus
1598 2203 1756 2242 verus
1783 2202 1904 2242 esse
1929 2202 2130 2257 nequa-

529 2297 691 2352 quam
718 2290 911 2352 potest.
940 2282 1077 2350 Quin
1121 2282 1282 2337 etiam
1333 2297 1498 2348 nemo,
1545 2280 1620 2335 ait
1647 2281 1823 2337 adhuc
1843 2280 2128 2336 Tertullia~

528 2391 653 2442 nus,
681 2373 742 2429 ab
772 2375 927 2428 invito
952 2374 1049 2428 coli
1081 2374 1231 2441 volet,
1257 2391 1316 2429 ne
1341 2375 1490 2430 homo
1519 2373 1720 2446 quidem
1746 2372 1940 2450 (Idem,
1989 2376 2129 2444 Apo~

531 2469 683 2540 leget.
717 2484 834 2538 cap.
884 2467 955 2521 24
985 2509 1001 2534 ,
1041 2484 1094 2538 p.
1126 2466 1277 2538 M8).
1337 2467 1469 2522 Nam
1508 2466 1810 2523 damnanda
1851 2466 2006 2537 plane
2048 2475 2133 2522 est.

527 2560 816 2625 simulatio,
845 2569 900 2615 et
950 2559 1150 2614 nefaria
1204 2559 1524 2630 hypocrisis,
1568 2576 1666 2630 qua
1700 2561 1745 2614 is
1787 2573 1846 2615 se
1892 2574 2016 2614 eum
2040 2574 2132 2615 co-

529 2652 641 2707 lere
671 2650 911 2707 exterius
952 2652 1120 2721 lingit,
1147 2665 1304 2720 quem
1336 2652 1562 2706 interius
1613 2651 1818 2720 spernit
1856 2660 2014 2722 atque
2035 2649 2132 2706 de-

531 2755 773 2802 testatur.

604 2840 686 2892 Ad
717 2840 832 2896 haec
881 2853 1028 2907 vero,
1069 2855 1131 2896 ea
1160 2854 1290 2896 sane
1333 2850 1415 2898 est
1454 2840 1688 2896 hominis
1745 2841 2025 2912 fragilitas,
2077 2851 2134 2896 ut

530 2934 702 2990 Deum
729 2948 913 2988 verum
942 2948 1084 3004 saepe
1113 2936 1310 3006 saepius
1335 2933 1590 2991 oli'endat.
1623 2933 1780 3006 Atqui
1807 2935 2024 3005 placare
2071 2934 2134 2988 il-

529 3028 637 3082 lum
680 3029 882 3097 nequit,
911 3028 1011 3083 nisi
1043 3028 1210 3084 libera
1252 3043 1314 3083 ac
1345 3030 1551 3084 sincera
1585 3027 1748 3083 animi
1777 3028 2131 3084 conversione

527 3133 584 3179 et
610 3122 942 3192 ptenitentia,
983 3133 1075 3177 aut
1116 3123 1256 3179 facto
1299 3124 1529 3178 maxima
1571 3123 1816 3180 libertate
1844 3123 2125 3179 sacrificio.

2237 1903 2372 1958 Huic
2401 1914 2578 1959 autem
2607 1920 2634 1958 a
2663 1903 2994 1959 Tertulliano
3015 1906 3302 1976 opponitur
3319 1907 3472 1970 alius,
3493 1908 3723 1979 gentilis,
3754 1912 3853 1981 qui

2236 1996 2448 2054 eolebat
2480 1997 2746 2052 lacunaria
2771 2013 2992 2054 suorum
3017 1999 3222 2056 scilicet
3252 1999 3598 2071 templorum,
3628 2013 3683 2056 ut
3709 2002 3855 2059 infra

2236 2091 2602 2146 ostendemus.
2638 2091 2823 2161 Pergit
2846 2091 2953 2157 ille,
2987 2101 3032 2145 et
3058 2091 3214 2160 alius,
3237 2089 3425 2162 inquit,
3449 2102 3572 2164 puta
3591 2093 3852 2150 chriSIia-

2207 2200 2360 2254 ,nus,
2383 2201 2528 2238 suam
2550 2186 2774 2238 animam
2796 2183 2901 2239 Deo
2922 2201 3013 2240 suo
3037 2196 3226 2253 voveat,
3252 2196 3304 2242 et
3331 2198 3637 2253 consecret;
3658 2197 3853 2244 contra

2236 2291 2363 2331 vero
2379 2277 2531 2342 alius,
2555 2278 2818 2346 ethnicus,
2840 2277 2968 2332 hirci
2987 2277 3218 2333 animam
3243 2277 3374 2334 falso
3391 2279 3491 2336 deo
3513 2291 3722 2336 voveat.
3742 2279 3852 2336 Ca-

2236 2371 2316 2424 nit
2342 2370 2484 2424 enim
2513 2369 2761 2440 Virgilius
2795 2388 2808 2424 :

2390 2481 2521 2544 Ergo
2544 2483 2642 2532 rite
2667 2496 2806 2532 suum
2829 2483 3021 2534 Baccho
3045 2484 3267 2535 dicemus
3289 2486 3526 2536 honorem

2393 2545 2698 2609 Carminibus
2724 2547 2906 2609 patriis.
2934 2547 3159 2598 lancesve
3187 2554 3238 2597 et
3259 2549 3357 2598 liba
3375 2547 3618 2609 levemus;

2392 2607 2457 2658 Et
2477 2609 2652 2659 ductus
2668 2607 2819 2660 cornu
2844 2610 2988 2660 stabit
3012 2624 3153 2660 sacer
3178 2611 3339 2662 hircus
3362 2611 3422 2662 ad
3440 2624 3590 2662 aram.

2855 2689 3060 2759 (Virgil.
3086 2691 3168 2744 lib.
3189 2701 3220 2742 ιι
3245 2695 3419 2759 Georg.
3447 2707 3490 2744 v.
3516 2696 3654 2758 595.)

2239 2796 2493 2852 Martialis
2515 2813 2642 2853 vero
2669 2817 2682 2853 :

2360 2910 2476 2961 Vite
2509 2924 2692 2960 nocens
2714 2925 2858 2962 rosea
2881 2915 3041 2963 stabat
3063 2915 3328 2964 moriturus
3349 2914 3409 2963 ad
3429 2927 3540 2965 aras

2422 2973 2612 3036 Hircus,
2634 2975 2962 3041 Bacche,_tuis
2987 2977 3179 3041 victima
3197 2987 3337 3041 grata
3357 2980 3522 3041 sacris.

2838 3035 3082 3100 (Martial.
3110 3035 3293 3098 libflll,
3317 3037 3554 3107 epigrant.
3582 3039 3685 3107 ξι.)

2234 3137 2432 3196 Verum
2455 3142 2581 3213 quid
2610 3142 2787 3197 obstat
2811 3141 3098 3213 quominus
3125 3142 3487 3200 Tertullianus
3518 3145 3630 3200 haec
3660 3148 3843 3204 omnia

529 3215 747 3271 Summa
778 3216 942 3287 igitur
964 3217 1082 3272 sine
1110 3215 1363 3287 injustitia
1395 3231 1554 3271 nemo
1595 3231 1789 3288 cogere
1826 3233 1910 3272 me
1950 3228 2125 3288 potest

2235 3247 2335 3286 non
2359 3229 2675 3288 CliriSIianis
2703 3242 2755 3288 et
2779 3232 2998 3299 JUdLL‘lS,
3023 3233 3114 3288 sed
3148 3235 3276 3288 solis
3302 3236 3588 3306 gentilibus
3607 3237 3845 3294 tribuat?

527 3307 594 3363 ad
623 3308 1030 3364 sacriﬁcandum
1066 3307 1207 3376 Jovi,
1241 3319 1330 3363 aut
1363 3309 1582 3364 cuilibet
1622 3310 1775 3365 alteri
1807 3310 1944 3376 deo,
1973 3328 2131 3378 quem

531 3416 637 3456 non
665 3417 796 3456 curo
823 3417 891 3456 an
921 3401 1047 3456 mihi
1074 3402 1334 3474 pr0pitius
1364 3403 1466 3468 sit,
1497 3403 1578 3457 vel
1606 3401 1800 3468 iratus;
1832 3403 2001 3458 multo
2033 3403 2131 3458 mi-

527 3510 629 3550 nus
666 3495 708 3550 si
749 3495 896 3550 illum
941 3495 1210 3550 hominem
1248 3496 1448 3563 luisse,
1475 3510 1573 3551 nec
1623 3495 1852 3566 amplius
1900 3497 2132 3552 existere

528 3598 680 3643 certo
705 3589 903 3642 certius
943 3589 1307 3658 cognoverim.

606 3681 969 3736 lnstatadbuc
1020 3681 1412 3748 Tcrtullianus,
1460 3691 1515 3739 et
1561 3683 1716 3752 colat,
1763 3682 1952 3754 inquit,
2000 3683 2132 3737 alius

529 3775 719 3844 Deum,
751 3777 883 3831 alius
911 3775 1110 3845 Jovem,
1157 3778 1296 3840 alius
1317 3778 1388 3831 ad
1425 3778 1606 3832 caelum
1651 3776 1906 3848 supplices
1951 3792 2131 3830 manus

528 3869 702 3926 tendat
725 3884 746 3936 ,°
767 3869 900 3926 alius
926 3871 995 3924 ad
1015 3888 1157 3925 arant
1188 3870 1336 3927 Fidei
1369 3889 1386 3926 :
1411 3871 1564 3940 alius,
1602 3871 1647 3927 si
1669 3872 1763 3927 hoc
1791 3873 2000 3942 putatis,
2034 3888 2129 3925 nu-

532 3979 613 4034 bes
637 3990 862 4034 numeret
891 3996 1066 4046 orans,
1100 3981 1230 4034 alius
1258 3979 1557 4045 lacunaria;
1588 3979 1721 4033 alius
1742 3978 1965 4031 animant
1984 3994 2130 4033 suam

530 4076 623 4130 deo
640 4092 732 4130 suo
751 4087 943 4141 voveat,
964 4077 1098 4133 alius
1119 4080 1248 4132 hirci
1268 4076 1471 4152 (Ibid).
1491 4077 1681 4135 Nonne
1701 4079 1751 4134 hi
1772 4089 1958 4134 omnes
1975 4093 2129 4148 aequo

527 4170 648 4242 jure
673 4179 764 4224 aut
798 4171 1013 4226 tolerari
1050 4180 1142 4226 aut
1176 4171 1522 4226 condemnari
1565 4171 1856 4240 debebant,
1905 4186 2004 4226 nec
2039 4171 2130 4228 uni

530 4265 711 4336 potius
739 4281 894 4336 quam
927 4267 1078 4322 alteri
1103 4265 1453 4338 eripiendum,
1485 4281 1646 4338 quem
1678 4266 1924 4332 vo!uerit,
1949 4266 2130 4322 colcn-
2181 4291 2184 4296 π

530 4359 583 4415 di
617 4359 952 4416 libertatem?

571 4477 574 4481 ·
603 4450 709 4508 Sed
741 4467 845 4508 non
883 4452 1024 4508 clara
1056 4454 1275 4510 omnino
1305 4469 1366 4510 ac
1400 4453 1677 4526 perspicua
1704 4461 1828 4509 sunt
1855 4453 1971 4510 haec
1999 4454 2130 4510 Ter-

531 4545 734 4601 tulliani
769 4545 950 4613 verba,
981 4562 1042 4601 ac
1075 4546 1296 4601 forsitan
1322 4546 1597 4603 dubitandi
1635 4547 1786 4604 locus
1824 4557 1907 4604 est
1949 4557 2128 4604 utrum

2236 3326 2424 3382 Nonne
2447 3326 2766 3392 Menecazus,
2799 3326 3008 3383 Codrus
3038 3337 3091 3382 et
3122 3327 3320 3394 Mures,
3349 3329 3418 3384 de
3447 3331 3640 3401 quibus
3665 3346 3765 3386 nos
3792 3332 3846 3390 in

2237 3420 2498 3490 superiori
2549 3419 2926 3474 dissertatione
2975 3429 3096 3491 post
3147 3419 3479 3475 Lactantium
3527 3421 3841 3493 (Lactant.,

2237 3511 2324 3566 lib.
2361 3511 2448 3575 lll,
2491 3528 2605 3581 cap.
2651 3511 2741 3578 12,
2781 3528 2900 3584 pag.
2939 3512 3068 3582 570)
3114 3512 3506 3583 disputavimus
3541 3515 3841 3585 (Disseruit.

2234 3605 2286 3658 in
2311 3601 2574 3668 Lactant.,
2604 3621 2721 3674 cap,
2759 3603 2845 3671 l0,
2878 3613 2980 3658 art.
3013 3603 3091 3677 4),
3115 3607 3346 3660 animam
3373 3622 3523 3662 suam
3553 3608 3656 3663 diis
3683 3624 3847 3666 vove~

2235 3707 2381 3752 runt.
2436 3697 2826 3768 Aristophanes
2876 3708 3054 3754 autem
3097 3697 3372 3755 Socratem
3421 3699 3621 3756 inducit
3672 3701 3847 3760 nubes

2234 3801 2478 3846 orantem
2508 3801 2559 3846 et
2593 3792 2926 3847 invocantem
2958 3793 2977 3866 (
3007 3792 3293 3866 Aristoph.,
3333 3811 3464 3850 com.
3498 3793 3700 3866 Nubes,
3731 3808 3839 3854 act.

2235 3885 2274 3952 l,
2318 3903 2453 3940 scen.
2491 3886 2570 3956 ὅ).
2606 3886 2843 3943 Gentiles
2869 3903 3082 3959 quoque
3120 3887 3370 3954 sublatis,
3406 3899 3462 3944 ut
3499 3889 3698 3946 dictum
3734 3903 3842 3961 est,

2236 3983 2288 4038 in
2319 3982 2516 4038 coelum
2550 3983 2814 4047 manibus,
2838 3982 2968 4039 deos
2989 3998 3113 4037 suos
3139 3982 3512 4052 preCaDanlur.
3537 3985 3676 4058 Ergo
3711 3987 3846 4045 Ter-

2237 4077 2492 4133 tulli-anus
2515 4075 2580 4132 de
2620 4075 2702 4130 liis
2729 4076 2862 4131 solis
2905 4077 3048 4148 loqui
3089 4077 3262 4147 potius
3302 4078 3533 4144 videtur,
3575 4089 3627 4135 et
3667 4081 3846 4151 majus

2234 4171 2356 4227 inde
2373 4173 2819 4244 argumentationi
2837 4173 2951 4242 ejus
2972 4173 3135 4228 robur
3155 4172 3392 4229 accedet.
3415 4174 3577 4232 [lecte
3599 4175 3842 4246 quidem,

2233 4265 2462 4338 inquies,
2490 4267 2587 4320 nisi
2614 4267 2700 4321 ille
2725 4265 2843 4322 Jovi
2869 4276 3167 4336 Opponcrct
3197 4267 3362 4322 Deum
3391 4268 3528 4323 haud
3558 4269 3719 4326 dubie
3752 4286 3846 4327 ve-

2232 4376 2374 4424 rum,
2403 4376 2560 4430 quem
2591 4359 2766 4415 adhuc
2785 4359 3041 4431 singulari
3063 4375 3286 4416 numero
3307 4360 3501 4417 deinde
3526 4362 3841 4432 appellavit.

2233 4452 2340 4510 Sed
2379 4451 2504 4524 quid
2531 4462 2674 4508 vetat
2697 4454 2979 4524 quominus
3008 4452 3097 4509 ille
3135 4451 3253 4508 Jovi
3285 4455 3519 4510 maxime
3559 4456 3844 4525 gentilium

2233 4548 2336 4604 deo
2375 4547 2536 4602 alium
2587 4547 2881 4617 quemlibet
2926 4547 3040 4602 sive
3079 4537 3362 4616 majorum,
3407 4546 3516 4602 sive
3570 4548 3844 4606 minorum

530 4637 781 4709 loquatur
829 4648 1031 4693 tantum
1071 4638 1139 4694 de
1171 4640 1482 4710 gentilibus,
1526 4651 1615 4695 aut
1656 4640 1722 4696 de
1764 4641 1828 4696 iis
1869 4641 2031 4696 simul
2075 4636 2208 4698 etD
2234 4641 2468 4713 gentium
2497 4639 2656 4696 deum
2682 4639 3271 4710 opposuerit?Quoquo
3292 4649 3468 4694 autem
3492 4641 3655 4696 modo
3675 4642 3842 4696 verba

529 4730 856 4797 Christianis,
890 4740 946 4785 ut
977 4730 1214 4802 pluribus
1232 4732 1402 4788 visum
1421 4743 1521 4789 est.
1554 4733 1689 4800 Quid
1719 4748 1846 4788 vero
1875 4733 1918 4786 si
1950 4743 2126 4788 utros-

528 4836 634 4891 que
677 4832 838 4892 atque
881 4823 1100 4894 insuper
1159 4822 1374 4878 Judacos
1422 4822 1733 4895 designasse
1777 4823 2018 4878 dicatur?
2052 4824 2127 4880 De

530 4914 844 4970 Christianis
872 4915 1136 4987 siquidem
1166 4927 1214 4971 et
1245 4915 1445 4971 Judaeis
1473 4916 1709 4972 scribere
1732 4916 1902 4987 potuit
1933 4933 1944 4969 :
1978 4915 2128 4970 Colat

529 5007 664 5061 alius
696 5005 876 5074 Deum,
909 5008 1122 5063 unicum
1154 5007 1433 5074 videlicet,
1465 5019 1624 5078 atque
1665 5009 2122 5078 omnipotentem;

531 5101 599 5158 de
639 5101 867 5156 ethnicis
909 5118 1036 5157 vero
1079 5121 1091 5156 :
1125 5100 1269 5155 Alius
1299 5101 1508 5166 Jovem,
1549 5104 1686 5156 sicut
1733 5101 2122 5173 incompertum

531 5193 732 5250 nemini
760 5205 861 5249 est.
897 5195 968 5251 lie
1000 5195 1186 5250 iisdem
1217 5196 1376 5251 etiam
1401 5194 1717 5250 Christianis
1746 5194 1925 5250 dieere
1953 5195 2128 5251 adhuc

532 5287 702 5362 potuit
733 5306 747 5346 :
780 5290 925 5344 Alius
954 5291 1021 5344 ad
1065 5290 1245 5346 coelum
1275 5289 1532 5362 supplices
1562 5307 1741 5345 manus
1771 5290 1962 5344 tendat.
1995 5290 2129 5346 Nam

533 5381 610 5450 hi,
665 5382 739 5436 uti
785 5382 1015 5437 vidimus
1063 5381 1249 5454 (Supr.
1305 5401 1421 5456 cap.
1477 5383 1564 5451 Μ,
1606 5392 1706 5438 art.
1752 5385 1844 5455 5),
1878 5384 2130 5454 expansis

532 5475 778 5530 manibus
824 5474 990 5530 Deum
1040 5475 1284 5532 orabant.
1317 5475 1550 5532 Tametsi
1593 5476 1737 5532 enim
1778 5476 2024 5531 ethnicus
2053 5476 2130 5529 si-

531 5566 644 5623 mili
675 5566 836 5621 modo
863 5566 994 5622 deos
1023 5581 1152 5622 suos
1181 5577 1521 5638 precaretur;
1555 5568 1599 5622 is
1628 5569 1920 5624 christiano
1951 5577 2126 5622 tamen

532 5657 730 5728 opponi
759 5673 788 5712 a
819 5657 1145 5714 Tertulliano
1179 5658 1410 5727 videtur,
1442 5661 1531 5732 qui
1555 5657 1749 5716 ibidem
1773 5659 1908 5715 dixit
1940 5679 1951 5713 :
1983 5660 2129 5714 Alius

530 5767 682 5819 vero,
733 5753 982 5809 nimirum
1033 5753 1270 5826 gentilis,
1304 5770 1492 5810 manus
1539 5755 1788 5810 similiter
1837 5753 2016 5810 tendat
2061 5752 2128 5807 ad

529 5858 681 5902 aram
710 5843 863 5903 Fidei
891 5863 909 5904 :
938 5847 991 5905 in
1031 5846 1305 5907 codicibus
1334 5846 1532 5906 nostris
1581 5845 1956 5920 manuscriptis
1997 5844 2129 5918 legi-

2232 4733 2349 4803 ejus
2389 4732 2792 4803 intelligantur,
2850 4748 2912 4786 ex
2974 4732 3038 4787 iis
3088 4740 3234 4786 recte
3289 4733 3509 4786 omnino
3565 4732 3846 4789 concludit

2229 4828 2474 4883 ethnicos
2499 4835 2684 4881 contra
2711 4825 2799 4896 jus
2828 4841 2987 4880 omne
3011 4835 3062 4879 et
3103 4823 3182 4876 fas
3229 4823 3494 4879 ademisse
3519 4825 3843 4882 Christianis

2230 4920 2341 4975 veri
2373 4919 2465 4975 Dei
2506 4918 2715 4976 colendi
2747 4918 3078 4973 facultatem.
3110 4916 3213 4971 Per
3243 4916 3362 4971 illos
3387 4916 3649 4987 siquidem
3677 4925 3845 4971 caue-

2229 5014 2302 5068 ris
2329 5013 2580 5067 omnibus
2607 5012 2798 5067 licebat
2831 5028 2934 5066 non
2967 5011 3142 5066 solum
3169 5009 3378 5076 Jovem,
3406 5009 3518 5078 sed,
3551 5027 3661 5066 uno
3702 5009 3844 5066 dun-

2232 5113 2375 5160 taxat
2399 5119 2526 5159 vero
2555 5104 2662 5158 Deo
2692 5111 2918 5174 excepto
2938 5144 2952 5170 ,
2984 5117 3380 5174 quemcumque
3425 5103 3601 5158 Colere
3643 5102 3842 5159 falsum

2233 5211 2295 5252 ac
2322 5195 2604 5253 ridiculum
2651 5195 2833 5251 deum.
2863 5195 2976 5265 Qua
3007 5195 3150 5250 enim
3197 5194 3512 5250 crudelitate
3553 5197 3699 5266 impii
3744 5197 3845 5251 lio-

2234 5290 2406 5344 mines
2426 5288 2745 5344 Christianis
2768 5302 2948 5342 verum
2979 5287 3144 5343 Deum
3172 5285 3468 5342 honorandi
3499 5288 3762 5343 tollebant
3785 5290 3824 5345 li

2189 5425 2196 5430 .
2233 5381 2482 5446 centiam,
2517 5381 2628 5450 pari
2677 5379 3001 5452 indulgentia
3041 5380 3380 5449 patiebantur
3405 5379 3640 5450 qualibet
3681 5381 3732 5434 in
3762 5383 3844 5438 ci-

2234 5477 2396 5530 vitate
2418 5490 2479 5528 ac
2501 5473 2796 5544 provincia,
2827 5483 2884 5528 ut
2908 5472 3042 5528 infra
3061 5475 3290 5538 dicetur,
3320 5490 3350 5528 a
3375 5474 3559 5545 quovis
3595 5474 3850 5544 homine,

2235 5582 2395 5638 quem
2415 5564 2855 5632 libuissetdeum,
2873 5565 3081 5620 etiamsi
3103 5565 3221 5622 aliis
3244 5568 3455 5638 penitus
3479 5566 3839 5638 incognitum,

2234 5659 2360 5726 coli,
2393 5668 2446 5713 ct
2470 5658 2704 5715 adorari.

2305 5752 2411 5809 Sed
2439 5753 2549 5823 jam
2593 5755 2822 5826 aliquem
2854 5753 3039 5810 audire
3069 5754 3222 5810 nobis
3254 5753 3526 5822 videmur,
3558 5755 3645 5827 qui
3680 5747 3855 5811 nobis

2234 5847 2292 5908 in
2317 5862 2499 5908 aurem
2522 5847 2823 5908 insusurrat
2846 5847 2920 5908 ibi
2947 5847 3334 5908 Tertullianum
3363 5859 3470 5908 tota
3486 5849 3571 5907 via
3601 5862 3843 5920 errasse,
