4082 6356
276 282 391 349 989

1424 287 1881 349 DISSERTATIO
1914 286 1982 346 D.
2020 288 2111 347 LE
2146 288 2456 349 NOURRY.

2619 194 2649 221 Ι

3480 286 3588 354 990

276 411 468 477 utpote
496 401 588 474 qui
617 400 703 459 bis
745 399 1074 475 argumentis
1099 402 1328 473 probare
1358 404 1646 461 contendat
1680 419 1880 461 concc-
1908 404 1962 467 Δ
1986 406 2191 475 injustar
2215 406 2360 479 legit,
2400 415 2458 463 ut
2487 414 2632 466 recte
2680 406 2756 463 ait
2783 406 3169 476 Tertullianus,
3208 410 3383 466 nullus
3422 412 3587 469 honor

280 495 514 553 dendam
549 511 674 553 esse
700 495 923 552 cuilibet
965 496 1270 552 facultatem
1297 512 1456 568 quem
1484 498 1735 564 voluerit,
1768 499 1883 554 sive

276 606 491 658 verum,
512 591 624 648 sive
654 590 868 659 falsum,
889 590 1099 647 colendi
1125 591 1307 657 deum,
1323 607 1386 649 ac
1414 605 1512 663 pro
1536 592 1759 648 arbitrio
1782 591 1881 646 ali-

279 702 441 758 quam
469 686 785 758 religionem
806 684 1059 757 eligendi.
1079 684 1226 740 Itane
1253 699 1385 741 vero
1411 683 1643 756 desipuit
1667 684 1880 740 Tertul-

280 779 478 845 lianus,
505 779 595 850 qui
631 778 776 845 totis,
819 778 896 834 uti
924 776 1178 846 vidimus,
1211 777 1409 849 ingenii
1432 777 1633 833 viribus
1660 776 1880 833 demon-

278 880 419 928 strat
464 872 636 928 solam
689 872 1038 928 christianum
1081 872 1394 943 religionem
1440 887 1624 928 veram
1656 884 1778 927 esse
1828 880 1881 926 et

279 966 660 1040 profitendam,
691 976 917 1023 caeteras
937 982 1126 1023 omnes
1158 965 1322 1022 falsas
1348 976 1402 1022 et
1432 965 1769 1035 rejiciendas,
1792 964 1882 1035 qui

279 1060 440 1133 plane
468 1060 784 1131 penitusque
824 1058 1102 1115 contendit
1130 1072 1399 1113 summum
1440 1057 1736 1112 christiano
1759 1069 1883 1112 esse

279 1151 435 1209 nefas
475 1166 627 1208 suam
667 1165 865 1223 negare
905 1151 1012 1206 imo
1057 1159 1111 1206 et
1153 1147 1494 1205 dissimulare
1532 1148 1878 1220 religionem,

279 1246 373 1317 qui
397 1253 660 1317 martyres
693 1252 909 1299 nostros
935 1243 1083 1298 omni
1124 1241 1282 1298 laude
1308 1240 1430 1297 ideo
1454 1241 1710 1307 cumulat,
1740 1239 1883 1310 quod

278 1337 569 1394 maluerint
595 1335 924 1407 quibuslibet
949 1334 1237 1391 ditissimis
1266 1332 1612 1389 cruciatibus‘
1628 1331 1882 1389 excarni-

279 1431 432 1487 ﬁcari
457 1440 514 1486 et
540 1429 767 1486 interfici
789 1468 805 1496 ,
835 1445 995 1500 quam
1024 1428 1122 1483 tria
1170 1426 1343 1483 thuris
1380 1439 1550 1498 grana
1589 1424 1739 1483 falsis
1779 1424 1884 1480 diis

279 1525 522 1593 adolere,
553 1539 616 1580 ac
646 1522 879 1580 mirabili
919 1522 1081 1593 plane
1120 1520 1420 1576 constantia
1452 1535 1605 1575 suum
1636 1534 1735 1591 pro
1762 1517 1883 1573 fidei

278 1628 336 1674 et
376 1616 652 1687 religionis
676 1630 788 1671 sua:
826 1613 1140 1669 defensione
1160 1613 1473 1682 sanguinem
1503 1610 1761 1666 fuderint.
1790 1608 1886 1666 Se-

278 1724 380 1766 cus
406 1724 536 1764 vero
563 1708 606 1762 si
629 1708 908 1774 sensisset,
930 1721 1081 1761 suam
1113 1705 1168 1760 in
1194 1704 1543 1775 Apologetico
1569 1703 1793 1774 aliisque
1810 1702 1885 1757 si-

1985 509 2058 554 cst
2087 499 2325 572 (Tertull.
2347 541 2364 568 ,
2418 500 2508 557 lib.
2545 501 2563 556 Ι
2626 502 2694 556 ad
2726 500 2938 557 Nation.
2964 545 2979 571 ,
3020 518 3139 574 cup.
3170 502 3204 559 6
3224 546 3238 571 ,
3275 519 3397 576 pag.
3430 504 3583 578 566),

1986 608 2084 649 nec
2126 594 2284 649 ullius
2325 610 2557 665 unquam
2606 593 2838 649 hominis
2876 589 3258 650 conscientiam
3309 596 3583 668 obligavit.

1984 687 2138 743 Nulla
2175 688 2333 759 igitur
2359 686 2590 743 humana
2633 688 2748 757 lege
2772 687 3059 742 Christiani
3098 686 3167 743 ad
3207 687 3422 745 fictitios
3454 689 3587 745 deos

1984 779 2240 836 colendos
2265 780 2382 851 cogi
2404 788 2668 850 poterant.
2697 778 2811 848 Qua
2843 793 2973 850 ergo
3001 779 3177 835 fronte
3214 782 3415 835 ethnici
3446 783 3587 854 οι)ῇὶ-

1985 888 2108 929 cere
2134 882 2380 943 poterant
2400 888 2461 930 se
2485 873 2552 927 ad
2571 887 2664 929 eos
2694 873 3021 944 torquendus
3049 883 3104 929 et
3142 875 3434 943 necandos,
3468 876 3587 947 qui-

1984 968 2209 1025 busdam
2246 972 2628 1038 imperatorum
2665 981 2882 1022 suorum
2922 967 3126 1037 legibus
3169 967 3453 1040 obstringi,
3496 968 3586 1040 qui

1985 1075 2182 1131 negare
2224 1074 2331 1114 non
2376 1067 2624 1130 poterant
2675 1059 2934 1130 plurimas
2963 1059 3033 1115 ab
3077 1059 3384 1116 hominibus
3423 1063 3584 1117 etiam

1986 1152 2205 1223 majoris
2223 1150 2574 1216 auctoritatis,
2608 1159 2666 1206 ut
2687 1151 2798 1221 jam
2831 1151 2883 1204 in
2916 1150 3183 1221 superiori
3205 1151 3586 1209 dissertatione

1986 1244 2216 1300 vidimus
2269 1243 2567 1314 (Dissertat.
2618 1243 2676 1297 in
2712 1242 2974 1310 Lactant,
3023 1258 3140 1312 cap.
3194 1242 3288 1306 28.
3348 1252 3450 1298 art.
3506 1246 3584 1317 Ι),

1988 1354 2083 1409 pro
2125 1338 2356 1393 humana
2403 1336 2715 1393 infirmitate
2748 1344 2805 1392 et
2842 1345 3144 1407 temporum
3184 1339 3586 1407 opportunitate

1985 1432 2144 1495 latas,
2172 1443 2304 1501 quas
2337 1429 2540 1485 idcirco
2577 1429 2832 1485 audacter
2871 1437 2925 1485 et
2964 1428 3182 1500 impune
3209 1430 3584 1497 emendarunt,

1986 1533 2321 1596 spreverunt,
2346 1522 2833 1579 conenlcaverunt?
2867 1522 2984 1590 Quo
3009 1532 3187 1577 autem
3217 1530 3372 1592 pacto
3402 1522 3454 1578 id
3493 1538 3588 1580 ne—

1985 1629 2222 1690 gassent,
2269 1616 2410 1688 quod
2450 1632 2554 1671 non
2589 1616 2763 1672 solum
2807 1616 3109 1671 certissimo
3128 1615 3405 1672 Ciceronis
3441 1618 3588 1673 testi-

1988 1710 2168 1766 monio
2197 1708 2406 1783 (Cicer.,
2452 1710 2540 1764 lib.
2589 1709 2608 1763 Ι
2648 1710 2712 1763 de
2749 1698 2944 1781 legibr,
2996 1726 3117 1781 pag.
3150 1710 3254 1766 5'18
3279 1752 3293 1776 ,
3336 1710 3428 1765 lin.
3473 1711 3508 1768 5
3540 1721 3588 1767 et

279 1802 503 1859 utilibus
534 1801 685 1856 libris
722 1799 1125 1857 conscribendis
1154 1799 1309 1868 plane
1349 1800 1622 1869 gratisque
1664 1797 1883 1853 lusisset
1909 1808 1959 1874 Β
1984 1801 2148 1875 seqq.)
2170 1845 2183 1869 ,
2220 1802 2314 1858 sed
2343 1801 2607 1858 constanti
2630 1802 2952 1857 smculorum
2987 1802 3226 1857 omnium
3258 1803 3585 1874 experientia

279 1911 524 1968 operam.
544 1894 661 1951 Non
683 1895 789 1953 alio
816 1896 973 1966 igitur
996 1894 1219 1949 tendunt
1242 1891 1384 1947 illius
1415 1901 1749 1962 argumenta,
1782 1891 1887 1947 nisi

283 1998 346 2045 ut
372 1990 438 2044 iis
462 1988 799 2046 demonstret
826 1988 1093 2043 neminem
1116 1985 1233 2056 cogi
1262 2000 1415 2056 posse
1440 1984 1507 2040 ad
1534 1983 1885 2041 deserendam

277 2099 487 2151 veram,
517 2093 573 2139 et
602 2082 790 2138 falsam
821 2080 1246 2152 amplectendam
1292 2079 1642 2149 religionem;
1671 2093 1734 2133 ac
1781 2078 1885 2133 ini-

276 2175 570 2247 quissimus
620 2190 743 2231 esse
795 2173 1065 2246 gentiles,
1118 2173 1208 2243 qui
1264 2172 1551 2242 unicuique
1596 2171 1887 2240 quemlibet

275 2269 459 2335 deum,
487 2268 589 2326 etsi
636 2268 755 2325 aliis
802 2268 1153 2338 incognitum,
1185 2262 1395 2321 colendi
1436 2264 1635 2319 dabant
1671 2263 1886 2319 liberta-

278 2374 413 2432 tem,
459 2379 622 2437 quam
668 2365 798 2421 solis
834 2361 1140 2420 christianis
1180 2375 1363 2417 verum
1393 2360 1558 2416 Deum
1587 2358 1887 2415 colentibus

277 2458 608 2515 adimebant.

352 2554 421 2608 At
449 2553 583 2608 alius
612 2551 875 2623 quispiam
915 2566 947 2606 a
978 2550 1133 2607 nobis
1176 2549 1464 2620 postulabit
1492 2564 1590 2604 cur
1630 2547 1723 2603 ille
1749 2547 1885 2603 adeo

281 2644 553 2702 affirmate
580 2653 858 2701 asseverat
894 2643 1247 2698 voluntariam
1284 2656 1405 2697 esse
1430 2641 1763 2711 religionem,
1793 2634 1886 2711 qui

282 2739 489 2796 diserte
515 2739 639 2794 alibi
656 2738 792 2794 dixit
821 2755 835 2793 :
860 2738 941 2792 Ad
958 2737 1179 2809 ofﬁcium
1198 2736 1463 2791 htrreticoa
1488 2734 1756 2805 compelli,
1781 2749 1884 2788 non

279 2832 429 2893 illici.
464 2832 674 2903 dignum
704 2838 795 2885 est.
832 2828 1034 2884 Duritia
1068 2828 1317 2883 vincenda
1354 2837 1447 2890 est,
1482 2844 1584 2882 non
1620 2826 1885 2882 suadenda

281 2923 613 2994 (Tertulliatt.
646 2924 1076 2995 Scorpiac.,cap.
1125 2922 1212 2995 ι2).
1262 2922 1461 2979 Verum
1513 2929 1656 2991 petat
1707 2921 1801 2976 ille
1852 2935 1883 2975 ι

281 3017 514 3087 Rigaltio
585 3016 856 3088 quomodo
921 3018 1123 3073 Auctor
1180 3026 1364 3073 noster
1413 3016 1729 3072 vincendum
1786 3030 1882 3071 ve-

279 3107 349 3164 lit
374 3109 749 3164 lmreticorum
795 3107 1070 3173 duritiam,
1118 3122 1322 3178 eosque
1364 3108 1431 3163 ad
1457 3108 1693 3163 officium
1724 3108 1885 3163 redu-

1990 1898 2239 1955 omnibus
2261 1905 2594 1966 compertum
2615 1894 2737 1949 est?
2768 1894 2906 1949 Nihil
2936 1894 3116 1965 itaque
3137 1908 3357 1951 necesse
3385 1894 3502 1961 fuit,
3532 1905 3588 1951 ut

1990 1995 2043 2050 id
2072 1989 2431 2049 Tertullianus
2458 1988 2654 2056 variis,
2686 1996 2741 2043 et
2781 1989 2939 2059 longe
2970 1989 3234 2059 pluribus,
3284 2005 3442 2061 quam
3492 2006 3589 2061 par

1989 2095 2123 2151 erat,
2148 2084 2409 2155 exemplis
2445 2083 2844 2154 comprobaret.
2876 2083 3254 2139 Verumtamen
3296 2085 3418 2156 quia
3447 2083 3586 2155 quod

1988 2178 2243 2244 abundat,
2270 2187 2329 2233 ut
2366 2177 2535 2243 aiunt,
2570 2190 2676 2230 non
2708 2175 2878 2244 vitiat,
2905 2174 3163 2246 plurimas
3190 2176 3277 2232 ille
3301 2178 3533 2233 sancitas
3557 2191 3587 2232 a

1988 2271 2151 2327 variis
2195 2268 2590 2341 legislatoribus
2630 2267 2794 2338 leges,
2837 2277 2891 2323 et
2929 2283 2959 2323 a
2998 2269 3205 2339 populis
3255 2279 3464 2339 postea,
3498 2277 3590 2325 aut

1988 2364 2320 2428 emendatas,
2351 2371 2442 2416 aut
2465 2362 2765 2432 antiquatas
2804 2360 2925 2417 ideo
2950 2362 3249 2433 congessit,
3280 2371 3340 2418 ut
3374 2362 3587 2419 tandem

1988 2457 2239 2521 eti-micis,
2270 2455 2446 2526 legum
2476 2454 2531 2508 in
2556 2452 2892 2509 Christianos
2932 2452 3176 2510 datarum
3212 2454 3587 2511 auctoritatem

1987 2564 2258 2621 nunquam
2301 2564 2407 2604 non
2448 2558 2504 2603 et
2546 2547 2612 2602 ad
2650 2561 2904 2603 nauseam
2946 2560 3114 2617 usque
3156 2546 3584 2617 objectantibus,

1987 2642 2221 2713 linguam
2258 2642 2473 2711 penitus
2511 2638 2837 2711 occluderet.
2869 2638 3047 2693 Nostri
3079 2639 3255 2709 itaque
3282 2637 3442 2695 officii
3469 2654 3590 2696 esse

1985 2733 2240 2789 duximus
2279 2733 2457 2787 omnia
2492 2731 2613 2801 ejus
2648 2730 2867 2800 vestigia
2907 2729 3178 2801 persequi,
3223 2743 3285 2784 ac
3315 2745 3411 2801 pro
3449 2730 3589 2786 virili

1987 2838 2137 2901 parte
2158 2837 2362 2893 nostra,
2392 2827 2658 2897 solitoque
2680 2839 2829 2879 more
2847 2838 2910 2879 ea
2932 2824 3238 2888 enucleare.
3264 2838 3386 2893 qum
3409 2824 3590 2880 abillo

1987 2924 2055 2979 de
2073 2923 2305 2995 antiquis
2322 2920 2657 2978 etlmicornm
2685 2919 2911 2990 legibus,
2928 2931 3223 2989 earumque
3251 2919 3584 2985 auctoribus,

1987 3015 2365 3074 emendatione
2384 3023 2438 3071 et
2457 3014 2806 3084 abrogatione
2831 3012 3105 3083 speciatim
3131 3012 3320 3066 tradita
3346 3021 3491 3066 sunt.

2058 3110 2277 3165 Orditur
2304 3117 2483 3164 autem
2510 3107 2577 3162 ab
2604 3106 2973 3177 antiquissimo
2994 3104 3295 3175 legislature
3319 3103 3582 3176 Lycurgo,

281 3204 504 3271 candos,
538 3214 591 3259 et
615 3204 817 3271 audiet,
843 3218 948 3257 non
976 3204 1029 3257 vi
1058 3212 1149 3257 aut
1174 3203 1450 3258 coactione
1475 3218 1757 3271 corporea,
1791 3203 1885 3257 sed
1912 3202 1959 3270 ο
1990 3203 2142 3272 cujus
2166 3203 2321 3274 leges,
2351 3201 2541 3273 inquit,
2576 3216 2608 3253 η
2640 3198 3034 3254 Lacedtentoniia
3051 3198 3355 3264 emendator,
3391 3208 3587 3251 tantum

281 3296 651 3365 Spiritualibua
679 3296 874 3350 divinte
914 3294 1206 3365 Scriptum
1246 3296 1410 3348 armis
1443 3293 1731 3364 divinaque
1790 3310 1885 3348 an-

279 3388 663 3446 ctoritate..Ac
714 3403 775 3442 re
824 3386 1042 3457 quidem
1076 3401 1202 3441 vera
1248 3386 1361 3456 ipse
1404 3385 1770 3442 Tertullianus
1808 3388 1886 3442 sic

279 3481 626 3552 prosequitur
657 3494 673 3534 :
707 3479 772 3533 Et
802 3479 975 3549 utique
1001 3478 1126 3532 satis
1164 3478 1412 3548 optimum
1443 3476 1880 3549 prwjudicabitur,

280 3574 419 3645 quod
448 3571 746 3644 probabitur
768 3588 802 3625 a
844 3570 956 3643 Deo
993 3572 1320 3625 constitutum
1365 3579 1517 3641 atque
1553 3578 1882 3641 praceptunt.

281 3652 648 3739 QuamOhrem
694 3667 845 3723 hisce
888 3665 1056 3721 armis
1086 3666 1204 3720 illos
1247 3664 1318 3719 ibi
1362 3664 1589 3720 revincit
1627 3673 1683 3719 et
1728 3679 1887 3735 expu-

282 3772 435 3835 gnaL

361 3855 527 3913 Nobis
557 3868 686 3909 vero
710 3852 946 3924 adjicere
974 3854 1131 3910 liceat
1159 3866 1267 3908 non
1290 3851 1537 3908 eamdem
1563 3864 1682 3908 esse
1711 3851 1887 3908 haere-

281 3950 517 4005 ticorum
539 3964 603 4005 ac
626 3947 908 4020 gentilium
939 3947 1226 4002 rationem.
1258 3945 1531 4017 Quidquid
1559 3961 1791 4017 namque
1818 3946 1886 4001 de

283 4041 577 4110 haereticis,
624 4041 714 4111 qui
758 4055 947 4095 verum
980 4040 1146 4094 Deum
1176 4048 1534 4110 agnoverunt,
1566 4038 1661 4092 sed
1688 4038 1888 4093 errori-

282 4131 388 4188 bus
431 4132 833 4203 sceleribusque
870 4133 982 4187 suis
1011 4133 1079 4188 ab
1125 4130 1363 4188 Ecclesia
1404 4130 1738 4198 defecerunt,
1779 4140 1889 4186 sta-

286 4224 547 4279 tuentlum
576 4224 812 4289 dixeris;
844 4239 952 4280 non
992 4224 1115 4279 ideo
1154 4234 1331 4281 tamen
1358 4222 1612 4290 ethnicis,
1640 4233 1697 4277 ut
1737 4232 1887 4278 recte

282 4318 363 4373 ait
384 4315 776 4384 Tertullianus,
799 4316 882 4370 fas
900 4332 1140 4387 unquam
1182 4316 1280 4373 fuit
1299 4316 1623 4372 christianos
1648 4324 1886 4372 tarmen-

283 4412 357 4466 tis
387 4425 452 4465 ac
475 4409 802 4466 cruciatibus
826 4409 895 4463 ad
935 4409 1194 4464 falsorum
1222 4410 1444 4465 deorum
1488 4409 1767 4480 impellere
1794 4424 1888 4463 ve-

284 4486 643 4558 nerationem.
700 4500 888 4556 Nullus
942 4502 1086 4555 enim
1117 4502 1236 4556 sine
1291 4503 1500 4572 piaculo
1542 4503 1595 4556 in
1643 4515 1885 4556 errorem

1987 3297 2180 3350 auctori
2204 3312 2296 3349 suo
2323 3294 2514 3348 doloris
2539 3294 2876 3359 incusserunt,
2899 3301 2955 3344 ut
2974 3292 3026 3345 in
3047 3306 3243 3345 secessu
3262 3291 3433 3345 inedia
3453 3292 3516 3343 de
3536 3306 3589 3344 se

1986 3392 2095 3462 ipso
2122 3390 2443 3459 iudicaverit,
2483 3398 2573 3442 aut
2604 3398 2661 3443 ut
2695 3387 2818 3442 alibi
2846 3386 2966 3441 altis
2994 3386 3172 3441 verbis
3202 3384 3340 3440 idem
3384 3385 3589 3455 signifi-

1987 3482 2233 3538 cantibus
2250 3482 2402 3545 dixit,
2423 3479 2799 3551 aporarteresin
2818 3478 3007 3549 optavit
3029 3476 3272 3548 (Tertull.
3292 3476 3583 3550 Apologet.,

1986 3591 2103 3645 cap.
2136 3575 2194 3641 4,
2226 3592 2344 3646 pag.
2372 3573 2517 3640 9.86;
2549 3585 2595 3628 et
2619 3589 2734 3644 cap.
2769 3571 2864 3640 46,
2899 3588 3017 3643 pag.
3052 3569 3203 3643 512),
3232 3572 3332 3627 hoc
3358 3580 3461 3637 est,
3489 3586 3587 3628 vo-

1992 3668 2216 3723 luntaria
2244 3669 2383 3723 fame
2407 3677 2457 3723 et
2478 3667 2651 3723 inedia
2675 3675 2919 3722 mortuus
2945 3676 3046 3720 est.
3073 3666 3184 3721 Cur
3199 3674 3400 3733 autem,
3431 3665 3590 3722 obse-

1988 3774 2081 3817 cro
2109 3770 2177 3827 te,
2215 3763 2311 3815 has
2344 3761 2489 3832 leges
2514 3758 2902 3815 Lacedaemonii
2923 3750 3302 3819 ~ctnendavere.
3340 3760 3437 3814 nisi
3466 3761 3589 3830 quia

1987 3866 2081 3907 eas
2113 3851 2474 3922 imperfectas,
2502 3867 2600 3908 nec
2634 3852 2737 3906 sibi
2773 3851 2931 3907 utiles
2970 3859 3025 3906 et
3052 3852 3435 3908 convenientes
3469 3868 3591 3910 esse

1987 3945 2383 4002 arbitrabantur
2399 3946 2423 3999 τ
2439 3947 2507 4001 At
2526 3946 2816 4000 Pausanias
2837 3946 3112 4001 memoria:
3142 3932 3414 4001 mandavit
3433 3944 3595 4004 illum'

1990 4040 2043 4095 in
2081 4037 2364 4110 quemdam
2409 4038 2715 4110 confugisse
2758 4038 2955 4103 vicum,
3000 4039 3086 4094 cui
3132 4038 3345 4109 Alpium
3391 4055 3588 4097 nomen

1989 4141 2127 4199 erat,
2176 4144 2457 4204 postquam
2488 4134 2623 4188 alter
2651 4131 2839 4187 oculus
2870 4131 2923 4187 ei
2969 4145 3226 4188 excussus
3280 4130 3470 4188 fuisset
3519 4132 3590 4188 ab

1988 4227 2279 4293 Alcandro,
2324 4226 2410 4282 cui
2458 4228 2603 4297 leges
2642 4227 2760 4297 ejus
2805 4242 2909 4280 non
2960 4227 3270 4296 placuerunt
3307 4224 3586 4299 (Pansam,

1991 4321 2077 4375 lib.
2102 4318 2191 4387 ill,
2227 4336 2347 4391 pag.
2381 4319 2532 4388 100).
2558 4319 2803 4376 Valerius
2823 4334 2954 4377 vero
2984 4320 3243 4375 Maximus
3273 4319 3402 4375 illud
3437 4319 3592 4389 paulo

1990 4414 2160 4469 fusius
2188 4415 2374 4485 hisque
2395 4416 2574 4470 verbis
2599 4426 2815 4470 enarrat
2847 4434 2859 4471 :
2888 4414 3128 4488 Lycurgo
3162 4431 3322 4488 neque
3347 4418 3482 4487 leges
3508 4431 3593 4469 sn-

1991 4506 2222 4561 ltttariter
2245 4508 2542 4576 excogitata:
2570 4508 2762 4563 auxilio
2783 4524 2888 4563 esse
2913 4518 3203 4580 potuerunt,
3227 4508 3493 4577 quominus
3509 4508 3590 4562 in-

283 4595 599 4666 impellitnr,
622 4595 733 4649 imo
765 4608 895 4649 vero
915 4608 1017 4650 nec
1037 4593 1329 4649 inducitur.
1370 4595 1435 4650 At
1462 4595 1593 4650 nihil
1634 4595 1885 4665 prohibet
1911 4606 1965 4668 ι)
1991 4600 2145 4668 festos
2180 4599 2311 4652 ciues
2348 4600 2682 4670 erepet-iretur.
2717 4600 2867 4669 Strpe
2907 4602 3039 4655 enim
3079 4599 3335 4669 lapidibus
3385 4600 3589 4668 petitus,

283 4689 574 4761 quominus
598 4688 839 4744 haeretici
863 4687 1100 4760 legitima
1125 4688 1445 4743 auctoritate
1465 4689 1532 4743 ad
1555 4702 1698 4755 eam,
1721 4703 1882 4759 quant

283 4781 641 4854 reliquerunt,
670 4781 996 4837 reducantur
1018 4779 1323 4835 veritatem.

894 4907 1192 4951 Αιιτιευιυε
1229 4908 1287 4949 Π.

290 5012 459 5082 Quam
500 5010 689 5067 insulse
721 5011 909 5067 ethnici
934 5012 1005 5067 ad
1031 5012 1334 5085 torquendus
1362 5010 1705 5086 tollendosque
1733 5012 1888 5069 Chri-
1929 5028 1931 5031 '

318 5100 321 5101 ⁷
357 5109 549 5161 stianos
592 5105 864 5177 objicercnt
907 5123 961 5160 se
1000 5104 1298 5177 quibusdam
1358 5106 1720 5177 imperatorum
1769 5108 1889 5179 legi-

358 5195 451 5251 bus
482 5195 755 5269 adstringi,
797 5196 1206 5268 quandoquidem
1241 5196 1302 5250 ab
1342 5197 1404 5251 iis
1445 5198 1569 5268 ipsis
1611 5198 1890 5255 emendatae

360 5300 476 5345 sunt
516 5290 649 5363 leges
687 5289 948 5363 Lycurgi,
980 5292 1066 5360 qui
1108 5290 1296 5345 idcirco
1333 5289 1500 5346 inedia
1540 5301 1746 5347 mortem
1796 5292 1890 5347 sibi

361 5383 631 5451 conscivit,
670 5394 819 5454 atque
848 5383 966 5438 alia:
994 5400 1024 5435 α
1052 5381 1297 5439 Romanis
1322 5383 1594 5457 abrogatis,
1627 5403 1687 5439 ac
1709 5387 1889 5440 nomi-

364 5479 524 5533 natim
549 5475 729 5544 Juliw,
763 5475 966 5548 Papiaz,
998 5487 1047 5532 et
1073 5494 1185 5549 qua:
1209 5478 1452 5534 debitores
1482 5480 1533 5533 in
1564 5477 1692 5534 duas
1720 5489 1889 5552 partes

360 5572 522 5629 secari
541 5570 811 5643 jubebant,
835 5587 897 5626 ac
922 5586 1156 5642 quianam
1187 5572 1318 5645 leges
1347 5572 1451 5627 illa:
1479 5573 1693 5645 fuerint.

363 5707 554 5765 Nullus
577 5721 811 5778 unquam
840 5706 947 5763 ulla
969 5746 985 5774 ,
1021 5707 1122 5762 nisi
1151 5706 1484 5778 iniquissima
1519 5706 1637 5779 lege
1654 5747 1671 5775 ,
1698 5707 1766 5763 ad
1793 5705 1890 5765 fal-

1990 4693 2270 4765 aliquando
2295 4698 2470 4764 furore
2506 4694 2706 4763 publica
2736 4697 2921 4765 ejectus
2941 4736 2955 4761 ,
2987 4694 3136 4748 etiam
3164 4694 3391 4765 privatus
3420 4694 3588 4762 oculo,

1990 4786 2060 4839 ad
2087 4785 2322 4839 ultimum
2348 4785 2463 4855 ipsa
2506 4787 2676 4854 patria
2712 4786 2888 4855 pulsus
2928 4795 3002 4838 est
3031 4783 3177 4857 (Val.
3212 4782 3340 4840 Max
3369 4828 3384 4851 ,
3409 4784 3497 4840 lib.
3527 4783 3588 4851 ν,

1992 4895 2111 4949 cap.
2148 4880 2184 4935 5
2213 4921 2226 4946 ,
2254 4888 2413 4935 exter.
2449 4878 2477 4952 ᾗ
2507 4879 2591 4949 2).
2646 4877 2753 4936 Sed
2794 4888 3017 4950 uterque
3053 4880 3217 4936 tacuit
3255 4895 3362 4951 quo
3396 4880 3589 4937 mortis

1990 4985 2189 5044 genere
2216 4972 2379 5027 vitam
2411 4970 2506 5027 ille
2548 4971 2766 5026 finierit.
2808 4969 3054 5027 Elianus
3097 4973 3452 5031 vero.scribit
3490 4973 3588 5043 illi,

1992 5079 2113 5121 cum
2136 5064 2575 5121 laeedaemonios
2590 5063 2794 5135 justitia
2819 5062 3057 5119 imbuere
3079 5063 3356 5132 voluisset,
3376 5075 3589 5121 erutum

1993 5157 2208 5230 quidem
2247 5157 2485 5223 oculum,
2506 5165 2597 5212 aut
2625 5171 2692 5213 ex
2731 5156 2937 5211 insidiis
2957 5156 3101 5227 jactu
3142 5158 3354 5228 lapidis,
3385 5159 3592 5214 antba—

1994 5251 2099 5305 culi
2153 5251 2260 5305 ictu
2293 5252 2311 5321 (
2350 5246 2583 5316 Etiam,
2617 5249 2705 5304 lib.
2738 5246 2857 5304 XIII
2916 5248 3063 5316 Van,
3093 5265 3208 5320 cap.
3241 5250 3358 5321 25),
3401 5266 3589 5321 quem-

1995 5343 2283 5399 admodum
2312 5359 2342 5398 a
2367 5343 2530 5399 variis
2551 5343 2900 5413 scriptoribus
2927 5343 3192 5413 proditum
3222 5345 3411 5401 fuerat.
3434 5345 3590 5413 Quod

1991 5450 2121 5491 vero
2140 5435 2207 5491 ad
2247 5450 2360 5491 rem
2390 5445 2632 5491 nostram
2662 5436 2830 5507 magis
2854 5434 3018 5504 facit,
3058 5445 3246 5492 testem
3279 5437 3591 5494 nominatim

1991 5528 2123 5585 citat
2152 5529 2449 5601 Ephorum,
2479 5528 2570 5599 qui
2596 5543 2720 5584 eum
2753 5529 2804 5583 in
2831 5529 3020 5585 exsilio
3048 5527 3191 5585 fame
3220 5530 3442 5600 periisse
3473 5546 3593 5601 per-

1994 5620 2160 5676 hibet.
2195 5620 2300 5678 Sed
2328 5621 2401 5677 ibi
2427 5621 2517 5677 ille
2546 5636 2652 5677 non
2681 5621 2813 5677 dixit
2856 5631 3033 5679 utrum
3062 5623 3180 5680 haec
3218 5624 3389 5679 fames
3409 5625 3592 5680 volun-

1997 5714 2129 5770 taria
2158 5704 2334 5771 fuerit.
2376 5713 2735 5783 Quamobrem
2780 5714 2983 5769 Auctor
3022 5724 3208 5771 noster
3236 5715 3468 5786 pressius
3508 5728 3582 5770 se

290 5817 416 5862 sum
462 5801 694 5873 aliquem
740 5799 903 5857 deum
945 5799 1231 5858 colendum
1282 5801 1541 5875 adstringi
1584 5812 1779 5875 potest.
1822 5805 1893 5863 At
1996 5806 2178 5877 quitur
2219 5806 2587 5875 Plutarchum,
2625 5805 2716 5877 qui
2750 5805 2953 5867 diserte
2975 5807 3161 5865 scribit
3195 5807 3346 5864 illum
3375 5806 3587 5880 jureju-
