4076 6356
478 266 579 328 991

1516 328 1519 331 ,
1550 268 1616 325 ΙΝ
1654 260 2123 325 TERTULLIANI
2160 261 2695 327 APOLOGETICUM

3674 264 3843 326 99S

477 391 647 449 rando
675 403 850 463 reges,
892 394 1133 445 senatum
1163 399 1228 443 ac
1265 385 1410 443 cives
1445 385 1818 447 obstrinxisse.
1850 383 1966 439 fore
2015 388 2075 438 ut
2098 381 2150 442 A
2177 392 2395 439 coactus
2412 394 2514 441 est.
2534 384 2692 441 Addit
2714 398 2875 457 porro
2895 383 3188 443 Suetonius
3219 401 3234 441 :
3261 383 3390 444 Cum
3417 385 3839 443 immaturitate

464 485 631 556 leges
654 484 771 555 ejus
798 479 988 538 sedqu
1015 479 1387 546 observarent,
1426 478 1599 535 donec
1628 477 1847 548 Delphis
1877 474 2078 531 rediret
2178 491 2506 547 sponsarum,
2562 487 2609 532 et
2645 478 3087 533 matrimoniorum
3127 477 3304 533 crebra
3343 479 3646 542 mutatione,
3683 479 3833 532 vim

481 575 801 645 (Plutarch.,
830 572 930 638 t.I,
958 573 1012 626 in
1040 569 1157 627 Vita
1193 569 1438 643 Lycurg.,
1467 590 1520 643 p.
1549 572 1661 642 57).
1688 570 1765 626 Ne
1780 579 1956 625 autem
1986 581 2077 622 sa-

481 666 744 723 cramenti
771 667 1028 737 religione
1058 665 1401 721 solverentur
1423 705 1441 733 ,
1472 672 1767 727 irtlsbrnnv
1806 667 2078 735 ἀποκαρτε-

480 772 649 830 piam,
669 767 875 813 mortem
893 757 988 812 sibi
1007 757 1178 812 inedia
1195 757 1453 812 conscivit.
1473 756 1579 813 Sed
1604 756 1654 812 id
1679 771 1783 812 non
1813 755 2083 825 prohibuit

482 853 769 924 quominus
799 851 1193 909 Lacedaemonii
1225 867 1381 907 suum
1428 867 1531 906 non
1575 852 1736 906 modo
1778 845 2083 905 sacramen-

484 950 619 1010 tum,
641 942 736 1000 sed
781 943 923 999 illius
947 943 1108 999 etiam
1138 942 1284 1013 leges
1313 943 1616 1013 spreverint
1647 951 1701 997 et
1729 941 2078 998 aboleverint.

554 1036 636 1092 Ad
664 1036 937 1091 Romanos
964 1035 1193 1092 subinde
1218 1037 1421 1091 Auctor
1452 1047 1637 1091 noster
1670 1034 1814 1090 venit
1839 1076 1854 1102 ,
1886 1048 2087 1105 eosque

486 1127 570 1183 bis
590 1128 875 1198 compellat
891 1128 1068 1184 verbis
1092 1144 1105 1184 :
1131 1125 1319 1182 Nonne
1344 1138 1389 1181 et
1413 1144 1499 1182 vos
1520 1127 1756 1198 quotidie,
1778 1127 2089 1196 experimen-

490 1224 554 1277 tis
591 1222 1000 1277 illuminantibus
1030 1222 1257 1277 tenebras
1300 1222 1649 1292 antiquitatis,
1695 1220 1745 1276 id
1780 1231 1863 1277 est
1900 1221 2085 1291 (expe-

489 1315 683 1372 rientia
716 1326 891 1371 vestra
921 1315 1142 1389 edocti),
1177 1325 1332 1371 totam
1354 1316 1498 1371 illam
1526 1326 1737 1370 veterem
1757 1324 1804 1368 et
1827 1314 2088 1385 squallen-

492 1420 590 1466 tem
617 1410 834 1483 syluam,
873 1402 987 1488 sive
1016 1411 1276 1465 infinitam
1319 1420 1374 1466 et
1414 1410 1694 1465 obscuram
1733 1417 1974 1465 veterum
2009 1409 2090 1463 le-

490 1518 616 1575 gum
646 1502 1061 1570 multitudinem,
1094 1504 1236 1557 novis
1267 1503 1633 1575 principalium
1662 1502 2018 1570 rescriptorum
2044 1508 2093 1554 et

495 1594 774 1649 edictorum
798 1595 1082 1659 securibus,
1120 1595 1233 1650 sive
1265 1595 1418 1649 novis
1458 1593 1753 1663 principum
1796 1592 2090 1662 rescriptis,

493 1685 733 1758 truncatis
754 1696 802 1740 et
827 1686 1019 1741 cteditis
1043 1686 1282 1757 (Tertull.
1309 1687 1598 1758 Apologct.,
1628 1703 1744 1756 cap.
1777 1687 1831 1749 4,
1860 1703 1914 1757 p.
1937 1684 2090 1756 286).

2182 570 2306 640 legis
2331 571 2470 626 eludi
2511 573 2735 640 sentiret,
2778 583 2976 645 tempus
3001 589 3215 644 sponsas
3244 571 3463 627 habendi
3480 571 3829 637 coarctavil,

2182 664 2408 721 diuortiis
2454 667 2660 722 modum
2701 667 2941 740 imposuit
2988 665 3174 742 (Suet.
3207 667 3387 741 ibid.).
3432 666 3627 724 Nonne
3654 682 3831 723 vero

2186 757 2268 813 Itis
2305 760 2484 815 verbis
2512 802 2527 825 ,
2580 760 2943 817 immaturitate
2991 778 3327 831 sponsarum,
3372 761 3550 841 colligi
3608 769 3831 832 potest

2185 860 2407 922 propter
2459 853 2856 909 multitudinem
2909 870 3131 922 eorum,
3190 854 3277 926 qui
3331 853 3485 910 bellis
3533 852 3828 909 civilibus

2187 945 2415 1016 aliisque
2434 956 2590 1002 antea
2610 948 2859 1003 exsdncti
2889 946 3119 1011 fuerant,
3151 956 3408 1002 statutum
3438 961 3563 1002 esse
3587 944 3661 1000 ab
3691 946 3827 1000 im-

2188 1048 2438 1108 peratore
2468 1040 2722 1116 Augusto,
2760 1050 2815 1095 ut
2850 1041 3086 1112 virgines
3110 1082 3124 1107 ,
3157 1041 3319 1095 etiam
3369 1038 3607 1095 nondum
3657 1040 3825 1094 satis

2190 1128 2381 1185 adultae
2424 1139 2480 1186 et
2516 1132 2632 1187 viro
2687 1142 2931 1200 malum,
2979 1132 3260 1188 nuberent.
3311 1131 3367 1188 Si
3412 1141 3591 1188 autem
3640 1133 3689 1187 is
3730 1132 3824 1187 sit

2189 1221 2429 1279 Suetonii
2448 1240 2641 1281 sensus
2663 1268 2676 1291 ,
2708 1226 2793 1282 hic
2812 1226 3122 1281 Tertulliani
3145 1242 3264 1283 esse
3286 1226 3497 1282 videtur
3518 1242 3532 1280 :
3557 1226 3822 1296 Poppn'a

2193 1310 2310 1387 lege
2337 1315 2620 1385 sancitum,
2656 1328 2713 1373 ut
2740 1319 2975 1390 virgines
3003 1335 3065 1375 ea
3094 1319 3291 1389 jnniori
3324 1328 3483 1374 mtate
3515 1319 3569 1373 in
3596 1318 3818 1374 matri-

2193 1407 2430 1463 monium
2457 1409 2869 1478 collocarentur,
2897 1421 3182 1482 antequam
3211 1411 3338 1466 illud
3367 1412 3485 1483 lege
3499 1408 3638 1467 Julia
3661 1425 3821 1467 con-

2195 1499 2407 1556 trahere
2420 1502 2738 1571 potuissent.
2756 1500 2822 1557 Et
2840 1518 2966 1558 vero
2982 1520 3049 1558 ex
3066 1503 3235 1559 Dione
3249 1502 3819 1559 discimusabcodem

2197 1597 2435 1665 Angusto
2455 1594 2745 1658 decretum,
2779 1604 2833 1649 ut
2875 1596 3049 1666 pactio
3092 1595 3351 1666 nuptialis
3372 1596 3519 1652 irrita
3542 1606 3715 1662 esset.
3758 1596 3817 1652 si

2198 1689 2396 1760 nuptiae
2447 1687 2586 1743 ultra
2639 1687 2912 1743 bienniqu
2968 1687 3332 1755 differrentur,
3384 1687 3434 1743 id
3474 1697 3577 1755 est,
3621 1687 3821 1757 inquit

496 1757 790 1848 ln'Rigaltii
822 1788 1000 1834 autem
1045 1788 1101 1833 et
1139 1779 1339 1833 secutis
1365 1778 1691 1834 editionibus
1710 1818 1725 1842 ,
1753 1778 1962 1832 rustatis
1984 1818 1999 1843 ,
2041 1785 2087 1831 et
2114 1780 2165 1841 B
2194 1757 2331 1838 idem
2364 1780 2518 1846 Dion,
2546 1788 2606 1835 ut
2634 1795 2696 1834 ea
2725 1780 2897 1852 virgo,
2922 1795 3083 1850 quam
3111 1781 3232 1851 quis
3272 1762 3612 1851 despondere
3643 1781 3818 1836 vote-

493 1867 724 1932 mediiis;
760 1867 852 1923 sed
890 1885 995 1939 qua
1030 1871 1367 1934 auctoritate,
1398 1885 1496 1925 nec
1537 1869 1627 1925 ille
1664 1869 1817 1936 dixit,
1859 1883 1960 1925 nec
1990 1882 2089 1925 nos

493 1958 638 2015 aliud
683 1960 822 2015 scire
851 1975 1158 2030 pessumus,
1193 1963 1293 2016 nisi
1336 1961 1474 2018 banc
1511 1962 1794 2017 lectionem
1842 1959 2092 2016 omnibus

496 2069 797 2126 repugnare
822 2055 1119 2120 codicibus,
1148 2066 1307 2127 atque
1334 2056 1453 2126 ipsi,
1479 2070 1638 2126 quem
1668 2054 1759 2110 ille
1783 2068 1893 2125 prie
1922 2054 2093 2109 mani-

496 2146 598 2201 bus
620 2146 871 2211 habebat,
895 2148 1187 2217 cxemplari
1217 2148 1470 2204 Puteano.
1499 2146 1610 2204 Nos
1632 2157 1807 2203 tamen
1832 2161 1938 2202 non
1966 2147 2096 2203 latet

496 2253 525 2291 a
573 2237 905 2295 Tertulliano
933 2241 1061 2295 alibi
1089 2242 1346 2312 scriptum
1378 2258 1391 2296 :
1423 2238 1603 2297 Colere
1633 2241 1825 2307 omnia,
1856 2256 2092 2307 runcare,

495 2342 644 2403 atque
670 2344 867 2388 rustarc
895 2334 1110 2389 instituit
1133 2350 1153 2399 ,°
1181 2346 1233 2389 ut
1261 2335 1378 2389 inde
1405 2334 1539 2389 velut
1566 2350 1629 2389 ea:
1658 2333 1874 2389 surculis
1897 2343 1943 2387 et
1971 2348 2094 2402 pro-

498 2428 764 2499 paginibus
793 2429 969 2500 populi
996 2430 1059 2484 de
1090 2430 1314 2501 populis,
1346 2428 1494 2485 urbes
1526 2428 1590 2483 de
1614 2427 1837 2494 urbibus,
1866 2444 1955 2496 per
1977 2426 2094 2481 ubi-

496 2536 593 2591 que
640 2522 774 2577 orbis
821 2517 1161 2595 pangerentur
1227 2526 1244 2587 (
1265 2521 1429 2578 Idem.
1492 2523 1583 2578 lib.
1647 2523 1710 2578 de
1752 2521 1913 2586 Pall.,
1973 2537 2091 2591 cap.

498 2611 600 2684 2).
651 2612 758 2671 Sed
806 2615 890 2669 cui
959 2628 1190 2685 unquam
1266 2616 1416 2671 licuit
1478 2616 1699 2672 verbum
1764 2616 1978 2685 aliquod
2029 2629 2094 2669 ex

502 2718 608 2757 uno
631 2706 869 2759 auctoris
910 2705 1048 2761 libro
1072 2708 1124 2761 in
1160 2708 1322 2762 alium
1369 2718 1553 2762 contra
1584 2706 1827 2763 codicum
1858 2707 2098 2763 omnium

500 2796 937 2853 reclamationem
984 2800 1318 2858 transferre?
1347 2804 1574 2869 Quoquo
1616 2809 1795 2856 autem
1829 2800 1989 2857 modo
2018 2800 2098 2855 le-

499 2905 615 2962 gas,
641 2892 771 2946 satis
786 2888 1003 2962 apertus
1026 2896 1376 2950 estAttctoris
1406 2893 1573 2950 nostri
1604 2909 1797 2950 sensus
1828 2913 1841 2949 :
1867 2895 2099 2951 horren-

502 2992 607 3037 tem
631 2992 871 3039 veterum
900 2984 1075 3057 legum
1104 2986 1306 3059 sylvant
1331 2986 1484 3042 novis
1512 2995 1859 3058 expurgatam
1885 3001 2099 3043 reseca-

503 3088 719 3151 tamque
747 3079 911 3137 fuisse
940 3082 1239 3153 principum
1269 3080 1461 3137 edictis
1488 3124 1502 3142 .
1545 3082 1740 3152 quibus
1769 3081 1938 3152 plura,
1986 3090 2102 3136 tan-

2192 1874 2304 1941 bat,
2347 1873 2532 1930 decem
2573 1888 2743 1929 annos
2769 1882 2889 1927 nata
2938 1882 3112 1938 esset,
3158 1882 3212 1928 et
3254 1874 3456 1943 nuptiae
3500 1889 3605 1929 non
3651 1874 3815 1930 ultra

2194 1973 2464 2029 biennium
2494 1978 2910 2041 prorogarentur
2936 1967 3145 2037 (Diom,
3170 1967 3257 2022 lib.
3277 1966 3389 2024 LlV
3414 1967 3564 2023 Rom.
3588 1966 3815 2021 Hister.

2198 2082 2318 2136 pag.
2374 2062 2523 2135 609).
2558 2061 2716 2132 Atqui
2752 2060 2796 2117 si
2840 2060 3011 2130 puella
3040 2059 3252 2115 decimo
3280 2059 3456 2115 aetatis
3495 2073 3608 2115 sua:
3652 2074 3816 2114 anno

2194 2155 2532 2227 despondere
2560 2163 2615 2210 et
2645 2155 2849 2208 nubere
2878 2161 3107 2224 poterat,
3142 2161 3253 2206 tum
3292 2165 3422 2223 ergo
3452 2150 3592 2206 filios
3620 2152 3813 2207 susci-

2200 2263 2346 2319 pere,
2381 2247 2455 2301 ttti
2483 2248 2558 2301 ait
2581 2244 2969 2310 Tertullianus,
2999 2243 3313 2316 cogebatur,
3345 2258 3465 2313 qua:
3490 2243 3609 2313 lege
3627 2241 3811 2309 Julia,

2198 2338 2596 2395 matrimonium
2627 2352 2771 2393 anno
2798 2351 2899 2392 suo
2928 2346 3133 2391 tantum
3162 2334 3484 2392 duodecimo
3513 2334 3653 2391 inire
3692 2350 3802 2406 po-

2200 2441 2354 2489 terat.
2393 2430 2544 2498 Vide,
2595 2431 2642 2486 si
2695 2431 2890 2501 placet,
2922 2427 3237 2486 Gothofredi
3283 2426 3612 2500 (Gothofred.
3664 2427 3805 2483 Cod.

2199 2524 2454 2581 Tlteodos.
2492 2543 2544 2595 p.
2566 2523 2676 2580 226
2706 2532 2752 2578 et
2777 2524 2941 2594 seqq.)
2980 2532 3036 2578 et
3076 2522 3302 2578 aliorum
3337 2562 3353 2587 ,
3386 2521 3439 2579 in
3470 2520 3684 2577 tertiam
3732 2520 3809 2576 de

2199 2616 2538 2690 sponsalibus
2560 2616 2756 2687 legem,
2780 2614 3157 2670 annotationes
3177 2630 3190 2680 ;
3214 2620 3269 2669 et
3291 2612 3558 2683 expende,
3587 2625 3805 2683 quaeso,

2201 2718 2381 2765 utrum
2426 2708 2576 2774 haec,
2619 2718 2711 2763 aut
2759 2706 2863 2762 alia
2905 2705 3190 2777 quadam,
3236 2719 3397 2777 quam
3445 2705 3803 2775 excogitabis,

2201 2804 2488 2860 verborum
2531 2800 2847 2858 Tertulliani
2895 2798 3271 2870 interpretatio
3310 2797 3404 2853 tibi
3450 2796 3621 2869 magis
3662 2797 3809 2852 arri-

2201 2896 2345 2953 deat.
3013 2880 3029 2889 ”

2277 2987 2502 3043 Dubium
2542 2996 2720 3042 antem
2761 3000 2881 3041 esse
2919 2999 3024 3039 non
3062 2992 3256 3055 potest;
3281 2982 3408 3055 quin
3434 2981 3664 3039 Severus
3693 2982 3803 3036 im-

2206 3087 2420 3151 perator
2442 3078 2587 3132 illam
2607 3078 2881 3147 utriusque
2901 3075 3052 3132 Julia:
3081 3084 3137 3131 et
3164 3074 3408 3145 Poppaea:
3430 3073 3564 3145 legis
3592 3083 3803 3144 partem

501 3189 659 3243 quam
688 3177 861 3229 noxiae
879 3175 1085 3245 herbae,
1109 3175 1292 3232 evulsa
1311 3184 1453 3231 sunt.
1477 3174 1697 3231 Frustra
1719 3176 1878 3245 igitur
1896 3175 2096 3232 ethnici

2207 3172 2575 3243 abrogaverit,
2621 3179 2939 3240 tempusque
2985 3168 3373 3239 assignaverit,
3416 3182 3524 3238 quo
3566 3167 3807 3238 virgines

506 3268 668 3323 tantis
693 3268 1019 3326 clamoribus
1040 3285 1258 3325 suarum
1284 3270 1336 3325 in
1358 3268 1692 3325 Christianos
1717 3270 1890 3341 legutn
1914 3278 2101 3325 aucto-

503 3361 713 3418 ritatetn
745 3361 1114 3419 venditabant.
1204 3418 1207 3421 ,

574 3455 655 3511 Ad
707 3457 758 3511 id
802 3467 977 3514 autem
1018 3458 1194 3514 adhuc
1236 3457 1716 3515 demonstrandum
1766 3458 2106 3514 continenter

503 3548 867 3606 Tertulliath
890 3550 1086 3622 adjecit
1116 3567 1130 3606 :
1173 3550 1359 3606 Nonne
1397 3552 1696 3607 vanissimas
1727 3550 1920 3622 Papias
1950 3553 2103 3623 leges,

503 3658 618 3714 qua:
652 3653 771 3698 ante
798 3643 981 3699 liberos
1009 3645 1201 3714 suscipi
1240 3655 1445 3717 cogunt,
1475 3662 1627 3716 quam
1663 3643 1823 3699 Julia:
1848 3647 2108 3699 matrimo-

506 3735 646 3789 niunt
680 3738 937 3802 contrahi,
978 3748 1092 3807 post
1128 3747 1283 3793 tanta:
1319 3738 1636 3792 auctoritatis
1674 3747 1972 3791 senectutem
1999 3737 2110 3792 lteri

511 3826 731 3882 Severus
756 3830 1196 3884 constantissimus
1215 3830 1503 3899 principum
1520 3830 1731 3884 exclusit
1758 3828 1950 3903 (Idem,
1971 3830 2111 3896 Apa-

508 3919 686 3991 loget.,
729 3937 846 3992 cap.
874 3921 931 3986 4,
960 3939 1016 3994 ρ.
1043 3920 1152 3977 286
1189 3931 1234 3976 et
1258 3920 1426 3994 seq.)?
1453 3922 1653 3993 Aperte
1692 3931 1869 3977 autem
1915 3921 1986 3976 ibi
2019 3921 2110 3976 ille

508 4013 668 4069 docet
698 4013 794 4069 has
815 4013 985 4070 Julius
1012 4014 1159 4085 leges
1190 4013 1369 4084 Pa‘piis
1390 4013 1721 4078 emendatas,
1740 4012 1835 4068 sed
1859 4023 2110 4083 utrasque

508 4105 795 4176 abrogatas
825 4106 894 4162 ab
925 4107 1256 4178 imperatore
1285 4105 1510 4160 Severo.
1548 4106 1721 4161 Variae
1756 4115 1933 4160 autem
1958 4113 2111 4160 erant

510 4195 668 4251 Julia:
707 4197 873 4267 leges,
916 4212 1040 4268 quae
1084 4213 1114 4251 a
1157 4196 1298 4252 Julio
1341 4196 1554 4252 Caesare
1604 4196 1676 4251 ita
1720 4196 2111 4267 cognominatae

511 4298 658 4343 sunt.
701 4288 880 4359 Papiis
926 4305 1052 4344 vero
1099 4303 1197 4345 seu
1228 4290 1402 4358 potius
1445 4288 1686 4359 l'oppatis
1728 4304 1922 4342 nomen
1952 4287 2112 4344 dede-

512 4388 641 4435 runt
666 4380 861 4451 Papius
908 4389 961 4435 et
1004 4381 1267 4451 Poppaeus
1315 4380 1563 4436 consules
1614 4381 1835 4451 Augusti
1884 4379 2113 4437 Caesaris

515 4482 756 4540 tempore
794 4472 1021 4529 sull'ecti.
1077 4473 1272 4530 Juliam
1319 4489 1448 4530 vero
1491 4475 1662 4544 legem
1707 4475 1770 4529 de
1810 4474 2111 4529 maritandis

2208 3275 2414 3320 matura
2448 3273 2606 3319 astate
2647 3263 2929 3318 nnbercnt.
2954 3260 3089 3317 Nam
3116 3261 3168 3316 id
3197 3259 3556 3316 Tertullianus
3584 3260 3716 3326 lteri,
3750 3257 3808 3315 id

2208 3367 2312 3422 est,
2340 3372 2438 3411 suo
2468 3365 2709 3427 tempore
2751 3357 2944 3410 laetum
2979 3368 3099 3410 esse
3122 3362 3416 3409 asseverat.
3443 3352 3708 3408 Prmterea
3736 3369 3805 3408 ex

2211 3449 2473 3505 Martiano
2512 3448 2769 3504 discimus
2809 3447 3008 3518 aliquid
3032 3447 3085 3503 in
3120 3445 3498 3518 legihusJuliis
3523 3445 3592 3500 ab
3612 3445 3808 3503 eodem

2211 3541 2417 3598 Severo
2459 3541 2801 3597 emendatum
2845 3538 2998 3613 (Lib.
3030 3538 3199 3595 XXIII
3251 3537 3450 3612 Digest.
3490 3540 3571 3594 tit.
3598 3540 3637 3595 2
3658 3581 3674 3603 ,
3703 3539 3807 3611 leg.

2212 3636 2280 3692 l9
2304 3636 2344 3704 ).
2378 3634 2513 3689 Alibi
2558 3648 2682 3689 vero
2716 3633 3046 3687 ostendimus
3084 3631 3257 3703 (Tom.
3279 3631 3303 3687 Ι
3326 3633 3579 3702 Apparat.
3604 3629 3808 3699 lib.lIl,

2212 3728 2411 3783 dissert.
2454 3726 2508 3791 2,
2550 3742 2665 3796 σαι).
2697 3726 2785 3790 18,
2817 3734 2916 3779 art.
2947 3726 3001 3788 5,
3053 3744 3103 3795 p.
3147 3725 3309 3795 U55)
3354 3724 3560 3779 ablatas
3585 3723 3753 3780 fuisse
3776 3739 3811 3780 a

2211 3820 2564 3877 Censtantino
2586 3818 2774 3890 Magno
2794 3831 3000 3888 poenas,
3029 3833 3147 3888 quin
3166 3815 3250 3871 his
3276 3816 3429 3871 Juliis
3456 3802 3812 3887 Ptippmisqne

2213 3914 2419 3985 legibus
2437 3920 2621 3968 contra
2652 3911 2866 3968 caelibes
2911 3917 2966 3965 et
2999 3909 3160 3967 orbos
3184 3908 3416 3965 decreta:
3442 3908 3673 3965 fuerant.
3695 3906 3808 3966 Sed

2216 4004 2300 4060 Ιιω
2326 4003 2637 4059 Tertulliani
2668 4006 2833 4058 nostri
2862 4012 3103 4072 tempore
3128 4000 3452 4071 pesteriores
3477 4010 3620 4056 sunt.
3722 3998 3723 4001 “

2288 4099 2527 4167 Denique
2548 4095 2809 4167 Rigaltius
2834 4095 3085 4164 opinatur
3121 4093 3281 4149 hasce
3304 4093 3450 4164 leges
3478 4091 3599 4149 ideo
3622 4091 3813 4148 vanis-4

2215 4192 2380 4247 simas
2401 4205 2428 4244 a
2447 4188 2777 4245 Tertulliano
2799 4186 3091 4258 appellari,
3120 4187 3241 4256 quia
3266 4186 3329 4240 de
3339 4186 3461 4254 ﬁliis
3476 4184 3816 4257 suscipiendis

2216 4283 2440 4355 cogitare
2492 4298 2593 4336 non
2649 4279 2897 4334 immerito
2949 4295 3134 4333 uanum
3186 4267 3511 4349 stultamque
3553 4278 3819 4333 uidebatur

2218 4372 2539 4441 Christianis,
2554 4373 2706 4443 linem
2734 4372 3034 4454 sucularum
3061 4372 3249 4425 instare
3267 4367 3608 4434 credentibus,
3630 4379 3678 4423 et
3699 4371 3816 4423 vita

2219 4468 2449 4524 mortalis
2483 4469 2535 4522 in
2570 4477 2814 4521 (sternam
2839 4464 3213 4520 commutanda
3255 4462 3508 4517 desideria
3551 4462 3821 4532 suspiran-

516 4564 778 4619 ordmibus
804 4582 835 4620 a
866 4564 1199 4621 Tertulliano
1224 4566 1489 4638 designari
1519 4584 1706 4624 otttnes
1736 4567 1893 4624 facile
1914 4582 2110 4623 conce-
2138 4575 2193 4639 ι)
2219 4567 2368 4621 tibus.
2404 4561 2511 4618 Sed
2543 4560 2771 4615 vidimus
2796 4558 3016 4612 eosdem
3041 4556 3377 4611 Christianos
3412 4554 3600 4610 solitus
3649 4553 3821 4611 fuisse

520 4655 672 4710 dunt.
698 4656 899 4712 Verum
921 4659 1194 4729 qttntnndo
1225 4658 1385 4729 Papia
1411 4659 1492 4714 lex
1511 4660 1747 4729 coegerit
1768 4660 1965 4715 liberos
1989 4669 2114 4714 ante

517 4748 737 4818 suscipi,
783 4763 941 4817 quam
994 4749 1076 4803 lex
1107 4749 1242 4804 Julia
1277 4750 1500 4820 jusserit
1541 4753 1940 4806 matrimonium
1985 4768 2115 4807 con-

519 4842 683 4909 trahi,
713 4842 976 4898 llcraldus
1004 4858 1064 4899 se
1095 4860 1203 4898 non
1232 4845 1365 4899 satis
1395 4845 1690 4914 intelligere
1722 4844 1965 4917 (Herald.
2003 4856 2110 4901 not.

518 4936 570 4990 in
602 4934 869 5013 Tertull.),
895 4946 949 4992 et
967 4939 1231 4994 Antonius
1248 4938 1576 5009 Augustinus
1603 4938 1703 4993 sibi
1727 4952 1848 4993 esse
1868 4937 2112 5008 incogni-

520 5040 632 5087 tum
684 5033 825 5089 ultro
855 5031 1088 5088 fatentur
1115 5034 1357 5105 (August.
1406 5031 1496 5088 lib.
1529 5030 1594 5086 de
1635 5030 1809 5102 legib.,
1857 5047 1974 5102 cap.
2001 5030 2115 5104 t8).

520 5126 586 5182 At
614 5141 744 5182 sane
770 5137 981 5182 constat
1007 5142 1124 5182 eam
1155 5126 1348 5182 Juliam
1388 5126 1584 5197 legem,
1630 5125 1703 5179 uti
1739 5124 1871 5178 Dion
1905 5112 2116 5193 (Diom,

522 5219 610 5276 lib.
638 5218 706 5273 ιν
730 5217 883 5274 Rom.
907 5217 1128 5285 Histor.,
1148 5236 1204 5291 p.
1221 5218 1377 5286 256),
1397 5218 1677 5276 Cornelius
1693 5217 1910 5273 Tacitus
1926 5216 2119 5287 (Tacit.

523 5310 610 5365 lib.
668 5309 730 5365 ill
779 5309 970 5365 Annal.
1013 5322 1130 5365 ante
1168 5310 1352 5384 med.).
1403 5320 1457 5366 et
1501 5311 1791 5366 Suetonius
1841 5310 2124 5381 perhibent

527 5404 767 5475 (Sueten.
800 5404 853 5457 in
895 5401 1010 5457 Vita
1044 5405 1284 5476 August.,
1313 5403 1341 5477 §
1370 5403 1486 5477 54),
1524 5404 1594 5460 ab
1636 5405 1874 5477 Angusto
1908 5403 2121 5462 Ctesare

524 5498 790 5565 severius,
816 5513 976 5569 quam
1006 5499 1158 5565 alias,
1189 5499 1351 5554 fuisse
1373 5508 1735 5556 retractatum.
1764 5499 1896 5554 Nam
1926 5511 2121 5571 praeter

525 5591 743 5659 przemia
795 5591 858 5648 iis
910 5590 998 5663 qui
1041 5591 1241 5647 liberos
1284 5603 1632 5663 susceperant
1680 5594 1948 5663 preposita
1976 5634 1991 5657 ,
2034 5593 2121 5649 ille

527 5686 802 5755 graviores
862 5687 1099 5756 innuptis
1151 5697 1206 5742 et
1251 5687 1529 5744 czrlibibus
1582 5702 1770 5757 ptenas
1822 5685 2120 5751 indixerat,

527 5793 659 5849 quas
685 5778 898 5850 deinde,
920 5789 1138 5852 propter
1165 5782 1523 5840 recusantium
1547 5781 1852 5851 tumultum,
1876 5779 2124 5852 mitigare

2223 4672 2319 4727 pro
2350 4654 2507 4724 hujus
2537 4652 2656 4707 finis
2686 4666 2835 4706 mora
2869 4648 3168 4720 deprecari.
3207 4647 3374 4703 Nobis
3418 4647 3577 4718 igitur
3607 4646 3820 4705 facilius

2222 4750 2529 4822 probabitur
2545 4747 2670 4802 illud
2692 4746 2761 4801 ab
2776 4748 3012 4801 Auctore
3037 4752 3226 4798 nostro
3246 4741 3449 4797 dictum
3474 4739 3640 4797 fuisse
3659 4743 3827 4824 casti-

2222 4845 2343 4898 tatis
2362 4856 2425 4897 ac
2446 4840 2763 4912 virginitatis
2784 4838 2985 4904 studio,
3011 4851 3144 4908 quas
3167 4834 3631 4908 quidem-virtutes
3656 4833 3822 4889 Chri-

2221 4934 2379 4989 stiani
2409 4944 2556 4988 tanto
2581 4932 2777 4988 ardore
2805 4931 3074 4991 colebant,
3105 4939 3305 5000 quanto
3327 4943 3420 4983 eas
3457 4928 3685 4999 gentiles
3731 4928 3828 4985 de-

2222 5027 2426 5099 spectui
2460 5026 2720 5081 habebant
2751 5033 2807 5079 et
2829 5022 3309 5094 adspernabantnr.

2296 5123 2430 5177 Tum
2459 5121 2659 5178 dehinc
2683 5117 3048 5175 Tertullianus
3067 5115 3407 5173 continenter
3427 5108 3777 5186 prosequitur
3808 5134 3826 5171 :

2224 5215 2490 5270 Judicatos
2538 5224 2672 5268 retro
2718 5212 2772 5265 in
2819 5219 2986 5279 partes
3025 5209 3187 5262 secari
3229 5225 3262 5261 a
3310 5206 3645 5262 creditoribus
3690 5206 3830 5280 leges

2226 5316 2389 5362 erant.
2422 5305 2679 5360 Consensu
2720 5312 2888 5356 tamen
2916 5300 3122 5373 publica
3152 5299 3429 5355 crudelitas
3473 5308 3647 5370 postea
3676 5315 3831 5355 erasa

2225 5412 2297 5456 est
2332 5398 2658 5470 (Tertullian.
2688 5395 2954 5467 Apolaget.
2983 5410 3100 5465 cap.
3129 5393 3186 5460 4,
3221 5409 3273 5463 ρ.
3303 5390 3459 5462 287).
3486 5390 3597 5447 Una
3641 5401 3830 5449 autem

2226 5493 2340 5547 lia-c
2371 5500 2485 5547 erat
2507 5505 2573 5545 ex
2602 5488 2977 5545 vetustissimis
3004 5486 3228 5559 legibus,
3259 5486 3490 5558 primum
3523 5486 3575 5541 in
3603 5485 3829 5557 decem,

2225 5596 2275 5642 et
2305 5594 2487 5655 postea
2527 5583 2581 5637 in
2609 5581 2890 5638 duodecim
2919 5580 3125 5638 tabulas
3153 5580 3358 5643 relatis,
3393 5592 3534 5648 qum,
3570 5587 3708 5633 teste
3728 5577 3831 5634 Li-

2226 5681 2333 5747 vio,
2372 5679 2427 5733 in
2464 5678 2709 5733 immenso
2737 5677 2957 5731 aliarum
3001 5691 3155 5746 super
3192 5674 3324 5728 alias
3352 5676 3707 5728 acervatarum
3753 5672 3833 5729 le-

2226 5790 2345 5847 gum
2386 5770 2589 5831 cumulo
2633 5779 2752 5828 sunt
2798 5771 2963 5828 omnis
3001 5773 3116 5849 fons
3151 5767 3339 5841 publici
3374 5766 3655 5840 privatique
3680 5765 3834 5838 juris
