4076 6356
226 331 343 391 995

1269 376 1281 384 .
1317 334 1330 344 ’
1374 328 1831 390 DlSSER'l‘ATlO
1862 330 1924 388 D.
1964 329 2053 387 LE
2090 328 2391 392 NOURRY.

3431 340 3537 403 991

230 450 397 524 (Liv.,
439 449 530 506 lib.
578 447 826 522 111,554
875 458 923 505 et
964 449 1082 520 55).
1123 448 1259 519 Qua:
1308 460 1511 517 autem,
1549 465 1611 506 ac
1643 449 1836 521 quibus
1862 450 1917 513 Α
2012 448 2397 518 Argumentum
2441 467 2597 509 suum
2648 454 2993 527 prosequitur
3041 454 3445 520 Tertullianus.
3487 468 3543 517 et

228 545 410 601 verbis
438 556 697 617 concepta
727 544 886 600 fuerit
916 546 998 600 lex
1028 545 1140 608 illa,
1185 555 1238 601 te
1262 544 1478 601 docebit
1505 546 1570 600 A.
1601 543 1827 612 Gellius,

228 637 324 710 qui
364 635 511 691 illius
550 637 759 692 initium
799 636 993 693 alicubi
1023 636 1182 710 (Gell.
1215 638 1303 692 lib.
1350 636 1446 692 XV
1490 634 1644 692 Noct.
1675 636 1827 703 Atti.,

227 747 346 802 cap.
375 731 465 798 15,
488 747 544 801 p.
584 728 735 801 821),
765 729 1327 802 illamque’integram
1357 730 1483 785 alibi
1524 729 1666 785 hunc
1702 729 1829 785 des-

226 823 418 893 cripsit
444 824 495 878 in
524 824 742 878 modum
776 840 791 877 :
819 823 976 879 έΕιιιε
1004 838 1252 879 censeam
1274 840 1450 887 DEBITI
1481 823 1548 893 ρ.
1579 839 1712 880 suae
1737 839 1828 879 w-

227 930 455 973 DICA'I'IS,
502 931 771 973 TRIGINTA.
818 932 957 973 DIES.
994 932 1163 973 JUSTI.
1192 932 1382 973 SU‘N'I'O.
1414 931 1566 973 POST.
1610 933 1824 972 DElNDE.

228 1022 421 1064 κλιωε.
450 1023 706 1065 INJECTIO.
739 1024 894 1064 EsTO.
919 1024 993 1064 IN.
1024 1024 1134 1065 JUS.
1156 1025 1368 1067 DUCTIO.
1396 1026 1468 1065 Nl.
1512 1025 1826 1066 JUDlCATUI.

229 1115 412 1156 FACI'I‘.
449 1115 573 1155 ΛΒΤ.
602 1115 739 1164 QUIS.
772 1117 998 1157 EDENDO.
1024 1119 1122 1157 EI.
1146 1117 1297 1158 JURE.
1327 1118 1597 1158 VINDICET.
1632 1116 1824 1158 SECUII.

225 1207 444 1252 DUClTO.
464 1208 698 1249 νιδοιτυ.
722 1210 845 1250 Αυτ.
874 1211 1068 1250 Νεκνο.
1090 1212 1217 1251 Αυτο
1239 1210 1586 1252 εοιίρευωυε.
1608 1211 1829 1259 ουΙΝΒΕ-

228 1300 343 1341 CIII.
385 1300 572 1342 PONDO.
603 1301 692 1341 NE.
723 1302 945 1342 IINOBB.
977 1304 1099 1344 Λυτ-
1128 1303 1197 1343 ει.
1229 1303 1421 1345 νοιετ.
1468 1303 1693 1343 IIAJOlu-S.
1723 1304 1830 1342 VIN-

227 1385 374 1428 Cl'l'O.
403 1386 471 1427 SI.
502 1386 698 1428 VOLRT.
721 1388 838 1428 SUO.
860 1388 1056 1430 \'l\'l'l'0.
1082 1390 1155 1429 Nl.
1183 1389 1303 1430 SUO.
1345 1390 1510 1430 VlVl'l'.
1533 1390 1642 1438 QUI.
1676 1390 1824 1431 Ell'l'.

228 1478 483 1520 VINCTUI.
516 1480 766 1520 HABEBIT.
801 1480 1004 1521 ιιΒιιΑε.
1046 1482 1253 1523 ηιιιιιε.
1286 1482 1343 1522 ιι.
1388 1483 1524 1523 DIES.
1563 1482 1725 1523 DATO.
1757 1482 1825 1524 SI.

224 1572 423 1613 νοιετ.
470 1572 617 1614 PLUS.
674 1572 836 1614 DATO.
881 1574 1111 1615 TERTIIS.
1160 1574 1425 1615 NONDINIS.
1474 1574 1684 1616 PAR'l'lS.
1733 1576 1826 1615 δε-

221 1664 423 1706 CAN'I'O.
468 1663 538 1705 SI.
591 1664 741 1706 PLUS.
787 1665 1034 1706 IINUSVE.
1087 1666 1415 1707 SECUERUNT.
1458 1666 1540 1708 SE.
1593 1667 1821 1708 FRAUDE.

225 1758 365 1801 ESTO
400 1742 561 1816 (Ibid.
599 1744 689 1799 lib.
721 1743 843 1812 XX,
870 1761 987 1817 cap.
1010 1746 1061 1813 i,
1094 1762 1147 1817 p.
1190 1745 1331 1802 1101·
1363 1756 1409 1801 et
1445 1746 1630 1831 καφ).
1663 1747 1825 1803 Eam-

1932 541 2163 597 etltnicis
2204 544 2255 599 in
2299 544 2639 604 Christianos
2690 549 3039 620 quarumdam
3096 553 3271 625 legum
3322 556 3542 615 simula-

1933 635 2079 691 tione
2118 636 2502 707 sxuvientibus,
2534 640 2719 711 objicit
2766 642 2849 696 his
2898 659 3003 698 non
3054 646 3221 717 magis
3270 647 3536 720 obligatos

1931 725 2120 797 fuisse,
2155 745 2315 800 quam
2354 732 2613 801 ipsosmet
2639 734 2888 788 ethnicos
2916 737 3266 807 sumptuariis
3304 738 3535 812 legibus,

1932 835 2051 891 qua:
2079 836 2268 891 magna
2299 823 2553 894 mquitate
2591 840 2656 881 ac
2685 826 2962 896 prudentia
2993 842 3238 900 sumplus
3264 831 3316 887 in
3343 835 3535 905 caenis,

1932 915 2231 973 domestica
2270 919 2605 989 supellectile
2649 936 2713 977 ac
2752 923 2989 979 vestibus
3024 928 3339 984 coercebant
3371 928 3534 1002 (Tert.

1931 1008 2055 1079 Ap.,
2084 1025 2201 1080 cap.
2220 1011 2274 1076 Δ,
2296 1028 2349 1081 ρ.
2373 1011 2527 1083 288),
2549 1024 2709 1070 autut
2726 1016 2838 1085 ipse
2862 1016 3002 1089 loqui
3020 1030 3184 1084 amat.
3206 1033 3464 1092 sumptum
3490 1034 3540 1080 et

1929 1101 2254 1157 ambitionem
2279 1106 2897 1180 comprimentes(ldem.,
2923 1126 3040 1180 cap.
3059 1115 3112 1175 6.
3147 1114 3434 1189 ραρῖ205).
3467 1120 3538 1172 At

1930 1198 2076 1246 tanta
2122 1193 2342 1250 audacia
2398 1211 2490 1251 eas
2549 1197 2705 1268 plane
2759 1202 3276 1273 pessumdederant,
3325 1217 3382 1261 ut
3431 1208 3536 1279 ipsi

1931 1280 2264 1342 Tertulliano
2305 1289 2638 1361 respondere
2691 1306 2797 1348 non
2845 1295 3154 1366 potuerint,
3203 1298 3272 1352 ab
3313 1299 3393 1356 eis
3435 1316 3533 1372 pe-

1929 1379 2101 1434 tenti:
2138 1380 2392 1447 Quoniam
2435 1385 2541 1441 illa:
2578 1387 2713 1460 leges
2756 1388 3005 1458 abierunt,
3049 1409 3162 1465 qua’
3193 1408 3393 1451 centum
3428 1414 3534 1453 tera

1932 1489 2034 1527 non
2063 1476 2285 1546 amplius
2310 1477 2362 1531 in
2389 1495 2586 1535 cumam
2623 1480 2867 1538 subscribi
2888 1485 3164 1556 jnbebant,
3198 1504 3289 1543 nec
3311 1492 3533 1563 amplius

1928 1584 2083 1640 quam
2119 1585 2276 1625 unam
2314 1571 2498 1643 inferri
2526 1575 2809 1645 gallinam,
2845 1587 2892 1632 et
2931 1594 3042 1633 eam
3084 1596 3185 1635 non
3222 1583 3528 1655 saginatam.

1928 1659 2122 1718 Narrat
2146 1678 2276 1720 vero
2321 1665 2389 1720 Α.
2422 1665 2626 1723 Gellius
2653 1682 2712 1723 se
2741 1670 2794 1724 in
2838 1668 3114 1748 Capitonis
3155 1675 3272 1730 Atei
3308 1676 3531 1748 conjec-

1927 1756 2102 1810 taneis
2133 1756 2328 1827 legisse
2373 1762 2604 1819 Senatus
2629 1761 2928 1831 decretum,
2969 1781 3075 1837 quo
3103 1768 3335 1827 civitatis
3375 1773 3526 1843 prin-

226 1833 353 1891 dem
384 1836 520 1891 hanc
550 1835 721 1907 legem
751 1850 858 1891 non
895 1837 1013 1893 sine
1026 1838 1206 1893 ‘rariis
1245 1837 1566 1895 lectionibus
1606 1838 1825 1895 Fulvius
1854 1853 1901 1915 Β
1929 1845 2079 1918 cipes
2103 1847 2286 1918 jurare
2306 1849 2636 1921 jubebantUr
2667 1868 2728 1910 se
2751 1856 2800 1909 in
2830 1856 2968 1912 ludis
2987 1833 3395 1931 Megalensibus
3422 1881 3529 1922 non

227 1927 456 1985 Ursinus
480 1928 661 1985 retulit.
686 1928 866 2002 (Fulv.
902 1929 1080 1985 Ursin.
1105 1941 1210 1986 not.
1234 1932 1307 1985 in.
1332 1932 1417 1986 cit.
1441 1932 1662 2005 August.
1687 1931 1825 2005 lib.).

301 2018 429 2077 Ere
456 2020 635 2092 itaque
658 2022 836 2078 alieno
871 2022 1143 2079 obstrictis
1170 2024 1398 2095 primum
1427 2023 1526 2080 hac
1557 2026 1672 2095 lege
1700 2040 1831 2082 con-

225 2112 520 2170 cedebatur
559 2113 774 2185 triginta
826 2113 1034 2170 diermu
1070 2116 1342 2186 spatium,
1388 2131 1496 2187 quo
1537 2119 1823 2186 pecuniam

226 2214 555 2277 quaererent.
579 2205 716 2262 Tum
746 2205 943 2262 deinde
972 2207 1131 2262 vincti
1158 2207 1210 2262 in
1233 2222 1508 2264 carcerem
1537 2208 1827 2265 trudeban-

230 2308 338 2354 tur.
373 2297 569 2355 Tertiis
599 2307 779 2355 autem
809 2300 1083 2365 nundlnis,
1102 2302 1215 2356 sive
1244 2310 1364 2372 post
1392 2302 1526 2358 alios
1555 2303 1829 2374 sexaginta

228 2391 347 2449 dies
374 2393 546 2463 capite
577 2407 764 2464 pmnas
794 2391 1044 2461 luebant;
1075 2402 1127 2449 et
1153 2394 1196 2450 si
1242 2393 1421 2465 plures
1456 2404 1609 2451 erant
1650 2394 1829 2451 credi-

230 2493 400 2552 tores,
452 2487 733 2544 secabatur
772 2502 968 2559 corpus
1015 2488 1306 2559 debitoris,
1352 2498 1406 2546 et
1448 2491 1672 2563 singulae
1714 2490 1832 2563 ejus

227 2588 412 2653 partes
435 2579 656 2652 singulis
681 2581 1035 2638 creditoribus
1055 2582 1338 2639 dabantur.
1363 2583 1480 2652 Quo
1505 2595 1652 2641 certe
1678 2586 1825 2653 nihil,

227 2674 307 2729 ait
333 2657 555 2741 Gellius,
583 2675 841 2743 immitius,
871 2678 989 2744 nisi,
1012 2685 1068 2731 ut
1094 2678 1262 2749 reipsa
1285 2688 1517 2750 apparet,
1543 2696 1599 2735 eo
1619 2682 1831 2737 consilio

232 2776 374 2822 tanta
402 2768 688 2824 immanitas
736 2786 896 2834 pretia:
933 2770 1232 2826 denuntiata
1260 2782 1331 2828 est
1349 2814 1364 2841 ,
1407 2790 1470 2829 ne
1497 2773 1566 2828 ad
1593 2791 1704 2830 eam
1735 2792 1832 2831 utt-

228 2877 385 2936 quam
441 2862 800 2933 perveniretur.
843 2862 1029 2919 Addici
1078 2883 1294 2937 namque
1342 2884 1508 2935 nunc,
1556 2878 1602 2923 et
1654 2870 1833 2925 vinciri

230 2956 418 3011 multos
446 2955 670 3010 videmus
689 2998 705 3022 ,
736 2956 856 3025 quia
888 2957 1203 3013 vinculorum
1232 2975 1434 3030 poenam
1464 2960 1721 3016 deterrimi
1740 2962 1832 3017 Ito-

230 3052 390 3106 mines
419 3046 759 3109 contemnunt.
798 3052 1084 3109 Dissectum
1124 3071 1230 3111 esse
1261 3057 1539 3126 antiquitus
1582 3057 1830 3112 neminem

230 3160 392 3217 neque
431 3144 531 3216 legi
571 3162 728 3218 neque
769 3147 975 3213 audivi,
1014 3149 1257 3218 quoniam
1294 3149 1486 3203 swvitia
1512 3149 1624 3203 ista
1670 3166 1832 3222 paena

1933 1939 2167 2010 majores
2210 1941 2263 1996 in
2312 1956 2495 1999 etenus
2530 1945 2769 2018 singulas
2795 1959 3041 2020 sumptus
3070 1951 3323 2020 facturos,
3369 1970 3529 2028 quam

1930 2039 2189 2088 centenos
2210 2032 2426 2090 vicenos
2448 2037 2571 2091 reris
2602 2038 2715 2093 sive
2740 2053 2907 2107 asses,
2941 2053 3136 2112 praeter
3164 2046 3282 2102 olus
3304 2089 3319 2115 ,
3353 2047 3432 2103 l'ar
3477 2059 3532 2106 et

1931 2122 2114 2179 vinum
2146 2125 2376 2196 patrium
2401 2143 2417 2192 ;
2447 2143 2622 2199 neque
2649 2133 2853 2202 argenti
2881 2133 2934 2188 in
2967 2137 3214 2192 convivio
3245 2141 3364 2209 plus
3393 2157 3529 2212 pon-
3560 2193 3563 2196 l

1932 2215 2101 2282 det-is,
2130 2233 2290 2288 quam
2317 2220 2482 2275 libras
2507 2232 2719 2277 centum
2752 2222 2908 2296 (Gell.
2930 2268 2946 2293 ,
2982 2226 3070 2281 lib.
3100 2228 3143 2283 ll
3169 2229 3323 2285 Noct.
3358 2232 3484 2289 Atti.
3512 2277 3527 2305 ,

1932 2325 2049 2380 cap.
2078 2308 2194 2380 24).
2254 2311 2458 2369 Deinde
2490 2314 2606 2385 lege
2650 2314 2855 2372 Fannia
2903 2332 3139 2386 cautum,
3192 2340 3260 2380 ne
3310 2326 3360 2382 in
3392 2327 3530 2384 ludis

1860 2439 1880 2459 λ
1932 2398 2213 2469 Romanis,
2243 2401 2493 2471 Plebeiis,
2532 2405 2924 2478 Saturnalibus,
2956 2411 3181 2483 aliiSque
3209 2416 3529 2487 quibusdam

1933 2492 2144 2560 diebus,
2172 2495 2353 2564 plures
2382 2512 2541 2567 quam
2568 2499 2804 2569 centeni,
2835 2501 3130 2575 decemque
3162 2507 3282 2562 aliis
3316 2510 3529 2580 diebus,

1932 2585 1986 2643 in
2026 2588 2255 2659 singulis
2287 2591 2563 2647 mensdms
2590 2594 2799 2663 triceni,
2832 2599 3041 2655 caeteris
3084 2601 3297 2659 tandem
3341 2605 3531 2663 diebus

1933 2680 2057 2737 deni
2080 2697 2229 2739 asses
2280 2685 2735 2756 impenderentur.
2770 2689 2963 2747 Postea
2991 2709 3121 2751 vero
3168 2698 3284 2769 lege
3323 2700 3530 2760 Licinia

1933 2775 2197 2833 indultum
2231 2781 2435 2850 nuptiis
2474 2780 2852 2852 ducentorum,
2900 2786 3018 2842 aliis
3061 2788 3252 2846 diebus
3294 2793 3531 2851 triceno-

1941 2882 2061 2923 rum
2089 2871 2289 2925 assium
2318 2882 2512 2943 praeter
2539 2889 2695 2944 poma
2723 2884 2779 2933 et
2803 2872 2957 2935 olera
2978 2881 3272 2953 impensam
3292 2887 3428 2943 ﬁeri.
3463 2892 3536 2946 At

1933 2972 2055 3032 post
2081 2962 2198 3020 haec
2229 2963 2440 3036 legibus
2485 2965 2570 3023 bis
2598 2971 2705 3025 situ
2752 2980 2810 3027 et
2854 2974 3008 3031 senio
3032 2976 3373 3047 oblitteratis,
3406 2998 3528 3041 cum

1932 3053 2118 3125 plures
2139 3055 2193 3111 in
2228 3058 2420 3128 amplis
2444 3060 2781 3130 patrimoniis
2828 3063 3210 3137 belluarentur,
3242 3072 3363 3129 data
3389 3086 3474 3132 est
3499 3093 3531 3134 a

1934 3147 2082 3221 Sylla
2124 3149 2386 3208 dictatore
2429 3153 2516 3208 lex
2565 3156 2828 3226 Cornelia,
2867 3177 2971 3233 qua
3011 3162 3235 3222 facultas
3273 3184 3529 3230 concessa

231 3240 482 3293 contemni
508 3255 610 3293 non
636 3240 778 3310 quita
803 3250 874 3295 est
909 3237 1065 3310 (Gell.
1102 3241 1278 3312 ibid.).
1315 3240 1501 3298 Cernis
1527 3257 1657 3299 sane
1691 3244 1830 3301 hanc
1855 3249 1901 3313 Ο
1933 3251 2017 3297 est
2046 3241 2360 3312 quibusdam
2406 3244 2555 3303 feriis
2584 3248 2913 3307 solemnibus
2952 3258 3231 3314 sestertios
3273 3263 3526 3335 tricenos,

230 3328 402 3399 ipsam
432 3334 553 3385 esse
583 3330 753 3400 legem
779 3373 795 3398 ,
828 3347 989 3402 quam
1032 3332 1074 3387 Τ
1077 3333 1394 3389 ertullianus
1431 3349 1696 3391 consensu
1724 3352 1825 3407 pu-

231 3419 375 3481 blico
397 3422 723 3492 antiquatam
763 3439 827 3479 ac
864 3424 1196 3494 repudiatam
1231 3427 1445 3483 asserit.
1469 3427 1828 3496 Quintilianus

230 3529 447 3588 quoque
497 3515 629 3571 illud
668 3517 815 3574 hisce
876 3518 1055 3573 verbis
1123 3519 1434 3589 planissime
1485 3524 1764 3579 conlirmat
1811 3543 1824 3579 :

231 3606 369 3662 Sunt
396 3608 632 3678 quendam
652 3624 754 3663 non
784 3608 1067 3664 laudabilia
1092 3621 1298 3676 natura,
1321 3612 1410 3665 sed
1419 3612 1542 3683 jure
1568 3630 1827 3683 concessa,-

232 3708 287 3754 ut
316 3699 581 3755 duodecim
608 3699 794 3757 tabulis
822 3702 1062 3774 debitoris
1087 3719 1272 3775 corpus
1296 3705 1427 3760 inter
1449 3707 1722 3762 creditores
1743 3708 1825 3763 di-

231 3793 337 3863 pidi
357 3793 520 3856 licuit.
544 3811 696 3866 quam
716 3796 875 3868 legem
898 3812 1006 3851 mos
1022 3796 1255 3868 publicus
1280 3798 1561 3871 repudiavit
1583 3800 1819 3871 (Quintil.

231 3885 322 3941 lib.
348 3885 408 3941 lll
441 3884 573 3941 Inst.
609 3887 815 3943 Orator.
840 3905 957 3961 cap.
986 3888 1064 3959 6).

304 3983 463 4053 Atqui
508 3983 553 4038 si
603 3982 656 4038 itt
712 3982 998 4040 duodecim
1052 3984 1352 4041 tabularum
1409 3986 1645 4058 legibus,
1696 4003 1829 4060 quas

232 4072 394 4130 etiam
427 4074 598 4144 pueri,
619 4083 871 4147 tanquam
899 4073 1138 4131 omnium
1160 4078 1412 4147 optimas,
1448 4078 1575 4132 olim
1593 4077 1825 4147 discere,

234 4167 308 4223 uti
335 4169 409 4223 ait
433 4168 622 4225 Cicero
648 4168 862 4242 (Cicer,
896 4169 986 4225 lib.
1031 4168 1075 4225 ll
1118 4171 1181 4225 de
1220 4171 1369 4244 legib.
1397 4189 1517 4244 pag.
1556 4173 1682 4238 541,
1731 4174 1825 4229 lin.

231 4261 347 4335 27),
390 4263 729 4340 tenebantur,
765 4262 965 4334 aliquid
1010 4264 1170 4319 fuerit
1219 4280 1324 4319 non
1367 4265 1527 4321 modo
1568 4281 1673 4321 non
1710 4266 1828 4321 lau-

234 4353 492 4419 (landum,
541 4364 598 4410 ut
638 4356 761 4410 alibi
799 4356 1136 4413 ostendimus
1176 4355 1472 4429 (Dissertat.
1503 4359 1558 4413 in
1592 4358 1825 4415 Lactant.

234 4462 351 4518 cap.
396 4445 491 4511 26,
523 4457 624 4527 art.
678 4446 753 4518 l),
786 4448 879 4503 sed
910 4462 1130 4519 prorsus
1155 4450 1317 4504 etiam
1365 4451 1588 4519 immite,
1631 4460 1830 4522 quanto

236 4540 408 4611 magis
454 4541 507 4594 in
554 4539 695 4605 aliis,
749 4556 881 4611 quas
926 4541 1172 4599 homines
1222 4552 1442 4615 propter
1478 4558 1573 4599 sua
1625 4555 1827 4601 tantum

1930 3333 2051 3388 aliis
2080 3333 2269 3390 diebus
2292 3351 2396 3390 non
2424 3339 2655 3409 amplius
2684 3357 2844 3413 quam
2873 3355 3076 3417 ternos,
3114 3351 3164 3406 in
3192 3367 3402 3411 caenam
3429 3333 3532 3415 iut-

1930 3425 2218 3498 pendendi.
2248 3427 2512 3485 Prmterea
2541 3431 2623 3487 lex
2652 3432 2863 3491 zEmilia
2889 3448 2945 3494 et
2974 3442 3131 3497 Antia
3152 3420 3397 3517 sumptus
3411 3466 3527 3508 coe-

1932 3532 2143 3582 narum,
2165 3518 2516 3592 ciborumque
2536 3540 2705 3594 genus
2733 3538 2786 3584 et
2824 3531 3042 3589 modum
3064 3534 3239 3594 adhuc
3267 3544 3532 3611 pradinie-

1931 3620 2075 3708 runt.
2108 3611 2249 3708 Lege
2288 3614 2502 3671 tandem
2543 3616 2701 3686 Julia,
2753 3638 2874 3694 qua:
2919 3625 3165 3699 Angusto
3210 3632 3528 3708 imperante,

1930 3715 1990 3760 ut
2011 3705 2266 3805 diximus,
2292 3717 2486 3765 statuta
2517 3722 2621 3781 est,
2650 3716 2934 3786 plurimum
2962 3723 3179 3794 quidetn
3202 3727 3257 3784 hi
3285 3705 3531 3805 sumptus

1931 3800 2069 3891 aucti
2115 3810 2279 3868 sunt;
2326 3802 2420 3858 sed
2450 3803 2522 3859 ita
2553 3817 2751 3876 tamen,
2783 3821 2839 3866 ut
2866 3816 3028 3872 certis
3053 3821 3368 3891 quibusdam
3405 3800 3533 3885 lini-

1929 3888 2029 3946 bus
2056 3891 2273 3948 eﬂ'renis
2307 3893 2533 3952 luxuriae
2568 3910 2732 3957 aestus
2775 3888 3106 3967 coercentur.
3140 3913 3272 3982 Qua:
3314 3920 3529 3989 quidem

1931 3984 2109 4089 gmina
2136 4000 2167 4040 a
2189 3985 2459 4089 Macrobio
2503 3990 2782 4062 (Macrob,
2815 3998 2905 4053 lib.
2953 4000 3019 4057 ΙΙΙ
3070 3984 3344 4067 δαηηήιαι.
3366 4055 3380 4079 ,
3411 4031 3528 4089 cap.

1934 4074 2037 4180 17)
2320 4078 2547 4180 Gellium
2592 4088 2854 4157 explicata
2901 4091 3044 4165 (Aul.
3090 4096 3224 4155 Gell.
3272 4074 3527 4180 loclcitl),

1933 4166 2248 4226 Tertulliani
2278 4174 2449 4229 nostri
2477 4181 2800 4237 sententiam
2826 4185 2985 4255 plane
3011 4191 3287 4252 stabiliunt
3313 4214 3377 4255 ac
3402 4166 3534 4259 con;

1934 4260 2174 4319 ﬁrmant.

2002 4355 2113 4413 Nec
2150 4359 2341 4432 majori
2368 4378 2512 4418 curre
2551 4363 2654 4422 illis
2682 4366 2781 4424 fuit
2814 4370 2926 4440 jam
2952 4372 3162 4434 laudata
3201 4395 3232 4437 a
3265 4384 3417 4442 nobis
3444 4387 3531 4445 lex

1932 4446 2135 4545 Fannia
2168 4493 2183 4518 ,
2237 4468 2340 4522 qua
2390 4456 2774 4525 prohibebatur
2822 4478 2890 4519 ne
2940 4470 3171 4540 amplius
3215 4490 3374 4545 quam
3428 4495 3532 4536 una

1892 4576 1910 4591 .
1931 4543 2152 4613 gallina,
2182 4562 2352 4619 eaque
2381 4565 2485 4604 nou
2511 4553 2772 4624 saginata,
2809 4560 2861 4612 in
2881 4573 3091 4620 caenam
3126 4543 3436 4626 inferretur.
3463 4577 3538 4630 At

237 4632 518 4688 Commoda
552 4633 830 4688 tulerunt!
863 4632 1012 4689 Nulla
1042 4634 1187 4690 enim
1228 4636 1538 4706 antiquitas,
1587 4653 1686 4692 nec
1726 4639 1831 4694 ulla
1857 4647 1912 4708 Β
1938 4637 2143 4727 l’linius
2186 4640 2344 4711 hujus
2384 4642 2518 4714 legis
2568 4650 2897 4708 mentionem
2950 4655 3106 4725 facit,
3152 4675 3218 4716 ac
3258 4663 3531 4734 quomodo

239 4728 561 4800 lcgislatoris
582 4727 836 4800 dignitas,
857 4728 952 4784 sed
973 4729 1085 4784 sola
1110 4729 1335 4800 aequitas
1357 4729 1529 4801 legem
1554 4745 1831 4787 commen-

235 4822 345 4881 dat.
376 4822 530 4885 Nulla
561 4822 722 4895 igitur
767 4823 997 4893 iniquior
1034 4833 1119 4879 est
1160 4840 1246 4891 ea,
1276 4840 1380 4896 qua
1408 4825 1733 4882 Christianus
1762 4829 1834 4885 ob

237 4920 411 4975 solum
438 4933 595 4975 suum
627 4934 847 4984 nomen,
881 4932 983 4976 nec
1006 4918 1186 4975 audita
1216 4934 1451 4992 unquam
1479 4936 1667 4978 caussa
1699 4937 1833 4979 eon-

238 5010 542 5068 demuntur.

827 5120 1120 5162 AB‘I‘ICULUS
1158 5120 1240 5162 Ill.

241 5194 585 5253 Examinatur
602 5214 757 5269 quam
780 5200 988 5267 impune
1024 5199 1211 5254 ethnici
1230 5198 1528 5255 violaverim
1554 5200 1691 5272 leges
1733 5199 1835 5254 im-

242 5326 246 5331 η
315 5290 568 5346 modicum
591 5307 869 5358 coenarum,
899 5292 1228 5362 supellectilis
1270 5302 1317 5347 et
1342 5292 1550 5347 vestium
1575 5303 1835 5361 suntptum

311 5384 617 5453 cohibentes,
646 5394 691 5439 et
718 5400 833 5456 qua:
857 5385 961 5441 illa
995 5385 1185 5455 fuerint
1210 5401 1271 5439 ac
1312 5384 1617 5441 centenarias
1657 5396 1834 5451 ruente;

313 5495 464 5550 quam
489 5478 734 5533 audacter
756 5479 885 5532 alias
912 5478 1367 5550 pessumdederint,
1398 5496 1463 5534 ac
1487 5496 1598 5535 eam
1623 5480 1832 5552 potissi-

310 5586 469 5638 mum,
492 5587 592 5641 qua
617 5570 859 5642 patricius
883 5570 1051 5625 decem
1082 5570 1469 5641 argentipondo
1497 5570 1685 5627 habens
1702 5614 1716 5633 .
1748 5588 1833 5625 se-

246 5722 253 5729 ,
306 5675 432 5719 natu
455 5664 715 5720 submotus
740 5676 835 5730 est;
863 5666 976 5735 quis
1000 5664 1105 5727 ille,
1128 5666 1274 5736 quive
1298 5664 1517 5721 libertini
1539 5668 1646 5739 qui,
1664 5669 1832 5739 flagra

304 5755 472 5812 adhuc
488 5766 798 5829 rumpentes,
822 5757 1013 5813 similes
1036 5758 1380 5828 sumptuarias
1390 5758 1524 5832 leges
1536 5762 1835 5833 adspernati

230 5897 261 5913 -
302 5857 442 5909 sunt.

1936 4744 2056 4786 eam
2084 4733 2314 4801 gentiles
2357 4734 2684 4797 labefactare
2709 4758 2994 4815 ctnpertnt,
3041 4750 3123 4806 his
3153 4733 3382 4823 exillii-at
3408 4775 3532 4816 ver-

1935 4824 2019 4882 bis
2065 4827 2349 4884 :Gallt‘nas
2396 4835 2634 4905 saginare
2688 4837 2885 4896 Deliaci
2935 4860 3144 4916 clepere.
3185 4847 3337 4906 Unde
3377 4859 3535 4925 pestis

1935 4928 2113 4975 exorta
2137 4922 2336 4991 opimas
2365 4941 2499 4991 aves,
2527 4938 2575 4981 et
2594 4941 2774 5001 suopte
2798 4950 3010 5005 corpore
3036 4949 3213 4995 unctas
3233 4922 3533 5005 devorandi.

1939 5010 2055 5067 Hoc
2074 5016 2294 5087 priamus
2320 5019 2543 5084 antiquis
2567 5039 2823 5080 canaram
2849 5027 3130 5085 interdictis
3156 5049 3420 5104 exceptum
3453 5042 3537 5098 in-

1936 5107 2081 5161 venio
2089 5108 2203 5178 jam
2227 5112 2336 5183 lege
2355 5109 2415 5165 C.
2447 5110 2636 5168 Fannii
2659 5132 2762 5171 cos.
2782 5119 2932 5173 annis
2956 5122 3193 5181 undecim
3219 5140 3337 5185 ante
3364 5130 3534 5190 Puni-

1934 5216 2049 5255 cum
2090 5200 2296 5271 bellant,
2328 5221 2390 5259 ne
2434 5207 2560 5276 quid
2607 5209 2807 5265 volucre
2844 5226 3113 5281 poneretur
3149 5232 3333 5292 preter
3377 5242 3534 5284 unam

1934 5294 2201 5366 gallinam,
2244 5313 2358 5368 qua:
2411 5316 2515 5355 non
2565 5312 2692 5357 esset
2740 5304 2900 5361 altilis
2932 5308 3123 5380 (Plin.,
3159 5314 3248 5371 lib.
3297 5316 3345 5373 Χ
3391 5319 3532 5381 Hist.

1936 5397 2133 5481 statim,
2168 5404 2287 5461 cap.
2319 5389 2410 5458 50,
2453 5409 2507 5461 p.
2538 5392 2693 5465 442),
2720 5410 2816 5451 seu
2860 5398 3075 5472 pinguis
3106 5414 3162 5462 et
3189 5409 3448 5481 saginata,
3481 5425 3537 5472 et

1936 5492 1965 5532 a
1990 5477 2246 5537 Juvenale
2267 5483 2426 5537 altilis
2454 5484 2770 5556 simpliciter
2788 5494 3104 5562 appellatur.
3158 5477 3310 5569 Quod
3351 5477 3537 5565 deinde

1935 5584 2090 5645 caput
2117 5576 2421 5630 translatum
2446 5594 2536 5646 per
2562 5595 2736 5637 omnes
2759 5583 2892 5657 leges
2917 5590 3213 5659 ambulavit,
3252 5596 3538 5656 inventum-
3634 5646 3637 5651 ι

1934 5663 2032 5739 que
2050 5667 2403 5723 diverticulum
2424 5681 2497 5725 est
2523 5672 2576 5727 in
2602 5676 2784 5746 fraude
2804 5694 2975 5737 earum
3009 5686 3319 5756 gallinaceos
3339 5708 3538 5766 quoque

1932 5762 2178 5861 pascendi
2219 5764 2349 5861 lacte
2376 5767 2598 5861 madidis
2636 5771 2801 5839 cibis;
2838 5778 3003 5834 multo
3037 5780 3112 5835 ita
3154 5762 3402 5854 gratiores
3434 5762 3532 5861 ap-

1932 5855 2214 5927 probantur
2256 5855 2518 5929 (Juvenal.
2551 5864 2695 5921 satir.
2734 5866 2789 5937 5,
2840 5884 2891 5938 v.
2944 5871 3086 5958 11]).
3117 5874 3195 5936 De
3238 5878 3323 5939 bis
3350 5855 3534 5943 autem
