  <div class='ocr_page' id='page_1' title='image "/cluster/home/n/w/nwhite01/storage/ocr_20150623/1/hvd.32044015466733/523.png"; bbox 0 0 4076 6356; ppageno 0'>
   <div class='ocr_carea' id='block_1_1' title="bbox 650 282 761 346">
    <p class='ocr_par' dir='ltr' id='par_1_1' title="bbox 650 282 761 346">
     <span class='ocr_line' id='line_1_1' title="bbox 650 282 761 346; baseline 0.009 -1"><span class='ocrx_word' id='word_1_1' title='bbox 650 282 761 346; x_wconf 79' lang='lat'><strong>995</strong></span> 
     </span>
    </p>
   </div>
   <div class='ocr_carea' id='block_1_2' title="bbox 1733 293 2872 370">
    <p class='ocr_par' dir='ltr' id='par_1_2' title="bbox 1733 293 2872 370">
     <span class='ocr_line' id='line_1_2' title="bbox 1733 293 2872 370; baseline 0.014 -16"><span class='ocrx_word' id='word_1_2' title='bbox 1733 293 1803 356; x_wconf 88' lang='lat' dir='ltr'><strong>lN</strong></span> <span class='ocrx_word' id='word_1_3' title='bbox 1836 295 2310 363; x_wconf 76' lang='lat' dir='ltr'><strong>TERTULLIANI</strong></span> <span class='ocrx_word' id='word_1_4' title='bbox 2344 302 2872 370; x_wconf 75' lang='lat' dir='ltr'><strong>APOLOGETICUM</strong></span> 
     </span>
    </p>
   </div>
   <div class='ocr_carea' id='block_1_3' title="bbox 3838 327 3909 390">
    <p class='ocr_par' dir='ltr' id='par_1_3' title="bbox 3838 327 3909 390">
     <span class='ocr_line' id='line_1_3' title="bbox 3838 327 3909 390; baseline 0 0"><span class='ocrx_word' id='word_1_5' title='bbox 3838 327 3909 390; x_wconf 76' lang='lat'><strong>996</strong></span> 
     </span>
    </p>
   </div>
   <div class='ocr_carea' id='block_1_4' title="bbox 653 404 3907 504">
    <p class='ocr_par' dir='ltr' id='par_1_4' title="bbox 653 404 3907 504">
     <span class='ocr_line' id='line_1_4' title="bbox 653 404 3907 504; baseline 0.013 -46"><span class='ocrx_word' id='word_1_6' title='bbox 653 404 998 476; x_wconf 77' lang='lat' dir='ltr'><strong>sumptuariis</strong></span> <span class='ocrx_word' id='word_1_7' title='bbox 1026 412 1081 462; x_wconf 88' lang='lat' dir='ltr'><strong>et</strong></span> <span class='ocrx_word' id='word_1_8' title='bbox 1102 405 1319 481; x_wconf 87' lang='lat' dir='ltr'><strong>cibariis</strong></span> <span class='ocrx_word' id='word_1_9' title='bbox 1342 407 1568 481; x_wconf 83' lang='lat' dir='ltr'><strong>legibus,</strong></span> <span class='ocrx_word' id='word_1_10' title='bbox 1598 412 1749 481; x_wconf 89' lang='lat' dir='ltr'><strong>plura</strong></span> <span class='ocrx_word' id='word_1_11' title='bbox 1773 414 1971 476; x_wconf 80' lang='lat' dir='ltr'><strong>Paulus</strong></span> <span class='ocrx_word' id='word_1_12' title='bbox 1988 420 2254 481; x_wconf 74' lang='lat' dir='ltr'><strong>Manutius</strong></span> <span class='ocrx_word' id='word_1_13' title='bbox 2278 427 2333 490; x_wconf 78' lang='grc' dir='ltr'><strong>Α</strong></span> <span class='ocrx_word' id='word_1_14' title='bbox 2358 425 2493 481; x_wconf 84' lang='lat' dir='ltr'><strong>mala</strong></span> <span class='ocrx_word' id='word_1_15' title='bbox 2517 428 2749 500; x_wconf 71' lang='lat' dir='ltr'><strong>exemplo</strong></span> <span class='ocrx_word' id='word_1_16' title='bbox 2770 429 3093 489; x_wconf 67' lang='lat' dir='ltr'><strong>luxuriosum</strong></span> <span class='ocrx_word' id='word_1_17' title='bbox 3119 432 3173 489; x_wconf 88' lang='lat' dir='ltr'><strong>in</strong></span> <span class='ocrx_word' id='word_1_18' title='bbox 3197 435 3395 493; x_wconf 81' lang='lat' dir='ltr'><strong>ordine</strong></span> <span class='ocrx_word' id='word_1_19' title='bbox 3422 436 3696 497; x_wconf 71' lang='lat' dir='ltr'><strong>Senatorio</strong></span> <span class='ocrx_word' id='word_1_20' title='bbox 3722 454 3907 504; x_wconf 69' lang='lat' dir='ltr'><strong>retentus:</strong></span> 
     </span>
    </p>
   </div>
   <div class='ocr_carea' id='block_1_5' title="bbox 653 496 2252 590">
    <p class='ocr_par' dir='ltr' id='par_1_5' title="bbox 653 496 2252 590">
     <span class='ocr_line' id='line_1_5' title="bbox 653 496 2252 590; baseline 0.014 -36"><span class='ocrx_word' id='word_1_21' title='bbox 653 496 833 569; x_wconf 86' lang='lat' dir='ltr'><strong>(Paul.</strong></span> <span class='ocrx_word' id='word_1_22' title='bbox 866 499 1199 570; x_wconf 79' lang='lat' dir='ltr'><strong>Manut.,lib.</strong></span> <span class='ocrx_word' id='word_1_23' title='bbox 1228 504 1291 559; x_wconf 85' lang='lat' dir='ltr'><strong>de</strong></span> <span class='ocrx_word' id='word_1_24' title='bbox 1312 502 1487 578; x_wconf 84' lang='lat' dir='ltr'><strong>Legib.</strong></span> <span class='ocrx_word' id='word_1_25' title='bbox 1518 506 1770 577; x_wconf 72' lang='lat' dir='ltr'><strong>Romam,</strong></span> <span class='ocrx_word' id='word_1_26' title='bbox 1801 528 1918 585; x_wconf 91' lang='lat' dir='ltr'><strong>cap.</strong></span> <span class='ocrx_word' id='word_1_27' title='bbox 1946 514 2036 590; x_wconf 77' lang='grc'><strong>18)</strong></span> <span class='ocrx_word' id='word_1_28' title='bbox 2067 526 2122 573; x_wconf 87' lang='lat' dir='ltr'><strong>et</strong></span> <span class='ocrx_word' id='word_1_29' title='bbox 2147 520 2252 575; x_wconf 81' lang='lat' dir='ltr'><strong>An-</strong></span> 
     </span>
    </p>
   </div>
   <div class='ocr_carea' id='block_1_6' title="bbox 654 595 2246 683">
    <p class='ocr_par' dir='ltr' id='par_1_6' title="bbox 654 595 2246 683">
     <span class='ocr_line' id='line_1_6' title="bbox 654 595 2246 683; baseline 0.014 -38"><span class='ocrx_word' id='word_1_30' title='bbox 654 595 830 648; x_wconf 83' lang='lat' dir='ltr'><strong>tonius</strong></span> <span class='ocrx_word' id='word_1_31' title='bbox 876 595 1203 667; x_wconf 68' lang='lat' dir='ltr'><strong>Augustinus</strong></span> <span class='ocrx_word' id='word_1_32' title='bbox 1248 598 1393 670; x_wconf 82' lang='lat' dir='ltr'><strong>(Ant.</strong></span> <span class='ocrx_word' id='word_1_33' title='bbox 1441 600 1682 674; x_wconf 58' lang='lat' dir='ltr'><strong>August,</strong></span> <span class='ocrx_word' id='word_1_34' title='bbox 1733 604 1824 663; x_wconf 82' lang='lat' dir='ltr'><strong>lib.</strong></span> <span class='ocrx_word' id='word_1_35' title='bbox 1882 607 1904 662; x_wconf 83' lang='grc' dir='ltr'>Ι</span> <span class='ocrx_word' id='word_1_36' title='bbox 1956 608 2020 665; x_wconf 84' lang='lat' dir='ltr'><strong>de</strong></span> <span class='ocrx_word' id='word_1_37' title='bbox 2073 611 2246 683; x_wconf 87' lang='lat' dir='ltr'><strong>legib.,</strong></span> 
     </span>
    </p>
   </div>
   <div class='ocr_carea' id='block_1_7' title="bbox 650 687 2247 767">
    <p class='ocr_par' dir='ltr' id='par_1_7' title="bbox 650 687 2247 767">
     <span class='ocr_line' id='line_1_7' title="bbox 650 687 2247 767; baseline 0.013 -26"><span class='ocrx_word' id='word_1_38' title='bbox 650 700 768 756; x_wconf 83' lang='lat' dir='ltr'><strong>cap.</strong></span> <span class='ocrx_word' id='word_1_39' title='bbox 802 687 913 758; x_wconf 74' lang='lat'><strong>18),</strong></span> <span class='ocrx_word' id='word_1_40' title='bbox 963 702 993 743; x_wconf 91' lang='lat' dir='ltr'><strong>a</strong></span> <span class='ocrx_word' id='word_1_41' title='bbox 1025 689 1179 745; x_wconf 89' lang='lat' dir='ltr'><strong>nobis</strong></span> <span class='ocrx_word' id='word_1_42' title='bbox 1210 691 1353 748; x_wconf 87' lang='lat' dir='ltr'><strong>citati</strong></span> <span class='ocrx_word' id='word_1_43' title='bbox 1392 693 1494 753; x_wconf 81' lang='lat' dir='ltr'><strong>alia</strong></span> <span class='ocrx_word' id='word_1_44' title='bbox 1526 695 1578 749; x_wconf 90' lang='lat' dir='ltr'><strong>in</strong></span> <span class='ocrx_word' id='word_1_45' title='bbox 1609 695 2023 767; x_wconf 60' lang='lat' dir='ltr'><strong>dissertatione,</strong></span> <span class='ocrx_word' id='word_1_46' title='bbox 2058 702 2148 759; x_wconf 90' lang='lat' dir='ltr'><strong>ubi</strong></span> <span class='ocrx_word' id='word_1_47' title='bbox 2176 720 2247 761; x_wconf 80' lang='lat' dir='ltr'><strong>ex</strong></span> 
     </span>
    </p>
   </div>
   <div class='ocr_carea' id='block_1_8' title="bbox 651 774 2251 858">
    <p class='ocr_par' dir='ltr' id='par_1_8' title="bbox 651 774 2251 858">
     <span class='ocr_line' id='line_1_8' title="bbox 651 774 2251 858; baseline 0.016 -27"><span class='ocrx_word' id='word_1_48' title='bbox 651 774 801 835; x_wconf 86' lang='lat' dir='ltr'><strong>hisce</strong></span> <span class='ocrx_word' id='word_1_49' title='bbox 849 779 1057 853; x_wconf 85' lang='lat' dir='ltr'><strong>legibus</strong></span> <span class='ocrx_word' id='word_1_50' title='bbox 1085 784 1383 843; x_wconf 83' lang='lat' dir='ltr'><strong>Aruobium</strong></span> <span class='ocrx_word' id='word_1_51' title='bbox 1431 798 1553 858; x_wconf 88' lang='lat' dir='ltr'><strong>post</strong></span> <span class='ocrx_word' id='word_1_52' title='bbox 1583 790 1970 851; x_wconf 86' lang='lat' dir='ltr'><strong>Tertullianqu</strong></span> <span class='ocrx_word' id='word_1_53' title='bbox 2000 797 2251 856; x_wconf 75' lang='lat' dir='ltr'><strong>similiter</strong></span> 
     </span>
    </p>
   </div>
   <div class='ocr_carea' id='block_1_9' title="bbox 650 872 2247 964">
    <p class='ocr_par' dir='ltr' id='par_1_9' title="bbox 650 872 2247 964">
     <span class='ocr_line' id='line_1_9' title="bbox 650 872 2247 964; baseline 0.014 -37"><span class='ocrx_word' id='word_1_54' title='bbox 650 872 1009 946; x_wconf 68' lang='lat' dir='ltr'><strong>disputantem</strong></span> <span class='ocrx_word' id='word_1_55' title='bbox 1036 878 1336 938; x_wconf 80' lang='lat' dir='ltr'><strong>audivimus</strong></span> <span class='ocrx_word' id='word_1_56' title='bbox 1363 879 1660 954; x_wconf 84' lang='lat' dir='ltr'><strong>(Dissertat.</strong></span> <span class='ocrx_word' id='word_1_57' title='bbox 1687 885 1740 941; x_wconf 86' lang='lat' dir='ltr'><strong>in</strong></span> <span class='ocrx_word' id='word_1_58' title='bbox 1760 884 2022 957; x_wconf 85' lang='lat' dir='ltr'><strong>Lactant.,</strong></span> <span class='ocrx_word' id='word_1_59' title='bbox 2042 908 2168 964; x_wconf 83' lang='lat' dir='ltr'><strong>cap.</strong></span> <span class='ocrx_word' id='word_1_60' title='bbox 2190 892 2247 961; x_wconf 83' lang='lat'><strong>9,</strong></span> 
     </span>
    </p>
   </div>
   <div class='ocr_carea' id='block_1_10' title="bbox 649 965 854 1041">
    <p class='ocr_par' dir='ltr' id='par_1_10' title="bbox 649 965 854 1041">
     <span class='ocr_line' id='line_1_10' title="bbox 649 965 854 1041; baseline 0.015 -20"><span class='ocrx_word' id='word_1_61' title='bbox 649 975 748 1021; x_wconf 87' lang='lat' dir='ltr'><strong>art.</strong></span> <span class='ocrx_word' id='word_1_62' title='bbox 777 965 854 1041; x_wconf 81' lang='grc'><strong>1).</strong></span> 
     </span>
    </p>
   </div>
   <div class='ocr_carea' id='block_1_11' title="bbox 721 1056 2246 1147">
    <p class='ocr_par' dir='ltr' id='par_1_11' title="bbox 721 1056 2246 1147">
     <span class='ocr_line' id='line_1_11' title="bbox 721 1056 2246 1147; baseline 0.013 -34"><span class='ocrx_word' id='word_1_63' title='bbox 721 1056 991 1127; x_wconf 86' lang='lat' dir='ltr'><strong>Quantum</strong></span> <span class='ocrx_word' id='word_1_64' title='bbox 1047 1071 1225 1119; x_wconf 87' lang='lat' dir='ltr'><strong>autem</strong></span> <span class='ocrx_word' id='word_1_65' title='bbox 1279 1064 1481 1123; x_wconf 89' lang='lat' dir='ltr'><strong>etlmici</strong></span> <span class='ocrx_word' id='word_1_66' title='bbox 1544 1071 1831 1139; x_wconf 79' lang='lat' dir='ltr'><strong>praeclaras</strong></span> <span class='ocrx_word' id='word_1_67' title='bbox 1877 1072 2042 1131; x_wconf 86' lang='lat' dir='ltr'><strong>hasce</strong></span> <span class='ocrx_word' id='word_1_68' title='bbox 2094 1074 2246 1147; x_wconf 83' lang='lat' dir='ltr'><strong>leges</strong></span> 
     </span>
    </p>
   </div>
   <div class='ocr_carea' id='block_1_12' title="bbox 638 1152 2248 1228">
    <p class='ocr_par' dir='ltr' id='par_1_12' title="bbox 638 1152 2248 1228">
     <span class='ocr_line' id='line_1_12' title="bbox 638 1152 2248 1228; baseline 0.011 -21"><span class='ocrx_word' id='word_1_69' title='bbox 638 1152 968 1223; x_wconf 80' lang='lat' dir='ltr'><strong>‘Spreverint,</strong></span> <span class='ocrx_word' id='word_1_70' title='bbox 999 1170 1065 1212; x_wconf 89' lang='lat' dir='ltr'><strong>ac</strong></span> <span class='ocrx_word' id='word_1_71' title='bbox 1091 1172 1189 1227; x_wconf 90' lang='lat' dir='ltr'><strong>pro</strong></span> <span class='ocrx_word' id='word_1_72' title='bbox 1229 1157 1398 1216; x_wconf 88' lang='lat' dir='ltr'><strong>nihilo</strong></span> <span class='ocrx_word' id='word_1_73' title='bbox 1438 1159 1758 1228; x_wconf 75' lang='lat' dir='ltr'><strong>habuerint,</strong></span> <span class='ocrx_word' id='word_1_74' title='bbox 1805 1163 1982 1223; x_wconf 82' lang='lat' dir='ltr'><strong>disces</strong></span> <span class='ocrx_word' id='word_1_75' title='bbox 2020 1182 2088 1223; x_wconf 76' lang='lat' dir='ltr'><strong>ex</strong></span> <span class='ocrx_word' id='word_1_76' title='bbox 2122 1170 2248 1224; x_wconf 90' lang='lat' dir='ltr'><strong>toti-</strong></span> 
     </span>
    </p>
   </div>
   <div class='ocr_carea' id='block_1_13' title="bbox 648 1243 2252 1317">
    <p class='ocr_par' dir='ltr' id='par_1_13' title="bbox 648 1243 2252 1317">
     <span class='ocr_line' id='line_1_13' title="bbox 648 1243 2252 1317; baseline 0.009 -17"><span class='ocrx_word' id='word_1_77' title='bbox 648 1243 772 1301; x_wconf 89' lang='lat' dir='ltr'><strong>dem</strong></span> <span class='ocrx_word' id='word_1_78' title='bbox 816 1247 1065 1303; x_wconf 78' lang='lat' dir='ltr'><strong>Auctoris</strong></span> <span class='ocrx_word' id='word_1_79' title='bbox 1106 1251 1274 1306; x_wconf 78' lang='lat' dir='ltr'><strong>nostri</strong></span> <span class='ocrx_word' id='word_1_80' title='bbox 1319 1250 1467 1309; x_wconf 70' lang='lat' dir='ltr'><strong>hisce</strong></span> <span class='ocrx_word' id='word_1_81' title='bbox 1499 1253 1678 1317; x_wconf 80' lang='lat' dir='ltr'><strong>verbis</strong></span> <span class='ocrx_word' id='word_1_82' title='bbox 1712 1275 1725 1311; x_wconf 90' lang='lat'><strong>:</strong></span> <span class='ocrx_word' id='word_1_83' title='bbox 1761 1255 1916 1314; x_wconf 83' lang='lat' dir='ltr'><strong>Video</strong></span> <span class='ocrx_word' id='word_1_84' title='bbox 1946 1269 1993 1314; x_wconf 87' lang='lat' dir='ltr'><strong>et</strong></span> <span class='ocrx_word' id='word_1_85' title='bbox 2014 1271 2252 1317; x_wconf 79' lang='lat' dir='ltr'><strong>centena-</strong></span> 
     </span>
    </p>
   </div>
   <div class='ocr_carea' id='block_1_14' title="bbox 649 1338 2245 1425">
    <p class='ocr_par' dir='ltr' id='par_1_14' title="bbox 649 1338 2245 1425">
     <span class='ocr_line' id='line_1_14' title="bbox 649 1338 2245 1425; baseline 0.011 -32"><span class='ocrx_word' id='word_1_86' title='bbox 649 1338 755 1394; x_wconf 85' lang='lat' dir='ltr'><strong>rius</strong></span> <span class='ocrx_word' id='word_1_87' title='bbox 775 1356 965 1411; x_wconf 71' lang='lat' dir='ltr'><strong>canas,</strong></span> <span class='ocrx_word' id='word_1_88' title='bbox 986 1359 1017 1396; x_wconf 91' lang='lat' dir='ltr'><strong>a</strong></span> <span class='ocrx_word' id='word_1_89' title='bbox 1040 1345 1261 1399; x_wconf 80' lang='lat' dir='ltr'><strong>centenis</strong></span> <span class='ocrx_word' id='word_1_90' title='bbox 1272 1346 1378 1414; x_wconf 79' lang='lat' dir='ltr'><strong>iam</strong></span> <span class='ocrx_word' id='word_1_91' title='bbox 1402 1349 1639 1405; x_wconf 83' lang='lat' dir='ltr'><strong>sestertiis</strong></span> <span class='ocrx_word' id='word_1_92' title='bbox 1660 1349 1904 1407; x_wconf 85' lang='lat' dir='ltr'><strong>dicendas</strong></span> <span class='ocrx_word' id='word_1_93' title='bbox 1919 1351 2245 1425; x_wconf 85' lang='lat' dir='ltr'><strong>(Tertullian.</strong></span> 
     </span>
    </p>
   </div>
   <div class='ocr_carea' id='block_1_15' title="bbox 650 1431 2247 1516">
    <p class='ocr_par' dir='ltr' id='par_1_15' title="bbox 650 1431 2247 1516">
     <span class='ocr_line' id='line_1_15' title="bbox 650 1431 2247 1516; baseline 0.012 -30"><span class='ocrx_word' id='word_1_94' title='bbox 650 1431 945 1507; x_wconf 87' lang='lat' dir='ltr'><strong>Apologet.,</strong></span> <span class='ocrx_word' id='word_1_95' title='bbox 996 1453 1112 1508; x_wconf 86' lang='lat' dir='ltr'><strong>cap.</strong></span> <span class='ocrx_word' id='word_1_96' title='bbox 1142 1438 1196 1507; x_wconf 77' lang='lat'><strong>6,</strong></span> <span class='ocrx_word' id='word_1_97' title='bbox 1225 1458 1277 1509; x_wconf 84' lang='lat' dir='ltr'><strong>p.</strong></span> <span class='ocrx_word' id='word_1_98' title='bbox 1306 1441 1806 1511; x_wconf 72' lang='lat' dir='ltr'><strong>300).Centenaritc</strong></span> <span class='ocrx_word' id='word_1_99' title='bbox 1832 1455 2011 1502; x_wconf 86' lang='lat' dir='ltr'><strong>autem</strong></span> <span class='ocrx_word' id='word_1_100' title='bbox 2052 1463 2247 1516; x_wconf 67' lang='lat' dir='ltr'><strong>etram,</strong></span> 
     </span>
    </p>
   </div>
   <div class='ocr_carea' id='block_1_16' title="bbox 652 1524 2252 1611">
    <p class='ocr_par' dir='ltr' id='par_1_16' title="bbox 652 1524 2252 1611">
     <span class='ocr_line' id='line_1_16' title="bbox 652 1524 2252 1611; baseline 0.012 -33"><span class='ocrx_word' id='word_1_101' title='bbox 652 1524 726 1579; x_wconf 88' lang='lat' dir='ltr'><strong>uti</strong></span> <span class='ocrx_word' id='word_1_102' title='bbox 757 1526 1005 1582; x_wconf 89' lang='lat' dir='ltr'><strong>observat</strong></span> <span class='ocrx_word' id='word_1_103' title='bbox 1031 1527 1244 1599; x_wconf 73' lang='lat' dir='ltr'><strong>Festus,</strong></span> <span class='ocrx_word' id='word_1_104' title='bbox 1292 1532 1610 1601; x_wconf 87' lang='lat' dir='ltr'><strong>dicebantur,</strong></span> <span class='ocrx_word' id='word_1_105' title='bbox 1645 1537 1699 1591; x_wconf 90' lang='lat' dir='ltr'><strong>in</strong></span> <span class='ocrx_word' id='word_1_106' title='bbox 1726 1552 1855 1607; x_wconf 83' lang='lat' dir='ltr'><strong>quas</strong></span> <span class='ocrx_word' id='word_1_107' title='bbox 1895 1539 2005 1611; x_wconf 82' lang='lat' dir='ltr'><strong>lege</strong></span> <span class='ocrx_word' id='word_1_108' title='bbox 2048 1539 2252 1597; x_wconf 84' lang='lat' dir='ltr'><strong>Licinia</strong></span> 
     </span>
    </p>
   </div>
   <div class='ocr_carea' id='block_1_17' title="bbox 650 1614 2246 1705">
    <p class='ocr_par' dir='ltr' id='par_1_17' title="bbox 650 1614 2246 1705">
     <span class='ocr_line' id='line_1_17' title="bbox 650 1614 2246 1705; baseline 0.014 -36"><span class='ocrx_word' id='word_1_109' title='bbox 650 1631 752 1672; x_wconf 88' lang='lat' dir='ltr'><strong>non</strong></span> <span class='ocrx_word' id='word_1_110' title='bbox 776 1618 895 1689; x_wconf 85' lang='lat' dir='ltr'><strong>plus</strong></span> <span class='ocrx_word' id='word_1_111' title='bbox 923 1621 1252 1690; x_wconf 76' lang='lat' dir='ltr'><strong>centussibus,</strong></span> <span class='ocrx_word' id='word_1_112' title='bbox 1288 1635 1472 1695; x_wconf 65' lang='lat' dir='ltr'><strong>praeter</strong></span> <span class='ocrx_word' id='word_1_113' title='bbox 1495 1637 1645 1684; x_wconf 73' lang='lat' dir='ltr'><strong>terrae</strong></span> <span class='ocrx_word' id='word_1_114' title='bbox 1681 1640 1802 1685; x_wconf 85' lang='lat' dir='ltr'><strong>nata</strong></span> <span class='ocrx_word' id='word_1_115' title='bbox 1831 1614 2246 1705; x_wconf 56' lang='lat' dir='ltr'><strong>impendebat”,</strong></span> 
     </span>
    </p>
   </div>
   <div class='ocr_carea' id='block_1_18' title="bbox 647 1710 2251 1793">
    <p class='ocr_par' dir='ltr' id='par_1_18' title="bbox 647 1710 2251 1793">
     <span class='ocr_line' id='line_1_18' title="bbox 647 1710 2251 1793; baseline 0.014 -30"><span class='ocrx_word' id='word_1_116' title='bbox 647 1710 702 1764; x_wconf 89' lang='lat' dir='ltr'><strong>id</strong></span> <span class='ocrx_word' id='word_1_117' title='bbox 740 1721 831 1775; x_wconf 84' lang='lat' dir='ltr'><strong>est,</strong></span> <span class='ocrx_word' id='word_1_118' title='bbox 857 1724 1059 1770; x_wconf 82' lang='lat' dir='ltr'><strong>centum</strong></span> <span class='ocrx_word' id='word_1_119' title='bbox 1094 1712 1300 1793; x_wconf 78' lang='lat' dir='ltr'><strong>assibus</strong></span> <span class='ocrx_word' id='word_1_120' title='bbox 1342 1722 1430 1789; x_wconf 90' lang='lat' dir='ltr'><strong>qui</strong></span> <span class='ocrx_word' id='word_1_121' title='bbox 1454 1732 1596 1777; x_wconf 85' lang='lat' dir='ltr'><strong>erant</strong></span> <span class='ocrx_word' id='word_1_122' title='bbox 1628 1721 1798 1781; x_wconf 80' lang='lat' dir='ltr'><strong>breves</strong></span> <span class='ocrx_word' id='word_1_123' title='bbox 1823 1729 2016 1782; x_wconf 85' lang='lat' dir='ltr'><strong>nummi</strong></span> <span class='ocrx_word' id='word_1_124' title='bbox 2055 1745 2118 1783; x_wconf 81' lang='lat' dir='ltr'><strong>ea:</strong></span> <span class='ocrx_word' id='word_1_125' title='bbox 2145 1746 2251 1785; x_wconf 78' lang='lat' dir='ltr'><strong>ture</strong></span> 
     </span>
    </p>
   </div>
   <div class='ocr_carea' id='block_1_19' title="bbox 2352 521 3907 608">
    <p class='ocr_par' dir='ltr' id='par_1_19' title="bbox 2352 521 3907 608">
     <span class='ocr_line' id='line_1_19' title="bbox 2352 521 3907 608; baseline 0.012 -33"><span class='ocrx_word' id='word_1_126' title='bbox 2352 535 2454 576; x_wconf 87' lang='lat' dir='ltr'><strong>non</strong></span> <span class='ocrx_word' id='word_1_127' title='bbox 2492 536 2624 578; x_wconf 82' lang='lat' dir='ltr'><strong>esse.</strong></span> <span class='ocrx_word' id='word_1_128' title='bbox 2656 521 2790 578; x_wconf 90' lang='lat' dir='ltr'><strong>Tum</strong></span> <span class='ocrx_word' id='word_1_129' title='bbox 2822 522 2938 580; x_wconf 58' lang='lat' dir='ltr'><strong>base</strong></span> <span class='ocrx_word' id='word_1_130' title='bbox 2963 526 3314 585; x_wconf 84' lang='lat' dir='ltr'><strong>continenter</strong></span> <span class='ocrx_word' id='word_1_131' title='bbox 3340 531 3628 602; x_wconf 73' lang='lat' dir='ltr'><strong>sultjunxit</strong></span> <span class='ocrx_word' id='word_1_132' title='bbox 3658 554 3671 591; x_wconf 89' lang='lat'><strong>:</strong></span> <span class='ocrx_word' id='word_1_133' title='bbox 3705 536 3822 608; x_wconf 75' lang='lat' dir='ltr'><strong>Ipse</strong></span> <span class='ocrx_word' id='word_1_134' title='bbox 3841 559 3907 595; x_wconf 85' lang='lat' dir='ltr'><strong>nte-</strong></span> 
     </span>
    </p>
   </div>
   <div class='ocr_carea' id='block_1_20' title="bbox 2352 614 3907 699">
    <p class='ocr_par' dir='ltr' id='par_1_20' title="bbox 2352 614 3907 699">
     <span class='ocr_line' id='line_1_20' title="bbox 2352 614 3907 699; baseline 0.011 -32"><span class='ocrx_word' id='word_1_135' title='bbox 2352 614 2469 669; x_wconf 82' lang='lat' dir='ltr'><strong>dius</strong></span> <span class='ocrx_word' id='word_1_136' title='bbox 2510 615 2668 685; x_wconf 80' lang='lat' dir='ltr'><strong>ﬁdius</strong></span> <span class='ocrx_word' id='word_1_137' title='bbox 2713 616 2840 672; x_wconf 84' lang='lat' dir='ltr'><strong>mihi</strong></span> <span class='ocrx_word' id='word_1_138' title='bbox 2881 617 3060 675; x_wconf 69' lang='lat' dir='ltr'><strong>littere</strong></span> <span class='ocrx_word' id='word_1_139' title='bbox 3084 618 3266 677; x_wconf 66' lang='lat' dir='ltr'><strong>seculi</strong></span> <span class='ocrx_word' id='word_1_140' title='bbox 3306 626 3479 679; x_wconf 86' lang='lat' dir='ltr'><strong>nostri</strong></span> <span class='ocrx_word' id='word_1_141' title='bbox 3522 626 3837 699; x_wconf 75' lang='lat' dir='ltr'><strong>obstupescm</strong></span> <span class='ocrx_word' id='word_1_142' title='bbox 3861 634 3907 686; x_wconf 74' lang='lat' dir='ltr'><strong>ti-</strong></span> 
     </span>
    </p>
   </div>
   <div class='ocr_carea' id='block_1_21' title="bbox 2351 708 3905 788">
    <p class='ocr_par' dir='ltr' id='par_1_21' title="bbox 2351 708 3905 788">
     <span class='ocr_line' id='line_1_21' title="bbox 2351 708 3905 788; baseline 0.012 -27"><span class='ocrx_word' id='word_1_143' title='bbox 2351 708 2550 776; x_wconf 82' lang='lat' dir='ltr'><strong>dentur,</strong></span> <span class='ocrx_word' id='word_1_144' title='bbox 2575 726 2691 764; x_wconf 81' lang='lat' dir='ltr'><strong>cum</strong></span> <span class='ocrx_word' id='word_1_145' title='bbox 2726 710 2796 765; x_wconf 90' lang='lat' dir='ltr'><strong>ad</strong></span> <span class='ocrx_word' id='word_1_146' title='bbox 2818 720 3014 769; x_wconf 76' lang='lat' dir='ltr'><strong>tantam</strong></span> <span class='ocrx_word' id='word_1_147' title='bbox 3039 715 3368 772; x_wconf 70' lang='lat' dir='ltr'><strong>maritalem</strong></span> <span class='ocrx_word' id='word_1_148' title='bbox 3392 719 3713 788; x_wconf 77' lang='lat' dir='ltr'><strong>referendam</strong></span> <span class='ocrx_word' id='word_1_149' title='bbox 3736 724 3905 780; x_wconf 76' lang='lat' dir='ltr'><strong>ministr-</strong></span> 
     </span>
    </p>
   </div>
   <div class='ocr_carea' id='block_1_22' title="bbox 2351 803 3906 881">
    <p class='ocr_par' dir='ltr' id='par_1_22' title="bbox 2351 803 3906 881">
     <span class='ocr_line' id='line_1_22' title="bbox 2351 803 3906 881; baseline 0.01 -25"><span class='ocrx_word' id='word_1_150' title='bbox 2351 803 2486 857; x_wconf 82' lang='lat' dir='ltr'><strong>rium</strong></span> <span class='ocrx_word' id='word_1_151' title='bbox 2522 805 2908 862; x_wconf 85' lang='lat' dir='ltr'><strong>accommodare</strong></span> <span class='ocrx_word' id='word_1_152' title='bbox 2947 819 3220 881; x_wconf 85' lang='lat' dir='ltr'><strong>coguntur,</strong></span> <span class='ocrx_word' id='word_1_153' title='bbox 3266 827 3336 866; x_wconf 86' lang='lat' dir='ltr'><strong>ac</strong></span> <span class='ocrx_word' id='word_1_154' title='bbox 3375 814 3545 868; x_wconf 82' lang='lat' dir='ltr'><strong>vereri</strong></span> <span class='ocrx_word' id='word_1_155' title='bbox 3579 830 3641 868; x_wconf 85' lang='lat' dir='ltr'><strong>ne</strong></span> <span class='ocrx_word' id='word_1_156' title='bbox 3666 831 3759 870; x_wconf 79' lang='lat' dir='ltr'><strong>non</strong></span> <span class='ocrx_word' id='word_1_157' title='bbox 3777 828 3906 872; x_wconf 72' lang='lat' dir='ltr'><strong>nosne</strong></span> 
     </span>
    </p>
   </div>
   <div class='ocr_carea' id='block_1_23' title="bbox 2353 898 3904 966">
    <p class='ocr_par' dir='ltr' id='par_1_23' title="bbox 2353 898 3904 966">
     <span class='ocr_line' id='line_1_23' title="bbox 2353 898 3904 966; baseline 0.009 -15"><span class='ocrx_word' id='word_1_158' title='bbox 2353 898 2492 953; x_wconf 81' lang='lat' dir='ltr'><strong>urbis</strong></span> <span class='ocrx_word' id='word_1_159' title='bbox 2516 908 2631 954; x_wconf 87' lang='lat' dir='ltr'><strong>acta</strong></span> <span class='ocrx_word' id='word_1_160' title='bbox 2656 916 3049 957; x_wconf 73' lang='lat' dir='ltr'><strong>commemorare</strong></span> <span class='ocrx_word' id='word_1_161' title='bbox 3076 904 3461 962; x_wconf 64' lang='lat' dir='ltr'><strong>existimentur.</strong></span> <span class='ocrx_word' id='word_1_162' title='bbox 3512 905 3615 962; x_wconf 68' lang='lat' dir='ltr'><strong>Via</strong></span> <span class='ocrx_word' id='word_1_163' title='bbox 3638 910 3761 964; x_wconf 77' lang='lat' dir='ltr'><strong>enim</strong></span> <span class='ocrx_word' id='word_1_164' title='bbox 3791 914 3904 966; x_wconf 77' lang='lat' dir='ltr'><strong>mdi-</strong></span> 
     </span>
    </p>
   </div>
   <div class='ocr_carea' id='block_1_24' title="bbox 2352 991 3904 1074">
    <p class='ocr_par' dir='ltr' id='par_1_24' title="bbox 2352 991 3904 1074">
     <span class='ocr_line' id='line_1_24' title="bbox 2352 991 3904 1074; baseline 0.01 -29"><span class='ocrx_word' id='word_1_165' title='bbox 2352 991 2450 1047; x_wconf 83' lang='lat' dir='ltr'><strong>bile</strong></span> <span class='ocrx_word' id='word_1_166' title='bbox 2472 1002 2545 1047; x_wconf 85' lang='lat' dir='ltr'><strong>est</strong></span> <span class='ocrx_word' id='word_1_167' title='bbox 2579 994 2712 1049; x_wconf 83' lang='lat' dir='ltr'><strong>idem</strong></span> <span class='ocrx_word' id='word_1_168' title='bbox 2742 996 3021 1065; x_wconf 73' lang='lat' dir='ltr'><strong>pausarium</strong></span> <span class='ocrx_word' id='word_1_169' title='bbox 3053 998 3223 1054; x_wconf 84' lang='lat' dir='ltr'><strong>decem</strong></span> <span class='ocrx_word' id='word_1_170' title='bbox 3254 1002 3441 1071; x_wconf 83' lang='lat' dir='ltr'><strong>pondo</strong></span> <span class='ocrx_word' id='word_1_171' title='bbox 3463 1004 3664 1074; x_wconf 84' lang='lat' dir='ltr'><strong>argenti</strong></span> <span class='ocrx_word' id='word_1_172' title='bbox 3683 1004 3904 1060; x_wconf 78' lang='lat' dir='ltr'><strong>etinsitlio-</strong></span> 
     </span>
    </p>
   </div>
   <div class='ocr_carea' id='block_1_25' title="bbox 2350 1087 3877 1168">
    <p class='ocr_par' dir='ltr' id='par_1_25' title="bbox 2350 1087 3877 1168">
     <span class='ocr_line' id='line_1_25' title="bbox 2350 1087 3877 1168; baseline 0.008 -28"><span class='ocrx_word' id='word_1_173' title='bbox 2350 1101 2464 1140; x_wconf 83' lang='lat' dir='ltr'><strong>sunt</strong></span> <span class='ocrx_word' id='word_1_174' title='bbox 2484 1087 2639 1156; x_wconf 77' lang='lat' dir='ltr'><strong>fuisse</strong></span> <span class='ocrx_word' id='word_1_175' title='bbox 2649 1103 2873 1156; x_wconf 79' lang='lat' dir='ltr'><strong>censum,</strong></span> <span class='ocrx_word' id='word_1_176' title='bbox 2900 1099 2945 1144; x_wconf 83' lang='lat' dir='ltr'><strong>ct</strong></span> <span class='ocrx_word' id='word_1_177' title='bbox 2962 1091 3189 1163; x_wconf 78' lang='lat' dir='ltr'><strong>inopiam</strong></span> <span class='ocrx_word' id='word_1_178' title='bbox 3212 1093 3405 1150; x_wconf 76' lang='lat' dir='ltr'><strong>haberi</strong></span> <span class='ocrx_word' id='word_1_179' title='bbox 3423 1098 3877 1168; x_wconf 65' lang='lat' dir='ltr'><strong>contemptissimae.</strong></span> 
     </span>
    </p>
   </div>
   <div class='ocr_carea' id='block_1_26' title="bbox 2424 1178 3901 1246">
    <p class='ocr_par' dir='ltr' id='par_1_26' title="bbox 2424 1178 3901 1246">
     <span class='ocr_line' id='line_1_26' title="bbox 2424 1178 3901 1246; baseline 0.008 -12"><span class='ocrx_word' id='word_1_180' title='bbox 2424 1178 2612 1235; x_wconf 82' lang='lat' dir='ltr'><strong>Nonne</strong></span> <span class='ocrx_word' id='word_1_181' title='bbox 2655 1189 2836 1237; x_wconf 84' lang='lat' dir='ltr'><strong>autem</strong></span> <span class='ocrx_word' id='word_1_182' title='bbox 2883 1182 3245 1242; x_wconf 84' lang='lat' dir='ltr'><strong>Tertullianus</strong></span> <span class='ocrx_word' id='word_1_183' title='bbox 3307 1187 3572 1245; x_wconf 84' lang='lat' dir='ltr'><strong>similiter</strong></span> <span class='ocrx_word' id='word_1_184' title='bbox 3618 1189 3793 1246; x_wconf 79' lang='lat' dir='ltr'><strong>indicat</strong></span> <span class='ocrx_word' id='word_1_185' title='bbox 3824 1205 3901 1246; x_wconf 81' lang='lat' dir='ltr'><strong>eam</strong></span> 
     </span>
    </p>
   </div>
   <div class='ocr_carea' id='block_1_27' title="bbox 2353 1272 3965 1343">
    <p class='ocr_par' dir='ltr' id='par_1_27' title="bbox 2353 1272 3965 1343">
     <span class='ocr_line' id='line_1_27' title="bbox 2353 1272 3965 1343; baseline 0.008 -19"><span class='ocrx_word' id='word_1_186' title='bbox 2353 1272 2555 1343; x_wconf 82' lang='lat' dir='ltr'><strong>argenti</strong></span> <span class='ocrx_word' id='word_1_187' title='bbox 2582 1286 2847 1329; x_wconf 81' lang='lat' dir='ltr'><strong>summam</strong></span> <span class='ocrx_word' id='word_1_188' title='bbox 2873 1291 2904 1330; x_wconf 87' lang='lat' dir='ltr'><strong>a</strong></span> <span class='ocrx_word' id='word_1_189' title='bbox 2938 1275 3189 1333; x_wconf 84' lang='lat' dir='ltr'><strong>Cornelio</strong></span> <span class='ocrx_word' id='word_1_190' title='bbox 3226 1277 3379 1334; x_wconf 82' lang='lat' dir='ltr'><strong>Rufo</strong></span> <span class='ocrx_word' id='word_1_191' title='bbox 3426 1280 3498 1335; x_wconf 89' lang='lat' dir='ltr'><strong>ad</strong></span> <span class='ocrx_word' id='word_1_192' title='bbox 3540 1280 3821 1339; x_wconf 87' lang='lat' dir='ltr'><strong>fabricanda</strong></span> <span class='ocrx_word' id='word_1_193' title='bbox 3842 1292 3900 1336; x_wconf 84' lang='lat' dir='ltr'><strong>aut</strong></span> <span class='ocrx_word' id='word_1_194' title='bbox 3964 1272 3965 1337; x_wconf 63' lang='grc' dir='ltr'>ξ</span> 
     </span>
    </p>
   </div>
   <div class='ocr_carea' id='block_1_28' title="bbox 2352 1367 3899 1446">
    <p class='ocr_par' dir='ltr' id='par_1_28' title="bbox 2352 1367 3899 1446">
     <span class='ocr_line' id='line_1_28' title="bbox 2352 1367 3899 1446; baseline 0.006 -26"><span class='ocrx_word' id='word_1_195' title='bbox 2352 1367 2578 1421; x_wconf 84' lang='lat' dir='ltr'><strong>emenda</strong></span> <span class='ocrx_word' id='word_1_196' title='bbox 2605 1376 2857 1439; x_wconf 85' lang='lat' dir='ltr'><strong>argentea</strong></span> <span class='ocrx_word' id='word_1_197' title='bbox 2882 1383 3012 1425; x_wconf 78' lang='lat' dir='ltr'><strong>vasa</strong></span> <span class='ocrx_word' id='word_1_198' title='bbox 3033 1371 3337 1441; x_wconf 83' lang='lat' dir='ltr'><strong>impensam</strong></span> <span class='ocrx_word' id='word_1_199' title='bbox 3368 1372 3562 1437; x_wconf 89' lang='lat' dir='ltr'><strong>fuisse,</strong></span> <span class='ocrx_word' id='word_1_200' title='bbox 3594 1375 3681 1446; x_wconf 86' lang='lat' dir='ltr'><strong>qui</strong></span> <span class='ocrx_word' id='word_1_201' title='bbox 3705 1376 3899 1445; x_wconf 79' lang='lat' dir='ltr'><strong>majorem</strong></span> 
     </span>
    </p>
   </div>
   <div class='ocr_carea' id='block_1_29' title="bbox 2352 1456 3898 1537">
    <p class='ocr_par' dir='ltr' id='par_1_29' title="bbox 2352 1456 3898 1537">
     <span class='ocr_line' id='line_1_29' title="bbox 2352 1456 3898 1537; baseline 0.005 -24"><span class='ocrx_word' id='word_1_202' title='bbox 2352 1456 2715 1514; x_wconf 81' lang='lat' dir='ltr'><strong>Romanorum</strong></span> <span class='ocrx_word' id='word_1_203' title='bbox 2752 1460 2938 1516; x_wconf 82' lang='lat' dir='ltr'><strong>luxum</strong></span> <span class='ocrx_word' id='word_1_204' title='bbox 2963 1462 3087 1532; x_wconf 76' lang='lat' dir='ltr'><strong>jure</strong></span> <span class='ocrx_word' id='word_1_205' title='bbox 3114 1464 3312 1520; x_wconf 83' lang='lat' dir='ltr'><strong>merito</strong></span> <span class='ocrx_word' id='word_1_206' title='bbox 3342 1464 3502 1522; x_wconf 88' lang='lat' dir='ltr'><strong>hisce</strong></span> <span class='ocrx_word' id='word_1_207' title='bbox 3547 1466 3792 1537; x_wconf 75' lang='lat' dir='ltr'><strong>redarguit</strong></span> <span class='ocrx_word' id='word_1_208' title='bbox 3814 1466 3898 1521; x_wconf 84' lang='lat' dir='ltr'><strong>sub-</strong></span> 
     </span>
    </p>
   </div>
   <div class='ocr_carea' id='block_1_30' title="bbox 2352 1552 3898 1627">
    <p class='ocr_par' dir='ltr' id='par_1_30' title="bbox 2352 1552 3898 1627">
     <span class='ocr_line' id='line_1_30' title="bbox 2352 1552 3898 1627; baseline 0.005 -20"><span class='ocrx_word' id='word_1_209' title='bbox 2352 1552 2699 1623; x_wconf 71' lang='lat' dir='ltr'><strong>sequentibus</strong></span> <span class='ocrx_word' id='word_1_210' title='bbox 2729 1554 2907 1610; x_wconf 82' lang='lat' dir='ltr'><strong>verbis</strong></span> <span class='ocrx_word' id='word_1_211' title='bbox 2934 1570 2948 1609; x_wconf 88' lang='lat'>:</span> <span class='ocrx_word' id='word_1_212' title='bbox 2991 1553 3147 1612; x_wconf 83' lang='lat' dir='ltr'><strong>Video</strong></span> <span class='ocrx_word' id='word_1_213' title='bbox 3178 1558 3233 1611; x_wconf 86' lang='lat' dir='ltr'><strong>in</strong></span> <span class='ocrx_word' id='word_1_214' title='bbox 3261 1557 3444 1614; x_wconf 82' lang='lat' dir='ltr'><strong>lances</strong></span> <span class='ocrx_word' id='word_1_215' title='bbox 3464 1601 3481 1627; x_wconf 96' lang='lat'><strong>,</strong></span> <span class='ocrx_word' id='word_1_216' title='bbox 3507 1558 3576 1614; x_wconf 83' lang='lat' dir='ltr'><strong>ad</strong></span> <span class='ocrx_word' id='word_1_217' title='bbox 3603 1559 3741 1615; x_wconf 81' lang='lat' dir='ltr'><strong>cibos</strong></span> <span class='ocrx_word' id='word_1_218' title='bbox 3768 1558 3898 1614; x_wconf 70' lang='lat' dir='ltr'><strong>videli</strong></span> 
     </span>
    </p>
   </div>
   <div class='ocr_carea' id='block_1_31' title="bbox 2352 1646 3897 1720">
    <p class='ocr_par' dir='ltr' id='par_1_31' title="bbox 2352 1646 3897 1720">
     <span class='ocr_line' id='line_1_31' title="bbox 2352 1646 3897 1720; baseline 0.001 -17"><span class='ocrx_word' id='word_1_219' title='bbox 2352 1654 2439 1703; x_wconf 84' lang='lat' dir='ltr'><strong>eet</strong></span> <span class='ocrx_word' id='word_1_220' title='bbox 2464 1646 2804 1703; x_wconf 64' lang='lat' dir='ltr'><strong>manantibus</strong></span> <span class='ocrx_word' id='word_1_221' title='bbox 2831 1648 3102 1716; x_wconf 88' lang='lat' dir='ltr'><strong>ferendos,</strong></span> <span class='ocrx_word' id='word_1_222' title='bbox 3135 1668 3323 1720; x_wconf 82' lang='lat' dir='ltr'><strong>parum</strong></span> <span class='ocrx_word' id='word_1_223' title='bbox 3371 1661 3449 1707; x_wconf 90' lang='lat' dir='ltr'><strong>est</strong></span> <span class='ocrx_word' id='word_1_224' title='bbox 3486 1652 3536 1707; x_wconf 90' lang='lat' dir='ltr'><strong>si</strong></span> <span class='ocrx_word' id='word_1_225' title='bbox 3560 1647 3897 1717; x_wconf 72' lang='lat' dir='ltr'><strong>senatbrum,rt</strong></span> 
     </span>
    </p>
   </div>
   <div class='ocr_carea' id='block_1_32' title="bbox 2353 1739 3896 1817">
    <p class='ocr_par' dir='ltr' id='par_1_32' title="bbox 2353 1739 3896 1817">
     <span class='ocr_line' id='line_1_32' title="bbox 2353 1739 3896 1817; baseline 0.003 -24"><span class='ocrx_word' id='word_1_226' title='bbox 2353 1757 2453 1794; x_wconf 87' lang='lat' dir='ltr'><strong>non</strong></span> <span class='ocrx_word' id='word_1_227' title='bbox 2498 1739 2865 1807; x_wconf 85' lang='lat' dir='ltr'><strong>libertinorum,</strong></span> <span class='ocrx_word' id='word_1_228' title='bbox 2897 1740 2977 1796; x_wconf 77' lang='lat' dir='ltr'><strong>vel</strong></span> <span class='ocrx_word' id='word_1_229' title='bbox 3005 1741 3175 1797; x_wconf 81' lang='lat' dir='ltr'><strong>adhuc</strong></span> <span class='ocrx_word' id='word_1_230' title='bbox 3202 1744 3379 1817; x_wconf 72' lang='lat' dir='ltr'><strong>ﬂagra</strong></span> <span class='ocrx_word' id='word_1_231' title='bbox 3419 1746 3750 1815; x_wconf 76' lang='lat' dir='ltr'><strong>rumpentium</strong></span> <span class='ocrx_word' id='word_1_232' title='bbox 3766 1760 3896 1815; x_wconf 76' lang='lat' dir='ltr'><strong>arges-</strong></span> 
     </span>
    </p>
   </div>
   <div class='ocr_carea' id='block_1_33' title="bbox 650 1801 3890 1910">
    <p class='ocr_par' dir='ltr' id='par_1_33' title="bbox 650 1801 3890 1910">
     <span class='ocr_line' id='line_1_33' title="bbox 650 1801 3890 1910; baseline 0.011 -54"><span class='ocrx_word' id='word_1_233' title='bbox 650 1801 818 1875; x_wconf 82' lang='lat' dir='ltr'><strong>(Fest.</strong></span> <span class='ocrx_word' id='word_1_234' title='bbox 849 1808 916 1861; x_wconf 86' lang='lat' dir='ltr'><strong>ad</strong></span> <span class='ocrx_word' id='word_1_235' title='bbox 937 1824 985 1863; x_wconf 86' lang='grc' dir='ltr'><strong>υ.</strong></span> <span class='ocrx_word' id='word_1_236' title='bbox 1015 1808 1397 1885; x_wconf 85' lang='lat' dir='ltr'><strong>Centenaria-),</strong></span> <span class='ocrx_word' id='word_1_237' title='bbox 1419 1816 1491 1872; x_wconf 90' lang='lat' dir='ltr'><strong>uti</strong></span> <span class='ocrx_word' id='word_1_238' title='bbox 1513 1832 1672 1887; x_wconf 85' lang='lat' dir='ltr'><strong>supra</strong></span> <span class='ocrx_word' id='word_1_239' title='bbox 1702 1822 2027 1879; x_wconf 81' lang='lat' dir='ltr'><strong>monuimus.</strong></span> <span class='ocrx_word' id='word_1_240' title='bbox 2057 1823 2254 1882; x_wconf 83' lang='lat' dir='ltr'><strong>Noster</strong></span> <span class='ocrx_word' id='word_1_241' title='bbox 2282 1832 2329 1893; x_wconf 87' lang='lat' dir='ltr'><strong>B</strong></span> <span class='ocrx_word' id='word_1_242' title='bbox 2358 1836 2489 1889; x_wconf 85' lang='lat' dir='ltr'><strong>tario</strong></span> <span class='ocrx_word' id='word_1_243' title='bbox 2516 1834 2726 1890; x_wconf 83' lang='lat' dir='ltr'><strong>metalla</strong></span> <span class='ocrx_word' id='word_1_244' title='bbox 2764 1801 3012 1904; x_wconf 75' lang='lat' dir='ltr'><strong>producta</strong></span> <span class='ocrx_word' id='word_1_245' title='bbox 3045 1801 3479 1910; x_wconf 49' lang='lat' dir='ltr'><strong>(Teilt&#39;ll.:4pol.,</strong></span> <span class='ocrx_word' id='word_1_246' title='bbox 3506 1801 3621 1909; x_wconf 77' lang='lat' dir='ltr'><strong>cap.</strong></span> <span class='ocrx_word' id='word_1_247' title='bbox 3647 1838 3697 1905; x_wconf 90' lang='lat'><strong>6,</strong></span> <span class='ocrx_word' id='word_1_248' title='bbox 3724 1856 3769 1910; x_wconf 83' lang='grc' dir='ltr'><strong>ρ.</strong></span> <span class='ocrx_word' id='word_1_249' title='bbox 3787 1801 3890 1908; x_wconf 68' lang='grc' dir='ltr'><strong>εἰη).</strong></span> 
     </span>
    </p>
   </div>
   <div class='ocr_carea' id='block_1_34' title="bbox 646 1897 2244 1987">
    <p class='ocr_par' dir='ltr' id='par_1_34' title="bbox 646 1897 2244 1987">
     <span class='ocr_line' id='line_1_34' title="bbox 646 1897 2244 1987; baseline 0.014 -34"><span class='ocrx_word' id='word_1_250' title='bbox 646 1897 811 1969; x_wconf 87' lang='lat' dir='ltr'><strong>igitur</strong></span> <span class='ocrx_word' id='word_1_251' title='bbox 861 1902 1062 1961; x_wconf 83' lang='lat' dir='ltr'><strong>Auctor</strong></span> <span class='ocrx_word' id='word_1_252' title='bbox 1114 1906 1379 1977; x_wconf 83' lang='lat' dir='ltr'><strong>signiﬁcat</strong></span> <span class='ocrx_word' id='word_1_253' title='bbox 1444 1914 1642 1968; x_wconf 87' lang='lat' dir='ltr'><strong>veteris</strong></span> <span class='ocrx_word' id='word_1_254' title='bbox 1697 1914 2023 1987; x_wconf 86' lang='lat' dir='ltr'><strong>frugalisque</strong></span> <span class='ocrx_word' id='word_1_255' title='bbox 2073 1933 2244 1976; x_wconf 64' lang='lat' dir='ltr'><strong>coenae</strong></span> 
     </span>
    </p>
   </div>
   <div class='ocr_carea' id='block_1_35' title="bbox 645 1997 2243 2077">
    <p class='ocr_par' dir='ltr' id='par_1_35' title="bbox 645 1997 2243 2077">
     <span class='ocr_line' id='line_1_35' title="bbox 645 1997 2243 2077; baseline 0.013 -31"><span class='ocrx_word' id='word_1_256' title='bbox 645 2001 832 2049; x_wconf 86' lang='lat' dir='ltr'><strong>auctos</strong></span> <span class='ocrx_word' id='word_1_257' title='bbox 858 2003 1008 2050; x_wconf 79' lang='lat' dir='ltr'><strong>extra</strong></span> <span class='ocrx_word' id='word_1_258' title='bbox 1031 1997 1249 2055; x_wconf 90' lang='lat' dir='ltr'><strong>modum</strong></span> <span class='ocrx_word' id='word_1_259' title='bbox 1270 2012 1536 2071; x_wconf 84' lang='lat' dir='ltr'><strong>sumptus.</strong></span> <span class='ocrx_word' id='word_1_260' title='bbox 1553 2004 1686 2061; x_wconf 83' lang='lat' dir='ltr'><strong>Nam</strong></span> <span class='ocrx_word' id='word_1_261' title='bbox 1701 2023 1818 2077; x_wconf 78' lang='lat' dir='ltr'><strong>qua:</strong></span> <span class='ocrx_word' id='word_1_262' title='bbox 1837 2018 1995 2064; x_wconf 81' lang='lat' dir='ltr'><strong>antea</strong></span> <span class='ocrx_word' id='word_1_263' title='bbox 2019 2020 2243 2066; x_wconf 85' lang='lat' dir='ltr'><strong>centum</strong></span> 
     </span>
    </p>
   </div>
   <div class='ocr_carea' id='block_1_36' title="bbox 648 2086 2243 2164">
    <p class='ocr_par' dir='ltr' id='par_1_36' title="bbox 648 2086 2243 2164">
     <span class='ocr_line' id='line_1_36' title="bbox 648 2086 2243 2164; baseline 0.013 -26"><span class='ocrx_word' id='word_1_264' title='bbox 648 2095 700 2139; x_wconf 89' lang='lat' dir='ltr'><strong>ut</strong></span> <span class='ocrx_word' id='word_1_265' title='bbox 743 2086 1031 2156; x_wconf 88' lang='lat' dir='ltr'><strong>plurimum</strong></span> <span class='ocrx_word' id='word_1_266' title='bbox 1072 2090 1282 2150; x_wconf 88' lang='lat' dir='ltr'><strong>assibus</strong></span> <span class='ocrx_word' id='word_1_267' title='bbox 1311 2094 1544 2153; x_wconf 78' lang='lat' dir='ltr'><strong>debebat</strong></span> <span class='ocrx_word' id='word_1_268' title='bbox 1590 2098 1817 2164; x_wconf 88' lang='lat' dir='ltr'><strong>instrui,</strong></span> <span class='ocrx_word' id='word_1_269' title='bbox 1869 2100 1985 2157; x_wconf 78' lang='lat' dir='ltr'><strong>inec</strong></span> <span class='ocrx_word' id='word_1_270' title='bbox 2027 2113 2243 2159; x_wconf 87' lang='lat' dir='ltr'><strong>centum</strong></span> 
     </span>
    </p>
   </div>
   <div class='ocr_carea' id='block_1_37' title="bbox 646 2180 2245 2257">
    <p class='ocr_par' dir='ltr' id='par_1_37' title="bbox 646 2180 2245 2257">
     <span class='ocr_line' id='line_1_37' title="bbox 646 2180 2245 2257; baseline 0.013 -25"><span class='ocrx_word' id='word_1_271' title='bbox 646 2180 906 2235; x_wconf 81' lang='lat' dir='ltr'><strong>sestertiis</strong></span> <span class='ocrx_word' id='word_1_272' title='bbox 935 2180 1051 2238; x_wconf 90' lang='lat' dir='ltr'><strong>dari</strong></span> <span class='ocrx_word' id='word_1_273' title='bbox 1082 2183 1224 2241; x_wconf 89' lang='lat' dir='ltr'><strong>illius</strong></span> <span class='ocrx_word' id='word_1_274' title='bbox 1265 2195 1508 2257; x_wconf 87' lang='lat' dir='ltr'><strong>tempore</strong></span> <span class='ocrx_word' id='word_1_275' title='bbox 1538 2202 1917 2248; x_wconf 85' lang='lat' dir='ltr'><strong>consueverat.</strong></span> <span class='ocrx_word' id='word_1_276' title='bbox 1945 2193 2245 2253; x_wconf 85' lang='lat' dir='ltr'><strong>Sestertius</strong></span> 
     </span>
    </p>
   </div>
   <div class='ocr_carea' id='block_1_38' title="bbox 644 2272 2237 2359">
    <p class='ocr_par' dir='ltr' id='par_1_38' title="bbox 644 2272 2237 2359">
     <span class='ocr_line' id='line_1_38' title="bbox 644 2272 2237 2359; baseline 0.013 -35"><span class='ocrx_word' id='word_1_277' title='bbox 644 2279 823 2326; x_wconf 88' lang='lat' dir='ltr'><strong>autem</strong></span> <span class='ocrx_word' id='word_1_278' title='bbox 852 2272 988 2331; x_wconf 87' lang='lat' dir='ltr'><strong>duos</strong></span> <span class='ocrx_word' id='word_1_279' title='bbox 1008 2290 1160 2335; x_wconf 81' lang='lat' dir='ltr'><strong>asses</strong></span> <span class='ocrx_word' id='word_1_280' title='bbox 1178 2285 1235 2335; x_wconf 88' lang='lat' dir='ltr'><strong>et</strong></span> <span class='ocrx_word' id='word_1_281' title='bbox 1257 2280 1538 2338; x_wconf 84' lang='lat' dir='ltr'><strong>semissem</strong></span> <span class='ocrx_word' id='word_1_282' title='bbox 1564 2282 1801 2340; x_wconf 84' lang='lat' dir='ltr'><strong>valebat.</strong></span> <span class='ocrx_word' id='word_1_283' title='bbox 1825 2285 2050 2342; x_wconf 83' lang='lat' dir='ltr'><strong>Centum</strong></span> <span class='ocrx_word' id='word_1_284' title='bbox 2072 2304 2237 2359; x_wconf 89' lang='lat' dir='ltr'><strong>porro</strong></span> 
     </span>
    </p>
   </div>
   <div class='ocr_carea' id='block_1_39' title="bbox 643 2365 2245 2450">
    <p class='ocr_par' dir='ltr' id='par_1_39' title="bbox 643 2365 2245 2450">
     <span class='ocr_line' id='line_1_39' title="bbox 643 2365 2245 2450; baseline 0.014 -34"><span class='ocrx_word' id='word_1_285' title='bbox 643 2365 924 2437; x_wconf 80' lang='lat' dir='ltr'><strong>sestertios</strong></span> <span class='ocrx_word' id='word_1_286' title='bbox 952 2368 1180 2427; x_wconf 85' lang='lat' dir='ltr'><strong>rotunde</strong></span> <span class='ocrx_word' id='word_1_287' title='bbox 1195 2368 1352 2438; x_wconf 83' lang='lat' dir='ltr'><strong>dixit,</strong></span> <span class='ocrx_word' id='word_1_288' title='bbox 1377 2387 1713 2447; x_wconf 86' lang='lat' dir='ltr'><strong>numeroque</strong></span> <span class='ocrx_word' id='word_1_289' title='bbox 1736 2389 1891 2433; x_wconf 86' lang='lat' dir='ltr'><strong>certo</strong></span> <span class='ocrx_word' id='word_1_290' title='bbox 1915 2394 2011 2450; x_wconf 88' lang='lat' dir='ltr'><strong>pro</strong></span> <span class='ocrx_word' id='word_1_291' title='bbox 2038 2381 2245 2438; x_wconf 84' lang='lat' dir='ltr'><strong>incerto</strong></span> 
     </span>
    </p>
   </div>
   <div class='ocr_carea' id='block_1_40' title="bbox 645 2466 2246 2547">
    <p class='ocr_par' dir='ltr' id='par_1_40' title="bbox 645 2466 2246 2547">
     <span class='ocr_line' id='line_1_40' title="bbox 645 2466 2246 2547; baseline 0.011 -34"><span class='ocrx_word' id='word_1_292' title='bbox 645 2473 775 2514; x_wconf 91' lang='lat' dir='ltr'><strong>usus</strong></span> <span class='ocrx_word' id='word_1_293' title='bbox 798 2468 903 2525; x_wconf 89' lang='lat' dir='ltr'><strong>est,</strong></span> <span class='ocrx_word' id='word_1_294' title='bbox 949 2470 1007 2517; x_wconf 91' lang='lat' dir='ltr'><strong>nt</strong></span> <span class='ocrx_word' id='word_1_295' title='bbox 1034 2474 1251 2521; x_wconf 89' lang='lat' dir='ltr'><strong>centum</strong></span> <span class='ocrx_word' id='word_1_296' title='bbox 1280 2466 1485 2525; x_wconf 86' lang='lat' dir='ltr'><strong>assium</strong></span> <span class='ocrx_word' id='word_1_297' title='bbox 1531 2478 1586 2525; x_wconf 91' lang='lat' dir='ltr'><strong>et</strong></span> <span class='ocrx_word' id='word_1_298' title='bbox 1615 2472 1996 2528; x_wconf 73' lang='lat' dir='ltr'><strong>sestertiorum</strong></span> <span class='ocrx_word' id='word_1_299' title='bbox 2029 2476 2246 2547; x_wconf 85' lang='lat' dir='ltr'><strong>opposi-</strong></span> 
     </span>
    </p>
   </div>
   <div class='ocr_carea' id='block_1_41' title="bbox 644 2549 2245 2637">
    <p class='ocr_par' dir='ltr' id='par_1_41' title="bbox 644 2549 2245 2637">
     <span class='ocr_line' id='line_1_41' title="bbox 644 2549 2245 2637; baseline 0.013 -34"><span class='ocrx_word' id='word_1_300' title='bbox 644 2549 791 2608; x_wconf 87' lang='lat' dir='ltr'><strong>tione</strong></span> <span class='ocrx_word' id='word_1_301' title='bbox 806 2552 1021 2621; x_wconf 87' lang='lat' dir='ltr'><strong>,nimios</strong></span> <span class='ocrx_word' id='word_1_302' title='bbox 1032 2570 1307 2613; x_wconf 73' lang='lat' dir='ltr'><strong>ccenarum</strong></span> <span class='ocrx_word' id='word_1_303' title='bbox 1328 2569 1573 2630; x_wconf 90' lang='lat' dir='ltr'><strong>sumptus</strong></span> <span class='ocrx_word' id='word_1_304' title='bbox 1598 2562 1911 2634; x_wconf 78' lang='lat' dir='ltr'><strong>exagitaret.</strong></span> <span class='ocrx_word' id='word_1_305' title='bbox 1932 2564 2063 2633; x_wconf 85' lang='lat' dir='ltr'><strong>Quis</strong></span> <span class='ocrx_word' id='word_1_306' title='bbox 2085 2582 2245 2637; x_wconf 88' lang='lat' dir='ltr'><strong>porro</strong></span> 
     </span>
    </p>
   </div>
   <div class='ocr_carea' id='block_1_42' title="bbox 645 2641 2245 2732">
    <p class='ocr_par' dir='ltr' id='par_1_42' title="bbox 645 2641 2245 2732">
     <span class='ocr_line' id='line_1_42' title="bbox 645 2641 2245 2732; baseline 0.011 -35"><span class='ocrx_word' id='word_1_307' title='bbox 645 2642 779 2699; x_wconf 81' lang='lat' dir='ltr'><strong>vitas</strong></span> <span class='ocrx_word' id='word_1_308' title='bbox 803 2641 1100 2716; x_wconf 79' lang='lat' dir='ltr'><strong>Caesarum,</strong></span> <span class='ocrx_word' id='word_1_309' title='bbox 1126 2663 1157 2704; x_wconf 88' lang='lat' dir='ltr'><strong>a</strong></span> <span class='ocrx_word' id='word_1_310' title='bbox 1182 2649 1443 2709; x_wconf 88' lang='lat' dir='ltr'><strong>Suetonio</strong></span> <span class='ocrx_word' id='word_1_311' title='bbox 1469 2654 1697 2727; x_wconf 86' lang='lat' dir='ltr'><strong>aliisque</strong></span> <span class='ocrx_word' id='word_1_312' title='bbox 1736 2658 2045 2714; x_wconf 87' lang='lat' dir='ltr'><strong>auctoribus</strong></span> <span class='ocrx_word' id='word_1_313' title='bbox 2075 2662 2245 2732; x_wconf 80' lang='lat' dir='ltr'><strong>scrip-</strong></span> 
     </span>
    </p>
   </div>
   <div class='ocr_carea' id='block_1_43' title="bbox 645 2738 2238 2819">
    <p class='ocr_par' dir='ltr' id='par_1_43' title="bbox 645 2738 2238 2819">
     <span class='ocr_line' id='line_1_43' title="bbox 645 2738 2238 2819; baseline 0.013 -30"><span class='ocrx_word' id='word_1_314' title='bbox 645 2745 747 2806; x_wconf 89' lang='lat' dir='ltr'><strong>tas,</strong></span> <span class='ocrx_word' id='word_1_315' title='bbox 778 2738 861 2794; x_wconf 87' lang='lat' dir='ltr'><strong>vel</strong></span> <span class='ocrx_word' id='word_1_316' title='bbox 893 2738 1161 2798; x_wconf 84' lang='lat' dir='ltr'><strong>levissime</strong></span> <span class='ocrx_word' id='word_1_317' title='bbox 1189 2744 1627 2817; x_wconf 86' lang='lat' dir='ltr'><strong>perstringendo,</strong></span> <span class='ocrx_word' id='word_1_318' title='bbox 1675 2764 1784 2805; x_wconf 87' lang='lat' dir='ltr'><strong>non</strong></span> <span class='ocrx_word' id='word_1_319' title='bbox 1833 2752 2238 2819; x_wconf 81' lang='lat' dir='ltr'><strong>animadvertit,</strong></span> 
     </span>
    </p>
   </div>
   <div class='ocr_carea' id='block_1_44' title="bbox 642 2827 2244 2913">
    <p class='ocr_par' dir='ltr' id='par_1_44' title="bbox 642 2827 2244 2913">
     <span class='ocr_line' id='line_1_44' title="bbox 642 2827 2244 2913; baseline 0.013 -32"><span class='ocrx_word' id='word_1_320' title='bbox 642 2827 747 2883; x_wconf 91' lang='lat' dir='ltr'><strong>illis</strong></span> <span class='ocrx_word' id='word_1_321' title='bbox 777 2831 1143 2903; x_wconf 75' lang='lat' dir='ltr'><strong>regnantibus,</strong></span> <span class='ocrx_word' id='word_1_322' title='bbox 1190 2848 1376 2892; x_wconf 75' lang='lat' dir='ltr'><strong>ctenas</strong></span> <span class='ocrx_word' id='word_1_323' title='bbox 1404 2836 1542 2894; x_wconf 87' lang='lat' dir='ltr'><strong>adeo</strong></span> <span class='ocrx_word' id='word_1_324' title='bbox 1572 2839 1737 2896; x_wconf 88' lang='lat' dir='ltr'><strong>fuisse</strong></span> <span class='ocrx_word' id='word_1_325' title='bbox 1759 2850 2135 2913; x_wconf 84' lang='lat' dir='ltr'><strong>sumptuosas,</strong></span> <span class='ocrx_word' id='word_1_326' title='bbox 2186 2855 2244 2902; x_wconf 91' lang='lat' dir='ltr'><strong>ut</strong></span> 
     </span>
    </p>
   </div>
   <div class='ocr_carea' id='block_1_45' title="bbox 642 2921 2242 3006">
    <p class='ocr_par' dir='ltr' id='par_1_45' title="bbox 642 2921 2242 3006">
     <span class='ocr_line' id='line_1_45' title="bbox 642 2921 2242 3006; baseline 0.014 -29"><span class='ocrx_word' id='word_1_327' title='bbox 642 2922 774 2980; x_wconf 81' lang='lat' dir='ltr'><strong>ﬁdes</strong></span> <span class='ocrx_word' id='word_1_328' title='bbox 802 2921 885 2981; x_wconf 90' lang='lat' dir='ltr'><strong>bis</strong></span> <span class='ocrx_word' id='word_1_329' title='bbox 909 2926 1198 2997; x_wconf 87' lang='lat' dir='ltr'><strong>historicis,</strong></span> <span class='ocrx_word' id='word_1_330' title='bbox 1228 2931 1440 2988; x_wconf 83' lang='lat' dir='ltr'><strong>tametsi</strong></span> <span class='ocrx_word' id='word_1_331' title='bbox 1472 2932 1577 2991; x_wconf 81' lang='lat' dir='ltr'><strong>lids</strong></span> <span class='ocrx_word' id='word_1_332' title='bbox 1597 2935 1793 3006; x_wconf 88' lang='lat' dir='ltr'><strong>dignis,</strong></span> <span class='ocrx_word' id='word_1_333' title='bbox 1828 2937 1916 2993; x_wconf 80' lang='lat' dir='ltr'><strong>vix</strong></span> <span class='ocrx_word' id='word_1_334' title='bbox 1935 2937 2242 3001; x_wconf 79' lang='lat' dir='ltr'><strong>habeatur?</strong></span> 
     </span>
    </p>
   </div>
   <div class='ocr_carea' id='block_1_46' title="bbox 642 3014 2245 3103">
    <p class='ocr_par' dir='ltr' id='par_1_46' title="bbox 642 3014 2245 3103">
     <span class='ocr_line' id='line_1_46' title="bbox 642 3014 2245 3103; baseline 0.014 -34"><span class='ocrx_word' id='word_1_335' title='bbox 642 3014 805 3074; x_wconf 84' lang='lat' dir='ltr'><strong>Vides</strong></span> <span class='ocrx_word' id='word_1_336' title='bbox 829 3034 960 3074; x_wconf 86' lang='lat' dir='ltr'><strong>sane</strong></span> <span class='ocrx_word' id='word_1_337' title='bbox 996 3030 1193 3091; x_wconf 87' lang='lat' dir='ltr'><strong>quanta</strong></span> <span class='ocrx_word' id='word_1_338' title='bbox 1226 3022 1478 3082; x_wconf 87' lang='lat' dir='ltr'><strong>facilitate</strong></span> <span class='ocrx_word' id='word_1_339' title='bbox 1515 3026 1745 3085; x_wconf 78' lang='lat' dir='ltr'><strong>Romani</strong></span> <span class='ocrx_word' id='word_1_340' title='bbox 1781 3032 2027 3103; x_wconf 83' lang='lat' dir='ltr'><strong>antiquas</strong></span> <span class='ocrx_word' id='word_1_341' title='bbox 2052 3049 2117 3089; x_wconf 88' lang='lat' dir='ltr'><strong>ac</strong></span> <span class='ocrx_word' id='word_1_342' title='bbox 2151 3050 2245 3092; x_wconf 87' lang='lat' dir='ltr'><strong>ve-</strong></span> 
     </span>
    </p>
   </div>
   <div class='ocr_carea' id='block_1_47' title="bbox 640 3110 2237 3197">
    <p class='ocr_par' dir='ltr' id='par_1_47' title="bbox 640 3110 2237 3197">
     <span class='ocr_line' id='line_1_47' title="bbox 640 3110 2237 3197; baseline 0.013 -35"><span class='ocrx_word' id='word_1_343' title='bbox 640 3110 905 3167; x_wconf 81' lang='lat' dir='ltr'><strong>nerandus</strong></span> <span class='ocrx_word' id='word_1_344' title='bbox 936 3112 1082 3185; x_wconf 84' lang='lat' dir='ltr'><strong>leges</strong></span> <span class='ocrx_word' id='word_1_345' title='bbox 1105 3129 1231 3171; x_wconf 87' lang='lat' dir='ltr'><strong>suas</strong></span> <span class='ocrx_word' id='word_1_346' title='bbox 1258 3118 1673 3177; x_wconf 85' lang='lat' dir='ltr'><strong>emendaverint</strong></span> <span class='ocrx_word' id='word_1_347' title='bbox 1722 3132 1779 3178; x_wconf 89' lang='lat' dir='ltr'><strong>et</strong></span> <span class='ocrx_word' id='word_1_348' title='bbox 1823 3123 2237 3197; x_wconf 83' lang='lat' dir='ltr'><strong>inlirmaverint,</strong></span> 
     </span>
    </p>
   </div>
   <div class='ocr_carea' id='block_1_48' title="bbox 2349 1925 3892 2000">
    <p class='ocr_par' dir='ltr' id='par_1_48' title="bbox 2349 1925 3892 2000">
     <span class='ocr_line' id='line_1_48' title="bbox 2349 1925 3892 2000; baseline -0.001 -18"><span class='ocrx_word' id='word_1_349' title='bbox 2349 1926 2491 1982; x_wconf 84' lang='lat' dir='ltr'><strong>Vitio</strong></span> <span class='ocrx_word' id='word_1_350' title='bbox 2533 1926 2709 1997; x_wconf 85' lang='lat' dir='ltr'><strong>itaque</strong></span> <span class='ocrx_word' id='word_1_351' title='bbox 2748 1925 2978 1982; x_wconf 86' lang='lat' dir='ltr'><strong>ethnicis</strong></span> <span class='ocrx_word' id='word_1_352' title='bbox 3016 1929 3196 1992; x_wconf 75' lang='lat' dir='ltr'><strong>vertit,</strong></span> <span class='ocrx_word' id='word_1_353' title='bbox 3236 1928 3389 2000; x_wconf 88' lang='lat' dir='ltr'><strong>quod</strong></span> <span class='ocrx_word' id='word_1_354' title='bbox 3432 1939 3583 1985; x_wconf 84' lang='lat' dir='ltr'><strong>tanto</strong></span> <span class='ocrx_word' id='word_1_355' title='bbox 3632 1930 3744 1985; x_wconf 82' lang='lat' dir='ltr'><strong>luxu</strong></span> <span class='ocrx_word' id='word_1_356' title='bbox 3783 1928 3892 1983; x_wconf 85' lang='lat' dir='ltr'><strong>soluti</strong></span> 
     </span>
    </p>
   </div>
   <div class='ocr_carea' id='block_1_49' title="bbox 2348 2017 3886 2087">
    <p class='ocr_par' dir='ltr' id='par_1_49' title="bbox 2348 2017 3886 2087">
     <span class='ocr_line' id='line_1_49' title="bbox 2348 2017 3886 2087; baseline -0.001 -14"><span class='ocrx_word' id='word_1_357' title='bbox 2348 2017 2546 2075; x_wconf 87' lang='lat' dir='ltr'><strong>fuerint</strong></span> <span class='ocrx_word' id='word_1_358' title='bbox 2577 2033 2684 2073; x_wconf 90' lang='lat' dir='ltr'><strong>non</strong></span> <span class='ocrx_word' id='word_1_359' title='bbox 2720 2019 2893 2075; x_wconf 91' lang='lat' dir='ltr'><strong>solum</strong></span> <span class='ocrx_word' id='word_1_360' title='bbox 2919 2030 3198 2076; x_wconf 86' lang='lat' dir='ltr'><strong>senatores</strong></span> <span class='ocrx_word' id='word_1_361' title='bbox 3220 2063 3234 2087; x_wconf 91' lang='lat'><strong>,</strong></span> <span class='ocrx_word' id='word_1_362' title='bbox 3276 2036 3479 2078; x_wconf 87' lang='lat' dir='ltr'><strong>verum</strong></span> <span class='ocrx_word' id='word_1_363' title='bbox 3519 2022 3674 2078; x_wconf 83' lang='lat' dir='ltr'><strong>etiam</strong></span> <span class='ocrx_word' id='word_1_364' title='bbox 3702 2020 3886 2083; x_wconf 83' lang='lat' dir='ltr'><strong>libertini,</strong></span> 
     </span>
    </p>
   </div>
   <div class='ocr_carea' id='block_1_50' title="bbox 2348 2111 3888 2189">
    <p class='ocr_par' dir='ltr' id='par_1_50' title="bbox 2348 2111 3888 2189">
     <span class='ocr_line' id='line_1_50' title="bbox 2348 2111 3888 2189; baseline 0.001 -24"><span class='ocrx_word' id='word_1_365' title='bbox 2348 2111 2509 2183; x_wconf 79' lang='lat' dir='ltr'><strong>ﬂagra</strong></span> <span class='ocrx_word' id='word_1_366' title='bbox 2537 2112 2714 2168; x_wconf 86' lang='lat' dir='ltr'><strong>adhuc</strong></span> <span class='ocrx_word' id='word_1_367' title='bbox 2743 2123 3077 2185; x_wconf 81' lang='lat' dir='ltr'><strong>rumpentes,</strong></span> <span class='ocrx_word' id='word_1_368' title='bbox 3111 2114 3163 2170; x_wconf 89' lang='lat' dir='ltr'><strong>id</strong></span> <span class='ocrx_word' id='word_1_369' title='bbox 3192 2124 3297 2183; x_wconf 86' lang='lat' dir='ltr'><strong>est,</strong></span> <span class='ocrx_word' id='word_1_370' title='bbox 3331 2118 3429 2189; x_wconf 87' lang='lat' dir='ltr'><strong>qui</strong></span> <span class='ocrx_word' id='word_1_371' title='bbox 3459 2130 3658 2188; x_wconf 84' lang='lat' dir='ltr'><strong>paucos</strong></span> <span class='ocrx_word' id='word_1_372' title='bbox 3682 2124 3787 2170; x_wconf 85' lang='lat' dir='ltr'><strong>ante</strong></span> <span class='ocrx_word' id='word_1_373' title='bbox 3810 2113 3888 2167; x_wconf 86' lang='lat' dir='ltr'><strong>dies</strong></span> 
     </span>
    </p>
   </div>
   <div class='ocr_carea' id='block_1_51' title="bbox 2347 2204 3884 2279">
    <p class='ocr_par' dir='ltr' id='par_1_51' title="bbox 2347 2204 3884 2279">
     <span class='ocr_line' id='line_1_51' title="bbox 2347 2204 3884 2279; baseline 0.002 -22"><span class='ocrx_word' id='word_1_374' title='bbox 2347 2204 2661 2259; x_wconf 77' lang='lat' dir='ltr'><strong>servitutem</strong></span> <span class='ocrx_word' id='word_1_375' title='bbox 2689 2214 2970 2261; x_wconf 72' lang='lat' dir='ltr'><strong>exuerant.</strong></span> <span class='ocrx_word' id='word_1_376' title='bbox 3000 2205 3153 2263; x_wconf 84' lang='lat' dir='ltr'><strong>Servi</strong></span> <span class='ocrx_word' id='word_1_377' title='bbox 3179 2208 3458 2278; x_wconf 87' lang='lat' dir='ltr'><strong>siquidem</strong></span> <span class='ocrx_word' id='word_1_378' title='bbox 3484 2208 3660 2279; x_wconf 79' lang='lat' dir='ltr'><strong>ﬂagris</strong></span> <span class='ocrx_word' id='word_1_379' title='bbox 3702 2217 3884 2276; x_wconf 74' lang='lat' dir='ltr'><strong>tanquam</strong></span> 
     </span>
    </p>
   </div>
   <div class='ocr_carea' id='block_1_52' title="bbox 2348 2294 3885 2369">
    <p class='ocr_par' dir='ltr' id='par_1_52' title="bbox 2348 2294 3885 2369">
     <span class='ocr_line' id='line_1_52' title="bbox 2348 2294 3885 2369; baseline -0.001 -18"><span class='ocrx_word' id='word_1_380' title='bbox 2348 2294 2603 2366; x_wconf 84' lang='lat' dir='ltr'><strong>peculiari</strong></span> <span class='ocrx_word' id='word_1_381' title='bbox 2643 2312 2829 2352; x_wconf 86' lang='lat' dir='ltr'><strong>eorum</strong></span> <span class='ocrx_word' id='word_1_382' title='bbox 2874 2296 3142 2369; x_wconf 86' lang='lat' dir='ltr'><strong>supplicio</strong></span> <span class='ocrx_word' id='word_1_383' title='bbox 3183 2298 3321 2354; x_wconf 63' lang='lat' dir='ltr'><strong>caedi</strong></span> <span class='ocrx_word' id='word_1_384' title='bbox 3370 2300 3641 2356; x_wconf 84' lang='lat' dir='ltr'><strong>solebant.</strong></span> <span class='ocrx_word' id='word_1_385' title='bbox 3685 2295 3885 2368; x_wconf 82' lang='lat' dir='ltr'><strong>Quamob-</strong></span> 
     </span>
    </p>
   </div>
   <div class='ocr_carea' id='block_1_53' title="bbox 2348 2388 3712 2450">
    <p class='ocr_par' dir='ltr' id='par_1_53' title="bbox 2348 2388 3712 2450">
     <span class='ocr_line' id='line_1_53' title="bbox 2348 2388 3712 2450; baseline 0.003 -6"><span class='ocrx_word' id='word_1_386' title='bbox 2348 2404 2459 2445; x_wconf 84' lang='lat' dir='ltr'><strong>rem</strong></span> <span class='ocrx_word' id='word_1_387' title='bbox 2489 2389 2559 2445; x_wconf 90' lang='lat' dir='ltr'><strong>de</strong></span> <span class='ocrx_word' id='word_1_388' title='bbox 2585 2388 2825 2446; x_wconf 85' lang='lat' dir='ltr'><strong>Liburno</strong></span> <span class='ocrx_word' id='word_1_389' title='bbox 2853 2405 3015 2447; x_wconf 87' lang='lat' dir='ltr'><strong>servo</strong></span> <span class='ocrx_word' id='word_1_390' title='bbox 3038 2390 3316 2449; x_wconf 70' lang='lat' dir='ltr'><strong>Iuvenalis</strong></span> <span class='ocrx_word' id='word_1_391' title='bbox 3340 2392 3464 2450; x_wconf 63' lang='lat' dir='ltr'><strong>haec</strong></span> <span class='ocrx_word' id='word_1_392' title='bbox 3489 2394 3712 2450; x_wconf 89' lang='lat' dir='ltr'><strong>cecinit:</strong></span> 
     </span>
    </p>
   </div>
   <div class='ocr_carea' id='block_1_54' title="bbox 2507 2503 3620 2559">
    <p class='ocr_par' dir='ltr' id='par_1_54' title="bbox 2507 2503 3620 2559">
     <span class='ocr_line' id='line_1_54' title="bbox 2507 2503 3620 2559; baseline 0.006 -7"><span class='ocrx_word' id='word_1_393' title='bbox 2507 2542 2518 2552; x_wconf 94' lang='lat'><strong>.</strong></span> <span class='ocrx_word' id='word_1_394' title='bbox 2619 2538 2632 2552; x_wconf 93' lang='lat'><strong>.</strong></span> <span class='ocrx_word' id='word_1_395' title='bbox 2732 2542 2742 2553; x_wconf 92' lang='lat'><strong><em>.</em></strong></span> <span class='ocrx_word' id='word_1_396' title='bbox 2848 2540 2860 2552; x_wconf 93' lang='lat'><strong>.</strong></span> <span class='ocrx_word' id='word_1_397' title='bbox 2959 2503 3120 2556; x_wconf 85' lang='lat' dir='ltr'><strong>Tarde</strong></span> <span class='ocrx_word' id='word_1_398' title='bbox 3146 2508 3347 2558; x_wconf 52' lang='lat' dir='ltr'><strong>veniere</strong></span> <span class='ocrx_word' id='word_1_399' title='bbox 3364 2507 3620 2559; x_wconf 83' lang='lat' dir='ltr'><strong>Liburnus</strong></span> 
     </span>
    </p>
   </div>
   <div class='ocr_carea' id='block_1_55' title="bbox 2454 2566 3734 2642">
    <p class='ocr_par' dir='ltr' id='par_1_55' title="bbox 2454 2566 3734 2642">
     <span class='ocr_line' id='line_1_55' title="bbox 2454 2566 3734 2642; baseline 0 0"><span class='ocrx_word' id='word_1_400' title='bbox 2454 2590 2477 2617; x_wconf 70' lang='grc' dir='ltr'><em>τ</em></span> <span class='ocrx_word' id='word_1_401' title='bbox 2501 2566 2711 2642; x_wconf 49' lang='lat' dir='ltr'><strong>Pistor»</strong></span> <span class='ocrx_word' id='word_1_402' title='bbox 2727 2575 2971 2642; x_wconf 61' lang='lat' dir='ltr'><strong>strenas</strong></span> <span class='ocrx_word' id='word_1_403' title='bbox 2993 2567 3143 2642; x_wconf 64' lang='lat' dir='ltr'><strong>altrm</strong></span> <span class='ocrx_word' id='word_1_404' title='bbox 3167 2570 3397 2642; x_wconf 60' lang='lat' dir='ltr'><strong>Pendere</strong></span> <span class='ocrx_word' id='word_1_405' title='bbox 3421 2572 3597 2642; x_wconf 65' lang='grc' dir='ltr'><strong>ερραὶ</strong></span> 
     </span>
    </p>
   </div>
   <div class='ocr_carea' id='block_1_56' title="bbox 2500 2628 3773 2694">
    <p class='ocr_par' dir='ltr' id='par_1_56' title="bbox 2500 2628 3773 2694">
     <span class='ocr_line' id='line_1_56' title="bbox 2500 2628 3773 2694; baseline -0.002 -13"><span class='ocrx_word' id='word_1_406' title='bbox 2500 2628 2718 2691; x_wconf 78' lang='lat' dir='ltr'><strong>Cogitur,</strong></span> <span class='ocrx_word' id='word_1_407' title='bbox 2744 2628 2824 2682; x_wconf 79' lang='lat' dir='ltr'><strong>hic</strong></span> <span class='ocrx_word' id='word_1_408' title='bbox 2846 2630 3029 2694; x_wconf 80' lang='lat' dir='ltr'><strong>frangit</strong></span> <span class='ocrx_word' id='word_1_409' title='bbox 3051 2628 3254 2694; x_wconf 76' lang='lat' dir='ltr'><strong>ferulas,</strong></span> <span class='ocrx_word' id='word_1_410' title='bbox 3279 2635 3438 2685; x_wconf 88' lang='lat' dir='ltr'><strong>rubet</strong></span> <span class='ocrx_word' id='word_1_411' title='bbox 3462 2634 3548 2685; x_wconf 85' lang='lat' dir='ltr'><strong>ille</strong></span> <span class='ocrx_word' id='word_1_412' title='bbox 3566 2629 3773 2694; x_wconf 82' lang='lat' dir='ltr'><strong>ﬂagellis.</strong></span> 
     </span>
    </p>
   </div>
   <div class='ocr_carea' id='block_1_57' title="bbox 3051 2692 3752 2758">
    <p class='ocr_par' dir='ltr' id='par_1_57' title="bbox 3051 2692 3752 2758">
     <span class='ocr_line' id='line_1_57' title="bbox 3051 2692 3752 2758; baseline -0.001 -15"><span class='ocrx_word' id='word_1_413' title='bbox 3051 2692 3293 2757; x_wconf 80' lang='lat' dir='ltr'><strong>(Juvenal.</strong></span> <span class='ocrx_word' id='word_1_414' title='bbox 3320 2695 3484 2748; x_wconf 86' lang='lat' dir='ltr'><strong>Satir.</strong></span> <span class='ocrx_word' id='word_1_415' title='bbox 3506 2694 3557 2758; x_wconf 80' lang='grc' dir='ltr'><strong>ϐ,</strong></span> <span class='ocrx_word' id='word_1_416' title='bbox 3576 2692 3752 2757; x_wconf 64' lang='lat' dir='ltr'><strong>M90.)</strong></span> 
     </span>
    </p>
   </div>
   <div class='ocr_carea' id='block_1_58' title="bbox 2348 2797 3876 2875">
    <p class='ocr_par' dir='ltr' id='par_1_58' title="bbox 2348 2797 3876 2875">
     <span class='ocr_line' id='line_1_58' title="bbox 2348 2797 3876 2875; baseline 0.001 -22"><span class='ocrx_word' id='word_1_417' title='bbox 2348 2797 2502 2870; x_wconf 82' lang='lat' dir='ltr'><strong>Apud</strong></span> <span class='ocrx_word' id='word_1_418' title='bbox 2532 2797 2841 2855; x_wconf 85' lang='lat' dir='ltr'><strong>Terentium</strong></span> <span class='ocrx_word' id='word_1_419' title='bbox 2878 2816 3008 2856; x_wconf 86' lang='lat' dir='ltr'><strong>vero</strong></span> <span class='ocrx_word' id='word_1_420' title='bbox 3054 2800 3239 2858; x_wconf 87' lang='lat' dir='ltr'><strong>Simon</strong></span> <span class='ocrx_word' id='word_1_421' title='bbox 3283 2801 3454 2875; x_wconf 84' lang='lat' dir='ltr'><strong>ﬂagra</strong></span> <span class='ocrx_word' id='word_1_422' title='bbox 3485 2812 3540 2860; x_wconf 90' lang='lat' dir='ltr'><strong>et</strong></span> <span class='ocrx_word' id='word_1_423' title='bbox 3579 2801 3771 2860; x_wconf 82' lang='lat' dir='ltr'><strong>verbera</strong></span> <span class='ocrx_word' id='word_1_424' title='bbox 3800 2808 3876 2851; x_wconf 74' lang='lat' dir='ltr'><strong>set-</strong></span> 
     </span>
    </p>
   </div>
   <div class='ocr_carea' id='block_1_59' title="bbox 2346 2893 3162 2952">
    <p class='ocr_par' dir='ltr' id='par_1_59' title="bbox 2346 2893 3162 2952">
     <span class='ocr_line' id='line_1_59' title="bbox 2346 2893 3162 2952; baseline 0.005 -5"><span class='ocrx_word' id='word_1_425' title='bbox 2346 2906 2413 2948; x_wconf 83' lang='lat' dir='ltr'><strong>vo</strong></span> <span class='ocrx_word' id='word_1_426' title='bbox 2434 2909 2531 2949; x_wconf 88' lang='lat' dir='ltr'><strong>suo</strong></span> <span class='ocrx_word' id='word_1_427' title='bbox 2561 2893 2707 2949; x_wconf 90' lang='lat' dir='ltr'><strong>Davo</strong></span> <span class='ocrx_word' id='word_1_428' title='bbox 2732 2894 2810 2949; x_wconf 89' lang='lat' dir='ltr'><strong>sic</strong></span> <span class='ocrx_word' id='word_1_429' title='bbox 2839 2894 3116 2952; x_wconf 89' lang='lat' dir='ltr'><strong>minitatur</strong></span> <span class='ocrx_word' id='word_1_430' title='bbox 3149 2916 3162 2951; x_wconf 90' lang='lat'><strong>:</strong></span> 
     </span>
    </p>
   </div>
   <div class='ocr_carea' id='block_1_60' title="bbox 2500 2995 3796 3068">
    <p class='ocr_par' dir='ltr' id='par_1_60' title="bbox 2500 2995 3796 3068">
     <span class='ocr_line' id='line_1_60' title="bbox 2500 2995 3796 3068; baseline 0.002 -23"><span class='ocrx_word' id='word_1_431' title='bbox 2500 2995 2808 3049; x_wconf 80' lang='lat' dir='ltr'><strong>Verberibus</strong></span> <span class='ocrx_word' id='word_1_432' title='bbox 2827 3010 3006 3050; x_wconf 73' lang='lat' dir='ltr'><strong>caesum</strong></span> <span class='ocrx_word' id='word_1_433' title='bbox 3031 3004 3103 3063; x_wconf 91' lang='lat' dir='ltr'><strong>te,</strong></span> <span class='ocrx_word' id='word_1_434' title='bbox 3124 2998 3284 3062; x_wconf 85' lang='lat' dir='ltr'><strong>Dave,</strong></span> <span class='ocrx_word' id='word_1_435' title='bbox 3303 3003 3359 3068; x_wconf 76' lang='lat' dir='ltr'><strong>in</strong></span> <span class='ocrx_word' id='word_1_436' title='bbox 3375 3004 3635 3068; x_wconf 87' lang='lat' dir='ltr'><strong>pistrinum</strong></span> <span class='ocrx_word' id='word_1_437' title='bbox 3652 2995 3796 3049; x_wconf 78' lang='lat' dir='ltr'><strong>dedam</strong></span> 
     </span>
    </p>
   </div>
   <div class='ocr_carea' id='block_1_61' title="bbox 2907 3065 3767 3192">
    <p class='ocr_par' dir='ltr' id='par_1_61' title="bbox 2907 3065 3767 3192">
     <span class='ocr_line' id='line_1_61' title="bbox 3101 3065 3575 3150; baseline 0.002 -38"><span class='ocrx_word' id='word_1_438' title='bbox 3101 3076 3264 3126; x_wconf 85' lang='lat' dir='ltr'><strong>usque</strong></span> <span class='ocrx_word' id='word_1_439' title='bbox 3288 3065 3349 3115; x_wconf 86' lang='lat' dir='ltr'><strong>ad</strong></span> <span class='ocrx_word' id='word_1_440' title='bbox 3378 3065 3575 3150; x_wconf 79' lang='lat' dir='ltr'><strong>necem.</strong></span> 
     </span>
     <span class='ocr_line' id='line_1_62' title="bbox 2907 3122 3767 3192; baseline -0.002 -17"><span class='ocrx_word' id='word_1_441' title='bbox 2907 3124 3130 3187; x_wconf 81' lang='lat' dir='ltr'><strong>(Terent.</strong></span> <span class='ocrx_word' id='word_1_442' title='bbox 3154 3127 3317 3179; x_wconf 77' lang='lat' dir='ltr'><strong>Andr.</strong></span> <span class='ocrx_word' id='word_1_443' title='bbox 3345 3131 3397 3192; x_wconf 81' lang='lat'><strong>1,</strong></span> <span class='ocrx_word' id='word_1_444' title='bbox 3424 3141 3557 3180; x_wconf 75' lang='lat' dir='ltr'><strong>scen.</strong></span> <span class='ocrx_word' id='word_1_445' title='bbox 3581 3126 3627 3186; x_wconf 71' lang='lat'><strong>2,</strong></span> <span class='ocrx_word' id='word_1_446' title='bbox 3649 3137 3688 3175; x_wconf 79' lang='grc' dir='ltr'><strong>ν.</strong></span> <span class='ocrx_word' id='word_1_447' title='bbox 3706 3122 3767 3183; x_wconf 85' lang='grc'><strong>8.)</strong></span> 
     </span>
    </p>
   </div>
   <div class='ocr_carea' id='block_1_62' title="bbox 638 3199 3867 3313">
    <p class='ocr_par' dir='ltr' id='par_1_62' title="bbox 638 3199 3867 3313">
     <span class='ocr_line' id='line_1_63' title="bbox 638 3199 3867 3313; baseline 0.007 -58"><span class='ocrx_word' id='word_1_448' title='bbox 638 3199 766 3257; x_wconf 86' lang='lat' dir='ltr'><strong>dum</strong></span> <span class='ocrx_word' id='word_1_449' title='bbox 818 3218 878 3260; x_wconf 87' lang='lat' dir='ltr'><strong>se</strong></span> <span class='ocrx_word' id='word_1_450' title='bbox 919 3205 1269 3279; x_wconf 73' lang='lat' dir='ltr'><strong>iniquissimis</strong></span> <span class='ocrx_word' id='word_1_451' title='bbox 1297 3209 1354 3266; x_wconf 79' lang='lat' dir='ltr'><strong>in</strong></span> <span class='ocrx_word' id='word_1_452' title='bbox 1381 3211 1717 3271; x_wconf 85' lang='lat' dir='ltr'><strong>Christianos</strong></span> <span class='ocrx_word' id='word_1_453' title='bbox 1749 3217 2024 3288; x_wconf 76' lang='lat' dir='ltr'><strong>rescriptis</strong></span> <span class='ocrx_word' id='word_1_454' title='bbox 2061 3219 2236 3278; x_wconf 84' lang='lat' dir='ltr'><strong>teneri</strong></span> <span class='ocrx_word' id='word_1_455' title='bbox 2260 3229 2305 3294; x_wconf 75' lang='grc' dir='ltr'>ρ</span> <span class='ocrx_word' id='word_1_456' title='bbox 2410 3228 2514 3285; x_wconf 81' lang='lat' dir='ltr'><strong>Sed</strong></span> <span class='ocrx_word' id='word_1_457' title='bbox 2537 3229 2605 3286; x_wconf 84' lang='lat' dir='ltr'><strong>de</strong></span> <span class='ocrx_word' id='word_1_458' title='bbox 2633 3245 2912 3286; x_wconf 77' lang='lat' dir='ltr'><strong>servorum</strong></span> <span class='ocrx_word' id='word_1_459' title='bbox 2945 3234 3119 3302; x_wconf 56' lang='lat' dir='ltr'><strong>pugnis</strong></span> <span class='ocrx_word' id='word_1_460' title='bbox 3148 3233 3319 3290; x_wconf 73' lang='lat' dir='ltr'><strong>fusius</strong></span> <span class='ocrx_word' id='word_1_461' title='bbox 3350 3238 3407 3291; x_wconf 89' lang='lat' dir='ltr'><strong>in</strong></span> <span class='ocrx_word' id='word_1_462' title='bbox 3454 3230 3686 3313; x_wconf 77' lang='lat' dir='ltr'><strong>sequenti</strong></span> <span class='ocrx_word' id='word_1_463' title='bbox 3720 3226 3867 3282; x_wconf 42' lang='lat' dir='ltr'><strong>dissere</strong></span> 
     </span>
    </p>
   </div>
   <div class='ocr_carea' id='block_1_63' title="bbox 637 3296 967 3357">
    <p class='ocr_par' dir='ltr' id='par_1_63' title="bbox 637 3296 967 3357">
     <span class='ocr_line' id='line_1_64' title="bbox 637 3296 967 3357; baseline 0.018 -7"><span class='ocrx_word' id='word_1_464' title='bbox 637 3296 967 3357; x_wconf 78' lang='lat' dir='ltr'><strong>ell‘utiebant.</strong></span> 
     </span>
    </p>
   </div>
   <div class='ocr_carea' id='block_1_64' title="bbox 708 3389 2229 3475">
    <p class='ocr_par' dir='ltr' id='par_1_64' title="bbox 708 3389 2229 3475">
     <span class='ocr_line' id='line_1_65' title="bbox 708 3389 2229 3475; baseline 0.011 -29"><span class='ocrx_word' id='word_1_465' title='bbox 708 3389 844 3446; x_wconf 89' lang='lat' dir='ltr'><strong>Tum</strong></span> <span class='ocrx_word' id='word_1_466' title='bbox 873 3391 1068 3451; x_wconf 88' lang='lat' dir='ltr'><strong>deinde</strong></span> <span class='ocrx_word' id='word_1_467' title='bbox 1097 3393 1460 3457; x_wconf 86' lang='lat' dir='ltr'><strong>Tertullianus</strong></span> <span class='ocrx_word' id='word_1_468' title='bbox 1485 3399 1680 3456; x_wconf 87' lang='lat' dir='ltr'><strong>asserit</strong></span> <span class='ocrx_word' id='word_1_469' title='bbox 1707 3400 1957 3457; x_wconf 83' lang='lat' dir='ltr'><strong>similiter</strong></span> <span class='ocrx_word' id='word_1_470' title='bbox 1980 3419 2229 3475; x_wconf 88' lang='lat' dir='ltr'><strong>pessum-</strong></span> 
     </span>
    </p>
   </div>
   <div class='ocr_carea' id='block_1_65' title="bbox 635 3482 2236 3570">
    <p class='ocr_par' dir='ltr' id='par_1_65' title="bbox 635 3482 2236 3570">
     <span class='ocr_line' id='line_1_66' title="bbox 635 3482 2236 3570; baseline 0.011 -33"><span class='ocrx_word' id='word_1_471' title='bbox 635 3482 787 3540; x_wconf 87' lang='lat' dir='ltr'><strong>datas</strong></span> <span class='ocrx_word' id='word_1_472' title='bbox 810 3486 975 3557; x_wconf 89' lang='lat' dir='ltr'><strong>leges,</strong></span> <span class='ocrx_word' id='word_1_473' title='bbox 1007 3503 1120 3558; x_wconf 76' lang='lat' dir='ltr'><strong>qua:</strong></span> <span class='ocrx_word' id='word_1_474' title='bbox 1147 3490 1438 3560; x_wconf 87' lang='lat' dir='ltr'><strong>patricium,</strong></span> <span class='ocrx_word' id='word_1_475' title='bbox 1468 3492 1605 3562; x_wconf 84' lang='lat' dir='ltr'><strong>quod</strong></span> <span class='ocrx_word' id='word_1_476' title='bbox 1635 3494 1804 3550; x_wconf 78' lang='lat' dir='ltr'><strong>decem</strong></span> <span class='ocrx_word' id='word_1_477' title='bbox 1836 3496 2007 3563; x_wconf 89' lang='lat' dir='ltr'><strong>pondo</strong></span> <span class='ocrx_word' id='word_1_478' title='bbox 2036 3500 2236 3570; x_wconf 87' lang='lat' dir='ltr'><strong>argenti</strong></span> 
     </span>
    </p>
   </div>
   <div class='ocr_carea' id='block_1_66' title="bbox 634 3578 2233 3655">
    <p class='ocr_par' dir='ltr' id='par_1_66' title="bbox 634 3578 2233 3655">
     <span class='ocr_line' id='line_1_67' title="bbox 634 3578 2233 3655; baseline 0.013 -25"><span class='ocrx_word' id='word_1_479' title='bbox 634 3578 905 3648; x_wconf 72' lang='lat' dir='ltr'><strong>habuisset,</strong></span> <span class='ocrx_word' id='word_1_480' title='bbox 932 3598 1026 3653; x_wconf 86' lang='lat' dir='ltr'><strong>pro</strong></span> <span class='ocrx_word' id='word_1_481' title='bbox 1056 3598 1239 3655; x_wconf 87' lang='lat' dir='ltr'><strong>ntagno</strong></span> <span class='ocrx_word' id='word_1_482' title='bbox 1267 3584 1414 3640; x_wconf 86' lang='lat' dir='ltr'><strong>titulo</strong></span> <span class='ocrx_word' id='word_1_483' title='bbox 1435 3586 1721 3644; x_wconf 88' lang='lat' dir='ltr'><strong>ambitionis</strong></span> <span class='ocrx_word' id='word_1_484' title='bbox 1748 3590 1944 3646; x_wconf 80' lang='lat' dir='ltr'><strong>Senatu</strong></span> <span class='ocrx_word' id='word_1_485' title='bbox 1967 3593 2233 3650; x_wconf 77' lang='lat' dir='ltr'><strong>submove-</strong></span> 
     </span>
    </p>
   </div>
   <div class='ocr_carea' id='block_1_67' title="bbox 633 3669 2236 3758">
    <p class='ocr_par' dir='ltr' id='par_1_67' title="bbox 633 3669 2236 3758">
     <span class='ocr_line' id='line_1_68' title="bbox 633 3669 2236 3758; baseline 0.012 -33"><span class='ocrx_word' id='word_1_486' title='bbox 633 3669 751 3728; x_wconf 87' lang='lat' dir='ltr'><strong>bant</strong></span> <span class='ocrx_word' id='word_1_487' title='bbox 772 3671 1099 3745; x_wconf 81' lang='lat' dir='ltr'><strong>(Tertullian.</strong></span> <span class='ocrx_word' id='word_1_488' title='bbox 1129 3675 1225 3732; x_wconf 88' lang='lat' dir='ltr'><strong>loc.</strong></span> <span class='ocrx_word' id='word_1_489' title='bbox 1251 3676 1387 3752; x_wconf 80' lang='lat' dir='ltr'><strong>cit.).</strong></span> <span class='ocrx_word' id='word_1_490' title='bbox 1412 3680 1468 3736; x_wconf 86' lang='lat' dir='ltr'><strong>Si</strong></span> <span class='ocrx_word' id='word_1_491' title='bbox 1489 3682 1609 3755; x_wconf 86' lang='lat' dir='ltr'><strong>quis</strong></span> <span class='ocrx_word' id='word_1_492' title='bbox 1628 3694 1806 3739; x_wconf 88' lang='lat' dir='ltr'><strong>autem</strong></span> <span class='ocrx_word' id='word_1_493' title='bbox 1831 3701 1860 3739; x_wconf 91' lang='lat' dir='ltr'><strong>a</strong></span> <span class='ocrx_word' id='word_1_494' title='bbox 1887 3686 2042 3742; x_wconf 90' lang='lat' dir='ltr'><strong>nobis</strong></span> <span class='ocrx_word' id='word_1_495' title='bbox 2065 3690 2236 3758; x_wconf 84' lang='lat' dir='ltr'><strong>petie-</strong></span> 
     </span>
    </p>
   </div>
   <div class='ocr_carea' id='block_1_68' title="bbox 631 3765 2234 3840">
    <p class='ocr_par' dir='ltr' id='par_1_68' title="bbox 631 3765 2234 3840">
     <span class='ocr_line' id='line_1_69' title="bbox 631 3765 2234 3840; baseline 0.012 -21"><span class='ocrx_word' id='word_1_496' title='bbox 631 3765 700 3820; x_wconf 86' lang='lat' dir='ltr'><strong>rit</strong></span> <span class='ocrx_word' id='word_1_497' title='bbox 729 3766 849 3836; x_wconf 85' lang='lat' dir='ltr'><strong>quis</strong></span> <span class='ocrx_word' id='word_1_498' title='bbox 890 3766 977 3825; x_wconf 90' lang='lat' dir='ltr'><strong>ille</strong></span> <span class='ocrx_word' id='word_1_499' title='bbox 1018 3769 1088 3825; x_wconf 89' lang='lat' dir='ltr'><strong>sit</strong></span> <span class='ocrx_word' id='word_1_500' title='bbox 1133 3772 1406 3840; x_wconf 85' lang='lat' dir='ltr'><strong>patricius,</strong></span> <span class='ocrx_word' id='word_1_501' title='bbox 1452 3773 1576 3831; x_wconf 89' lang='lat' dir='ltr'><strong>buic</strong></span> <span class='ocrx_word' id='word_1_502' title='bbox 1613 3777 1678 3831; x_wconf 80' lang='grc' dir='ltr'><strong>Α.</strong></span> <span class='ocrx_word' id='word_1_503' title='bbox 1722 3778 1880 3834; x_wconf 83' lang='lat' dir='ltr'><strong>Gellii</strong></span> <span class='ocrx_word' id='word_1_504' title='bbox 1927 3782 2106 3836; x_wconf 83' lang='lat' dir='ltr'><strong>verbis</strong></span> <span class='ocrx_word' id='word_1_505' title='bbox 2142 3796 2234 3838; x_wconf 85' lang='lat' dir='ltr'><strong>re-</strong></span> 
     </span>
    </p>
   </div>
   <div class='ocr_carea' id='block_1_69' title="bbox 629 3858 2233 3939">
    <p class='ocr_par' dir='ltr' id='par_1_69' title="bbox 629 3858 2233 3939">
     <span class='ocr_line' id='line_1_70' title="bbox 629 3858 2233 3939; baseline 0.012 -28"><span class='ocrx_word' id='word_1_506' title='bbox 629 3858 1015 3929; x_wconf 87' lang='lat' dir='ltr'><strong>spondebimus</strong></span> <span class='ocrx_word' id='word_1_507' title='bbox 1047 3879 1059 3915; x_wconf 92' lang='lat'>:</span> <span class='ocrx_word' id='word_1_508' title='bbox 1096 3859 1154 3918; x_wconf 88' lang='lat' dir='ltr'><strong>C.</strong></span> <span class='ocrx_word' id='word_1_509' title='bbox 1198 3862 1466 3923; x_wconf 81' lang='lat' dir='ltr'><strong>Fabricius</strong></span> <span class='ocrx_word' id='word_1_510' title='bbox 1505 3866 1753 3937; x_wconf 84' lang='lat' dir='ltr'><strong>Lucinas,</strong></span> <span class='ocrx_word' id='word_1_511' title='bbox 1800 3881 1847 3926; x_wconf 83' lang='lat' dir='ltr'><strong>et</strong></span> <span class='ocrx_word' id='word_1_512' title='bbox 1883 3871 1947 3939; x_wconf 81' lang='grc' dir='ltr'><strong>ρ.</strong></span> <span class='ocrx_word' id='word_1_513' title='bbox 1980 3872 2233 3930; x_wconf 69' lang='lat' dir='ltr'><strong>.Emilius</strong></span> 
     </span>
    </p>
   </div>
   <div class='ocr_carea' id='block_1_70' title="bbox 629 3948 2228 4037">
    <p class='ocr_par' dir='ltr' id='par_1_70' title="bbox 629 3948 2228 4037">
     <span class='ocr_line' id='line_1_71' title="bbox 629 3948 2228 4037; baseline 0.013 -35"><span class='ocrx_word' id='word_1_514' title='bbox 629 3948 809 4023; x_wconf 81' lang='lat' dir='ltr'><strong>Papus</strong></span> <span class='ocrx_word' id='word_1_515' title='bbox 836 3952 1014 4009; x_wconf 72' lang='lat' dir='ltr'><strong>Itonia:</strong></span> <span class='ocrx_word' id='word_1_516' title='bbox 1034 3971 1263 4011; x_wconf 82' lang='lat' dir='ltr'><strong>censores</strong></span> <span class='ocrx_word' id='word_1_517' title='bbox 1285 3958 1515 4029; x_wconf 76' lang='lat' dir='ltr'><strong>fuerunt,</strong></span> <span class='ocrx_word' id='word_1_518' title='bbox 1537 3969 1583 4016; x_wconf 90' lang='lat' dir='ltr'><strong>et</strong></span> <span class='ocrx_word' id='word_1_519' title='bbox 1609 3961 1676 4016; x_wconf 90' lang='lat' dir='ltr'><strong>P.</strong></span> <span class='ocrx_word' id='word_1_520' title='bbox 1702 3961 1990 4020; x_wconf 80' lang='lat' dir='ltr'><strong>Cornelium</strong></span> <span class='ocrx_word' id='word_1_521' title='bbox 2012 3965 2228 4037; x_wconf 75' lang='lat' dir='ltr'><strong>Rufum,</strong></span> 
     </span>
    </p>
   </div>
   <div class='ocr_carea' id='block_1_71' title="bbox 626 4046 2228 4126">
    <p class='ocr_par' dir='ltr' id='par_1_71' title="bbox 626 4046 2228 4126">
     <span class='ocr_line' id='line_1_72' title="bbox 626 4046 2228 4126; baseline 0.012 -28"><span class='ocrx_word' id='word_1_522' title='bbox 626 4047 711 4116; x_wconf 87' lang='lat' dir='ltr'><strong>qui</strong></span> <span class='ocrx_word' id='word_1_523' title='bbox 733 4046 807 4102; x_wconf 86' lang='lat' dir='ltr'><strong>bis</strong></span> <span class='ocrx_word' id='word_1_524' title='bbox 823 4051 1063 4106; x_wconf 82' lang='lat' dir='ltr'><strong>consulet</strong></span> <span class='ocrx_word' id='word_1_525' title='bbox 1095 4053 1310 4107; x_wconf 84' lang='lat' dir='ltr'><strong>dictator</strong></span> <span class='ocrx_word' id='word_1_526' title='bbox 1324 4054 1496 4122; x_wconf 75' lang='lat' dir='ltr'><strong>fuerat</strong></span> <span class='ocrx_word' id='word_1_527' title='bbox 1516 4096 1531 4120; x_wconf 91' lang='lat'><strong>,</strong></span> <span class='ocrx_word' id='word_1_528' title='bbox 1554 4066 1732 4111; x_wconf 84' lang='lat' dir='ltr'><strong>senatu</strong></span> <span class='ocrx_word' id='word_1_529' title='bbox 1763 4070 2021 4115; x_wconf 84' lang='lat' dir='ltr'><strong>mouerunt</strong></span> <span class='ocrx_word' id='word_1_530' title='bbox 2045 4101 2060 4126; x_wconf 90' lang='lat'><strong>,</strong></span> <span class='ocrx_word' id='word_1_531' title='bbox 2083 4078 2228 4116; x_wconf 83' lang='lat' dir='ltr'><strong>cans-</strong></span> 
     </span>
    </p>
   </div>
   <div class='ocr_carea' id='block_1_72' title="bbox 624 4141 2231 4223">
    <p class='ocr_par' dir='ltr' id='par_1_72' title="bbox 624 4141 2231 4223">
     <span class='ocr_line' id='line_1_73' title="bbox 624 4141 2231 4223; baseline 0.012 -34"><span class='ocrx_word' id='word_1_532' title='bbox 624 4152 831 4209; x_wconf 82' lang='lat' dir='ltr'><strong>samquc</strong></span> <span class='ocrx_word' id='word_1_533' title='bbox 870 4141 952 4223; x_wconf 74' lang='lat' dir='ltr'><strong>isti</strong></span> <span class='ocrx_word' id='word_1_534' title='bbox 993 4154 1127 4198; x_wconf 75' lang='lat' dir='ltr'><strong>noue</strong></span> <span class='ocrx_word' id='word_1_535' title='bbox 1172 4144 1593 4218; x_wconf 78' lang='lat' dir='ltr'><strong>subscripserunt,</strong></span> <span class='ocrx_word' id='word_1_536' title='bbox 1625 4150 1763 4217; x_wconf 82' lang='lat' dir='ltr'><strong>quod</strong></span> <span class='ocrx_word' id='word_1_537' title='bbox 1789 4167 1903 4204; x_wconf 87' lang='lat' dir='ltr'><strong>eum</strong></span> <span class='ocrx_word' id='word_1_538' title='bbox 1955 4153 2231 4223; x_wconf 84' lang='lat' dir='ltr'><strong>comperis-</strong></span> 
     </span>
    </p>
   </div>
   <div class='ocr_carea' id='block_1_73' title="bbox 624 4216 2231 4317">
    <p class='ocr_par' dir='ltr' id='par_1_73' title="bbox 624 4216 2231 4317">
     <span class='ocr_line' id='line_1_74' title="bbox 624 4216 2231 4317; baseline 0.01 -32"><span class='ocrx_word' id='word_1_539' title='bbox 624 4242 733 4286; x_wconf 87' lang='lat' dir='ltr'><strong>sent</strong></span> <span class='ocrx_word' id='word_1_540' title='bbox 772 4216 967 4305; x_wconf 65' lang='lat' dir='ltr'><strong>argenii</strong></span> <span class='ocrx_word' id='word_1_541' title='bbox 1017 4238 1140 4307; x_wconf 84' lang='lat' dir='ltr'><strong>facti</strong></span> <span class='ocrx_word' id='word_1_542' title='bbox 1184 4254 1339 4293; x_wconf 65' lang='lat' dir='ltr'><strong>coma?</strong></span> <span class='ocrx_word' id='word_1_543' title='bbox 1367 4216 1578 4311; x_wconf 80' lang='lat' dir='ltr'><strong>gratia,</strong></span> <span class='ocrx_word' id='word_1_544' title='bbox 1628 4241 1798 4296; x_wconf 81' lang='lat' dir='ltr'><strong>decem</strong></span> <span class='ocrx_word' id='word_1_545' title='bbox 1838 4246 2007 4317; x_wconf 85' lang='lat' dir='ltr'><strong>pondo</strong></span> <span class='ocrx_word' id='word_1_546' title='bbox 2048 4246 2231 4302; x_wconf 79' lang='lat' dir='ltr'><strong>habere</strong></span> 
     </span>
    </p>
   </div>
   <div class='ocr_carea' id='block_1_74' title="bbox 623 4325 2229 4411">
    <p class='ocr_par' dir='ltr' id='par_1_74' title="bbox 623 4325 2229 4411">
     <span class='ocr_line' id='line_1_75' title="bbox 623 4325 2229 4411; baseline 0.011 -31"><span class='ocrx_word' id='word_1_547' title='bbox 623 4325 807 4397; x_wconf 81' lang='lat' dir='ltr'><strong>(Gell.,</strong></span> <span class='ocrx_word' id='word_1_548' title='bbox 837 4328 922 4383; x_wconf 85' lang='lat' dir='ltr'><strong>lib.</strong></span> <span class='ocrx_word' id='word_1_549' title='bbox 960 4329 1099 4386; x_wconf 74' lang='lat' dir='ltr'><strong>XVII</strong></span> <span class='ocrx_word' id='word_1_550' title='bbox 1161 4331 1317 4390; x_wconf 88' lang='lat' dir='ltr'><strong>Noct.</strong></span> <span class='ocrx_word' id='word_1_551' title='bbox 1348 4335 1478 4402; x_wconf 54' lang='grc' dir='ltr'><strong>Δια,</strong></span> <span class='ocrx_word' id='word_1_552' title='bbox 1515 4352 1631 4407; x_wconf 86' lang='lat' dir='ltr'><strong>cap.</strong></span> <span class='ocrx_word' id='word_1_553' title='bbox 1670 4336 1725 4400; x_wconf 73' lang='lat'><strong>2,</strong></span> <span class='ocrx_word' id='word_1_554' title='bbox 1754 4356 1807 4410; x_wconf 90' lang='lat' dir='ltr'><strong>p.</strong></span> <span class='ocrx_word' id='word_1_555' title='bbox 1831 4338 2018 4411; x_wconf 77' lang='grc'><strong>1005).</strong></span> <span class='ocrx_word' id='word_1_556' title='bbox 2060 4341 2229 4399; x_wconf 80' lang='lat' dir='ltr'><strong>Audis</strong></span> 
     </span>
    </p>
   </div>
   <div class='ocr_carea' id='block_1_75' title="bbox 621 4418 2227 4504">
    <p class='ocr_par' dir='ltr' id='par_1_75' title="bbox 621 4418 2227 4504">
     <span class='ocr_line' id='line_1_76' title="bbox 621 4418 2227 4504; baseline 0.011 -30"><span class='ocrx_word' id='word_1_557' title='bbox 621 4418 860 4491; x_wconf 85' lang='lat' dir='ltr'><strong>profectu</strong></span> <span class='ocrx_word' id='word_1_558' title='bbox 888 4423 1133 4480; x_wconf 88' lang='lat' dir='ltr'><strong>eamdem</strong></span> <span class='ocrx_word' id='word_1_559' title='bbox 1163 4425 1234 4483; x_wconf 88' lang='lat' dir='ltr'><strong>ibi</strong></span> <span class='ocrx_word' id='word_1_560' title='bbox 1266 4427 1474 4493; x_wconf 86' lang='lat' dir='ltr'><strong>abillo,</strong></span> <span class='ocrx_word' id='word_1_561' title='bbox 1501 4438 1664 4500; x_wconf 89' lang='lat' dir='ltr'><strong>atque</strong></span> <span class='ocrx_word' id='word_1_562' title='bbox 1693 4446 1723 4484; x_wconf 89' lang='lat' dir='ltr'><strong>a</strong></span> <span class='ocrx_word' id='word_1_563' title='bbox 1751 4430 1794 4486; x_wconf 87' lang='grc' dir='ltr'>Τ</span> <span class='ocrx_word' id='word_1_564' title='bbox 1798 4432 2102 4504; x_wconf 88' lang='lat' dir='ltr'><strong>ertnlliano,</strong></span> <span class='ocrx_word' id='word_1_565' title='bbox 2133 4451 2227 4491; x_wconf 87' lang='lat' dir='ltr'><strong>ar-</strong></span> 
     </span>
    </p>
   </div>
   <div class='ocr_carea' id='block_1_76' title="bbox 617 4516 2274 4594">
    <p class='ocr_par' dir='ltr' id='par_1_76' title="bbox 617 4516 2274 4594">
     <span class='ocr_line' id='line_1_77' title="bbox 617 4516 2274 4594; baseline 0.01 -21"><span class='ocrx_word' id='word_1_566' title='bbox 617 4516 760 4589; x_wconf 82' lang='lat' dir='ltr'><strong>genti</strong></span> <span class='ocrx_word' id='word_1_567' title='bbox 828 4531 1093 4574; x_wconf 88' lang='lat' dir='ltr'><strong>summam</strong></span> <span class='ocrx_word' id='word_1_568' title='bbox 1149 4522 1323 4579; x_wconf 87' lang='lat' dir='ltr'><strong>notari</strong></span> <span class='ocrx_word' id='word_1_569' title='bbox 1380 4538 1540 4594; x_wconf 82' lang='lat' dir='ltr'><strong>quant</strong></span> <span class='ocrx_word' id='word_1_570' title='bbox 1599 4524 1768 4581; x_wconf 76' lang='lat' dir='ltr'><strong>Rufus</strong></span> <span class='ocrx_word' id='word_1_571' title='bbox 1821 4526 2099 4584; x_wconf 87' lang='lat' dir='ltr'><strong>habuerat.</strong></span> <span class='ocrx_word' id='word_1_572' title='bbox 2157 4532 2274 4589; x_wconf 78' lang='lat' dir='ltr'><strong>At-</strong></span> 
     </span>
    </p>
   </div>
   <div class='ocr_carea' id='block_1_77' title="bbox 2338 3323 3868 3398">
    <p class='ocr_par' dir='ltr' id='par_1_77' title="bbox 2338 3323 3868 3398">
     <span class='ocr_line' id='line_1_78' title="bbox 2338 3323 3868 3398; baseline 0 -21"><span class='ocrx_word' id='word_1_573' title='bbox 2338 3323 2559 3378; x_wconf 87' lang='lat' dir='ltr'><strong>tatione.</strong></span> <span class='ocrx_word' id='word_1_574' title='bbox 2588 3325 2657 3378; x_wconf 85' lang='lat' dir='ltr'><strong>At</strong></span> <span class='ocrx_word' id='word_1_575' title='bbox 2684 3323 2729 3379; x_wconf 89' lang='lat' dir='ltr'><strong>si</strong></span> <span class='ocrx_word' id='word_1_576' title='bbox 2760 3331 2936 3380; x_wconf 87' lang='lat' dir='ltr'><strong>tantus</strong></span> <span class='ocrx_word' id='word_1_577' title='bbox 2962 3325 3177 3393; x_wconf 90' lang='lat' dir='ltr'><strong>horum,</strong></span> <span class='ocrx_word' id='word_1_578' title='bbox 3202 3327 3411 3398; x_wconf 77' lang='lat' dir='ltr'><strong>quivis</strong></span> <span class='ocrx_word' id='word_1_579' title='bbox 3441 3328 3724 3383; x_wconf 87' lang='lat' dir='ltr'><strong>libertatem</strong></span> <span class='ocrx_word' id='word_1_580' title='bbox 3760 3325 3868 3370; x_wconf 59' lang='grc' dir='ltr'><strong>καθ’</strong></span> 
     </span>
    </p>
   </div>
   <div class='ocr_carea' id='block_1_78' title="bbox 2339 3410 3865 3493">
    <p class='ocr_par' dir='ltr' id='par_1_78' title="bbox 2339 3410 3865 3493">
     <span class='ocr_line' id='line_1_79' title="bbox 2339 3410 3865 3493; baseline -0.004 -24"><span class='ocrx_word' id='word_1_581' title='bbox 2339 3423 2544 3484; x_wconf 85' lang='lat' dir='ltr'><strong>perant,</strong></span> <span class='ocrx_word' id='word_1_582' title='bbox 2576 3423 2694 3470; x_wconf 87' lang='lat' dir='ltr'><strong>erat</strong></span> <span class='ocrx_word' id='word_1_583' title='bbox 2749 3415 2928 3483; x_wconf 81' lang='lat' dir='ltr'><strong>luxus,</strong></span> <span class='ocrx_word' id='word_1_584' title='bbox 2985 3416 3109 3473; x_wconf 89' lang='lat' dir='ltr'><strong>hinc</strong></span> <span class='ocrx_word' id='word_1_585' title='bbox 3153 3421 3368 3490; x_wconf 84' lang='lat' dir='ltr'><strong>conjice</strong></span> <span class='ocrx_word' id='word_1_586' title='bbox 3419 3427 3648 3493; x_wconf 88' lang='lat' dir='ltr'><strong>quantus</strong></span> <span class='ocrx_word' id='word_1_587' title='bbox 3699 3410 3865 3467; x_wconf 79' lang='lat' dir='ltr'><strong>aliorum</strong></span> 
     </span>
    </p>
   </div>
   <div class='ocr_carea' id='block_1_79' title="bbox 2336 3509 3867 3579">
    <p class='ocr_par' dir='ltr' id='par_1_79' title="bbox 2336 3509 3867 3579">
     <span class='ocr_line' id='line_1_80' title="bbox 2336 3509 3867 3579; baseline 0.004 -14"><span class='ocrx_word' id='word_1_588' title='bbox 2336 3510 2535 3566; x_wconf 84' lang='lat' dir='ltr'><strong>luerit?</strong></span> <span class='ocrx_word' id='word_1_589' title='bbox 2588 3512 2948 3579; x_wconf 85' lang='lat' dir='ltr'><strong>Quamobrem</strong></span> <span class='ocrx_word' id='word_1_590' title='bbox 2986 3512 3190 3569; x_wconf 81' lang='lat' dir='ltr'><strong>Plinius</strong></span> <span class='ocrx_word' id='word_1_591' title='bbox 3260 3530 3393 3572; x_wconf 79' lang='lat' dir='ltr'><strong>mox</strong></span> <span class='ocrx_word' id='word_1_592' title='bbox 3445 3516 3670 3572; x_wconf 86' lang='lat' dir='ltr'><strong>citatus:</strong></span> <span class='ocrx_word' id='word_1_593' title='bbox 3716 3509 3867 3578; x_wconf 68' lang='grc' dir='ltr'><strong>ρνορίσ</strong></span> 
     </span>
    </p>
   </div>
   <div class='ocr_carea' id='block_1_80' title="bbox 2335 3594 3863 3679">
    <p class='ocr_par' dir='ltr' id='par_1_80' title="bbox 2335 3594 3863 3679">
     <span class='ocr_line' id='line_1_81' title="bbox 2335 3594 3863 3679; baseline -0.005 -21"><span class='ocrx_word' id='word_1_594' title='bbox 2335 3606 2555 3675; x_wconf 82' lang='lat' dir='ltr'><strong>quinque</strong></span> <span class='ocrx_word' id='word_1_595' title='bbox 2585 3606 2775 3675; x_wconf 82' lang='lat' dir='ltr'><strong>pondo,</strong></span> <span class='ocrx_word' id='word_1_596' title='bbox 2836 3607 3029 3678; x_wconf 86' lang='lat' dir='ltr'><strong>inquit,</strong></span> <span class='ocrx_word' id='word_1_597' title='bbox 3055 3609 3284 3679; x_wconf 86' lang='lat' dir='ltr'><strong>argenti,</strong></span> <span class='ocrx_word' id='word_1_598' title='bbox 3334 3619 3570 3665; x_wconf 82' lang='lat' dir='ltr'><strong>notatum</strong></span> <span class='ocrx_word' id='word_1_599' title='bbox 3598 3594 3863 3660; x_wconf 65' lang='lat' dir='ltr'><strong>nemoribus</strong></span> 
     </span>
    </p>
   </div>
   <div class='ocr_carea' id='block_1_81' title="bbox 2337 3686 3856 3775">
    <p class='ocr_par' dir='ltr' id='par_1_81' title="bbox 2337 3686 3856 3775">
     <span class='ocr_line' id='line_1_82' title="bbox 2337 3686 3856 3775; baseline -0.002 -22"><span class='ocrx_word' id='word_1_600' title='bbox 2337 3699 2695 3771; x_wconf 81' lang='lat' dir='ltr'><strong>triumphalem</strong></span> <span class='ocrx_word' id='word_1_601' title='bbox 2722 3717 2890 3757; x_wconf 86' lang='lat' dir='ltr'><strong>senem</strong></span> <span class='ocrx_word' id='word_1_602' title='bbox 2918 3702 3207 3774; x_wconf 78' lang='lat' dir='ltr'><strong>fabulosum</strong></span> <span class='ocrx_word' id='word_1_603' title='bbox 3228 3704 3343 3775; x_wconf 88' lang='lat' dir='ltr'><strong>jam</strong></span> <span class='ocrx_word' id='word_1_604' title='bbox 3372 3705 3574 3759; x_wconf 78' lang='lat' dir='ltr'><strong>videtur</strong></span> <span class='ocrx_word' id='word_1_605' title='bbox 3598 3689 3764 3771; x_wconf 51' lang='lat' dir='ltr'><strong>&#39;(Plinn</strong></span> <span class='ocrx_word' id='word_1_606' title='bbox 3796 3686 3856 3743; x_wconf 64' lang='grc' dir='ltr'><strong>Ιὶι·</strong></span> 
     </span>
    </p>
   </div>
   <div class='ocr_carea' id='block_1_82' title="bbox 2335 3784 3861 3869">
    <p class='ocr_par' dir='ltr' id='par_1_82' title="bbox 2335 3784 3861 3869">
     <span class='ocr_line' id='line_1_83' title="bbox 2335 3784 3861 3869; baseline -0.005 -24"><span class='ocrx_word' id='word_1_607' title='bbox 2335 3790 2405 3846; x_wconf 82' lang='lat' dir='ltr'><strong>Ill</strong></span> <span class='ocrx_word' id='word_1_608' title='bbox 2428 3804 2601 3849; x_wconf 88' lang='lat' dir='ltr'><strong>natur.</strong></span> <span class='ocrx_word' id='word_1_609' title='bbox 2636 3793 2772 3850; x_wconf 82' lang='lat' dir='ltr'><strong>Hist.</strong></span> <span class='ocrx_word' id='word_1_610' title='bbox 2807 3812 2921 3866; x_wconf 84' lang='lat' dir='ltr'><strong>cap.</strong></span> <span class='ocrx_word' id='word_1_611' title='bbox 2959 3798 3046 3863; x_wconf 76' lang='lat' dir='ltr'><strong>ll,</strong></span> <span class='ocrx_word' id='word_1_612' title='bbox 3070 3814 3192 3868; x_wconf 86' lang='lat' dir='ltr'><strong>pag.</strong></span> <span class='ocrx_word' id='word_1_613' title='bbox 3226 3796 3354 3869; x_wconf 80' lang='lat'><strong>69).</strong></span> <span class='ocrx_word' id='word_1_614' title='bbox 3387 3800 3505 3867; x_wconf 82' lang='lat' dir='ltr'><strong>Qua</strong></span> <span class='ocrx_word' id='word_1_615' title='bbox 3558 3809 3676 3864; x_wconf 80' lang='lat' dir='ltr'><strong>ergo</strong></span> <span class='ocrx_word' id='word_1_616' title='bbox 3712 3784 3861 3843; x_wconf 77' lang='lat' dir='ltr'><strong>ratione</strong></span> 
     </span>
    </p>
   </div>
   <div class='ocr_carea' id='block_1_83' title="bbox 2333 3880 3859 3962">
    <p class='ocr_par' dir='ltr' id='par_1_83' title="bbox 2333 3880 3859 3962">
     <span class='ocr_line' id='line_1_84' title="bbox 2333 3880 3859 3962; baseline -0.028 9"><span class='ocrx_word' id='word_1_617' title='bbox 2333 3887 2561 3954; x_wconf 64' lang='grc' dir='ltr'><strong>εθηιηθε</strong></span> <span class='ocrx_word' id='word_1_618' title='bbox 2591 3888 2864 3958; x_wconf 75' lang='lat' dir='ltr'><strong>obiectare</strong></span> <span class='ocrx_word' id='word_1_619' title='bbox 2892 3890 3159 3946; x_wconf 82' lang='lat' dir='ltr'><strong>audebant</strong></span> <span class='ocrx_word' id='word_1_620' title='bbox 3186 3907 3244 3947; x_wconf 86' lang='lat' dir='ltr'><strong>se</strong></span> <span class='ocrx_word' id='word_1_621' title='bbox 3274 3893 3490 3962; x_wconf 85' lang='lat' dir='ltr'><strong>injustis</strong></span> <span class='ocrx_word' id='word_1_622' title='bbox 3516 3891 3566 3946; x_wconf 90' lang='lat' dir='ltr'><strong>in</strong></span> <span class='ocrx_word' id='word_1_623' title='bbox 3595 3880 3859 3942; x_wconf 83' lang='lat' dir='ltr'><strong>Christianos</strong></span> 
     </span>
    </p>
   </div>
   <div class='ocr_carea' id='block_1_84' title="bbox 2334 3970 3860 4060">
    <p class='ocr_par' dir='ltr' id='par_1_84' title="bbox 2334 3970 3860 4060">
     <span class='ocr_line' id='line_1_85' title="bbox 2334 3970 3860 4060; baseline -0.003 -24"><span class='ocrx_word' id='word_1_624' title='bbox 2334 3981 2541 4052; x_wconf 84' lang='lat' dir='ltr'><strong>legibus</strong></span> <span class='ocrx_word' id='word_1_625' title='bbox 2584 3984 2863 4058; x_wconf 89' lang='lat' dir='ltr'><strong>adstringi,</strong></span> <span class='ocrx_word' id='word_1_626' title='bbox 2897 3987 2985 4057; x_wconf 87' lang='lat' dir='ltr'><strong>qui</strong></span> <span class='ocrx_word' id='word_1_627' title='bbox 3032 3989 3364 4060; x_wconf 71' lang='lat' dir='ltr'><strong>mquissimas</strong></span> <span class='ocrx_word' id='word_1_628' title='bbox 3421 3981 3750 4059; x_wconf 83' lang='lat' dir='ltr'><strong>sumptuarias</strong></span> <span class='ocrx_word' id='word_1_629' title='bbox 3782 3970 3860 4027; x_wconf 60' lang='lat' dir='ltr'><strong>illi!s</strong></span> 
     </span>
    </p>
   </div>
   <div class='ocr_carea' id='block_1_85' title="bbox 2334 4074 3369 4150">
    <p class='ocr_par' dir='ltr' id='par_1_85' title="bbox 2334 4074 3369 4150">
     <span class='ocr_line' id='line_1_86' title="bbox 2334 4074 3369 4150; baseline 0.007 -22"><span class='ocrx_word' id='word_1_630' title='bbox 2334 4074 2480 4146; x_wconf 85' lang='lat' dir='ltr'><strong>leges</strong></span> <span class='ocrx_word' id='word_1_631' title='bbox 2507 4077 2679 4147; x_wconf 84' lang='lat' dir='ltr'><strong>palam</strong></span> <span class='ocrx_word' id='word_1_632' title='bbox 2710 4087 2764 4134; x_wconf 88' lang='lat' dir='ltr'><strong>et</strong></span> <span class='ocrx_word' id='word_1_633' title='bbox 2784 4078 3002 4150; x_wconf 88' lang='lat' dir='ltr'><strong>impune</strong></span> <span class='ocrx_word' id='word_1_634' title='bbox 3025 4080 3369 4137; x_wconf 83' lang='lat' dir='ltr'><strong>everterant?</strong></span> 
     </span>
    </p>
   </div>
   <div class='ocr_carea' id='block_1_86' title="bbox 2915 4212 3304 4255">
    <p class='ocr_par' dir='ltr' id='par_1_86' title="bbox 2915 4212 3304 4255">
     <span class='ocr_line' id='line_1_87' title="bbox 2915 4212 3304 4255; baseline 0.003 -3"><span class='ocrx_word' id='word_1_635' title='bbox 2915 4212 3210 4255; x_wconf 77' lang='lat' dir='ltr'><strong>ARTICULUS</strong></span> <span class='ocrx_word' id='word_1_636' title='bbox 3236 4214 3304 4253; x_wconf 80' lang='grc' dir='ltr'><strong>ιν.</strong></span> 
     </span>
    </p>
   </div>
   <div class='ocr_carea' id='block_1_87' title="bbox 2335 4300 3856 4394">
    <p class='ocr_par' dir='ltr' id='par_1_87' title="bbox 2335 4300 3856 4394">
     <span class='ocr_line' id='line_1_88' title="bbox 2335 4300 3856 4394; baseline 0.008 -38"><span class='ocrx_word' id='word_1_637' title='bbox 2335 4302 2540 4370; x_wconf 86' lang='lat' dir='ltr'><strong>Quanta</strong></span> <span class='ocrx_word' id='word_1_638' title='bbox 2565 4306 2767 4363; x_wconf 84' lang='lat' dir='ltr'><strong>licentia</strong></span> <span class='ocrx_word' id='word_1_639' title='bbox 2802 4310 3036 4381; x_wconf 83' lang='lat' dir='ltr'><strong>gentiles,</strong></span> <span class='ocrx_word' id='word_1_640' title='bbox 3058 4314 3239 4384; x_wconf 84' lang='lat' dir='ltr'><strong>spretis</strong></span> <span class='ocrx_word' id='word_1_641' title='bbox 3285 4313 3501 4387; x_wconf 85' lang='lat' dir='ltr'><strong>legibus,</strong></span> <span class='ocrx_word' id='word_1_642' title='bbox 3571 4322 3674 4382; x_wconf 72' lang='lat' dir='ltr'><strong>quis</strong></span> <span class='ocrx_word' id='word_1_643' title='bbox 3711 4300 3856 4394; x_wconf 58' lang='grc' dir='ltr'><strong>ιίειαίξα</strong></span> 
     </span>
    </p>
   </div>
   <div class='ocr_carea' id='block_1_88' title="bbox 2402 4394 3855 4478">
    <p class='ocr_par' dir='ltr' id='par_1_88' title="bbox 2402 4394 3855 4478">
     <span class='ocr_line' id='line_1_89' title="bbox 2402 4394 3855 4478; baseline 0.003 -25"><span class='ocrx_word' id='word_1_644' title='bbox 2402 4398 2617 4453; x_wconf 89' lang='lat' dir='ltr'><strong>orientia</strong></span> <span class='ocrx_word' id='word_1_645' title='bbox 2643 4400 3017 4471; x_wconf 75' lang='lat' dir='ltr'><strong>destruxerant,</strong></span> <span class='ocrx_word' id='word_1_646' title='bbox 3068 4405 3222 4478; x_wconf 86' lang='lat' dir='ltr'><strong>longe</strong></span> <span class='ocrx_word' id='word_1_647' title='bbox 3250 4405 3404 4476; x_wconf 85' lang='lat' dir='ltr'><strong>plura</strong></span> <span class='ocrx_word' id='word_1_648' title='bbox 3443 4394 3786 4477; x_wconf 72' lang='lat' dir='ltr'><strong>wdiﬁcaverinn</strong></span> <span class='ocrx_word' id='word_1_649' title='bbox 3818 4397 3855 4437; x_wconf 73' lang='grc' dir='ltr'><strong><em>⁸η</em></strong></span> 
     </span>
    </p>
   </div>
   <div class='ocr_carea' id='block_1_89' title="bbox 2401 4484 3852 4583">
    <p class='ocr_par' dir='ltr' id='par_1_89' title="bbox 2401 4484 3852 4583">
     <span class='ocr_line' id='line_1_90' title="bbox 2401 4484 3852 4583; baseline -0.002 -38"><span class='ocrx_word' id='word_1_650' title='bbox 2401 4506 2515 4562; x_wconf 65' lang='lat' dir='ltr'><strong>quae</strong></span> <span class='ocrx_word' id='word_1_651' title='bbox 2534 4494 2744 4567; x_wconf 85' lang='lat' dir='ltr'><strong>majoris</strong></span> <span class='ocrx_word' id='word_1_652' title='bbox 2765 4495 3036 4567; x_wconf 83' lang='lat' dir='ltr'><strong>voluptatis</strong></span> <span class='ocrx_word' id='word_1_653' title='bbox 3066 4513 3249 4555; x_wconf 86' lang='lat' dir='ltr'><strong>caussa</strong></span> <span class='ocrx_word' id='word_1_654' title='bbox 3285 4499 3519 4583; x_wconf 73' lang='lat' dir='ltr'><strong>penulati</strong></span> <span class='ocrx_word' id='word_1_655' title='bbox 3564 4484 3852 4567; x_wconf 62' lang='lat' dir='ltr'><strong>conﬂuebant-</strong></span> 
     </span>
    </p>
   </div>
   <div class='ocr_carea' id='block_1_90' title="bbox 615 4610 3846 4711">
    <p class='ocr_par' dir='ltr' id='par_1_90' title="bbox 615 4610 3846 4711">
     <span class='ocr_line' id='line_1_91' title="bbox 615 4610 3846 4711; baseline 0.002 -44"><span class='ocrx_word' id='word_1_656' title='bbox 615 4610 758 4685; x_wconf 86' lang='lat' dir='ltr'><strong>quod</strong></span> <span class='ocrx_word' id='word_1_657' title='bbox 782 4611 874 4669; x_wconf 89' lang='lat' dir='ltr'><strong>ille</strong></span> <span class='ocrx_word' id='word_1_658' title='bbox 895 4613 1028 4670; x_wconf 77' lang='lat' dir='ltr'><strong>dixit</strong></span> <span class='ocrx_word' id='word_1_659' title='bbox 1051 4630 1209 4673; x_wconf 69' lang='lat' dir='ltr'><strong>came</strong></span> <span class='ocrx_word' id='word_1_660' title='bbox 1232 4618 1421 4688; x_wconf 86' lang='lat' dir='ltr'><strong>gratia,</strong></span> <span class='ocrx_word' id='word_1_661' title='bbox 1453 4618 1555 4675; x_wconf 86' lang='lat' dir='ltr'><strong>hoc</strong></span> <span class='ocrx_word' id='word_1_662' title='bbox 1584 4621 1650 4674; x_wconf 89' lang='lat' dir='ltr'><strong>A.</strong></span> <span class='ocrx_word' id='word_1_663' title='bbox 1678 4620 1881 4676; x_wconf 85' lang='lat' dir='ltr'><strong>Gellius</strong></span> <span class='ocrx_word' id='word_1_664' title='bbox 1912 4639 1925 4676; x_wconf 91' lang='lat'><strong>:</strong></span> <span class='ocrx_word' id='word_1_665' title='bbox 1953 4621 2031 4677; x_wconf 88' lang='lat' dir='ltr'><strong>0b</strong></span> <span class='ocrx_word' id='word_1_666' title='bbox 2058 4624 2214 4679; x_wconf 71' lang='lat' dir='ltr'><strong>luxu-</strong></span> <span class='ocrx_word' id='word_1_667' title='bbox 2240 4630 2295 4690; x_wconf 78' lang='grc' dir='ltr'><strong><em>Β</em></strong></span> <span class='ocrx_word' id='word_1_668' title='bbox 2399 4629 2478 4686; x_wconf 81' lang='lat' dir='ltr'><strong>Ad</strong></span> <span class='ocrx_word' id='word_1_669' title='bbox 2504 4632 2636 4688; x_wconf 84' lang='lat' dir='ltr'><strong>alias</strong></span> <span class='ocrx_word' id='word_1_670' title='bbox 2663 4633 3022 4690; x_wconf 73' lang='lat' dir='ltr'><strong>&#39;l’ertullianus</strong></span> <span class='ocrx_word' id='word_1_671' title='bbox 3041 4638 3186 4692; x_wconf 80' lang='lat' dir='ltr'><strong>venit</strong></span> <span class='ocrx_word' id='word_1_672' title='bbox 3212 4637 3378 4709; x_wconf 83' lang='lat' dir='ltr'><strong>leges,</strong></span> <span class='ocrx_word' id='word_1_673' title='bbox 3400 4636 3594 4711; x_wconf 84' lang='lat' dir='ltr'><strong>quibus</strong></span> <span class='ocrx_word' id='word_1_674' title='bbox 3621 4617 3846 4711; x_wconf 69' lang='lat' dir='ltr'><strong>pudicitiae.</strong></span> 
     </span>
    </p>
   </div>
   <div class='ocr_carea' id='block_1_91' title="bbox 616 4705 2223 4788">
    <p class='ocr_par' dir='ltr' id='par_1_91' title="bbox 616 4705 2223 4788">
     <span class='ocr_line' id='line_1_92' title="bbox 616 4705 2223 4788; baseline 0.007 -29"><span class='ocrx_word' id='word_1_675' title='bbox 616 4705 730 4774; x_wconf 78' lang='lat' dir='ltr'><strong>rite,</strong></span> <span class='ocrx_word' id='word_1_676' title='bbox 777 4707 968 4779; x_wconf 86' lang='lat' dir='ltr'><strong>inquit,</strong></span> <span class='ocrx_word' id='word_1_677' title='bbox 1016 4717 1209 4775; x_wconf 85' lang='lat' dir='ltr'><strong>notam,</strong></span> <span class='ocrx_word' id='word_1_678' title='bbox 1253 4710 1390 4779; x_wconf 85' lang='lat' dir='ltr'><strong>quod</strong></span> <span class='ocrx_word' id='word_1_679' title='bbox 1433 4710 1603 4767; x_wconf 81' lang='lat' dir='ltr'><strong>decent</strong></span> <span class='ocrx_word' id='word_1_680' title='bbox 1631 4712 1801 4780; x_wconf 83' lang='lat' dir='ltr'><strong>pondo</strong></span> <span class='ocrx_word' id='word_1_681' title='bbox 1838 4714 1994 4769; x_wconf 87' lang='lat' dir='ltr'><strong>libras</strong></span> <span class='ocrx_word' id='word_1_682' title='bbox 2019 4717 2223 4788; x_wconf 81' lang='lat' dir='ltr'><strong>argenti</strong></span> 
     </span>
    </p>
   </div>
   <div class='ocr_carea' id='block_1_92' title="bbox 613 4800 2217 4884">
    <p class='ocr_par' dir='ltr' id='par_1_92' title="bbox 613 4800 2217 4884">
     <span class='ocr_line' id='line_1_93' title="bbox 613 4800 2217 4884; baseline 0.006 -27"><span class='ocrx_word' id='word_1_683' title='bbox 613 4801 737 4870; x_wconf 81' lang='lat' dir='ltr'><strong>{acti</strong></span> <span class='ocrx_word' id='word_1_684' title='bbox 761 4801 965 4859; x_wconf 80' lang='lat' dir='ltr'><strong>haberet</strong></span> <span class='ocrx_word' id='word_1_685' title='bbox 1009 4800 1203 4875; x_wconf 84' lang='lat' dir='ltr'><strong>(Idem,</strong></span> <span class='ocrx_word' id='word_1_686' title='bbox 1234 4804 1384 4871; x_wconf 85' lang='lat' dir='ltr'><strong>ibid.,</strong></span> <span class='ocrx_word' id='word_1_687' title='bbox 1415 4806 1503 4861; x_wconf 87' lang='lat' dir='ltr'><strong>lib.</strong></span> <span class='ocrx_word' id='word_1_688' title='bbox 1554 4806 1690 4874; x_wconf 83' lang='lat' dir='ltr'><strong>Vlll,</strong></span> <span class='ocrx_word' id='word_1_689' title='bbox 1714 4824 1833 4880; x_wconf 83' lang='lat' dir='ltr'><strong>cup.</strong></span> <span class='ocrx_word' id='word_1_690' title='bbox 1877 4809 1932 4876; x_wconf 90' lang='lat'><strong>8,</strong></span> <span class='ocrx_word' id='word_1_691' title='bbox 1978 4829 2032 4882; x_wconf 87' lang='lat' dir='ltr'><strong>p.</strong></span> <span class='ocrx_word' id='word_1_692' title='bbox 2061 4810 2217 4884; x_wconf 68' lang='lat'><strong>989).</strong></span> 
     </span>
    </p>
   </div>
   <div class='ocr_carea' id='block_1_93' title="bbox 611 4895 2209 4978">
    <p class='ocr_par' dir='ltr' id='par_1_93' title="bbox 611 4895 2209 4978">
     <span class='ocr_line' id='line_1_94' title="bbox 611 4895 2209 4978; baseline 0.008 -27"><span class='ocrx_word' id='word_1_693' title='bbox 611 4895 812 4953; x_wconf 86' lang='lat' dir='ltr'><strong>Eadem</strong></span> <span class='ocrx_word' id='word_1_694' title='bbox 855 4897 1012 4969; x_wconf 88' lang='lat' dir='ltr'><strong>plane</strong></span> <span class='ocrx_word' id='word_1_695' title='bbox 1060 4899 1112 4957; x_wconf 88' lang='lat' dir='ltr'><strong>in</strong></span> <span class='ocrx_word' id='word_1_696' title='bbox 1151 4900 1286 4959; x_wconf 84' lang='lat' dir='ltr'><strong>Livii</strong></span> <span class='ocrx_word' id='word_1_697' title='bbox 1316 4901 1565 4971; x_wconf 85' lang='lat' dir='ltr'><strong>Epitome</strong></span> <span class='ocrx_word' id='word_1_698' title='bbox 1604 4902 1832 4974; x_wconf 86' lang='lat' dir='ltr'><strong>legimus</strong></span> <span class='ocrx_word' id='word_1_699' title='bbox 1870 4904 2019 4978; x_wconf 82' lang='lat' dir='ltr'><strong>(Liv.</strong></span> <span class='ocrx_word' id='word_1_700' title='bbox 2065 4906 2209 4978; x_wconf 81' lang='lat' dir='ltr'><strong>Epit.</strong></span> 
     </span>
    </p>
   </div>
   <div class='ocr_carea' id='block_1_94' title="bbox 611 4991 2214 5072">
    <p class='ocr_par' dir='ltr' id='par_1_94' title="bbox 611 4991 2214 5072">
     <span class='ocr_line' id='line_1_95' title="bbox 611 4991 2214 5072; baseline 0.008 -28"><span class='ocrx_word' id='word_1_701' title='bbox 611 4991 698 5047; x_wconf 87' lang='lat' dir='ltr'><strong>lib.</strong></span> <span class='ocrx_word' id='word_1_702' title='bbox 723 4991 888 5065; x_wconf 74' lang='lat' dir='ltr'><strong>XIV).</strong></span> <span class='ocrx_word' id='word_1_703' title='bbox 922 4995 991 5052; x_wconf 83' lang='lat' dir='ltr'><strong>At</strong></span> <span class='ocrx_word' id='word_1_704' title='bbox 1013 4995 1217 5054; x_wconf 88' lang='lat' dir='ltr'><strong>Plinius</strong></span> <span class='ocrx_word' id='word_1_705' title='bbox 1244 4997 1489 5054; x_wconf 85' lang='lat' dir='ltr'><strong>eamdem</strong></span> <span class='ocrx_word' id='word_1_706' title='bbox 1516 5001 1720 5072; x_wconf 86' lang='lat' dir='ltr'><strong>argenti</strong></span> <span class='ocrx_word' id='word_1_707' title='bbox 1746 5015 2013 5057; x_wconf 89' lang='lat' dir='ltr'><strong>summam</strong></span> <span class='ocrx_word' id='word_1_708' title='bbox 2044 5003 2096 5058; x_wconf 91' lang='lat' dir='ltr'><strong>in</strong></span> <span class='ocrx_word' id='word_1_709' title='bbox 2121 5018 2214 5059; x_wconf 87' lang='lat' dir='ltr'><strong>su-</strong></span> 
     </span>
    </p>
   </div>
   <div class='ocr_carea' id='block_1_95' title="bbox 608 5085 2211 5168">
    <p class='ocr_par' dir='ltr' id='par_1_95' title="bbox 608 5085 2211 5168">
     <span class='ocr_line' id='line_1_96' title="bbox 608 5085 2211 5168; baseline 0.006 -28"><span class='ocrx_word' id='word_1_710' title='bbox 608 5085 932 5155; x_wconf 85' lang='lat' dir='ltr'><strong>pellcctilem</strong></span> <span class='ocrx_word' id='word_1_711' title='bbox 980 5087 1175 5160; x_wconf 85' lang='lat' dir='ltr'><strong>(Plin.,</strong></span> <span class='ocrx_word' id='word_1_712' title='bbox 1221 5090 1310 5145; x_wconf 85' lang='lat' dir='ltr'><strong>lib.</strong></span> <span class='ocrx_word' id='word_1_713' title='bbox 1366 5090 1527 5148; x_wconf 84' lang='lat' dir='ltr'><strong>XVIII</strong></span> <span class='ocrx_word' id='word_1_714' title='bbox 1577 5091 1719 5147; x_wconf 83' lang='lat' dir='ltr'><strong>Hist.</strong></span> <span class='ocrx_word' id='word_1_715' title='bbox 1771 5103 1967 5160; x_wconf 85' lang='lat' dir='ltr'><strong>natur.,</strong></span> <span class='ocrx_word' id='word_1_716' title='bbox 2011 5112 2127 5168; x_wconf 87' lang='lat' dir='ltr'><strong>cap.</strong></span> <span class='ocrx_word' id='word_1_717' title='bbox 2156 5095 2211 5162; x_wconf 89' lang='lat'><strong>6,</strong></span> 
     </span>
    </p>
   </div>
   <div class='ocr_carea' id='block_1_96' title="bbox 605 5178 2216 5257">
    <p class='ocr_par' dir='ltr' id='par_1_96' title="bbox 605 5178 2216 5257">
     <span class='ocr_line' id='line_1_97' title="bbox 605 5178 2216 5257; baseline 0.007 -27"><span class='ocrx_word' id='word_1_718' title='bbox 605 5194 659 5249; x_wconf 83' lang='lat' dir='ltr'><strong>p.</strong></span> <span class='ocrx_word' id='word_1_719' title='bbox 687 5178 838 5246; x_wconf 69' lang='lat'><strong>“7),</strong></span> <span class='ocrx_word' id='word_1_720' title='bbox 870 5178 1112 5237; x_wconf 86' lang='lat' dir='ltr'><strong>Valerius</strong></span> <span class='ocrx_word' id='word_1_721' title='bbox 1153 5196 1283 5239; x_wconf 88' lang='lat' dir='ltr'><strong>vero</strong></span> <span class='ocrx_word' id='word_1_722' title='bbox 1308 5181 1568 5239; x_wconf 76' lang='lat' dir='ltr'><strong>Maximus</strong></span> <span class='ocrx_word' id='word_1_723' title='bbox 1609 5185 1660 5238; x_wconf 89' lang='lat' dir='ltr'><strong>in</strong></span> <span class='ocrx_word' id='word_1_724' title='bbox 1682 5199 1808 5241; x_wconf 81' lang='lat' dir='ltr'><strong>vasa</strong></span> <span class='ocrx_word' id='word_1_725' title='bbox 1837 5194 2089 5257; x_wconf 86' lang='lat' dir='ltr'><strong>argentea</strong></span> <span class='ocrx_word' id='word_1_726' title='bbox 2126 5186 2216 5242; x_wconf 87' lang='lat' dir='ltr'><strong>in-</strong></span> 
     </span>
    </p>
   </div>
   <div class='ocr_carea' id='block_1_97' title="bbox 604 5274 2210 5351">
    <p class='ocr_par' dir='ltr' id='par_1_97' title="bbox 604 5274 2210 5351">
     <span class='ocr_line' id='line_1_98' title="bbox 604 5274 2210 5351; baseline 0.006 -26"><span class='ocrx_word' id='word_1_727' title='bbox 604 5280 868 5342; x_wconf 84' lang='lat' dir='ltr'><strong>sumptam</strong></span> <span class='ocrx_word' id='word_1_728' title='bbox 899 5287 1020 5329; x_wconf 89' lang='lat' dir='ltr'><strong>esse</strong></span> <span class='ocrx_word' id='word_1_729' title='bbox 1043 5274 1396 5333; x_wconf 81' lang='lat' dir='ltr'><strong>testiﬁcantur</strong></span> <span class='ocrx_word' id='word_1_730' title='bbox 1417 5275 1570 5348; x_wconf 83' lang='lat' dir='ltr'><strong>(Val.</strong></span> <span class='ocrx_word' id='word_1_731' title='bbox 1598 5276 1770 5348; x_wconf 54' lang='lat' dir='ltr'><strong>llam,</strong></span> <span class='ocrx_word' id='word_1_732' title='bbox 1791 5278 1881 5334; x_wconf 88' lang='lat' dir='ltr'><strong>lib.</strong></span> <span class='ocrx_word' id='word_1_733' title='bbox 1916 5279 1979 5346; x_wconf 90' lang='lat' dir='ltr'><strong>ll,</strong></span> <span class='ocrx_word' id='word_1_734' title='bbox 2010 5296 2126 5351; x_wconf 87' lang='lat' dir='ltr'><strong>cap.</strong></span> <span class='ocrx_word' id='word_1_735' title='bbox 2154 5281 2210 5348; x_wconf 82' lang='lat'><strong>6,</strong></span> 
     </span>
    </p>
   </div>
   <div class='ocr_carea' id='block_1_98' title="bbox 607 5359 2214 5443">
    <p class='ocr_par' dir='ltr' id='par_1_98' title="bbox 607 5359 2214 5443">
     <span class='ocr_line' id='line_1_99' title="bbox 607 5359 2214 5443; baseline 0.007 -26"><span class='ocrx_word' id='word_1_736' title='bbox 607 5359 740 5434; x_wconf 62' lang='grc' dir='ltr'><strong>ἑά).</strong></span> <span class='ocrx_word' id='word_1_737' title='bbox 764 5362 870 5419; x_wconf 88' lang='lat' dir='ltr'><strong>Sed</strong></span> <span class='ocrx_word' id='word_1_738' title='bbox 895 5363 1052 5434; x_wconf 70' lang='lat' dir='ltr'><strong>hujus</strong></span> <span class='ocrx_word' id='word_1_739' title='bbox 1072 5366 1256 5435; x_wconf 87' lang='lat' dir='ltr'><strong>verba,</strong></span> <span class='ocrx_word' id='word_1_740' title='bbox 1285 5384 1405 5439; x_wconf 63' lang='lat' dir='ltr'><strong>quas</strong></span> <span class='ocrx_word' id='word_1_741' title='bbox 1425 5370 1492 5426; x_wconf 78' lang='lat' dir='ltr'><strong>ad</strong></span> <span class='ocrx_word' id='word_1_742' title='bbox 1521 5386 1633 5426; x_wconf 86' lang='lat' dir='ltr'><strong>rem</strong></span> <span class='ocrx_word' id='word_1_743' title='bbox 1655 5380 1891 5427; x_wconf 89' lang='lat' dir='ltr'><strong>nostram</strong></span> <span class='ocrx_word' id='word_1_744' title='bbox 1917 5372 2214 5443; x_wconf 85' lang='lat' dir='ltr'><strong>plurimum</strong></span> 
     </span>
    </p>
   </div>
   <div class='ocr_carea' id='block_1_99' title="bbox 600 5454 2213 5524">
    <p class='ocr_par' dir='ltr' id='par_1_99' title="bbox 600 5454 2213 5524">
     <span class='ocr_line' id='line_1_100' title="bbox 600 5454 2213 5524; baseline 0.009 -15"><span class='ocrx_word' id='word_1_745' title='bbox 600 5454 823 5522; x_wconf 80' lang='lat' dir='ltr'><strong>faciunt,</strong></span> <span class='ocrx_word' id='word_1_746' title='bbox 850 5458 1035 5515; x_wconf 85' lang='lat' dir='ltr'><strong>audire</strong></span> <span class='ocrx_word' id='word_1_747' title='bbox 1078 5462 1363 5519; x_wconf 89' lang='lat' dir='ltr'><strong>molestum</strong></span> <span class='ocrx_word' id='word_1_748' title='bbox 1408 5463 1589 5522; x_wconf 80' lang='lat' dir='ltr'><strong>forsan</strong></span> <span class='ocrx_word' id='word_1_749' title='bbox 1631 5482 1739 5522; x_wconf 90' lang='lat' dir='ltr'><strong>non</strong></span> <span class='ocrx_word' id='word_1_750' title='bbox 1788 5467 1909 5523; x_wconf 90' lang='lat' dir='ltr'><strong>erit.</strong></span> <span class='ocrx_word' id='word_1_751' title='bbox 1945 5468 2069 5523; x_wconf 68' lang='lat' dir='ltr'><strong>llaec</strong></span> <span class='ocrx_word' id='word_1_752' title='bbox 2094 5478 2213 5524; x_wconf 75' lang='lat' dir='ltr'><strong>au-‘</strong></span> 
     </span>
    </p>
   </div>
   <div class='ocr_carea' id='block_1_100' title="bbox 602 5553 2191 5633">
    <p class='ocr_par' dir='ltr' id='par_1_100' title="bbox 602 5553 2191 5633">
     <span class='ocr_line' id='line_1_101' title="bbox 602 5553 2191 5633; baseline 0.007 -27"><span class='ocrx_word' id='word_1_753' title='bbox 602 5558 707 5609; x_wconf 89' lang='lat' dir='ltr'><strong>lem</strong></span> <span class='ocrx_word' id='word_1_754' title='bbox 738 5562 904 5611; x_wconf 86' lang='lat' dir='ltr'><strong>sunt:</strong></span> <span class='ocrx_word' id='word_1_755' title='bbox 941 5553 1186 5611; x_wconf 73' lang='lat' dir='ltr'><strong>Narravit</strong></span> <span class='ocrx_word' id='word_1_756' title='bbox 1219 5558 1382 5613; x_wconf 85' lang='lat' dir='ltr'><strong>omnis</strong></span> <span class='ocrx_word' id='word_1_757' title='bbox 1418 5569 1562 5625; x_wconf 69' lang='lat' dir='ltr'><strong>atas,</strong></span> <span class='ocrx_word' id='word_1_758' title='bbox 1604 5570 1652 5615; x_wconf 85' lang='lat' dir='ltr'><strong>et</strong></span> <span class='ocrx_word' id='word_1_759' title='bbox 1689 5562 1923 5633; x_wconf 74' lang='lat' dir='ltr'><strong>deinceps</strong></span> <span class='ocrx_word' id='word_1_760' title='bbox 1962 5563 2191 5617; x_wconf 84' lang='lat' dir='ltr'><strong>narrabit</strong></span> 
     </span>
    </p>
   </div>
   <div class='ocr_carea' id='block_1_101' title="bbox 599 5646 2189 5727">
    <p class='ocr_par' dir='ltr' id='par_1_101' title="bbox 599 5646 2189 5727">
     <span class='ocr_line' id='line_1_102' title="bbox 599 5646 2189 5727; baseline 0.007 -26"><span class='ocrx_word' id='word_1_761' title='bbox 599 5646 826 5707; x_wconf 81' lang='lat' dir='ltr'><strong>Fabricii</strong></span> <span class='ocrx_word' id='word_1_762' title='bbox 875 5648 1079 5708; x_wconf 86' lang='lat' dir='ltr'><strong>Lucinii</strong></span> <span class='ocrx_word' id='word_1_763' title='bbox 1120 5666 1333 5706; x_wconf 84' lang='lat' dir='ltr'><strong>censura</strong></span> <span class='ocrx_word' id='word_1_764' title='bbox 1386 5650 1673 5711; x_wconf 79' lang='lat' dir='ltr'><strong>Cornelium</strong></span> <span class='ocrx_word' id='word_1_765' title='bbox 1715 5654 1904 5727; x_wconf 77' lang='lat' dir='ltr'><strong>[infant</strong></span> <span class='ocrx_word' id='word_1_766' title='bbox 1930 5697 1946 5724; x_wconf 94' lang='lat'><strong>,</strong></span> <span class='ocrx_word' id='word_1_767' title='bbox 1992 5655 2189 5712; x_wconf 84' lang='lat' dir='ltr'><strong>duobus</strong></span> 
     </span>
    </p>
   </div>
   <div class='ocr_carea' id='block_1_102' title="bbox 597 5745 2192 5822">
    <p class='ocr_par' dir='ltr' id='par_1_102' title="bbox 597 5745 2192 5822">
     <span class='ocr_line' id='line_1_103' title="bbox 597 5745 2192 5822; baseline 0.006 -26"><span class='ocrx_word' id='word_1_768' title='bbox 597 5745 939 5802; x_wconf 81' lang='lat' dir='ltr'><strong>consulatibus</strong></span> <span class='ocrx_word' id='word_1_769' title='bbox 974 5755 1022 5803; x_wconf 77' lang='lat' dir='ltr'><strong>et</strong></span> <span class='ocrx_word' id='word_1_770' title='bbox 1061 5745 1315 5801; x_wconf 84' lang='lat' dir='ltr'><strong>dictatura</strong></span> <span class='ocrx_word' id='word_1_771' title='bbox 1354 5747 1716 5817; x_wconf 79' lang='lat' dir='ltr'><strong>speciosissime</strong></span> <span class='ocrx_word' id='word_1_772' title='bbox 1752 5752 2013 5820; x_wconf 78' lang='lat' dir='ltr'><strong>functum,</strong></span> <span class='ocrx_word' id='word_1_773' title='bbox 2054 5748 2192 5822; x_wconf 80' lang='lat' dir='ltr'><strong>quod</strong></span> 
     </span>
    </p>
   </div>
   <div class='ocr_carea' id='block_1_103' title="bbox 598 5832 2196 5914">
    <p class='ocr_par' dir='ltr' id='par_1_103' title="bbox 598 5832 2196 5914">
     <span class='ocr_line' id='line_1_104' title="bbox 598 5832 2196 5914; baseline 0.005 -21"><span class='ocrx_word' id='word_1_774' title='bbox 598 5832 769 5897; x_wconf 72' lang='lat' dir='ltr'><strong>decem</strong></span> <span class='ocrx_word' id='word_1_775' title='bbox 812 5838 981 5909; x_wconf 82' lang='lat' dir='ltr'><strong>pando</strong></span> <span class='ocrx_word' id='word_1_776' title='bbox 1024 5854 1145 5903; x_wconf 78' lang='lat' dir='ltr'><strong>vasa</strong></span> <span class='ocrx_word' id='word_1_777' title='bbox 1182 5846 1421 5913; x_wconf 74' lang='lat' dir='ltr'><strong>argentea</strong></span> <span class='ocrx_word' id='word_1_778' title='bbox 1466 5849 1838 5913; x_wconf 83' lang='lat' dir='ltr'><strong>comparasset,</strong></span> <span class='ocrx_word' id='word_1_779' title='bbox 1887 5842 2096 5914; x_wconf 82' lang='lat' dir='ltr'><strong>perinde</strong></span> <span class='ocrx_word' id='word_1_780' title='bbox 2130 5856 2196 5901; x_wconf 81' lang='lat' dir='ltr'><strong>ac</strong></span> 
     </span>
    </p>
   </div>
   <div class='ocr_carea' id='block_1_104' title="bbox 2330 4708 3846 4813">
    <p class='ocr_par' dir='ltr' id='par_1_104' title="bbox 2330 4708 3846 4813">
     <span class='ocr_line' id='line_1_105' title="bbox 2330 4708 3846 4813; baseline 0.001 -35"><span class='ocrx_word' id='word_1_781' title='bbox 2330 4739 2543 4779; x_wconf 89' lang='lat' dir='ltr'><strong>morum</strong></span> <span class='ocrx_word' id='word_1_782' title='bbox 2571 4724 2838 4782; x_wconf 87' lang='lat' dir='ltr'><strong>honestati</strong></span> <span class='ocrx_word' id='word_1_783' title='bbox 2867 4742 2930 4783; x_wconf 85' lang='lat' dir='ltr'><strong>ae</strong></span> <span class='ocrx_word' id='word_1_784' title='bbox 2954 4729 3233 4786; x_wconf 59' lang='lat' dir='ltr'><strong>modestiae</strong></span> <span class='ocrx_word' id='word_1_785' title='bbox 3259 4708 3562 4787; x_wconf 81' lang='lat' dir='ltr'><strong>consultum</strong></span> <span class='ocrx_word' id='word_1_786' title='bbox 3591 4724 3754 4813; x_wconf 55' lang='lat' dir='ltr'><strong>fuerat</strong></span> 
     </span>
    </p>
   </div>
   <div class='ocr_carea' id='block_1_105' title="bbox 2323 4808 3846 4903">
    <p class='ocr_par' dir='ltr' id='par_1_105' title="bbox 2323 4808 3846 4903">
     <span class='ocr_line' id='line_1_106' title="bbox 2323 4808 3846 4903; baseline 0.011 -34"><span class='ocrx_word' id='word_1_787' title='bbox 2323 4815 2429 4871; x_wconf 92' lang='lat' dir='ltr'><strong>lam</strong></span> <span class='ocrx_word' id='word_1_788' title='bbox 2454 4826 2631 4873; x_wconf 84' lang='lat' dir='ltr'><strong>autem</strong></span> <span class='ocrx_word' id='word_1_789' title='bbox 2662 4818 2788 4875; x_wconf 76' lang='lat' dir='ltr'><strong>facit</strong></span> <span class='ocrx_word' id='word_1_790' title='bbox 2825 4834 2918 4876; x_wconf 88' lang='lat' dir='ltr'><strong>eas</strong></span> <span class='ocrx_word' id='word_1_791' title='bbox 2943 4820 3120 4885; x_wconf 83' lang='lat' dir='ltr'><strong>adhuc</strong></span> <span class='ocrx_word' id='word_1_792' title='bbox 3151 4832 3296 4878; x_wconf 88' lang='lat' dir='ltr'><strong>tanta</strong></span> <span class='ocrx_word' id='word_1_793' title='bbox 3336 4821 3550 4881; x_wconf 87' lang='lat' dir='ltr'><strong>licentia</strong></span> <span class='ocrx_word' id='word_1_794' title='bbox 3584 4815 3649 4873; x_wconf 71' lang='lat' dir='ltr'><strong>ab</strong></span> <span class='ocrx_word' id='word_1_795' title='bbox 3672 4808 3846 4903; x_wconf 48' lang='grc' dir='ltr'><strong>θίῆηίξξῗ</strong></span> 
     </span>
    </p>
   </div>
   <div class='ocr_carea' id='block_1_106' title="bbox 2327 4895 3847 4995">
    <p class='ocr_par' dir='ltr' id='par_1_106' title="bbox 2327 4895 3847 4995">
     <span class='ocr_line' id='line_1_107' title="bbox 2327 4895 3847 4995; baseline -0.005 -26"><span class='ocrx_word' id='word_1_796' title='bbox 2327 4914 2718 4983; x_wconf 75' lang='lat' dir='ltr'><strong>pessumdatus,</strong></span> <span class='ocrx_word' id='word_1_797' title='bbox 2746 4925 2944 4986; x_wconf 87' lang='lat' dir='ltr'><strong>quanta</strong></span> <span class='ocrx_word' id='word_1_798' title='bbox 2972 4918 3271 4974; x_wconf 85' lang='lat' dir='ltr'><strong>temeritate</strong></span> <span class='ocrx_word' id='word_1_799' title='bbox 3324 4918 3641 4991; x_wconf 85' lang='lat' dir='ltr'><strong>objiciebant</strong></span> <span class='ocrx_word' id='word_1_800' title='bbox 3681 4919 3731 4961; x_wconf 83' lang='lat' dir='ltr'><strong>se</strong></span> <span class='ocrx_word' id='word_1_801' title='bbox 3763 4895 3847 4995; x_wconf 54' lang='lat' dir='ltr'><strong>ait”</strong></span> 
     </span>
    </p>
   </div>
   <div class='ocr_carea' id='block_1_107' title="bbox 2322 4994 3851 5075">
    <p class='ocr_par' dir='ltr' id='par_1_107' title="bbox 2322 4994 3851 5075">
     <span class='ocr_line' id='line_1_108' title="bbox 2322 4994 3851 5075; baseline -0.01 -17"><span class='ocrx_word' id='word_1_802' title='bbox 2322 5004 2479 5075; x_wconf 86' lang='lat' dir='ltr'><strong>plane</strong></span> <span class='ocrx_word' id='word_1_803' title='bbox 2507 5004 2723 5062; x_wconf 87' lang='lat' dir='ltr'><strong>nefariis</strong></span> <span class='ocrx_word' id='word_1_804' title='bbox 2745 5007 2798 5061; x_wconf 92' lang='lat' dir='ltr'><strong>in</strong></span> <span class='ocrx_word' id='word_1_805' title='bbox 2827 5006 3162 5064; x_wconf 88' lang='lat' dir='ltr'><strong>Christianos</strong></span> <span class='ocrx_word' id='word_1_806' title='bbox 3182 5011 3403 5067; x_wconf 90' lang='lat' dir='ltr'><strong>sancitis</strong></span> <span class='ocrx_word' id='word_1_807' title='bbox 3429 5005 3595 5069; x_wconf 86' lang='lat' dir='ltr'><strong>teneri</strong></span> <span class='ocrx_word' id='word_1_808' title='bbox 3612 5021 3625 5060; x_wconf 91' lang='lat'><strong>:</strong></span> <span class='ocrx_word' id='word_1_809' title='bbox 3645 4999 3742 5068; x_wconf 82' lang='lat' dir='ltr'><strong>Quo</strong></span> <span class='ocrx_word' id='word_1_810' title='bbox 3756 4994 3851 5045; x_wconf 68' lang='lat' dir='ltr'><strong>enim</strong></span> 
     </span>
    </p>
   </div>
   <div class='ocr_carea' id='block_1_108' title="bbox 2317 5084 3847 5171">
    <p class='ocr_par' dir='ltr' id='par_1_108' title="bbox 2317 5084 3847 5171">
     <span class='ocr_line' id='line_1_109' title="bbox 2317 5084 3847 5171; baseline -0.002 -21"><span class='ocrx_word' id='word_1_811' title='bbox 2317 5098 2572 5164; x_wconf 83' lang='lat' dir='ltr'><strong>abierunt,</strong></span> <span class='ocrx_word' id='word_1_812' title='bbox 2607 5098 2799 5169; x_wconf 87' lang='lat' dir='ltr'><strong>inquit,</strong></span> <span class='ocrx_word' id='word_1_813' title='bbox 2831 5100 2965 5171; x_wconf 86' lang='lat' dir='ltr'><strong>leges</strong></span> <span class='ocrx_word' id='word_1_814' title='bbox 2990 5101 3097 5156; x_wconf 69' lang='lat' dir='ltr'><strong>illis</strong></span> <span class='ocrx_word' id='word_1_815' title='bbox 3122 5102 3361 5157; x_wconf 82' lang='lat' dir='ltr'><strong>uitiorum</strong></span> <span class='ocrx_word' id='word_1_816' title='bbox 3391 5084 3847 5158; x_wconf 59' lang='lat' dir='ltr'><strong>emendatrimttll‘“</strong></span> 
     </span>
    </p>
   </div>
   <div class='ocr_carea' id='block_1_109' title="bbox 2318 5181 3849 5269">
    <p class='ocr_par' dir='ltr' id='par_1_109' title="bbox 2318 5181 3849 5269">
     <span class='ocr_line' id='line_1_110' title="bbox 2318 5181 3849 5269; baseline -0.002 -25"><span class='ocrx_word' id='word_1_817' title='bbox 2318 5190 2535 5255; x_wconf 83' lang='lat' dir='ltr'><strong>theatro,</strong></span> <span class='ocrx_word' id='word_1_818' title='bbox 2579 5192 2878 5264; x_wconf 83' lang='lat' dir='ltr'><strong>stuprandis</strong></span> <span class='ocrx_word' id='word_1_819' title='bbox 2904 5193 3131 5269; x_wconf 76' lang='lat' dir='ltr'><strong>moribus</strong></span> <span class='ocrx_word' id='word_1_820' title='bbox 3179 5195 3418 5262; x_wconf 86' lang='lat' dir='ltr'><strong>orientia,</strong></span> <span class='ocrx_word' id='word_1_821' title='bbox 3463 5192 3626 5250; x_wconf 83' lang='lat' dir='ltr'><strong>statim</strong></span> <span class='ocrx_word' id='word_1_822' title='bbox 3673 5181 3849 5269; x_wconf 57' lang='lat' dir='ltr'><strong>(iw</strong></span> 
     </span>
    </p>
   </div>
   <div class='ocr_carea' id='block_1_110' title="bbox 2320 5266 3848 5363">
    <p class='ocr_par' dir='ltr' id='par_1_110' title="bbox 2320 5266 3848 5363">
     <span class='ocr_line' id='line_1_111' title="bbox 2320 5266 3848 5363; baseline 0.014 -28"><span class='ocrx_word' id='word_1_823' title='bbox 2320 5283 2481 5338; x_wconf 75' lang='lat' dir='ltr'><strong>bant?</strong></span> <span class='ocrx_word' id='word_1_824' title='bbox 2505 5282 2848 5356; x_wconf 84' lang='lat' dir='ltr'><strong>(Tertullian.</strong></span> <span class='ocrx_word' id='word_1_825' title='bbox 2877 5266 3094 5357; x_wconf 81' lang='lat' dir='ltr'><strong>Apolog.</strong></span> <span class='ocrx_word' id='word_1_826' title='bbox 3125 5302 3242 5357; x_wconf 86' lang='lat' dir='ltr'><strong>cap.</strong></span> <span class='ocrx_word' id='word_1_827' title='bbox 3275 5286 3330 5355; x_wconf 78' lang='grc' dir='ltr'><strong>ϐ,</strong></span> <span class='ocrx_word' id='word_1_828' title='bbox 3361 5304 3480 5360; x_wconf 85' lang='lat' dir='ltr'><strong>pag.</strong></span> <span class='ocrx_word' id='word_1_829' title='bbox 3503 5266 3848 5363; x_wconf 68' lang='grc' dir='ltr'><strong>299)·Αι</strong></span> 
     </span>
    </p>
   </div>
   <div class='ocr_carea' id='block_1_111' title="bbox 2318 5360 3849 5492">
    <p class='ocr_par' dir='ltr' id='par_1_111' title="bbox 2318 5360 3849 5492">
     <span class='ocr_line' id='line_1_112' title="bbox 2318 5360 3849 5492; baseline -0.006 -60"><span class='ocrx_word' id='word_1_830' title='bbox 2318 5377 2620 5432; x_wconf 87' lang='lat' dir='ltr'><strong>communis</strong></span> <span class='ocrx_word' id='word_1_831' title='bbox 2665 5378 3044 5451; x_wconf 79' lang='lat' dir='ltr'><strong>plerarumque</strong></span> <span class='ocrx_word' id='word_1_832' title='bbox 3069 5380 3311 5435; x_wconf 88' lang='lat' dir='ltr'><strong>omnium</strong></span> <span class='ocrx_word' id='word_1_833' title='bbox 3343 5423 3357 5448; x_wconf 98' lang='lat'><strong>,</strong></span> <span class='ocrx_word' id='word_1_834' title='bbox 3388 5381 3465 5437; x_wconf 88' lang='lat' dir='ltr'><strong>uti</strong></span> <span class='ocrx_word' id='word_1_835' title='bbox 3497 5360 3849 5492; x_wconf 31' lang='lat' dir='ltr'><strong>docetis???</strong></span> 
     </span>
     <span class='ocr_line' id='line_1_113' title="bbox 2340 5469 3793 5492; baseline -0.017 7"><span class='ocrx_word' id='word_1_836' title='bbox 2340 5469 2459 5492; x_wconf 63' lang='grc' dir='ltr'><strong>ομ---</strong></span> <span class='ocrx_word' id='word_1_837' title='bbox 2511 5471 2559 5492; x_wconf 70' lang='lat'><strong>2--</strong></span> <span class='ocrx_word' id='word_1_838' title='bbox 2596 5471 2657 5492; x_wconf 64' lang='grc' dir='ltr'><strong>,τι</strong></span> <span class='ocrx_word' id='word_1_839' title='bbox 2711 5472 2751 5492; x_wconf 79' lang='lat' dir='ltr'><strong>n</strong></span> <span class='ocrx_word' id='word_1_840' title='bbox 2788 5470 2880 5492; x_wconf 20' lang='lat' dir='ltr'><strong>ne.</strong></span> <span class='ocrx_word' id='word_1_841' title='bbox 2913 5491 2917 5492; x_wconf 63' lang='lat'><strong>,</strong></span> <span class='ocrx_word' id='word_1_842' title='bbox 3036 5474 3098 5492; x_wconf 77' lang='grc' dir='ltr'><strong>ιι.</strong></span> <span class='ocrx_word' id='word_1_843' title='bbox 3166 5476 3236 5492; x_wconf 70' lang='grc' dir='ltr'><strong>ρ...</strong></span> <span class='ocrx_word' id='word_1_844' title='bbox 3401 5475 3494 5492; x_wconf 66' lang='grc' dir='ltr'><strong>,Μ</strong></span> <span class='ocrx_word' id='word_1_845' title='bbox 3528 5490 3538 5492; x_wconf 23' lang='grc' dir='ltr'><em>ᾼ</em></span> <span class='ocrx_word' id='word_1_846' title='bbox 3579 5478 3614 5492; x_wconf 50' lang='grc' dir='ltr'><strong>,ι</strong></span> <span class='ocrx_word' id='word_1_847' title='bbox 3647 5478 3693 5492; x_wconf 54' lang='lat'><strong>._</strong></span> <span class='ocrx_word' id='word_1_848' title='bbox 3783 5486 3793 5492; x_wconf 88' lang='lat'>_</span> 
     </span>
    </p>
   </div>
   <div class='ocr_carea' id='block_1_112' title="bbox 2292 5440 3829 5548">
    <p class='ocr_par' dir='ltr' id='par_1_112' title="bbox 2292 5440 3829 5548">
     <span class='ocr_line' id='line_1_114' title="bbox 2292 5440 3829 5548; baseline -0.01 -21"><span class='ocrx_word' id='word_1_849' title='bbox 2292 5467 2480 5542; x_wconf 83' lang='lat' dir='ltr'><strong>(Serv.</strong></span> <span class='ocrx_word' id='word_1_850' title='bbox 2507 5471 2561 5525; x_wconf 86' lang='lat' dir='ltr'><strong>in</strong></span> <span class='ocrx_word' id='word_1_851' title='bbox 2591 5440 2679 5527; x_wconf 69' lang='grc' dir='ltr'><strong>ιεθξ</strong></span> <span class='ocrx_word' id='word_1_852' title='bbox 2711 5472 2753 5527; x_wconf 86' lang='lat' dir='ltr'><strong>u</strong></span> <span class='ocrx_word' id='word_1_853' title='bbox 2786 5440 2973 5546; x_wconf 60' lang='lat' dir='ltr'><strong>Georg:</strong></span> <span class='ocrx_word' id='word_1_854' title='bbox 3036 5474 3274 5548; x_wconf 81' lang='lat' dir='ltr'><strong>Virgilii,</strong></span> <span class='ocrx_word' id='word_1_855' title='bbox 3306 5440 3357 5532; x_wconf 71' lang='grc' dir='ltr'><strong>υξ</strong></span> <span class='ocrx_word' id='word_1_856' title='bbox 3400 5475 3541 5540; x_wconf 75' lang='lat'><strong>331;</strong></span> <span class='ocrx_word' id='word_1_857' title='bbox 3571 5478 3614 5524; x_wconf 72' lang='grc' dir='ltr'><strong>σι</strong></span> <span class='ocrx_word' id='word_1_858' title='bbox 3646 5464 3693 5518; x_wconf 81' lang='lat' dir='ltr'><strong>in</strong></span> <span class='ocrx_word' id='word_1_859' title='bbox 3725 5440 3829 5548; x_wconf 46' lang='grc' dir='ltr'><strong>ωτι</strong></span> 
     </span>
    </p>
   </div>
   <div class='ocr_carea' id='block_1_113' title="bbox 2293 5539 3845 5654">
    <p class='ocr_par' dir='ltr' id='par_1_113' title="bbox 2293 5539 3845 5654">
     <span class='ocr_line' id='line_1_115' title="bbox 2293 5539 3845 5654; baseline -0.004 -33"><span class='ocrx_word' id='word_1_860' title='bbox 2293 5539 2534 5634; x_wconf 55' lang='lat' dir='ltr'><strong>illum,</strong></span> <span class='ocrx_word' id='word_1_861' title='bbox 2565 5582 2614 5624; x_wconf 75' lang='grc' dir='ltr'><strong>υ.</strong></span> <span class='ocrx_word' id='word_1_862' title='bbox 2645 5568 2747 5624; x_wconf 77' lang='lat'><strong>757</strong></span> <span class='ocrx_word' id='word_1_863' title='bbox 2776 5567 2830 5641; x_wconf 86' lang='lat'><strong>),</strong></span> <span class='ocrx_word' id='word_1_864' title='bbox 2862 5539 3044 5639; x_wconf 70' lang='lat' dir='ltr'><strong>opinio</strong></span> <span class='ocrx_word' id='word_1_865' title='bbox 3086 5539 3184 5625; x_wconf 63' lang='lat' dir='ltr'><strong>fuit</strong></span> <span class='ocrx_word' id='word_1_866' title='bbox 3232 5539 3434 5642; x_wconf 79' lang='lat' dir='ltr'><strong>primos</strong></span> <span class='ocrx_word' id='word_1_867' title='bbox 3502 5539 3678 5622; x_wconf 85' lang='lat' dir='ltr'><strong>theatri</strong></span> <span class='ocrx_word' id='word_1_868' title='bbox 3703 5539 3845 5654; x_wconf 38' lang='lat' dir='ltr'><strong>ltili?</strong></span> 
     </span>
    </p>
   </div>
   <div class='ocr_carea' id='block_1_114' title="bbox 2292 5643 3843 5734">
    <p class='ocr_par' dir='ltr' id='par_1_114' title="bbox 2292 5643 3843 5734">
     <span class='ocr_line' id='line_1_116' title="bbox 2292 5643 3843 5734; baseline -0.019 -14"><span class='ocrx_word' id='word_1_869' title='bbox 2292 5661 2347 5717; x_wconf 86' lang='lat' dir='ltr'><strong>in</strong></span> <span class='ocrx_word' id='word_1_870' title='bbox 2373 5661 2567 5718; x_wconf 86' lang='lat' dir='ltr'><strong>Bacchi</strong></span> <span class='ocrx_word' id='word_1_871' title='bbox 2593 5662 2708 5719; x_wconf 90' lang='lat' dir='ltr'><strong>sive</strong></span> <span class='ocrx_word' id='word_1_872' title='bbox 2728 5662 2905 5720; x_wconf 86' lang='lat' dir='ltr'><strong>Liberi</strong></span> <span class='ocrx_word' id='word_1_873' title='bbox 2930 5664 3097 5734; x_wconf 83' lang='lat' dir='ltr'><strong>patris</strong></span> <span class='ocrx_word' id='word_1_874' title='bbox 3118 5662 3378 5721; x_wconf 89' lang='lat' dir='ltr'><strong>honorem</strong></span> <span class='ocrx_word' id='word_1_875' title='bbox 3408 5659 3678 5722; x_wconf 82' lang='lat' dir='ltr'><strong>institutos</strong></span> <span class='ocrx_word' id='word_1_876' title='bbox 3699 5643 3843 5700; x_wconf 74' lang='lat' dir='ltr'><strong>fuisse.</strong></span> 
     </span>
    </p>
   </div>
   <div class='ocr_carea' id='block_1_115' title="bbox 2290 5734 3841 5828">
    <p class='ocr_par' dir='ltr' id='par_1_115' title="bbox 2290 5734 3841 5828">
     <span class='ocr_line' id='line_1_117' title="bbox 2290 5734 3841 5828; baseline -0.004 -17"><span class='ocrx_word' id='word_1_877' title='bbox 2290 5755 2380 5828; x_wconf 90' lang='lat' dir='ltr'><strong>qui</strong></span> <span class='ocrx_word' id='word_1_878' title='bbox 2404 5755 2617 5827; x_wconf 86' lang='lat' dir='ltr'><strong>quidem</strong></span> <span class='ocrx_word' id='word_1_879' title='bbox 2667 5754 2863 5811; x_wconf 85' lang='lat' dir='ltr'><strong>idcirco</strong></span> <span class='ocrx_word' id='word_1_880' title='bbox 2888 5756 3157 5813; x_wconf 82' lang='lat' dir='ltr'><strong>Liberales</strong></span> <span class='ocrx_word' id='word_1_881' title='bbox 3200 5760 3493 5815; x_wconf 76' lang='lat' dir='ltr'><strong>voctbantu</strong></span> <span class='ocrx_word' id='word_1_882' title='bbox 3510 5773 3553 5812; x_wconf 91' lang='lat' dir='ltr'><strong>r.</strong></span> <span class='ocrx_word' id='word_1_883' title='bbox 3601 5734 3841 5817; x_wconf 68' lang='lat' dir='ltr'><strong>Qtlanw‘&quot;</strong></span> 
     </span>
    </p>
   </div>
   <div class='ocr_carea' id='block_1_116' title="bbox 2291 5830 3840 5917">
    <p class='ocr_par' dir='ltr' id='par_1_116' title="bbox 2291 5830 3840 5917">
     <span class='ocr_line' id='line_1_118' title="bbox 2291 5830 3840 5917; baseline -0.007 -14"><span class='ocrx_word' id='word_1_884' title='bbox 2291 5857 2468 5906; x_wconf 89' lang='lat' dir='ltr'><strong>autem</strong></span> <span class='ocrx_word' id='word_1_885' title='bbox 2499 5847 2644 5905; x_wconf 85' lang='lat' dir='ltr'><strong>hisce</strong></span> <span class='ocrx_word' id='word_1_886' title='bbox 2673 5847 2810 5906; x_wconf 85' lang='lat' dir='ltr'><strong>ludis</strong></span> <span class='ocrx_word' id='word_1_887' title='bbox 2835 5862 3014 5905; x_wconf 87' lang='lat' dir='ltr'><strong>mores</strong></span> <span class='ocrx_word' id='word_1_888' title='bbox 3039 5849 3322 5909; x_wconf 88' lang='lat' dir='ltr'><strong>hominum</strong></span> <span class='ocrx_word' id='word_1_889' title='bbox 3354 5830 3840 5917; x_wconf 61' lang='lat' dir='ltr'><strong>corrumperent“!</strong></span> 
     </span>
    </p>
   </div>
  </div>
