4076 6356
251 332 363 417 991

254 566 586 637 turpitudine
612 575 772 636 atque
797 565 1173 631 obscmnitate,
1199 564 1270 621 de
1293 579 1398 635 qua
1427 564 1553 619 alibi
1600 562 1857 620 disserui-

254 676 376 716 mus
403 660 640 733 (Dissert.
664 663 715 714 in
735 658 974 715 Lactant.
998 675 1115 730 cap.
1151 659 1236 726 17,
1266 666 1363 714 art.
1391 658 1446 722 1,
1464 664 1509 712 et
1539 657 1593 712 in
1617 655 1853 714 Lactant.

257 772 378 826 cap.
416 756 510 824 55,
541 766 640 811 art.
679 757 702 810 1
741 755 759 825 )
790 753 943 810 facile
969 769 1074 811 non
1106 753 1385 824 intelligat.
1414 750 1472 809 Si
1503 752 1624 823 quis
1678 758 1856 805 tamen

257 850 554 905 Auctorem
585 855 830 903 nostrum
857 863 963 903 non
993 846 1062 904 de
1087 844 1173 901 bis
1196 854 1421 911 tantum,
1442 843 1537 899 sed
1561 842 1678 899 aliis
1693 842 1855 898 etiam

258 940 458 997 theatri
486 939 648 1006 ludis,
673 940 804 995 olim
827 939 1053 1007 eversis,
1082 953 1390 994 sermonem
1413 950 1608 1009 revera
1660 933 1858 991 fecisse

259 1034 589 1101 contendat,
621 1032 1065 1100 adstipulatorem
1094 1032 1279 1101 utique
1321 1028 1540 1086 habebit
1583 1027 1817 1084 Tullium
1839 1063 1857 1093 ,

261 1135 317 1187 et
359 1142 509 1195 cum,
540 1141 571 1183 a
618 1141 726 1198 quo
774 1125 994 1195 citatur,
1045 1126 1422 1195 Augustinum.
1492 1121 1664 1192 Hujus
1714 1120 1860 1178 enim

261 1220 496 1292 ipsumet
523 1220 637 1275 hinc
663 1227 790 1277 sunt
812 1217 1016 1276 verba:
1060 1217 1302 1285 Romani,
1332 1218 1562 1288 quamvis
1599 1216 1712 1286 jam
1766 1231 1859 1271 stt-

262 1314 554 1386 perstitione
602 1311 758 1368 noxia
805 1320 1169 1382 premerentur,
1222 1319 1277 1366 ut
1322 1309 1439 1364 illos
1479 1308 1599 1364 deos
1629 1308 1861 1381 calerent

264 1421 391 1478 quas
412 1403 646 1460 videbant
673 1401 769 1458 sibi
794 1402 1012 1458 ualuisse
1039 1401 1267 1457 scenicos
1306 1399 1645 1472 turpitudines
1687 1414 1862 1454 conse-

263 1498 429 1563 crari,‘
452 1511 558 1551 sua:
588 1505 754 1549 tmnen
782 1494 1045 1565 dignitatis
1066 1508 1310 1548 memores
1358 1508 1418 1547 ac
1461 1489 1695 1565 pudoris,
1716 1499 1859 1545 acto-

263 1607 343 1645 res
402 1589 578 1643 talium
627 1587 920 1659 fabularum
970 1602 1286 1657 nequaquam
1311 1584 1684 1643 honoramunt
1724 1598 1865 1639 more

269 1679 587 1747 ercarum,
610 1679 700 1736 sed
720 1680 848 1735 sicut
874 1679 1012 1749 apud
1031 1676 1320 1733 Ciceronem
1352 1676 1533 1746 Scipio
1592 1676 1816 1745 loquitur
1846 1691 1859 1729 :

267 1774 392 1829 Cum
423 1782 582 1827 artem
613 1771 1200 1841 ludicram,scenamque
1218 1778 1375 1827 totam
1402 1768 1584 1840 probra
1601 1768 1860 1835 ducerent,

1383 349 1835 412 DISSERTATIO
1870 349 1938 411 D.
1976 347 2067 411 LE
2100 346 2415 411 NOURRY.

255 486 417 528 nemo
441 486 573 529 sane
612 478 715 538 est,
766 468 855 543 qui
880 485 946 527 ex
991 466 1307 529 detestanda
1359 485 1582 542 prorsus
1633 470 1846 527 illorum
1875 472 1930 535 Α

3449 343 3566 411 998

2028 468 2225 526 Verum
2247 469 2379 526 nihil
2397 481 2618 541 prorsus
2642 482 2864 539 necesse
2878 467 3096 539 videtur
3112 482 3307 525 nomen
3333 467 3558 541 penula;

1957 563 2100 634 quod
2120 572 2433 620 constanter
2463 564 2517 619 in
2542 563 2790 621 omnibus
2822 563 3099 620 codicibus
3127 563 3344 635 legitur,
3394 576 3557 635 prop-

1963 664 2049 712 ter
2076 657 2442 728 conjecturam
2486 658 2779 713 immutari.
2813 657 3040 715 Dubium
3073 658 3349 714 enimvero
3393 656 3566 714 nemi'o

1961 754 2015 808 ni
2045 768 2166 810 esse
2190 762 2386 824 potest.
2415 754 2543 825 quin
2584 752 2813 809 Romani
2863 754 3098 824 penulati
3145 754 3287 810 ludis
3328 753 3558 825 publicis

1961 846 2305 905 interessent.
2375 845 2553 902 Testis
2608 846 2871 918 siquidem
2931 846 3090 902 nobis
3143 855 3228 902 est
3264 845 3567 904 'Suetonius

1962 938 2187 996 Galbam
2207 939 2581 1010 imperatorem
2600 938 2846 1011 iussisse,
2875 949 2931 994 ut
2957 938 3037 995 illi
3056 940 3108 994 in
3125 940 3357 1011 quodam
3377 939 3565 994 solem-

1963 1032 2017 1087 ni
2043 1031 2349 1101 spectaculo
2368 1048 2552 1086 manus
2564 1030 2762 1100 penulis
2775 1032 3088 1086 continerent
3110 1030 3350 1102 (Suetan.
3375 1032 3428 1085 in
3459 1029 3564 1086 Vit;

1964 1124 2189 1196 Galb.,§
2217 1124 2313 1196 6).
2361 1123 2419 1180 ln
2443 1125 2625 1180 Dionis
2647 1139 2774 1180 vero
2790 1123 3039 1195 Epitome
3059 1124 3284 1195 legimus
3321 1124 3573 1181 Commo-

1963 1216 2091 1273 dum
2145 1218 2521 1287 imperatorem
2559 1216 2885 1289 przecepisse
2928 1225 2986 1271 ut
3039 1216 3104 1272 ad
3153 1216 3394 1272 ultimum
3425 1215 3567 1287 quod

1964 1308 2133 1375 dedit,
2161 1308 2513 1379 gladiatorum
2537 1324 2731 1365 munus
2752 1318 3031 1364 senatores
3055 1309 3105 1364 iu
3128 1308 3396 1365 theatrum
3425 1310 3572 1365 veni-

1964 1410 2105 1468 rent,
2135 1388 2202 1458 ἐν
2235 1425 2289 1457 ore
2324 1415 2386 1475 τῇ
2434 1388 2576 1475 πολῇ
2608 1415 2673 1475 τῇ
2715 1406 2923 1469 ῑππὰδι,
2962 1407 3046 1456 nati
3086 1409 3132 1458 Iv
3183 1408 3292 1465 ταῖς
3339 1406 3574 1472 putabimu-

1965 1497 2031 1554 εἰς
2058 1504 2117 1549 τὸ
2155 1500 2351 1565 θέατρον
2370 1498 2605 1550 εὶσιλθιῖν.
2638 1492 2875 1566 Equestri
2897 1505 3045 1560 reste,
3069 1505 3117 1549 et
3146 1496 3336 1564 penula
3359 1496 3484 1549 indu
3496 1506 3574 1550 tas

1965 1588 2135 1642 uenire
2158 1589 2211 1641 in
2233 1588 2484 1642 theatrum
2508 1588 2662 1659 jussit
2684 1587 2856 1658 (Epit.
2889 1586 3045 1642 Dion.
3066 1588 3118 1641 in
3157 1587 3272 1642 Vita
3304 1586 3571 1643 Commad.

1968 1697 2089 1751 pag.
2116 1679 2224 1736 295
2251 1678 2297 1751 ).
2323 1678 2445 1747 Quo
2469 1678 2686 1749 quidem
2715 1687 2909 1734 ornatu
2966 1694 3235 1751 nunquam
3259 1688 3416 1735 antea
3444 1678 3574 1734 illud

1968 1771 2175 1844 ingredi
2218 1781 2626 1841 consueverant,
2668 1773 2770 1828 nisi
2798 1773 3090 1845 imperator
3117 1789 3183 1830 ex
3221 1772 3320 1829 hac
3345 1774 3449 1829 vita
3489 1773 3577 1830 de-

267 1881 427 1937 genus
454 1864 507 1918 id
529 1863 790 1918 hominum
819 1880 923 1919 non
950 1861 1102 1919 modo
1130 1863 1321 1919 honore
1351 1861 1865 1931 civiumreliquarum
1893 1887 1942 1947 Β
1971 1867 2247 1923 cessisset.
2281 1868 2351 1923 At
2376 1871 2561 1936 μινδίση
2592 1867 2858 1939 signiﬁcat
2907 1868 3122 1939 aliquod
3152 1868 3359 1940 penula:
3382 1882 3573 1940 genus.

268 1975 456 2025 carere,
491 1958 581 2014 sed
609 1959 760 2013 etiam
784 1958 916 2014 tribu
954 1958 1143 2012 moveri
1196 1958 1457 2012 notatione
1499 1957 1731 2011 censoria
1773 1971 1863 2013 va-

268 2052 467 2106 luerunt
502 2051 761 2122 (August.
808 2050 897 2105 lib.
947 2048 991 2107 ll
1031 2050 1094 2104 de
1140 2047 1320 2117 Ciuit.,
1352 2065 1469 2119 cup.
1500 2048 1589 2114 15,
1626 2064 1747 2119 pag.
1798 2045 1870 2103 40

271 2155 318 2201 et
342 2144 525 2217 seqq.).
583 2146 751 2213 Quam
801 2144 1019 2216 quidem
1050 2130 1340 2200 Ciceronis
1389 2143 1746 2207 sententiam,
1796 2141 1868 2196 ita

269 2239 508 2304 citatam,
543 2236 625 2292 his
651 2236 830 2292 laudat
858 2236 1153 2308 probatque
1170 2233 1618 2306 subsequentibus
1646 2232 1824 2289 verbis
1852 2249 1867 2289 :

271 2328 537 2386 Prteclara
597 2346 719 2385 sane
780 2338 825 2385 et
887 2327 1122 2384 laudibus
1194 2328 1443 2383 romanis.
1485 2327 1871 2383 annumeranda

274 2422 567 2496 prudentia,
599 2423 690 2478 sed
714 2422 889 2478 vellent
916 2437 970 2477 se
993 2424 1107 2493 ipsa
1135 2429 1444 2493 sequeretur,
1476 2436 1529 2475 se
1563 2419 1868 2475 imitaretur.

348 2517 445 2572 Diu
478 2517 657 2588 itaque
676 2516 893 2588 optimae
913 2516 1059 2589 leges
1085 2530 1190 2570 non
1224 2516 1528 2585 viguerunt.
1563 2510 1696 2568 Nam
1737 2510 1874 2567 Ter-

276 2609 531 2665 tullianus
559 2610 805 2665 ethnicos
826 2610 897 2663 ita
928 2608 1219 2665 insectatus
1251 2615 1332 2662 est
1358 2622 1371 2660 :
1415 2603 1575 2659 Video
1599 2615 1645 2658 et
1674 2602 1872 2658 theatra

276 2722 367 2761 nec
396 2705 620 2776 singula,
645 2721 735 2760 nec
763 2704 901 2759 nuda
939 2701 1288 2774 (Tertullian.
1332 2699 1600 2773 Apologet.
1651 2714 1767 2769 cap.
1816 2696 1870 2753 6.

288 2797 481 2871 p.501)
507 2818 520 2853 :
549 2815 656 2855 non
677 2798 885 2872 singula
912 2797 1156 2870 quidem,
1187 2795 1308 2868 quia
1340 2793 1606 2867 prioribus
1634 2791 1837 2848 eversis
1858 2831 1873 2857 ,

284 2893 442 2965 longe
469 2893 623 2964 plura
655 2892 854 2966 ubique
882 2900 1143 2948 terrarum
1171 2896 1573 2946 exstruxerant.
1620 2885 1873 2952 Addidit,

279 3002 370 3041 nec
395 2985 569 3054 nuda;
624 2984 872 3057 quoniam
902 2977 1147 3041 s'olebant
1198 2984 1325 3039 illuc
1376 2997 1482 3038 non
1533 2991 1681 3036 veste
1729 2980 1889 3036 com?

284 3078 450 3144 muni,
475 3076 569 3134 sed
603 3077 795 3149 penula
824 3076 993 3133 induti
1022 3076 1317 3132 conlluere.
1336 3074 1414 3131 Ne
1430 3075 1571 3130 enim
1590 3074 1664 3131 vel
1678 3072 1873 3146 hyeme,

285 3172 476 3242 inquit,
506 3172 742 3241 uoluptas
767 3168 1028 3240 impudica
1059 3169 1284 3241 frigeret,
1318 3166 1472 3237 primi
1502 3163 1881 3236 Lacedwmonit'

1970 1959 2102 2016 Nam
2125 1960 2464 2033 Lampridius
2484 1962 2552 2017 de
2572 1962 2761 2017 eodem
2789 1961 3086 2017 Commodo
3110 1981 3122 2016 :
3148 1961 3341 2017 Contra
3367 1955 3593 2018 consuea

1973 2054 2221 2120 tudinem,
2255 2054 2447 2124 inquit,
2476 2053 2743 2126 penulatas
2767 2054 2950 2123 iussit,
2987 2071 3090 2110 nan
3124 2064 3321 2128 togatos
3349 2054 3419 2110 ad
3465 2058 3580 2110 mu-

1972 2164 2069 2203 nus
2086 2145 2585 2220 uenire(Lantprid.
2608 2148 2662 2202 in
2689 2148 2857 2220 ejusd.
2898 2147 3038 2216 Vita,
3063 2165 3182 2221 pag.
3212 2147 3366 2221 515.)

2048 2241 2409 2298 Tertullianus
2426 2244 2603 2314 itaque
2619 2242 2893 2300 Romanos
2904 2244 3098 2300 merito
3109 2246 3368 2317 coarguit;
3385 2246 3581 2318 quippe

1973 2333 2062 2403 qui
2086 2342 2268 2389 contra
2281 2334 2557 2405 antiquum
2580 2350 2784 2391 morem
2799 2336 2989 2406 penula
3013 2344 3315 2405 uterentur,
3341 2353 3459 2394 eum
3478 2353 3580 2408 pu-

1975 2425 2129 2481 blicis
2153 2427 2290 2482 ludis
2309 2436 2364 2482 et
2386 2428 2725 2497 spectaculis,
2758 2430 3057 2500 prmsertim
3091 2430 3304 2504 hyeme,
3334 2430 3578 2490 aderant.

1976 2518 2129 2575 Tunc
2143 2521 2308 2588 enim,
2327 2521 2448 2592 quia
2470 2519 2676 2577 theatra
2691 2522 2947 2579 carebant
2960 2523 3132 2589 lectis,
3155 2524 3405 2594 penulam
3431 2540 3581 2580 sum-

1978 2629 2154 2686 psere;
2178 2630 2246 2671 ne
2259 2615 2424 2687 frigus
2445 2617 2688 2686 pluviave
2706 2625 2946 2681 noceret,
2965 2631 3029 2671 ac
3051 2617 3220 2687 turpia
3245 2616 3315 2672 lbi
3335 2627 3450 2672 acta
3466 2618 3584 2674 sine

1978 2706 2089 2762 ullo
2110 2716 2418 2777 spectarent
2459 2707 2820 2765 incommodo.
2870 2708 3069 2765 Contra
3113 2711 3370 2781 pristinos
3400 2711 3583 2783 itaque

1978 2814 2160 2855 mores
2185 2799 2471 2871 voluptatis
2492 2815 2682 2857 caussa
2721 2813 3063 2873 sumpserant
3114 2802 3386 2873 penulam,
3422 2819 3582 2875 quam

1981 2892 2178 2947 milites
2193 2892 2265 2948 ob
2283 2891 2454 2949 solam
2482 2895 2857 2949 necessitatem
2885 2894 3197 2951 induebant.
3227 2894 3358 2951 Nam
3385 2896 3454 2952 de
3483 2897 3607 2964 mi-,

1983 2984 2076 3040 lite
2103 2984 2195 3055 qui
2220 2983 2571 3041 christianam
2599 2986 2915 3056 religionem
2944 3002 3127 3044 coram
3154 2988 3394 3045 Tribuno
3426 2989 3588 3060 proli.
3642 2994 3649 2997 ’

1984 3081 2215 3147 tebatur,
2232 3079 2580 3152 gravissimas,
2605 3081 2776 3152 inquit
2802 3082 3182 3150 Tertullianus,
3211 3086 3429 3156 penulas
3473 3103 3585 3158 po-

1983 3174 2103 3229 suit.
2164 3172 2391 3245 (Tertul.
2421 3216 2439 3242 ,
2474 3174 2590 3237 .lib.
2651 3175 2719 3231 de
2766 3176 2952 3232 Coron.
2983 3220 2996 3243 ,
3036 3162 3160 3249 cap.
3204 3178 3299 3250 1).
3354 3179 3433 3235 De
3486 3180 3588 3237 hac

285 3262 456 3317 odium
488 3263 687 3334 penula:
705 3262 840 3317 ludis
870 3261 1298 3333 excogitaverunt.
1332 3256 1390 3312 In
1419 3257 1667 3312 omnibus
1697 3264 1874 3311 autem

1987 3280 2147 3336 porro
2166 3276 2315 3321 veste
2332 3266 2529 3322 vidcsis
2543 3268 2818 3323 Octavium
2838 3268 2999 3325 Ferra
3008 3270 3165 3339 rium,
3180 3282 3338 3343 atque
3364 3271 3591 3328 Bai-tho-

286 3357 682 3427 manuscriptis,
716 3365 771 3411 et
826 3365 952 3410 ante
984 3353 1271 3426 lligaltium
1323 3352 1535 3408 excusis
1580 3350 1877 3418 codicibus,

287 3462 393 3502 non
424 3447 600 3501 odium
628 3446 848 3518 penulte,
881 3445 973 3500 sed
1006 3445 1319 3517 simpliciter
1343 3443 1584 3515 penulam
1630 3443 1878 3512 legimus.

287 3538 345 3595 lu
374 3540 618 3595 obscuris
647 3555 775 3596 vero
800 3554 861 3594 ac
893 3537 1033 3594 forte
1060 3537 1325 3607 corruptis
1355 3536 1504 3592 hisce
1547 3536 1725 3592 verbis
1770 3549 1880 3590 ex—

288 3634 549 3705 plicandis
569 3650 723 3690 suum
743 3631 934 3689 eruditi
958 3632 1224 3705 ingenium
1240 3646 1346 3688 non
1367 3646 1552 3703 parum
1576 3644 1705 3685 sane
1722 3643 1883 3684 exer-

290 3736 535 3783 cuerunt.
589 3726 855 3784 Heraldus
903 3726 1047 3783 enim
1094 3733 1243 3795 putat
1308 3726 1374 3781 iis
1416 3723 1638 3779 forsitan
1674 3721 1883 3793 signiﬁ-

289 3820 399 3877 cari
424 3821 697 3893 peuulam,
728 3834 888 3893 quam
915 3817 1164 3875 arcendis
1206 3815 1400 3889 pluviis
1444 3814 1887 3872 Lacedaemonio-

290 3930 408 3971 rum
432 3915 681 3989 belligera
707 3930 840 3987 gens
883 3911 1303 3985 excogitaverat,
1335 3926 1364 3968 a
1394 3910 1651 3966 Romanis
1694 3910 1761 3966 ad
1807 3910 1890 3966 lu-

293 4008 390 4066 dos
420 4008 705 4080 patientius
750 4004 1075 4077 Spectandos
1101 4002 1266 4060 fuisse
1314 4001 1631 4061 adhibitam.
1686 4001 1887 4058 Verum

293 4098 654 4157 Tertullianus
695 4099 840 4156 illam
869 4113 975 4154 non
1000 4096 1159 4153 modo
1184 4096 1251 4153 ad
1278 4111 1433 4155 usum
1460 4095 1765 4162 militarem,
1790 4093 1890 4153 sed

250 4192 251 4195 “
293 4194 361 4251 ad
389 4194 544 4251 ludos
570 4195 732 4253 etiam
755 4194 822 4250 ab
848 4194 1036 4251 iisdem
1064 4192 1490 4250 Lacedmmoniis
1512 4192 1779 4248 iuventam
1797 4205 1888 4247 sa-

297 4287 363 4342 tis
393 4300 580 4357 apcrte
605 4280 868 4345 deelarat.
901 4286 1166 4358 Rigaltius
1213 4302 1343 4343 vero
1386 4285 1688 4357 suspicatur
1736 4283 1888 4341 illum

298 4379 500 4436 ironice
545 4379 689 4452 loqui
719 4383 784 4436 dc
812 4381 1044 4450 peuulis,
1072 4389 1258 4453 utpote
1288 4378 1513 4436 nimium
1559 4378 1812 4451 gravibus
1836 4385 1893 4435 et

299 4472 635 4544 ponderosis,
666 4488 785 4543 quae
820 4472 1017 4529 idcirco
1043 4472 1224 4528 odium
1249 4471 1426 4543 potius
1450 4486 1608 4543 quant
1649 4470 1892 4541 volupta-

300 4574 409 4622 tem
427 4579 611 4627 creare
637 4572 904 4635 poterant.
931 4565 999 4619 At
1018 4578 1271 4637 quorsum
1295 4563 1655 4621 Tcrtulliauus
1676 4562 1763 4620 his
1782 4577 1892 4619 vcr-

1987 3357 2097 3412 lum
2125 3358 2514 3425 Bartboliuum,
2538 3362 2626 3432 qui
2657 3361 2952 3431 peculiares
2969 3362 3035 3420 de
3051 3363 3139 3419 illa
3163 3364 3587 3437 disquisitioncs,

1986 3466 2040 3511 et
2063 3453 2198 3510 alios
2222 3457 2310 3526 qui
2350 3454 2421 3512 de
2456 3471 2515 3512 re
2555 3458 2802 3513 vestiaria
2830 3457 2995 3513 libros
3024 3458 3328 3515 ediderunt.

2058 3546 2192 3615 Quis
2210 3548 2369 3619 igitur
2394 3564 2497 3603 non
2519 3548 2667 3606 videt
2688 3565 2790 3621 qua
2818 3552 3120 3607 temeritate
3148 3552 3351 3609 ethnici
3382 3552 3588 3610 clama.

1989 3639 2116 3695 bant
2148 3642 2490 3712 iniquissimis
2518 3642 2898 3713 imperatorum
2933 3645 2984 3700 in
3011 3644 3347 3703 Christianos
3384 3646 3592 3718 legibus

1991 3746 2051 3789 se
2075 3731 2141 3788 ad
2162 3748 2255 3789 eos
2276 3733 2548 3792 vexandos
2564 3737 2702 3808 cogi,
2753 3736 2845 3807 qui
2872 3745 3016 3792 tanta
3039 3738 3258 3794 audacia
3279 3750 3334 3796 et
3362 3740 3594 3813 impuni-

1994 3833 2100 3879 tate
2124 3825 2259 3882 alias
2293 3828 2645 3898 aequissimas,
2673 3829 2880 3885 theatra
2925 3831 2994 3885 ob
3044 3831 3329 3887 immanem
3382 3848 3592 3890 morum

1992 3919 2349 3989 corruptelam
2386 3918 2624 3977 funditus
2648 3925 2813 3978 everti
2853 3922 3243 3993 praecipientes,
3274 3925 3431 3996 plane
3471 3925 3594 3983 des-

1995 4010 2259 4081 piciebant
2282 4020 2334 4068 et
2359 4012 2839 4084 adspernabautur.
2863 4015 3045 4087 Neque
3084 4015 3219 4070 alias
3244 4016 3424 4087 plures
3476 4033 3594 4088 pere

1994 4117 2153 4172 quam
2168 4102 2399 4173 optimas
2416 4104 2582 4175 pluris
2602 4105 2887 4173 faciebant,
2910 4108 3362 4177 quemadmodum
3377 4108 3594 4171 Tertul-

1994 4195 2172 4252 lianus
2199 4196 2376 4265 docet,
2407 4208 2460 4253 et
2489 4209 2609 4269 post
2635 4199 2787 4255 illum
2812 4200 3181 4257 ostendemus.

2625 4329 2919 4372 Διιτιεῠιυε
2955 4330 3008 4371 ν.

2000 4406 2319 4480 Expenditur
2342 4423 2445 4476 qua
2469 4408 2747 4463 temeritate
2772 4410 2962 4465 ethnici
3008 4412 3413 4467 conculcaverint
3454 4413 3590 4484 leges

2068 4514 2182 4570 quia
2211 4499 2517 4570 dignitatum
2544 4508 2591 4554 et
2619 4499 2868 4555 natalium
2891 4502 3133 4574 insignia,
3160 4519 3219 4557 ac
3241 4496 3595 4557 matronarum

2070 4601 2120 4649 et
2144 4594 2461 4647 meretricum
2490 4603 2648 4649 vestes
2669 4594 2914 4667 distingui
2924 4586 3174 4673 iubebant
3197 4636 3212 4663 ,
3242 4605 3332 4650 aut
3356 4595 3595 4665 prahibe-

300 4657 383 4758 bis
401 4658 910 4758 potius,quam:iliis
931 4657 1976 4758 etprzecedeutibusetsubsequenti-D
2074 4686 2193 4741 ba",
2243 4702 2307 4741 πε
2358 4684 2596 4743 malim,
2647 4703 2795 4754 (mm,
2826 4657 2954 4744 ’,ὡέ
2993 4670 3047 4742 θη
3098 4657 3291 4743 mm'ulo
3342 4657 3594 4758 ῥτοηηὸο,

300 4751 423 4820 bus,
457 4750 659 4808 irouice
680 4748 1025 4820 loqueretur?

370 4845 505 4915 Quia
536 4845 695 4915 igitur
721 4842 1083 4899 Tertullianus
1101 4842 1217 4898 sine
1249 4842 1419 4900 ironia
1448 4850 1505 4899 et
1532 4841 1897 4900 aflirmatelo-

302 4939 393 5009 qui
408 4938 638 5004 videtur,
654 4937 922 4994 existimat
940 4934 1138 4991 idcirco
1156 4934 1437 4991 Ferrarius
1454 4949 1576 4990 eum
1595 4933 1666 4989 ibi
1690 4949 1899 4991 memo-

305 5032 382 5086 ria
420 5031 659 5102 lapsum,
692 5044 755 5085 ac
804 5028 1043 5098 penulam
1092 5027 1373 5098 scripsisse
1420 5043 1515 5098 pro
1556 5028 1900 5083 endromidem

307 5120 480 5194 (Ferr.
496 5133 631 5193 part.
650 5121 693 5176 ll
710 5123 773 5177 de
788 5120 1042 5187 Honesti,
1065 5121 1151 5176 lib.
1170 5121 1232 5187 ll,
1254 5136 1300 5175 c.
1323 5119 1400 5193 1),
1417 5134 1535 5192 qum
1547 5121 1899 5176 crassaetiam

305 5217 579 5273 etbirsuta
600 5218 764 5274 vestis
774 5226 910 5283 erat,
924 5232 986 5273 ac
1009 5216 1270 5288 palmstrze
1280 5215 1393 5271 sive
1410 5216 1584 5285 potius
1594 5224 1715 5287 post
1733 5216 1897 5287 palat-

308 5320 497 5377 stram,
514 5326 620 5367 non
636 5312 811 5367 minus
827 5326 983 5382 quam
1006 5309 1193 5381 penula
1212 5308 1376 5364 utilis.
1390 5308 1447 5364 lu
1471 5322 1581 5363 suae
1596 5318 1773 5365 autem
1796 5309 1905 5380 opi-

222 5479 231 5487 _
309 5404 963 5462 nionisconhrmationem
982 5402 1097 5459 haec
1115 5403 1319 5473 profert
1341 5401 1594 5459 Martialis
1638 5402 1897 5459 carmina:

316 5518 329 5524 ’
430 5520 568 5573 Hanc
592 5520 679 5570 tibi
700 5520 975 5583 sequanica:
991 5519 1222 5583 pinguem
1245 5516 1470 5567 textricis
1491 5516 1751 5583 alumnam,
1806 5524 1825 5543 ⁴

494 5585 616 5643 Qum
641 5580 1062 5634 Laeedxemonlum
1084 5581 1289 5629 barbara
1312 5592 1492 5643 nomen
1514 5580 1681 5639 habet,

433 5642 655 5709 Sordida,
671 5646 763 5699 sed
784 5643 949 5709 gelido
965 5642 1425 5709 nonadSpernenda
1446 5642 1734 5709 Decembri,

496 5702 653 5762 Dona:
680 5702 996 5772 pertTgrinam
1021 5702 1587 5772 mittimusendromida,

432 5769 536 5820 Seu
559 5765 748 5823 lentum
761 5765 959 5821 ceroma
981 5770 1119 5825 teris,
1137 5765 1422 5830 tepidumve
1446 5770 1655 5830 trigona,

500 5832 617 5886 Sive
633 5834 861 5901 harpasta
883 5844 1027 5901 manu
1050 5827 1398 5901 pulverulenta
1411 5827 1564 5901 rapis.

942 5885 1184 5958 (traiciat.
1204 5885 1288 5944 tu.
1309 5898 1381 5954 tv,
1404 5885 1654 5956 Epigram.
1682 5891 1783 5954 t9.)

2073 4795 2289 4834 ornaren
2295 4791 2396 4834 tur.

2074 4874 2312 4931 Gradum
2341 4874 2467 4932 inde
2496 4874 2858 4931 Tcrtullianus
2882 4874 3011 4930 facit
3039 4874 3104 4930 ad
3151 4866 3298 4930 aliud
3349 4888 3595 4948 pessum-

2003 4968 2249 5025 datarum
2277 4968 2344 5025 ab
2367 4968 2597 5025 ethnicis
2620 4970 2796 5042 legum
2822 4969 3218 5043 genus,quibus
3244 4968 3521 5025 modestiae
3537 4982 3600 5025 ac

2005 5064 2280 5122 sobrietati
2303 5064 2355 5120 in
2373 5063 2557 5135 primis
2574 5064 2855 5119 mulierum
2869 5063 3284 5135 prudentissime
3296 5063 3601 5120 consultum

2003 5159 2128 5213 olim
2147 5155 2255 5211 fuit.
2284 5155 2383 5228 Qui
2406 5157 2550 5212 enim
2575 5155 2719 5228 leges
2742 5153 3036 5211 christiano
3058 5154 3260 5211 nomini
3313 5155 3602 5228 injuriosas

2005 5262 2110 5308 tam
2144 5253 2195 5307 in
2228 5251 2465 5308 solentcr
2512 5249 2872 5323 objectabant,
2906 5248 2961 5305 hi
2997 5248 3096 5321 ipsi
3146 5249 3432 5323 tranquillo
3453 5247 3603 5323 laeto:

2004 5360 2110 5418 que
2139 5345 2319 5401 animo
2348 5344 2684 5415 patiebantur
2731 5341 2863 5399 alias
2920 5342 3243 5411 conculcari,
3272 5358 3385 5413 qua:
3437 5341 3605 5415 digni-

2005 5450 2166 5496 tatum
2218 5451 2265 5496 et
2319 5440 2641 5495 honestorum
2692 5437 2938 5493 natalium
3008 5439 3229 5511 insignia
3278 5455 3378 5495 non
3423 5446 3607 5492 (emere

2006 5552 2095 5591 nec
2146 5536 2355 5611 impune
2400 5533 2640 5607 usurpari
2699 5531 2928 5588 sinebant
3019 5531 3250 5607 (Tertul.
3334 5531 3603 5604 Apologet.

2009 5642 2124 5698 cap.
2176 5625 2210 5685 6
2239 5668 2253 5693 ,
2303 5641 2423 5703 pag.
2473 5624 2636 5695 500).
2682 5623 2810 5694 Quis
2859 5639 2987 5680 vero
3038 5626 3209 5681 nescit
3250 5627 3394 5681 varia
3445 5624 3609 5681 fuisse

2009 5733 2217 5791 regum,
2266 5725 2596 5783 senatorum,
2641 5717 2900 5788 equitum,
2960 5726 3014 5774 et
3061 5717 3385 5790 plebeiorum
3444 5715 3613 5772 homin

2011 5826 2139 5867 num
2197 5808 2443 5885 insignia,
2476 5807 2823 5883 diversasque
2878 5818 3075 5880 vestes,
3103 5809 3297 5886 quibus
3348 5812 3377 5869 a
3424 5826 3484 5869 se
3531 5810 3613 5867 in«

2015 5905 2187 5959 viccm
2216 5898 2717 5974 distinguebantur?
2763 5900 3246 5968 Missaenimvero
3286 5909 3343 5959 ut
3383 5901 3615 5975 plurima
