4050 6350
454 302 560 361 999

1529 295 1597 354 IN
1628 297 2098 357 TEﬂTULLlANl
2137 295 2671 358 APOLOGETICUM

3608 287 3756 354 I000

451 419 731 485 laciamus,
763 416 877 472 Inec
906 414 1012 471 alia
1041 423 1167 471 sunt
1210 412 1279 470 de
1308 413 1422 493 illis
1468 413 1748 484 ipsiusmet
1795 415 2045 470 Auctoris
2072 417 2124 477 Α
2152 416 2390 471 Audisne
2418 432 2577 488 quam
2607 416 2838 487 antiqute
2881 414 3077 471 iuerint
3119 414 3187 472 de
3213 411 3608 485 distinguendis
3638 427 3756 466 ma-

454 513 622 567 nostri
653 510 860 566 verba:
915 508 1038 574 Quis
1087 507 1292 561 omnino
1348 506 1760 581 regumiusigne
1813 505 2045 575 potestati

454 620 560 658 sua:
585 607 792 658 humero
819 605 1046 672 prcefert,
1081 612 1125 654 et
1151 617 1250 654 non
1278 609 1364 652 aut
1387 599 1552 666 capite
1578 598 1834 663 diadema,
1879 608 1966 652 aut
1995 596 2046 650 in

454 716 608 754 manu
646 709 918 769 sceptrum,
969 706 1058 750 aut
1102 696 1328 765 aliquam
1376 693 1599 764 propria:
1640 693 1786 746 vestis
1832 689 2048 746 notam?

453 790 659 866 (Idem,
690 791 778 846 lib.
801 792 918 845 adv.
941 779 1176 856 Judtcos',
1207 806 1322 859 cap.
1359 787 1467 859 l0).

527 887 714 941 Datum
741 901 952 957 quoque
977 896 1059 940 est
1083 901 1110 939 a
1141 884 1354 940 Ctesarc
1385 888 1630 955 Augusto
1657 883 1912 959 edictum,
1943 897 2050 952 quo

451 979 727 1052 prohibuit
755 994 822 1033 nc
851 978 1008 1043 ullus,
1040 977 1139 1032 nisi
1166 987 1408 1035 senator.
1444 991 1758 1048 purpuram,
1785 991 1906 1045 qure
1934 984 2049 1028 tum

452 1074 613 1144 vulgo
657 1073 989 1136 sumebatur,
1021 1069 1273 1140 deinceps
1301 1069 1546 1123 indueret
1572 1067 1754 1137 (Dion.
1786 1068 1853 1121 lib
1884 1065 2051 1120 XLIX

454 1161 655 1218 Histor.
681 1161 831 1218 Rom.
852 1179 971 1234 pag.
989 1160 1139 1231 659).
1161 1163 1330 1215 Antea
1356 1176 1483 1214 vero
1499 1158 1670 1214 Julius
1694 1157 1896 1224 Ctesar,
1920 1169 2053 1212 teste

451 1255 730 1322 Suetonio,
763 1255 1055 1309 lecticarum
1085 1269 1250 1315 usum,
1307 1253 1425 1306 item
1468 1251 1821 1322 conchyliada'
1868 1251 2049 1316 vestis,

454 1361 502 1404 et
529 1349 938 1420 margaritarum,
968 1347 1064 1400 nisi
1087 1349 1231 1399 certis
1254 1327 1484 1416 personis
1524 1355 1571 1398 et
1613 1345 1844 1398 aetatibus
1868 1360 2055 1414 perque

453 1454 619 1498 certos
640 1442 766 1506 dies,
799 1442 982 1496 ademit
1003 1441 1240 1511 (Sueten.
1260 1440 1312 1493 in
1348 1437 1446 1493 Vit.
1469 1438 1600 1493 Julii
1620 1437 1854 1504 Caesaris,
1889 1437 1916 1510 ς
1942 1438 2050 1507 45).

452 1533 587 1603 Quae
615 1533 828 1604 quidem
854 1533 922 1587 ab
953 1533 1236 1588 Eusebiani
1268 1531 1518 1586 Clirnnici
1542 1541 1761 1586 auctore
1785 1529 1850 1584 de
1874 1528 2052 1585 itemi-

454 1630 539 1682 nis
566 1627 644 1680 sic
669 1624 1008 1696 explicantur
1035 1643 1046 1679 :
1101 1623 1385 1678 Prohibin
1426 1623 1613 1677 lecticis
1664 1622 2056 1693 margaritisque

453 1719 548 1786 uti,
576 1733 688 1789 qua:
714 1735 804 1772 nec
844 1720 979 1773 uiros
1005 1734 1094 1772 nec
1116 1718 1301 1772 liberos
1327 1717 1588 1780 haberent,
1619 1725 1663 1770 et
1708 1717 1930 1770 minores
1966 1732 2048 1769 es-

453 1822 559 1868 sent
579 1813 725 1867 annis
744 1812 1111 1884 quinquaginta
1139 1813 1406 1884 quinqne(
1440 1809 1624 1865 Euseb.
1645 1810 1836 1866 Chron.
1871 1808 2053 1882 1972).
2089 1821 2137 1881 Β

526 1903 774 1976 Magnum
803 1920 1018 1976 quoque
1049 1905 1187 1959 inter
1219 1912 1583 1958 matronarum
1617 1913 1670 1957 et
1700 1902 2055 1958 meretricum

454 2010 636 2056 vestes
661 2008 778 2055 erat
835 1998 1122 2054 discrimen
1183 1998 1468 2070 ('l'ertull.,
1523 1997 1788 2068 Apologet.
1837 2011 1953 2066 cap.
1999 1996 2052 2061 6,

454 2111 575 2166 pag.
607 2091 761 2165 501).
803 2091 934 2146 Nam
967 2090 1298 2158 meretrices,
1332 2089 1489 2145 sicuti
1515 2088 1716 2144 Nonius
1759 2089 2052 2153 annotavit,

453 2186 810 2242 succinctiore
834 2195 983 2239 veste
1015 2185 1297 2239 utebantur
1339 2182 1360 2254 (
1384 2180 1525 2236 Non.
1554 2199 1669 2252 cap.
1723 2180 1791 2236 14
1836 2183 1900 2234 de
1926 2180 2052 2236 Gen.

453 2278 673 2349 vestitu).
705 2277 1064 2346 Quamobrem
1108 2277 1371 2351 Ulpianus
1396 2295 1408 2332 :
1438 2277 1497 2333 Si
1524 2279 1637 2349 quis
1661 2319 1676 2344 ,
1709 2277 1879 2347 inquit
1907 2316 1923 2343 ,
1957 2277 2057 2330 t'ir-

453 2374 596 2445 gines
614 2373 946 2444 appellasset,
989 2374 1036 2427 si
1064 2383 1229 2427 tamen
1251 2371 1492 2426 ancillari
1522 2382 1653 2424 veste
1682 2371 1910 2436 vestitas,
1958 2370 2055 2422 mi—

455 2483 549 2521 nus
577 2482 788 2536 peccare
812 2466 1042 2531 videtur,
1100 2446 1260 2519 multo
1307 2467 1473 2518 minus
1505 2464 1549 2518 si
1600 2463 1884 2517 meretricia
1924 2472 2058 2517 veste

456 2561 698 2633 (minime,
729 2575 830 2613 non
858 2568 1076 2612 matratn
1105 2557 1422 2629 [ainiliarum
1456 2557 1646 2611 vestita:
1691 2557 1901 2628 fuissent
1933 2553 2058 2626 (Di-

455 2661 581 2725 gest.
616 2651 705 2705 lib.
737 2651 977 2718 XLVIII,
1008 2653 1086 2707 tit.
1115 2652 1178 2706 de
1202 2651 1398 2722 lnjur.,
1429 2661 1558 2716 etc.,
1590 2650 1688 2721 leg.
1723 2651 1835 2720 I5).

366 2752 370 2755 “
528 2746 797 2815 Quantum
824 2757 1003 2802 autem
1051 2746 1326 2813 mulieres,
1352 2759 1538 2801 contra
1589 2746 1851 2815 majorum
1898 2745 2058 2799 insti-

459 2847 591 2905 tuta,
627 2839 708 2893 Itis
737 2838 974 2894 vestibus
997 2840 1369 2905 abuterentur,
1413 2839 1559 2893 disce
1588 2853 1653 2892 ex
1696 2847 1882 2892 nostro
1929 2836 2058 2892 Ter-

460 2931 682 2987 tulliano
710 2949 721 2985 :
763 2929 920 2986 Video
942 2971 957 2997 ,
991 2932 1194 3002 inquit,
1230 2941 1276 2987 et
1306 2932 1438 2985 inter
1467 2941 1728 2985 matronas
1758 2939 1910 3001 atque
1933 2947 2058 3001 pro-

461 3024 674 3081 stibulas
702 3026 899 3079 nullum
938 3025 1002 3078 de
1045 3025 1220 3078 habitu
1254 3023 1524 3079 discrimen
1568 3020 2054 3091 relictum(Ter,tal.

461 3117 561 3173 loc.
584 3116 722 3190 cit.).
754 3116 938 3190 Neque
967 3117 1036 3175 ibi
1077 3117 1170 3172 ille
1201 3118 1350 3188 plura
1377 3133 1392 3183 ;
1420 3116 1514 3174 sed
1544 3131 1665 3186 qua:
1697 3115 1802 3169 alio
1834 3115 1885 3169 in
1917 3115 2055 3170 libro

459 3208 699 3274 uberius,
725 3208 972 3288 ltuncque
999 3209 1344 3280 prosequitur
1370 3208 1422 3262 in
1455 3207 1673 3263 modum
1700 3223 1713 3260 :
1742 3204 1879 3260 Conv

458 3306 527 3360 ad
553 3304 801 3378 (luminas,
839 3305 1028 3376 inquit,
1054 3305 1206 3358 habes
1236 3312 1464 3373 spectare
1500 3301 1636 3372 quod
1676 3299 1917 3356 Catciuna
1961 3299 2057 3354 Se-

459 3415 604 3455 verus
631 3399 854 3471 graviter
881 3399 1080 3453 senatui
1109 3398 1362 3470 impressit
1407 3407 1665 3450 matronas
1685 3397 1796 3449 sine
1829 3393 1961 3448 stola
2001 3394 2056 3447 in

460 3492 682 3564 publico.
703 3491 931 3562 Denique
955 3490 1160 3546 Lentuli
1181 3490 1389 3562 auguris
1422 3489 1687 3553 consultis,
1704 3504 1821 3560 qua:
1855 3489 1926 3542 ita
1951 3503 2060 3541 sese

459 3596 854 3648 exauctorasset,
877 3603 972 3655 pro
992 3595 1168 3658 stupro
1184 3594 1289 3640 erat
1315 3583 1744 3656 ptena;quoniam
1763 3583 1964 3653 quidem
1979 3581 2060 3635 in-

461 3679 596 3734 dices
618 3679 946 3750 custodesque
969 3678 1462 3751 dignitatishabitus,
1485 3686 1539 3730 ut
1567 3676 1804 3732 lenocinii
1827 3675 2062 3746 factitan-

462 3771 516 3826 di
539 3771 914 3840 impedimenta,
944 3771 1119 3826 scdulo
1143 3770 1378 3841 qua'dam
1402 3773 1803 3840 desuefecerant.
1835 3768 1899 3820 At
1927 3781 2060 3820 nunc

460 3867 514 3924 in
540 3868 830 3938 semetipsos
860 3866 1214 3931 lenocinando,
1238 3883 1336 3934 quo
1365 3865 1569 3936 planius
1595 3865 1866 3928 adeantur,
1889 3877 1935 3916 et
1955 3871 2061 3915 sto-

464 3960 566 4014 lant
593 3969 642 4014 et
691 3975 996 4030 supparum,
1046 3969 1092 4012 et
1142 3959 1479 4028 crepidalam,
1525 3957 1867 4020 caliendrum,
1920 3954 2060 4024 ipsas

462 4068 658 4123 quoque
671 4054 787 4123 jam
812 4053 1037 4120 lecticas,
1070 4062 1116 4106 et
1143 4053 1314 4114 sellas.
1337 4053 1538 4122 quibus,
1563 4053 1618 4105 in
1639 4051 1839 4122 publico
1864 4064 2061 4120 quoque

463 4149 734 4203 domestice
757 4165 816 4203 ac
845 4159 1030 4204 secrete
1077 4146 1411 4212 habebantur,
1461 4143 1931 4217 ejeravereUdem,
1971 4141 2058 4196 lib.

463 4242 529 4296 de
573 4239 768 4306 Pallio,
801 4257 916 4311 cap.
945 4239 1020 4313 4).
1053 4240 1172 4296 Alia
1201 4240 1377 4295 adhuc
1406 4241 1457 4294 iri
1491 4240 1626 4294 libro
1651 4237 1897 4294 eumdem
1926 4236 2060 4292 abu-

465 4349 605 4397 sum,
635 4348 699 4388 ac
743 4334 994 4403 rejeCIam
1027 4333 1171 4386 illaut
1217 4331 1566 4388 IiOnestarum
1613 4339 1994 4386 matronarum.
2011 4337 2066 4382 et

467 4426 890 4482 meretriciarum
921 4428 1147 4482 vestium
1174 4426 1721 4483 dilleretttianiacrius
1750 4427 2060 4480 insectatur.

464 4518 625 4585 Audi,
645 4533 982 4588 quaeso,eum
1015 4519 1317 4587 loquentem
1353 4535 1366 4570 :
1403 4518 1605 4584 Quanto
1636 4517 1797 4588 magis
1823 4515 2065 4583 blasphe-

2154 519 2426 563 tronarum
2465 519 2873 580 scortorumquc
2901 509 3144 564 vestibus
3186 510 3350 580 leges,
3383 517 3437 564 et
3466 522 3628 578 quam
3659 506 3759 559 im-

2153 617 2293 673 punc
2324 621 2414 657 eas
2443 603 2642 658 ctltnici
2673 603 3008 658 violaverint.

2223 696 2406 767 Neque
2458 697 2585 752 alias
2625 697 2794 766 magis
2840 697 3121 760 curabant,
3173 696 3367 767 quibus
3408 693 3760 751 laminarum

2152 789 2429 843 modestia:
2459 799 2511 843 et
2533 789 2808 844 sobrietati
2837 802 3050 843 cautum
3082 799 3216 844 erat.
3249 788 3403 844 Nulla
3431 787 3578 842 enim
3609 786 3759 839 antio

2153 882 2332 952 quitus
2364 884 2578 938 l'mutina
2607 900 2814 949 auram,
2846 885 2921 937 ait
2950 881 3335 949 Tertullianus,
3383 890 3572 951 praeter
3602 879 3762 932 unico

2155 987 2300 1030 norat
2340 979 2519 1048 digito,
2555 995 2700 1048 queat
2728 994 2944 1046 sponsus
2973 977 3377 1049 Oppignerasset,
3400 975 3634 1045 pronubo
3660 990 3765 1025 an-

2155 1072 2276 1126 nulo
2303 1072 2541 1138 (Tertull.
2568 1072 2832 1142 Apologet.
2862 1087 2978 1141 cap.
3007 1071 3059 1136 6,
3090 1088 3146 1140 p.
3169 1070 3321 1136 50‘2).
3341 1067 3551 1122 Nemini
3576 1076 3763 1120 autem

2156 1165 2546 1235 incompertum
2587 1174 2669 1219 est
2720 1180 2925 1219 morem
2993 1163 3416 1218 vetustissimum
3463 1161 3651 1221 fuisse.
3704 1170 3769 1214 ut

2156 1274 2387 1330 Sponsus
2433 1262 2484 1313 in
2536 1259 2836 1314 futurarum
2880 1257 3186 1328 nuptiarum
3233 1258 3424 1327 pignus
3465 1256 3765 1320 annulum,

2158 1367 2314 1424 quem
2348 1353 2610 1407 vocabant
2639 1352 2960 1422 pronubum,
3011 1366 3223 1420 sponsa:
3251 1365 3363 1404 suze
3391 1348 3650 1403 mitteret.
3705 1347 3768 1402 Si

2157 1447 2276 1516 quis
2307 1454 2484 1500 tamen
2517 1444 2661 1499 illius
2689 1453 2880 1500 testem
2911 1443 3103 1498 saltem
3135 1458 3296 1496 unum
3328 1441 3428 1496 sibi
3477 1440 3636 1495 citari
3671 1455 3769 1495 ve-

2158 1536 2240 1601 Iit,
2271 1537 2314 1591 is
2343 1536 2526 1591 audiat
2548 1535 2859 1591 Iuvenalem
2892 1553 2905 1589 :

2252 1627 2553 1678 Conventum
2577 1637 2742 1678 tamen
2766 1636 2818 1676 et
2841 1634 3048 1689 pactum,
3070 1634 3122 1676 et
3143 1623 3382 1689 Sponsalia
3405 1608 3572 1674 nostra

2253 1690 2570 1754 Tempestate
2597 1704 2754 1754 paras,
2774 1690 3024 1754 jamquea
3047 1697 3246 1754 tonsore
3271 1690 3506 1754 magistro

2254 1751 2496 1814 Pecteris,
2523 1762 2574 1804 et
2587 1751 2742 1816 digito
2766 1751 2941 1816 pignus
2963 1751 3168 1801 fortasse
3190 1751 3388 1800 dedisti.

2737 1830 2985 1896 (Juvenal.
3011 1831 3162 1884 Satir.
3187 1832 3237 1893 6,
3260 1847 3304 1883 υ.
3325 1833 3386 1882 ﬁ
3408 1839 3453 1884 et
3475 1833 3637 1896 seqq.)

2232 1943 2433 1999 I'linius
2455 1953 2633 1997 autem
2661 1953 2913 1998 testatum
2947 1943 3099 1998 nobis
3144 1941 3270 1996 facit
3315 1940 3458 1996 hunc
3493 1940 3764 1994 annulum

2160 2049 2258 2091 suo
2284 2045 2525 2106 tempore
2545 2034 2782 2090 ferreum
2823 2034 3012 2101 fuisse,
3045 2050 3105 2088 ac
3133 2034 3249 2089 sine
3297 2048 3510 2103 gemma
3543 2051 3556 2087 :
3586 2029 3766 2086 Etiam

2159 2145 2314 2194 nunc,
2345 2129 2437 2196 ait,
2465 2144 2665 2199 sponsce
2693 2129 2890 2182 muneri
2910 2127 3102 2197 ferreus
3125 2127 3346 2181 annulus
3367 2127 3584 2180 mittitur
3612 2126 3761 2194 isque

2159 2224 2268 2278 sine
2284 2221 2668 2294 gemma(Plin.
2692 2222 2780 2274 lib.
2814 2220 3034 2276 XXXIII
3058 2232 3228 2274 tuttur.
3261 2219 3398 2274 Ilist.
3429 2235 3476 2274 c.
3510 2219 3562 2286 I,
3595 2236 3648 2290 p.
3679 2219 3762 2287 7).

2233 2315 2543 2371 Tertulliani
2593 2316 2770 2385 itaque
2829 2319 2997 2369 nostri
3053 2323 3231 2377 tetate,
3279 2327 3395 2368 mos
3451 2312 3540 2366 ille
3604 2312 3764 2380 plane

2162 2409 2436 2464 modestus
2456 2407 2569 2478 jam
2606 2408 2917 2462 iunnutatus
2958 2417 3096 2474 erat,
3121 2415 3176 2460 et
3205 2421 3300 2476 pro
3354 2404 3531 2460 lerreo
3559 2404 3763 2458 annulo

2160 2517 2355 2558 aureus
2392 2501 2637 2557 dabatur.
2672 2502 2859 2556 Postea
2890 2518 3015 2557 vero
3047 2500 3283 2555 Isidorus
3312 2498 3378 2555 de
3430 2498 3644 2553 annalis
3665 2499 3758 2553 iis-

2161 2597 2391 2667 denique
2414 2597 2670 2667 pronubis
2683 2597 2867 2668 plurali
2899 2610 3124 2650 numero
3144 2596 3222 2649 sic
3251 2593 3567 2664 loquebatur
3593 2610 3609 2647 :
3634 2590 3763 2646 Fce-

2161 2690 2314 2744 tuinte
2356 2706 2456 2744 non
2485 2705 2592 2744 usae
2618 2700 2733 2742 sunt
2760 2689 2984 2754 annalis,
3031 2688 3130 2741 nisi
3149 2704 3274 2757 quos
3309 2687 3490 2757 virgini
3541 2701 3764 2755 sponsus

2161 2782 2388 2846 miserat,
2412 2798 2569 2852 neque
2591 2782 2811 2850 amplius
2828 2798 2981 2850 quam
3006 2779 3146 2834 binos
3171 2781 3387 2833 annulos
3401 2795 3582 2832 aureos
3605 2779 3657 2831 in
3676 2778 3764 2830 di-

2161 2875 2278 2946 gitis
2290 2875 2471 2929 ltabere
2484 2875 2761 2928 solebat.At
2781 2891 2913 2928 nunc
2925 2891 3031 2944 pra:
3045 2891 3170 2928 auro
3194 2873 3337 2927 nulla
3345 2891 3391 2926 m
3413 2874 3633 2942 [ωυιὶηἰε
3654 2874 3766 2927 lese

2162 2979 2235 3022 est
2263 2982 2411 3038 atque
2436 2971 2658 3021 immune
2682 2968 2958 3022 membrum
2993 2975 3012 3039 (
3036 2966 3228 3022 Isidor.
3255 2967 3342 3020 lib.
3363 2965 3485 3021 XIX
3530 2966 3762 3037 0rigin.,

2163 3078 2279 3130 cap.
2304 3061 2415 3131 52).
2435 3059 2622 3116 Nonne
2638 3061 2918 3129 antemnis
2944 3060 3330 3130 posterioribus
3356 3060 3532 3115 verbis
3553 3058 3620 3113 ad
3643 3061 3766 3113 tunc

2163 3152 2474 3208 Tertulliani
2499 3153 2752 3224 respexit,
2784 3154 2976 3224 quibus
3001 3153 3282 3207 mulierum
3308 3153 3489 3207 luxum
3519 3153 3658 3221 ipso,
3689 3152 3766 3206 de

1883 3216 2054 3316 mf,“
2083 3224 2127 3286 (ἶ
2159 3262 2266 3316 quo
2294 3246 2520 3316 agimus,
2554 3245 2672 3300 loco
2701 3262 2779 3300 sic
2815 3246 3048 3315 exagitat
3075 3261 3089 3299 :
3124 3242 3278 3298 Nunc
3308 3246 3359 3298 in
3384 3244 3606 3313 [trutinis
3653 3259 3766 3313 pri:

2160 3355 2288 3392 auro
2308 3339 2506 3392 nullam
2537 3338 2931 3392 lcvemembram
2972 3336 3215 3410 ('l'e.tul.,
3248 3337 3515 3408 Apologet.
3545 3352 3662 3406 cap.
3702 3336 3762 3402 6,

2164 3449 2219 3502 p.
2245 3431 2395 3502 5M).
2419 3431 2777 3498 Quamobrem
2807 3431 3032 3486 Ovidius
3056 3439 3211 3485 antea
3241 3430 3543 3485 cecinerat:

2285 3523 2388 3573 Nec
2407 3524 2594 3585 prodite
2619 3536 2815 3586 graves,
2841 3525 2999 3572 insuto
3025 3523 3244 3572 vestibus
3265 3536 3403 3581 auro,

2368 3586 2466 3636 I'er
2487 3599 2609 3650 quas
2634 3600 2726 3635 non
2751 3590 2932 3649 petitis,
2956 3599 3088 3649 saepe
3115 3586 3294 3648 fugatis
3315 3599 3454 3647 opes.

2599 3667 2764 3731 (Ovid.
2790 3667 2875 3719 lib.
2903 3677 2953 3718 ιιι
2977 3671 3173 3720 άεΑνιε
3194 3665 3410 3730 autandi,
3431 3682 3474 3718 υ.
3502 3666 3636 3730 172.)

2239 3775 2414 3832 Testis
2436 3776 2609 3832 adhuc
2637 3777 2792 3831 nobis
2820 3785 2903 3831 cst
2959 3776 3158 3831 Plinius
3215 3776 3381 3830 visam
3429 3792 3458 3830 a
3484 3790 3543 3831 se
3570 3773 3768 3846 Agrip-

2163 3868 2344 3940 pinant
2374 3911 2388 3933 ,
2417 3869 2625 3925 Claudii
2655 3869 2908 3940 principis
2939 3911 2953 3935 ,
2999 3868 3050 3923 id
3081 3878 3199 3935 est,
3230 3867 3455 3923 Neronis
3483 3883 3714 3923 uxorein
3741 3908 3760 3934 ,

2161 3963 2339 4018 edente
2361 3979 2420 4018 eo
2451 3964 2645 4018 navalis
2672 3964 2837 4034 prwlii
2863 3964 3207 4033 spectaculum
3235 4002 3250 4026 ,
3287 3962 3540 4015 assidente
3562 3960 3606 4013 ei
3625 4002 3640 4024 ,
3680 3956 3770 4013 ἱηῗ

2164 4057 2340 4112 dutant
2363 4057 2720 4128 paludamento
2737 4075 2863 4112 auro
2903 4058 3063 4112 textili
3088 4059 3196 4112 sine
3220 4058 3326 4112 alia
3355 4055 3560 4111 materie
3590 4053 3764 4126 (Plin.

2165 4149 2289 4204 ibid.
2320 4165 2434 4220 cap.
2455 4150 2511 4216 3,
2540 4167 2592 4219 p.
2624 4151 2740 4218 59).
2769 4149 2922 4217 Quod
2944 4151 3158 4221 quidem
3189 4162 3244 4206 et
3273 4151 3402 4204 Ilion
3429 4148 3648 4219 (Diom,
3668 4146 3762 4201 lib.

2166 4240 2215 4296 Χ
2263 4242 2416 4297 Rom.
2449 4241 2672 4315 Histor.)
2702 4255 2754 4298 et
2781 4243 3063 4300 Cornelius
3093 4244 3307 4299 Tacitus
3331 4242 3654 4300 cautlirniant
3675 4239 3763 4314 (C.

2171 4333 2333 4390 Tacit.
2359 4335 2446 4389 lib.
2469 4334 2584 4398 XII,
2605 4335 2794 4390 Annal.
2823 4348 2931 4390 aut.
2951 4335 3091 4408 βω).
3122 4337 3221 4404 Qui
3253 4338 3401 4407 plura
3430 4337 3498 4391 de
3527 4336 3627 4389 hoc
3672 4349 3766 4388 ro-

2168 4447 2445 4485 manarum
2462 4433 2739 4486 nnilierum
2764 4433 2887 4486 luxu
2912 4433 3050 4486 scire
3080 4431 3327 4493 voluerit,
3349 4432 3395 4484 is
3412 4430 3567 4484 adeat
3591 4428 3769 4482 Meur.

2167 4525 2305 4580 sitim
2327 4524 2546 4597 (Meurs.
2578 4525 2662 4578 lib.
2699 4527 2762 4580 de
2792 4525 2940 4580 Luxu
2973 4523 3194 4580 Roman.
3239 4541 3354 4596 cap.
3388 4523 3422 4577 4
3451 4535 3498 4578 et
3553 4537 3686 4591 seqq.
3715 4518 3764 4591 ),

466 4613 651 4668 mabile
677 4623 771 4680 est,
794 4614 840 4667 si
866 4629 977 4680 qua:
997 4614 1279 4666 sacerdotes
1309 4612 1566 4683 pudicitia:
1595 4611 1822 4665 dicimini
1848 4608 2057 4678 ἑυῳτιάίε

2182 4617 2557 4691 Kobierzykum
2589 4617 2869 4691 (Kobierz.
2900 4619 2988 4674 lib.
3023 4621 3039 4674 Ι
3069 4621 3132 4674 de
3160 4618 3310 4673 Luau
3342 4617 3522 4684 Rom.,
3555 4633 3670 4686 cap.
3702 4614 3763 4679 8,

466 4726 642 4763 carum
681 4708 782 4762 ritu
815 4706 1100 4778 procedatis
1124 4707 1276 4760 culta:
1295 4715 1342 4759 et
1361 4704 1613 4772 expictaz?
1638 4705 1735 4758 Aut
1755 4703 1876 4771 quid
1898 4703 2063 4756 minus

467 4802 651 4857 habent
671 4799 1033 4873 infelicissima:
1058 4799 1163 4853 illa:
1186 4798 1506 4868 publicarum
1528 4796 1796 4852 libidinum
1823 4796 2058 4859 victimw,

465 4912 592 4966 quas
614 4895 658 4949 si
691 4909 806 4964 qua:
829 4894 962 4964 leges
991 4911 1021 4945 a
1057 4892 1372 4946 maritalibus
1391 4902 1436 4946 et
1459 4891 1823 4946 matronalibus
1845 4892 2060 4942 decora-

453 4987 648 5040 .mentis
671 4988 983 5054 coercebant,
1011 4985 1119 5053 iam
1147 4994 1278 5040 certe
1304 4986 1479 5039 swcttli
1507 4984 1801 5054 improbitas
1839 4982 2062 5052 quotidie

467 5077 730 5148 insurgens
760 5077 1119 5131 honestissimis
1147 5076 1425 5147 quibusque
1455 5076 1672 5147 [cerninis
1703 5091 1857 5141 usque
1885 5075 1953 5127 ad
1975 5090 2060 5128 er-

468 5187 632 5225 rorem
683 5169 1012 5238 dignoscendi
1049 5171 1321 5239 coazqnavit
1369 5168 1575 5242 (Idem,
1623 5168 1712 5222 lib.
1743 5165 1784 5220 ll
1812 5167 1874 5219 de
1911 5163 2063 5220 Culta

469 5265 664 5337 (manu.
697 5279 744 5316 c.
778 5261 884 5332 η).
919 5261 1054 5317 Tum
1081 5262 1237 5331 paulo
1265 5271 1384 5330 post
1414 5280 1426 5314 :
1462 5258 1688 5314 Thamar
1728 5258 1840 5321 illa,
1871 5273 1985 5327 qua:
2013 5273 2066 5310 se

470 5358 772 5428 erpinxera‘t
801 5367 846 5410 et
876 5366 1160 5421 ornaverat,
1209 5356 1400 5409 idcirco
1440 5350 1595 5407 Jadw
1640 5351 1928 5422 suspicione
1959 5349 2064 5403 uisa

471 5461 542 5504 est
571 5449 784 5520 qumstui
813 5448 1004 5515 sedere,
1035 5448 1260 5516 adeoque
1285 5447 1376 5503 sub
1409 5447 1689 5500 uelamento
1721 5444 1931 5504 latebat,
1964 5445 2061 5494 Ita-

471 5538 601 5596 bitus
629 5542 873 5612 qualitate
897 5542 1262 5614 qua'stuariam
1292 5540 1559 5594 mentiente
1582 5555 1598 5604 ;
1621 5547 1676 5591 ut
1705 5536 2068 5607 quwstuariam

471 5645 518 5689 et
549 5636 779 5701 voluerit,
811 5645 858 5689 et
885 5635 1276 5706 compellaverit,
1308 5644 1353 5689 et
1380 5643 1560 5705 pactas
1597 5632 1662 5685 sit
1689 5629 1825 5703 (2b.).
1851 5628 1959 5685 Nec
1980 5628 2072 5682 ab-

474 5727 633 5783 simili
652 5727 812 5784 modo
831 5728 1184 5800 Hieronymus
1199 5726 1460 5796 :Thamar,
1484 5726 1671 5797 inquit,
1689 5725 1781 5780 sub
1792 5723 1957 5794 specie
1973 5737 2078 5774 me-

473 5822 670 5876 retricis
695 5820 831 5893 fallit
858 5819 1052 5877 ludam
1080 5819 1406 5892 (Hierongm.
1436 5819 1525 5875 lib.
1559 5818 1716 5874 Iadv.
1751 5815 2078 5888 Pelagium).

2167 4722 2214 4765 et
2243 4727 2378 4782 seqq.
2409 4716 2448 4780 ),
2497 4728 2558 4767 ae
2604 4714 2646 4766 si
2693 4724 2866 4777 vaeait,
2915 4730 2978 4767 ea
3028 4730 3144 4782 quae
3175 4729 3274 4767 nos
3321 4712 3446 4766 alibi
3477 4705 3766 4764 annotavi-

2168 4821 2303 4859 mus.
2336 4815 2353 4878 (
2377 4804 2523 4860 'I'om.
2552 4807 2567 4860 l
2595 4809 2867 4879 Apparet,
2895 4825 2946 4877 p.
2977 4805 3126 4879 792.)

2777 4939 3068 4979 Λιιτιευιυε
3120 4937 3192 4976 γι.

2167 5035 2489 5106 Expenditar
2522 5048 2712 5107 quanta
2746 5040 3008 5093 severitate
3041 5056 3162 5092 usus
3191 5038 3291 5091 uini
3317 5034 3614 5090 mulieribus
3645 5035 3770 5089 olim
3805 5097 3814 5102 _

2233 5131 2527 5187 interdictas
2565 5133 2744 5201 fuerit,
2789 5151 2849 5187 ac
2895 5149 3048 5203 quam
3091 5136 3328 5203 impune,
3386 5141 3594 5202 prapter
3627 5129 3771 5184 illius

2238 5225 2468 5290 abusum,
2517 5242 2698 5282 uxores
2736 5245 2768 5280 (ι
2816 5227 2937 5281 viris
2975 5226 3080 5280 suis
3118 5225 3388 5280 trucidata:
3414 5224 3513 5278 sint
3556 5238 3576 5278 :
3617 5239 3773 5294 quam

2240 5319 2565 5372 immoderate
2606 5331 2778 5390 postea
2806 5337 2837 5372 a
2877 5321 3098 5390 faminis
3132 5327 3410 5383 stnnptum,
3439 5330 3555 5380 qtae
3582 5314 3774 5367 idcirco

2244 5411 2449 5467 solitam
2478 5413 2706 5466 osculum
2736 5413 3034 5483 prapinqnts
3053 5412 3310 5482 porrigere
3335 5426 3437 5463 non
3463 5407 3720 5462 audebant
3753 5421 3775 5460 ι

2243 5527 2392 5580 quam
2450 5514 2681 5580 frequens
2734 5506 2886 5577 fuerit
2937 5522 3154 5559 uxorum
3208 5502 3528 5572 repudiatio,
3595 5497 3777 5568 priscis

2247 5603 2552 5674 tetnporibus
2580 5601 2873 5672 incognita;
2899 5616 2958 5652 ac
2986 5615 3086 5669 qua
3117 5600 3312 5652 ratione
3347 5595 3534 5650 etauici
3572 5593 3778 5665 proavis

2248 5698 2353 5752 suis
2389 5696 2622 5750 nantium
2667 5711 2915 5761 sermone,
2944 5703 2992 5747 et
3022 5692 3260 5762 loquendi
3289 5691 3440 5745 modo
3464 5688 3777 5744 remissi-int.

2249 5811 2395 5869 Nihil
2423 5827 2553 5870 sane
2581 5813 2798 5884 antiqua
2820 5811 3182 5867 Romanorum
3213 5807 3478 5879 probitate
3506 5804 3676 5875 magis
3697 5802 3780 5858 di—
