4076 6356
183 376 325 439 1001

1329 373 1788 439 DISSERTATIO
1825 380 1892 439 D.
1931 381 2019 439 LE
2057 382 2367 442 NOURRY.

3367 392 3508 470 ισοξ

184 513 370 570 gnum,
387 510 547 570 quam
573 495 802 553 salubris
823 495 912 553 illa
927 495 1329 567 severitas,'qua
1349 497 1454 552 vini
1481 511 1608 552 usus
1631 495 1797 553 fmmi-
1822 497 1876 558 Α
1972 497 2110 567 Quid
2138 499 2328 569 plura?
2358 497 2663 557 Gentilibus
2682 499 2856 556 adhuc
2883 502 3079 572 probro
3101 505 3304 562 Auctor
3325 515 3511 564 noster

187 592 271 649 nis
302 594 372 648 ita
391 592 707 649 interdictus
734 591 924 658 fuerat,
971 601 1028 645 ut
1056 599 1340 644 matronam
1359 633 1375 657 ,
1397 591 1550 647 sicuti
1577 589 1793 646 Tertul-

186 683 361 741 lianus
410 695 594 739 noster
631 695 910 748 memorat,
958 684 1021 738 ob
1073 683 1358 752 resignatos
1391 683 1534 737 cella:
1583 683 1794 737 uinaria:

186 776 381 832 loculos
397 777 476 831 sui
498 776 668 830 iuedid
692 776 942 829 necarint.
973 774 1083 830 Sub
1108 773 1328 829 Romulo
1355 791 1471 828 vero
1491 791 1603 844 quia
1623 776 1793 829 viuum

186 872 448 942 attigerat,
481 871 687 939 impune
709 887 741 923 a
785 868 1014 924 Meceuio
1054 871 1236 924 marito
1283 869 1534 922 trucidata
1569 879 1660 924 est.
1693 868 1791 924 ld-

185 966 320 1020 circo
349 974 396 1018 et
418 966 592 1018 oscula
619 963 916 1035 prapinquis
943 961 1130 1030 offerre
1157 963 1424 1018 necessitas
1451 973 1577 1028 erat,
1607 973 1662 1017 ut
1686 964 1793 1035 spi.

186 1058 288 1110 ritu
299 1055 695 1130 judicareutur(
719 1053 1022 1109 Tertulliau.
1045 1055 1312 1126 Apologet.
1336 1071 1452 1126 cap.
1483 1053 1535 1117 6,
1563 1073 1612 1125 p.
1636 1055 1791 1125 503).

188 1148 390 1204 Eadem
413 1150 588 1219 plane,
609 1151 707 1204 etsi
742 1165 849 1203 non
875 1149 1067 1204 eodem
1092 1149 1303 1215 ordine,
1337 1149 1535 1205 clarius
1562 1151 1793 1221 explicat

92 1294 107 1304 ,,
185 1244 393 1302 Plinius
417 1262 430 1298 :
456 1243 570 1298 Non
596 1243 811 1307 licebat,
833 1243 1023 1314 inquit,
1044 1243 1097 1296 id
1121 1241 1350 1314 (viuum)
1376 1244 1596 1313 fteminis
1617 1244 1795 1299 Roma:

160 1339 374 1415 bibere.
403 1336 700 1392 Invenimus
725 1337 857 1391 inter
886 1338 1119 1407 exempla
1141 1380 1156 1401 ,
1191 1336 1400 1409 Egnatii
1417 1337 1630 1392 Mecenii
1661 1355 1792 1394 uxo-

186 1448 313 1494 rem,
345 1432 481 1501 quod
511 1431 680 1484 viuum
705 1430 902 1484 bibisset
941 1446 969 1483 e
997 1429 1157 1497 dolio,
1199 1431 1516 1500 interfectam
1563 1431 1723 1502 fuisse
1739 1434 1792 1501 ,ζα

187 1525 406 1587 marito,
457 1539 668 1585 euntque
713 1523 869 1576 credis
913 1539 944 1576 a
987 1521 1206 1578 Romqu
1240 1523 1550 1580 absolutum.
1599 1523 1793 1581 Fabius

187 1615 372 1671 Pictor
397 1617 450 1670 in
478 1615 760 1670 Annalibus
781 1619 886 1671 suis
915 1617 1118 1688 scripsit
1148 1627 1454 1682 matronam,
1488 1618 1624 1686 quod
1655 1621 1794 1674 locu-

188 1710 288 1774 los,
317 1710 371 1762 in
397 1709 579 1779 quibus
609 1718 751 1763 erant
780 1709 944 1762 claves
973 1709 1186 1764 vinariae
1213 1710 1373 1774 cellte,
1416 1712 1789 1783 resignauisset,

188 1821 221 1857 a
243 1803 346 1858 suis
371 1802 541 1856 inedia
558 1803 686 1856 mori
708 1813 966 1864 coactam;
986 1801 1133 1866 Cato,
1155 1801 1270 1857 ideo
1297 1804 1610 1874 propinquos
1630 1805 1794 1876 fremi-

1899 593 2080 656 verlit,
2112 591 2254 661 quod
2281 593 2562 648 evanuerit
2593 593 2763 662 prisca
2795 595 3012 666 felicitas
3040 598 3502 667 matrimoniorum,

1896 682 1961 736 de
1984 683 2206 738 moribus
2228 683 2397 753 utique
2417 695 2734 756 prosperata,
2752 704 2874 758 qua,
2892 704 2981 757 per
3002 705 3161 743 annos
3180 690 3286 760 fere
3300 709 3508 748 sexceno

1896 783 1975 831 tos
2015 776 2077 831 ab
2112 774 2248 832 Urbe
2277 778 2515 845 condita,
2566 780 2711 834 nulla
2757 782 3029 851 repudium
3066 783 3251 839 domus
3279 786 3502 856 scripsit.

1897 867 2138 938 (Tertull.
2161 910 2176 937 ,
2206 870 2360 941 ibid.)
2391 869 2556 926 Visne
2584 871 2634 926 id
2669 872 2762 928 tibi
2804 874 2994 944 grzecis
3020 877 3336 944 quibusdam
3384 878 3510 933 lati~

1896 963 2085 1035 nisque
2126 965 2353 1023 testibus
2387 965 2644 1034 probari?
2675 965 2882 1021 Primus
2917 968 3022 1023 erit
3071 969 3358 1042 Dionysius
3403 971 3508 1025 lla-

1897 1059 2254 1116 licarnasseus
2274 1101 2289 1126 ,
2322 1061 2475 1129 cujus
2504 1060 2618 1116 haec
2652 1070 2780 1114 sunt
2806 1061 2964 1116 verba
2992 1081 3004 1116 :
3034 1054 3351 1130 ὁμολογεῖται
3380 1070 3513 1125 ἐντὸς

1895 1158 2012 1207 iam
2039 1162 2187 1207 εἴκοσι
2213 1157 2298 1206 καὶ
2325 1158 2640 1208 πεντακοσίων
2663 1157 2828 1221 μηδεὶς
2861 1161 2908 1209 ἐν
2930 1142 3078 1225 ῥώμῃ
3115 1158 3394 1219 διαλυθῆναι
3419 1165 3505 1223 γά.-

1893 1264 2001 1315 μος⁶
2056 1254 2182 1302 κα,τά
2244 1260 2332 1308 τὴν
2383 1251 2587 1314 ἑϐδόμην
2630 1254 2709 1302 ἐπὶ
2748 1251 2859 1308 ταῖς
2905 1250 3163 1315 τριάκοντα
3211 1260 3293 1304 καὶ
3345 1258 3517 1307 ἑκατὸν

1895 1331 2218 1406 bimum-tiam,
2269 1341 2594 1393 ὑπατευόντων
2642 1345 2845 1410 Μάρκου
2893 1346 3318 1406 Πομπωνίουμισιὶ
3363 1350 3512 1397 Peleu

1896 1437 2178 1503 Hunuplou,
2227 1449 2410 1503 πρῶτος
2459 1435 2697 1486 ἀπολύεται
2745 1439 2931 1498 λέγεται
2972 1440 3062 1492 τὴν
3093 1441 3263 1488 ἑαυτοῦ
3299 1440 3502 1500 γυναῖκα.

1897 1530 2123 1594 Σπούριος
2165 1532 2474 1595 Καρουιλλιος
2501 1527 2615 1593 ἀνὴρ
2648 1530 2727 1578 οὐκ
2757 1530 2934 1596 ἀφυὴς
2960 1566 2974 1590 ,
3001 1529 3385 1596 ἀνιγχαξομένος
3414 1534 3508 1583 ὗπὸ

1893 1631 1988 1670 τῶν
2023 1633 2236 1678 τιμητῶν
2267 1620 2444 1682 ὀμόσαι
2466 1625 2636 1671 τέκνων
2679 1623 2810 1670 ἕνεκα.
2856 1627 3043 1681 γυναικὶ
3080 1631 3148 1686 μή
3179 1635 3419 1675 συνδικεῖν·
3453 1626 3510 1684 ἦν

1897 1708 1938 1760 δ’
1963 1713 2095 1778 αὖτῷ
2110 1716 2275 1780 στείρα
2300 1719 2328 1770 ἡ
2350 1721 2488 1777 γυνή,
2509 1717 2557 1771 ὃς
2580 1713 2659 1764 ἐπὶ
2683 1722 2752 1779 τῷ
2770 1718 2885 1781 ina.)
2907 1717 3080 1782 τούτῳ,
3098 1713 3347 1768 καίτοιῐδι’
3371 1718 3513 1781 ἀνάν-

1894 1828 1982 1865 ιην
2000 1813 2246 1876 γινομξνῳ,
2270 1810 2546 1874 mood/usue;
2576 1811 2665 1859 ὑπὸ
2690 1812 2777 1860 vro:
2808 1809 2961 1872 δήμου
2990 1809 3262 1862 διε-τέλεσιν.
3293 1806 3510 1863 Constat

189 1895 274 1950 nis
313 1895 542 1949 osculum
571 1894 730 1960 dare,
773 1904 829 1948 ut
864 1895 1046 1949 scirent
1071 1911 1138 1948 an
1169 1905 1406 1950 temetum
1433 1894 1642 1950 olerent.
1680 1895 1791 1952 Hoc
1819 1900 1868 1960 B
1898 1914 1985 1966 per
2030 1913 2192 1950 annos
2245 1896 2351 1953 520
2404 1897 2603 1952 nullum
2647 1896 2895 1952 accidisse
2937 1896 3231 1952 divortium.
3277 1898 3514 1964 Septima

191 1998 300 2042 tum
319 2003 496 2043 nomen
511 1987 765 2055 uincerat,
785 1987 919 2042 unde
930 1999 976 2042 et
993 1988 1282 2043 temulentia
1307 1989 1567 2060 appellata
1601 1989 1795 2063 (Plin.,

192 2083 283 2139 lib.
319 2083 436 2138 XIV
479 2092 651 2138 natur.
687 2081 850 2147 Hist.,
880 2100 997 2153 cap.
1033 2085 1122 2148 15,
1157 2101 1281 2155 pag,
1336 2084 1485 2156 NQ).
1526 2085 1657 2152 Quis
1701 2102 1800 2141 au-

192 2186 301 2233 tem
355 2175 509 2232 facile
541 2176 640 2233 sibi
692 2192 798 2231 non
845 2175 1188 2247 persuadebit
1233 2176 1348 2232 inec
1392 2178 1569 2233 omnia
1607 2193 1637 2234 a
1668 2177 1798 2234 Ter-

196 2270 425 2326 tulliano
463 2286 568 2325 non
613 2271 684 2325 ita
713 2269 873 2324 simul
899 2270 1148 2341 conjungi
1183 2270 1451 2340 potuisse,
1481 2273 1583 2328 nisi
1614 2287 1675 2328 ea
1713 2273 1798 2328 vel

195 2380 266 2420 ex
314 2365 428 2434 ipso
457 2363 656 2430 Plinio,
695 2362 778 2417 vel
805 2363 994 2418 iisdem
1033 2377 1096 2418 ac
1123 2363 1214 2418 ille
1253 2364 1483 2419 fontibus
1527 2363 1800 2420 hauserit?

195 2439 368 2512 Paulo
420 2455 564 2511 enim
615 2453 774 2510 aliter
805 2453 1051 2510 Valerius
1103 2453 1362 2510 Maximus
1419 2464 1603 2510 narrat
1654 2457 1797 2511 illam

197 2547 413 2619 Egnatii
445 2545 668 2602 Mecenii
693 2562 914 2602 uxorem
935 2589 950 2613 ,
987 2561 1052 2602 eo
1080 2546 1223 2617 quod
1244 2547 1427 2601 viuum
1463 2547 1702 2614 biberat,
1731 2548 1802 2603 ab

195 2657 268 2697 eo
321 2641 693 2710 interemplam
733 2639 850 2694 sine
907 2649 1220 2694 accusatore
1274 2651 1368 2694 aut
1414 2640 1803 2710 reprehensore

199 2730 352 2806 (Val.
375 2729 543 2797 Maria,
571 2730 657 2785 tib.
681 2730 898 2801 Vl,cap.
929 2733 983 2793 5,
1010 2730 1038 2802 §
1067 2732 1147 2801 9);
1176 2732 1426 2802 quoniam
1454 2749 1642 2788 omnes
1689 2733 1805 2790 cxi-

200 2824 492 2880 stimabant
518 2825 709 2892 optimo
735 2822 879 2877 illam
903 2823 1136 2893 exeniplo
1163 2823 1365 2878 uiolatw
1386 2824 1673 2879 sobrietatis
1698 2841 1804 2896 pae-

200 2935 297 2972 nas
320 2918 473 2973 luisse
492 2915 798 2989 (Idem,‘lib.
832 2914 896 2979 ll,
924 2932 1039 2988 cap.
1078 2918 1126 2980 1,
1153 2914 1180 2987 §
1210 2914 1292 2988 5).

276 3008 433 3064 Prius
459 3023 584 3064 vero
613 3007 820 3063 dixerat
847 3006 954 3062 vini
983 3025 1135 3063 usum
1175 3008 1302 3062 olim
1347 3010 1583 3066 romanis
1625 3009 1802 3068 fremi-

201 3103 287 3160 nis
316 3105 576 3173 ignotum;
603 3101 724 3173 quia
758 3101 1036 3172 proximus
1073 3110 1156 3157 est
1183 3101 1307 3156 inde
1337 3101 1401 3156 ad
1436 3102 1802 3158 inconcessam

202 3209 454 3250 venerem
483 3193 697 3266 gradus.
727 3191 866 3260 Quin
895 3193 1054 3247 etiam
1081 3191 1149 3246 ab
1171 3194 1234 3246 A.
1264 3191 1439 3248 Gellio
1468 3210 1678 3249 rursum
1720 3195 1794 3250 ci-

1901 1989 2104 2042 demum
2118 2004 2275 2056 supra
2294 1988 2616 2042 centesimam
2631 1997 2679 2041 et
2694 1987 2998 2041 tricesimum
3011 1988 3304 2058 Olympiade
3333 1988 3512 2045 Marco

1901 2078 2190 2149 Pomponio
2207 2089 2255 2134 et
2291 2079 2348 2136 C.
2379 2078 2612 2152 Papyrio
2630 2079 2940 2146 consulibus,
2970 2083 3164 2150 primus
3179 2081 3364 2136 dicitur
3379 2099 3514 2138 uxo-

1899 2189 2006 2228 rem
2034 2174 2287 2228 dimisisse
2305 2174 2404 2245 Sp.
2427 2171 2705 2239 Carvilius,
2735 2173 2811 2228 uir
2837 2190 2938 2227 non
2964 2173 3226 2242 obscurus,
3253 2185 3456 2232 coactus
3481 2195 3514 2231 ιι

1902 2267 2191 2321 censoribus
2212 2267 2394 2338 jurare
2419 2265 2693 2320 liberorum
2717 2281 2900 2319 caussa
2929 2283 2985 2321 se
3009 2267 3278 2338 coujugeut
3307 2284 3409 2322 non
3426 2285 3515 2324 re-

1903 2359 2062 2412 tinere
2081 2375 2099 2424 ;
2120 2369 2227 2412 erat
2258 2359 2390 2412 enim
2415 2357 2638 2422 sterilis;
2663 2358 2752 2427 qui
2789 2357 2850 2412 ob
2883 2359 2978 2411 Itoc
3026 2363 3220 2425 factum
3239 2402 3254 2427 ,
3283 2361 3512 2430 quamvis

1902 2453 2198 2506 necessitate
2225 2451 2539 2522 compulsus,
2567 2451 2620 2517 in
2650 2460 2950 2521 perpetuum
2985 2467 3165 2507 exosus
3193 2453 3292 2522 fuit
3321 2453 3514 2522 populo

1904 2543 2147 2620 (Dionys.
2179 2543 2476 2608 Halicaru.,
2496 2544 2584 2599 lib.
2608 2543 2652 2598 ll
2676 2543 2924 2614 Autiquit.
2957 2543 3106 2599 Rom.
3140 2561 3260 2615 pag.
3295 2545 3411 2616 96).

1981 2637 2154 2693 Latini
2185 2653 2312 2692 vero
2339 2637 2628 2707 scriptores
2652 2635 2897 2690 Valerius
2926 2635 3192 2691 Maximus
3212 2646 3266 2692 et
3293 2636 3360 2693 A.
3383 2635 3516 2692 Gel-

1906 2729 2010 2785 lius
2034 2729 2222 2784 eadem
2269 2727 2459 2784 litteris
2499 2726 2887 2782 mandaverunt
2919 2725 3066 2798 (Val.
3103 2726 3274 2792 Μαι..
3327 2729 3416 2781 lib.
3446 2727 3512 2792 ΙΙ,

1907 2838 2035 2893 cap.
2055 2822 2108 2885 t.
2133 2821 2161 2893 §
2199 2822 2277 2892 4).
2301 2822 2405 2876 nisi
2435 2819 2578 2892 quod
2609 2819 2834 2885 Gellius,
2864 2823 3027 2875 citato
3077 2830 3298 2878 auctore
3327 2821 3518 2880 Servio

1907 2913 2169 2984 Sulpicio,
2220 2923 2402 2968 narrat
2453 2913 2505 2967 id
2555 2912 2850 2983 contigisse
2890 2928 3032 2967 almo
3077 2912 3237 2968 Urbis
3281 2914 3519 2969 conditas

1906 3007 2013 3062 525
2040 3048 2055 3072 ,
2080 3005 2148 3060 Μ.
2201 3005 2368 3060 Attilo
2415 3015 2468 3060 et
2516 3005 2574 3060 P.
2612 3005 2824 3060 Valerio
2853 3005 3163 3060 consulibus
3205 3006 3223 3079 (
3253 3006 3318 3063 A.
3354 3006 3517 3071 Gell.,

1909 3099 1998 3156 lib.
2061 3097 2128 3154 IV
2176 3096 2332 3153 Noct.
2374 3098 2527 3152 Attic.
2559 3114 2675 3168 cap.
2709 3098 2762 3162 5,
2796 3115 2916 3169 pag.
2947 3097 3096 3168 278).
3129 3098 3235 3154 Sed
3263 3099 3333 3154 ibi
3369 3110 3518 3156 certe

1908 3199 2000 3245 aut
2029 3198 2214 3260 postea
2259 3189 2445 3244 subest
2475 3188 2669 3259 aliquis
2705 3189 2847 3243 illius
2879 3191 3174 3255 memoriae,
3201 3191 3282 3246 vel
3314 3191 3520 3246 librarii

204 3295 347 3342 tatur
373 3284 541 3350 Cato,
588 3285 679 3354 qui
711 3283 928 3338 tradidit
961 3283 1151 3340 eodem
1188 3284 1349 3340 modo
1395 3286 1804 3341 condemnatam
1834 3297 1879 3360 α
1912 3298 2087 3338 error.
2116 3280 2250 3337 Nam
2281 3282 2390 3335 allo
2421 3281 2471 3334 in
2500 3280 2640 3336 libro
2670 3280 2856 3335 scribit
2885 3280 3015 3335 illud
3057 3289 3234 3335 actum
3281 3297 3424 3337 anno
3449 3282 3521 3338 ab

207 3377 516 3441 mulierem,
545 3391 666 3444 quae
706 3385 797 3429 aut
826 3375 1009 3429 viuum
1051 3376 1296 3443 biberat,
1327 3386 1419 3431 aut
1448 3379 1499 3432 in
1541 3378 1807 3434 adulterio

203 3467 380 3522 fuerat
396 3465 726 3535 deprehensa
745 3465 832 3538 (Α.
849 3465 1005 3530 Gell.,
1027 3466 1114 3522 lib.
1141 3465 1188 3521 Χ
1221 3465 1377 3523 Noct.
1403 3468 1555 3524 Attic.
1578 3485 1694 3540 cap.
1712 3469 1804 3533 25,

205 3577 328 3632 pag.
362 3560 512 3630 557).
544 3559 623 3614 Ad
666 3559 780 3614 haec
819 3575 978 3624 vero,
1021 3561 1318 3616 Athenaeus
1348 3577 1452 3616 non
1505 3562 1676 3617 solum
1700 3563 1808 3618 vini

207 3653 521 3710 nmlieribus
541 3669 570 3708 a
598 3652 854 3708 Romanis
880 3653 1148 3708 interdicti
1177 3655 1505 3710 mentionem
1537 3657 1681 3722 facit,
1712 3657 1806 3712 sed

206 3745 413 3802 addidit
455 3746 674 3817 inSuper
704 3746 892 3801 cellam
926 3744 1182 3800 vinariam
1212 3747 1277 3802 iis
1305 3763 1409 3802 non
1439 3748 1803 3814 commissam,

207 3849 263 3894 et
292 3838 536 3894 osculum
579 3853 606 3892 a
639 3837 848 3893 maritis
868 3849 923 3893 et
948 3836 1190 3909 cognatis
1218 3839 1418 3896 idcirco
1461 3849 1764 3909 porrectum
1789 3881 1805 3905 ,

209 3939 268 3986 ut
297 3938 518 3998 possent
538 3929 761 3984 odoratu
787 3943 1078 4000 agnoscere
1104 3939 1282 3985 utrum
1311 3947 1497 3987 revera
1524 3932 1702 3986 vinum
1731 3932 1811 3987 bi-

209 4023 415 4079 bissent
436 4023 718 4091 (Athenae,
747 4022 836 4077 lib.
880 4021 948 4088 Χ,
980 4019 1359 4094 DeipnosOph.,
1385 4040 1502 4093 cap.
1525 4024 1574 4088 7,
1602 4042 1656 4094 p.
1678 4023 1807 4092 429,

209 4129 255 4171 et
281 4133 397 4189 cap.
426 4117 514 4183 H,
541 4133 663 4187 pag.
691 4115 846 4185 440).
876 4116 948 4170 De
974 4113 1073 4170 hac
1103 4125 1285 4172 autem
1310 4117 1417 4172 vini
1440 4115 1812 4173 interdictione

207 4209 318 4282 jam
346 4209 735 4281 disputavimus
755 4207 1049 4282 (Dissertat.
1079 4211 1134 4265 in
1163 4212 1352 4266 Arnob.
1373 4228 1491 4282 cap.
1516 4214 1571 4282 4,
1600 4221 1701 4268 art.
1727 4214 1808 4285 1).

288 4306 485 4360 Contra
512 4305 648 4360 lianc
678 4315 851 4360 tamen
886 4305 1055 4376 legem
1089 4327 1102 4362 :
1136 4304 1258 4360 Pro:
1297 4307 1434 4371 vino,
1477 4307 1645 4378 inquit
1677 4307 1810 4362 Ter-

219 4398 493 4461 tullianus,
537 4397 736 4451 nullum
774 4397 988 4450 liberum
1021 4407 1094 4451 est
1131 4399 1362 4452 osculum
1403 4397 1807 4466 (Tertulliauus,

213 4489 484 4560 Apologet.
510 4505 556 4542 c.
577 4489 632 4554 6,
656 4505 706 4557 p.
723 4487 872 4558 50.5).
889 4491 956 4543 At
975 4489 1026 4543 in
1042 4489 1169 4545 illud
1190 4493 1466 4547 ebrietatis
1485 4494 1666 4548 vitium
1683 4495 1812 4548 varii

215 4587 530 4652 scriptores,
566 4597 629 4635 ac
657 4581 996 4650 potissimum
1018 4585 1235 4654 satyriei
1269 4596 1440 4654 poeta:
1468 4587 1810 4644 invehuntur.

1914 3373 2059 3430 Urbe
2086 3373 2304 3429 condita
2329 3374 2762 3444 quingentesimo
2792 3373 3204 3429 undevicesimo
3227 3417 3242 3442 ,
3289 3391 3396 3445 quo
3428 3375 3519 3431 alii

1913 3468 2138 3539 proinde
2177 3467 2430 3523 consules
2459 3482 2580 3539 esse
2623 3465 2922 3532 debebant,
2955 3467 3098 3536 iique
3127 3467 3349 3522 forsitan
3372 3467 3462 3538 qui
3487 3483 3518 3522 a

1914 3535 2170 3631 bionysio
2225 3535 2632 3615 Halicarnas‘seo
2686 3568 2941 3614 notantur
2993 3535 3182 3630 (idem,
3215 3559 3305 3616 lib.
3352 3535 3520 3625 XVII,

1913 3668 2028 3723 cap.
2057 3651 2150 3718 21,
2182 3667 2302 3722 pag.
2336 3649 2526 3722 1008).

1987 3743 2068 3800 Ab
2110 3742 2194 3798 bis
2243 3743 2424 3813 itaque
2471 3750 2579 3797 tam
2625 3744 2793 3814 sequis
2840 3752 2895 3799 et
2922 3745 3160 3800 moribus
3206 3756 3261 3801 et
3315 3747 3522 3818 legibus

1912 3837 2069 3909 plane
2095 3836 2409 3908 penitusque
2422 3837 2996 3906 desciverautetlmici,
3021 3841 3212 3910 quibus
3228 3845 3524 3913 repudium,

1913 3931 1988 3985 ait
2013 3929 2400 3993 Tertullianus,
2422 3930 2536 4001 jam
2566 3940 2611 3983 et
2633 3941 2801 3984 votum
2829 3939 2924 3999 est,
2955 3941 3001 3986 et
3029 3935 3174 4003 quasi
3191 3937 3388 4003 fructus
3411 3951 3522 3989 uia-

1914 4024 2139 4079 trimonii
2183 4021 2461 4094 (Tertull.,
2507 4023 2684 4096 ibid.).
2717 4023 2896 4095 Neque
2945 4027 3236 4095 suspiceris
3287 4026 3518 4098 aliquam

1915 4116 2005 4171 llic
2054 4115 2277 4172 subesse
2317 4115 2459 4170 illius
2488 4114 2983 4185 ampliﬁcationem.
3025 4115 3342 4186 Suspectum
3374 4120 3519 4174 enim

1915 4225 2024 4265 non
2052 4207 2277 4264 habebis
2302 4207 2584 4272 Senecam,
2617 4208 2768 4278 cujus
2797 4207 2913 4262 haec
2942 4207 3010 4263 de
3042 4209 3263 4278 repudio
3292 4211 3522 4281 legimus

1919 4303 2084 4360 verba
2117 4319 2130 4356 :
2163 4297 2428 4374 N'umquid
2467 4304 2579 4373 jam
2650 4302 2758 4356 ulla
2796 4303 3011 4370 repudio
3058 4304 3339 4371 erubescit,
3381 4317 3524 4376 post-

1915 4413 2070 4468 quam
2088 4395 2312 4450 illustres
2337 4395 2571 4463 quaedam
2591 4411 2652 4448 ac
2666 4395 2857 4449 nobiles
2877 4396 3116 4468 (minimc,
3140 4413 3238 4451 non
3254 4402 3521 4454 consulum

1919 4503 2160 4552 numero,
2203 4488 2292 4542 sed
2325 4487 2626 4541 maritorum
2669 4503 2876 4541 suorum
2917 4505 3078 4543 annos
3120 4501 3430 4561 computant.
3473 4503 3520 4545 et

1919 4590 2100 4635 exeunt
2122 4580 2435 4634 matrimonii
2461 4597 2662 4648 caussa,
2688 4582 2878 4636 nubunt
2901 4583 3120 4654 repudii.
3147 4582 3366 4637 Tamdiu
3388 4584 3520 4638 illud

214 4675 320 4733 Sed
351 4674 579 4733 sufficiet
608 4675 660 4729 in
701 4690 814 4729 rem
848 4675 1181 4731 notissimam
1212 4678 1326 4733 [nec
1357 4680 1605 4736 retulisse
1648 4681 1810 4738 Jure-
1837 4695 1892 4754 ι)
1920 4673 2202 4738 timebatur.
2253 4671 2494 4743 quamdiu
2537 4691 2710 4728 rarum
2755 4689 2904 4742 erat;
2937 4678 3055 4746 quia
3078 4693 3193 4730 vero
3232 4677 3374 4730 nulla
3413 4679 3524 4732 sine

217 4770 356 4826 nalis
396 4769 655 4834 carmina,
687 4769 882 4838 quibus
912 4784 997 4836 ea,
1021 4785 1141 4840 qua:
1172 4787 1276 4826 non
1324 4773 1482 4828 modo
1528 4775 1593 4830 de
1637 4778 1813 4832 ebrie-

220 4870 349 4925 tate,
382 4859 474 4915 sed
515 4859 643 4914 luxu
687 4860 848 4914 etiam
896 4860 947 4916 in
997 4861 1264 4932 superiori
1301 4864 1527 4920 articulo
1556 4867 1809 4937 diximus,

209 4948 501 5004 ‘manifcste
529 4946 920 5002 confirmantur
954 4967 967 5002 :

315 5037 511 5108 ljullum
534 5039 719 5108 crimen
747 5040 905 5098 abest,
931 5037 1216 5108 facinusque
1241 5041 1469 5104 libidinis,
1490 5058 1553 5095 ex
1574 5058 1672 5108 quo

315 5100 589 5163 Paupertas
606 5099 820 5150 Romana
846 5103 993 5164 perit.
1128 5099 1140 5152 ζ

318 5225 478 5292 Prima
502 5226 794 5292 peregrinos
816 5227 1026 5278 obscena
1053 5230 1260 5292 pecunia
1284 5243 1448 5281 mores

318 5287 504 5352 jutulit,
531 5296 582 5337 et
606 5289 734 5352 turpi
757 5289 1011 5352 fregerunt
1037 5287 1215 5342 secula
1239 5291 1356 5340 luxu

316 5349 513 5411 Divitiae
537 5349 725 5400 molles.
754 5349 879 5411 Quid
903 5353 1035 5401 enim
1062 5354 1232 5403 Venus
1256 5354 1394 5404 ebria
1418 5355 1596 5406 curat?

318 5410 540 5478 inguinis
558 5419 610 5461 et
623 5410 795 5478 capitis
817 5427 927 5478 quae
959 5419 1056 5464 sint
1076 5415 1354 5464 discrimina
1378 5420 1552 5478 nescit,

320 5473 527 5540 Grandia
549 5487 661 5538 quae
683 5473 859 5526 iuediis
873 5477 973 5540 jam
999 5478 1220 5526 noctibus
1239 5486 1404 5529 ostrea
1427 5473 1632 5531 mordet.

320 5535 438 5602 Cum
462 5535 661 5602 perfusa
684 5551 823 5587 mero
847 5535 1074 5601 spumant
1097 5550 1346 5602 unguenta
1372 5541 1600 5602 Falerno,

321 5600 438 5664 llum
459 5601 643 5664 bibitur
668 5600 1000 5660 coneba,’cum
1018 5602 1118 5663 jam
1144 5600 1393 5664 vertigine
1419 5600 1603 5656 tectum

322 5661 571 5725 ginbulat,
600 5672 653 5713 et
671 5661 1114 5725 gmniuisexsvrgit
1139 5661 1304 5714 niensa
1337 5665 1573 5720 lucernis.

325 5723 510 5788 inmune,
532 5723 584 5774 et
605 5723 771 5775 dubita
788 5739 897 5788 quae
914 5723 1113 5788 sorbeat
1135 5741 1248 5776 aera
1268 5741 1419 5778 sanna

323 5784 498 5849 '_l'_ullia,
523 5790 636 5849 quid
673 5784 955 5836 dicatvnntte
979 5787 1181 5838 Cullaria
1207 5790 1392 5848 Maura,

326 5846 492 5900 Maura
510 5846 752 5912 ιιὺιιίεἰιὶω
779 5859 1000 5912 \‘t'lt‘l't'lll
1027 5865 1164 5912 cum)
1185 5846 1546 5903 rwtcritlaram.

761 5910 1030 5974 (Juvetml.,
1058 5911 1195 5963 satir.
1217 5918 1264 5976 6,
1286 5928 1330 5966 υ.
1355 5916 1448 5969 295
1466 5923 1509 5971 el
1525 5917 1676 5983 seqq.)

573 6011 578 6014 '
677 5997 1115 6062 Temenum
1167 5999 1222 6064 Ι.

1918 4767 2133 4821 divortio
2180 4775 2296 4820 acta
2323 4775 2476 4833 sunt,
2507 4766 2759 4823 videlicet
2803 4784 2832 4822 a
2883 4767 3110 4837 publicis
3154 4768 3377 4822 notariis
3407 4767 3506 4822 de-

1919 4859 2136 4928 scripta,
2153 4858 2290 4929 quod
2313 4874 2448 4930 stupe
2467 4859 2760 4926 audiebant,
2784 4864 2950 4931 facere
2971 4859 3257 4913 didicerunt
3285 4859 3516 4929 (Senrc.,

1916 4951 2006 5007 lib.
2037 4949 2103 5005 lll
2132 4950 2195 5004 de
2244 4949 2583 5023 Benef.,cap.
2610 4952 2700 5020 16,
2734 4970 2851 5025 pag.
2883 4951 2998 5023 53).
3022 4951 3135 5006 lluc
3167 4967 3379 5022 quaque
3423 4969 3522 5008 ac-

1921 5044 2080 5101 cedat
2105 5044 2402 5112 iuvenalis,
2435 5048 2522 5116 qui
2553 5046 2670 5102 haec
2697 5047 3129 5118 frequentissima
3164 5061 3391 5102 uxorum
3440 5049 3523 5104 di-

1921 5137 2091 5192 vortia
2124 5135 2207 5194 his
2232 5138 2474 5193 versibus
2504 5139 2793 5195 insectatur
2829 5156 2843 5192 :

2081 5249 2297 5314 imperat
2321 5264 2444 5313 ergo
2469 5251 2592 5313 viro,
2620 5251 2706 5300 sed
2733 5262 2842 5300 mox
2862 5250 2967 5300 hac
2988 5263 3141 5314 regna
3166 5250 3418 5314 relinquit,

2079 5313 2438 5375 Permutatque
2462 5314 2648 5372 domos,
2675 5322 2727 5362 et
2750 5315 2972 5362 flammea
2995 5313 3233 5375 conterit;
3257 5313 3374 5363 inde

2083 5376 2306 5438 Advolat,
2335 5386 2387 5426 et
2409 5377 2563 5438 sltreti
2590 5377 2772 5438 repetit
2789 5377 2994 5438 vestigia
3020 5377 3152 5424 lecti.

2081 5437 2290 5502 anatas
2314 5437 2456 5501 paulo
2482 5449 2596 5502 ante
2622 5437 2754 5487 teres
2781 5437 3044 5502 pendentia
3069 5438 3249 5499 linquit

2083 5499 2206 5550 Vela
2231 5499 2420 5554 domus,
2444 5507 2496 5549 et
2519 5500 2674 5548 adhuc
2698 5499 2876 5550 virides
2900 5503 2948 5549 in
2977 5501 3138 5550 limine
3165 5514 3344 5551 rainos.

2085 5561 2166 5611 Sic
2188 5564 2366 5612 crescit
2391 5575 2641 5624 numerus,
2666 5565 2736 5613 sic
2759 5562 2879 5612 fiunt
2894 5572 3005 5612 octo
3029 5563 3189 5611 mariti

2085 5625 2312 5686 Quinque
2341 5638 2429 5687 per
2452 5632 2728 5683 autumnos,
2749 5627 2888 5675 titulo
2913 5640 2995 5676 res
3017 5627 3163 5688 digna
3187 5625 3422 5687 sepulcri.

2670 5709 2936 5773 (Juvenul.,
2962 5710 3099 5761 satir.
3127 5709 3176 5770 6,
3203 5723 3244 5759 υ.
3272 5709 3402 5776 225.)

2007 5814 2173 5871 Audis
2206 5829 2335 5870 sane
2362 5832 2520 5887 quam
2570 5822 2850 5889 perspicue
2888 5818 3080 5873 dixerit
3117 5833 3272 5871 unam
3314 5835 3537 5877 uxorem

1939 5907 2081 5966 intra
2120 5908 2351 5981 quinque
2397 5921 2702 5978 autumnos,
2735 5913 2785 5966 id
2823 5921 2923 5977 est,
2966 5912 3200 5980 quinque
3247 5926 3417 5969 annos
3443 5911 3542 5970 ba-

2672 6004 3176 6090 (Tremo-deum.)
