4076 6356
493 249 636 306 1005

1566 237 1634 294 ΙΝ
1668 231 2140 294 TERTULLIANI
2179 226 2716 290 APOLOGETIGUM

3656 219 3678 274 i
3689 217 3802 275 00L

490 366 676 423 ltuisse
695 373 816 422 octo
838 361 1080 419 maritos.
1110 357 1368 415 Martialis
1405 369 1532 413 vero
1563 355 1870 427 Telesinam
1911 367 2100 426 quam-
2131 367 2148 415 Α

2247 367 2283 410 χει
2310 351 2504 422 legisse
2529 347 2736 406 videtur
2763 342 3024 401 Eusebius
3041 385 3056 410 ,
3090 341 3180 413 qui
3219 340 3334 396 inec
3363 336 3610 394 Auctoris
3627 333 3807 393 nostri

495 457 619 514 dam
659 457 852 513 acriter
873 453 1112 528 corripit,
1138 467 1256 530 qua:
1286 451 1425 506 intra
1451 465 1616 511 unum
1643 463 1886 530 mensem
1915 445 2094 504 decies

497 561 680 610 contra
710 553 856 624 leges
887 550 1020 605 latas
1049 548 1263 620 impune
1285 551 1572 620 nupserat;
1873 521 1882 532 ’

682 666 808 740 Julia
825 667 908 716 lex
929 663 1119 740 populis
1137 675 1199 740 ex
1225 672 1340 732 quo,
1359 657 1797 740 Faustinl‘egenata
1810 656 1910 740 est,

749 728 912 792 Atque
931 719 1116 776 intrare
1139 719 1308 772 dumos
1325 723 1456 792 jussu
1481 719 1711 792 pudicitia
1750 723 1846 792 est,

684 794 786 843 Aut
805 779 984 846 minus,
1000 795 1084 838 aut
1105 795 1243 838 certe
1267 779 1367 834 no'n
1390 779 1499 846 plus
1517 781 1767 846 tricesima
1789 779 1875 829 lux
1911 783 2004 838 est,

750 853 812 904 Et
834 845 979 903 nubit
989 851 1182 902 decimo
1198 852 1296 910 jam
1318 845 1553 910 Telesina
1574 845 1703 910 viro.
1721 905 1734 910 _
1928 906 1934 910 λ
2054 891 2057 893 ἓ

687 917 807 978 Quae
832 915 971 978 nubit
993 914 1158 978 toties,
1185 905 1279 978 non
1307 909 1464 978 nubit,
1481 907 1702 978 adultera
1721 905 1841 970 lege
1865 906 1964 962 est,

751 977 990 1032 Oil‘endor
1015 976 1204 1026 mmeba
1226 972 1526 1036 simpliciore
1549 972 1724 1020 minus.

1171 1051 1430 1120 (MartiaL,
1459 1050 1544 1104 lib.
1569 1058 1642 1113 Vl,
1667 1047 1950 1116 epigramm.
1969 1045 2038 1110 7.)

524 1223 535 1230 .
577 1171 775 1228 Verum
801 1156 938 1223 adeo
967 1163 1201 1223 effrmnis
1229 1169 1346 1218 erat
1372 1159 1488 1216 haec
1517 1156 1720 1214 nefaria
1763 1151 2106 1226 repudiorunt

505 1264 721 1323 licentia
751 1303 766 1330 ,
800 1271 856 1317 ut
880 1260 969 1316 vix
999 1271 1232 1329 unquam
1269 1253 1390 1310 ullis
1442 1254 1846 1324 imperatorum,
1881 1257 2108 1317 quarum

505 1362 687 1432 plures
707 1357 880 1414 adliuc
908 1361 1139 1422 exstant,
1165 1351 1371 1422 legibus
1405 1345 1664 1406 refrenari
1690 1339 1947 1415 potuerit.
1974 1335 2114 1406 Quid

509 1449 662 1521 vero,
714 1451 857 1522 quod
886 1465 990 1506 non
1021 1449 1193 1504 solum
1237 1454 1315 1500 tot
1358 1453 1574 1513 tamque
1615 1437 1902 1510 praeclaras
1944 1433 2111 1502 leges,

509 1561 618 1618 quo
637 1545 868 1602 diximus
914 1541 1100 1608 modo,
1130 1535 1548 1599 conculcabant,
1581 1531 1677 1588 sed
1703 1528 1936 1586 debitam
1979 1537 2116 1596 quo-

508 1655 616 1711 que
667 1635 961 1708 majoribus
1005 1633 1429 1690 venerationem.
1483 1627 1819 1696 Quapropter
1863 1619 1984 1674 illos
2034 1615 2119 1670 his

2197 445 2360 521 verba
2421 443 2474 498 iu
2528 456 2756 514 graecam
2787 439 3024 512 linguam
3075 434 3153 492 sic
3208 447 3468 491 conversa
3511 429 3731 488 exhibet
3781 443 3800 479 :

2197 547 2406 595 Παλαιὸν
2434 542 2490 602 ἦν
2515 540 2685 608 δόγμα..
2719 539 2900 610 μηᾷξνκ
2927 540 3024 588 θεὸν
3062 537 3156 586 ὗπὸ
3184 536 3422 602 βασιλέως
3445 528 3805 602 κτειθιερσῦσθειι,

2201 637 2310 708 πρὶν
2335 639 2423 688 ὑπὸ
2444 639 2532 687 τοῦ
2548 639 2834 698 συγγκλήτου
2861 632 3221 696 deminuerat-raw
3243 629 3446 695 Μάρκος
3473 624 3691 689 Αἰμίλιος
3720 621 3810 671 οὖ-

2202 707 2292 786 τὼς
2321 736 2426 797 περί
2451 746 2571 786 τινθς
2597 727 2788 800 ιίδὼᾎου
2812 732 3067 781 πεποίηκεν
3097 710 3352 789 Ᾱλϐοΰρνου
3371 713 3608 788 (Euseb.,
3629 710 3724 766 lib.
3770 707 3815 766 ll

2211 817 2404 872 Eccles.
2442 814 2658 882 Ilistor.,
2681 831 2796 886 cap.
2818 813 2874 883 2,
2900 831 3018 886 pag.
3042 809 3158 884 4|).
3179 809 3378 870 Verum
3405 806 3680 876 utriusque
3705 805 3818 859 lec-

2205 912 2368 968 tionis
2409 910 2551 966 idem
2586 909 2740 981 plane
2769 917 2851 964 est
2896 921 3108 964 sensus.
3169 902 3529 974 Quamobrem
3559 899 3675 955 hinc
3705 897 3822 968 pri~

2211 1021 2362 1062 mum
2392 1003 2704 1076 explicanda
2726 1011 2888 1070 sunt,
2926 1017 2990 1058 ac
3029 1000 3222 1056 deinde
3265 995 3679 1054 examinandum
3711 1008 3824 1066 quo

2213 1098 2575 1156 Tertullianus
2608 1095 2767 1170 modo
2797 1095 2920 1151 inde
2947 1101 3134 1151 contra
3161 1091 3406 1148 etlmicos
3433 1089 3692 1160 disputet.

2288 1191 2516 1247 Dubium
2544 1190 2820 1246 enimvero
2847 1203 2968 1244 esse
2999 1196 3178 1259 potest
3203 1184 3472 1258 quodnam
3500 1183 3570 1238 sit
3597 1180 3730 1238 illud
3759 1180 3830 1236 de

2217 1283 2320 1340 deo
2365 1281 2730 1340 consecrando
2761 1281 3015 1337 edictum.
3081 1279 3292 1336 Scimus
3323 1277 3538 1348 quidem
3586 1288 3759 1329 unum
3803 1288 3834 1326 a

2217 1377 2486 1435 Cicerone
2515 1376 2665 1432 hisce
2707 1375 2890 1430 verbis
2920 1372 3156 1432 describi
3184 1390 3197 1426 :
3233 1369 3527 1436 Separatim
3551 1383 3698 1422 nemo
3731 1367 3840 1420 Ita.

2219 1472 2367 1528 bessit
2397 1469 2534 1536 deos,
2565 1486 2685 1524 neve
2705 1485 2880 1536 novos,
2914 1467 3003 1524 sed
3029 1483 3090 1521 ne
3117 1466 3354 1532 advenas,
3391 1463 3489 1517 nisi
3510 1461 3712 1534 publice
3739 1460 3814 1512 ad
3831 1489 3844 1500 -

2221 1566 2394 1630 scitos,
2425 1562 2878 1636 privatimcolunlo
2913 1561 3123 1632 (Cicera,
3157 1559 3244 1614 lib.
3269 1556 3310 1615 Il
3356 1555 3420 1610 de
3449 1553 3599 1626 legib.
3624 1571 3681 1626 p.
3702 1552 3844 1619 554,

2224 1659 2317 1713 lin.
2345 1658 2458 1730 57).
2480 1655 2637 1713 Aliud
2665 1667 2842 1711 tamen
2861 1653 3134 1711 decretum
3157 1667 3186 1706 a
3208 1648 3541 1706 Tertulliano
3561 1643 3849 1716 designari

511 1730 879 1824 Tormmanus.
915 1727 1093 1824 verbis
1137 1722 1460 1824 ““9‘l“°“d°
1486 1764 1500 1789 ’
1531 1735 1608 1776 s'c
1633 1725 1788 1820 urge}
2149 1763 2199 1824 Β
2227 1710 2472 1816 videtui';
2513 1757 2700 1822 utpote
2749 1747 2840 1820 qui
2869 1743 3222 1818 imperatoris
3265 1740 3450 1798 fecerit
3481 1710 3848 1796 mentionem.

513 1825 568 1881 id
597 1835 713 1892 est,
747 1823 966 1890 vestitu,
1005 1822 1172 1887 victu,
1217 1819 1499 1881 instructu,
1549 1826 1736 1877 censu,
1759 1809 1870 1878 ipso
1910 1804 2124 1873 denique

511 1933 739 1975 sermone
776 1916 976 1988 proavis
1018 1909 1340 1968 renuntiastis
1384 1903 1773 1979 (Tertullian.,
1829 1897 2123 1971 Apologet.,

513 2029 630 2084 cap.
663 2010 719 2078 6,
765 2029 817 2080 p.
861 2005 1016 2078 305).
1051 2007 1120 2062 Et
1150 2017 1337 2060 rursus
1367 2000 1472 2055 alio
1503 1999 1554 2053 in
1579 1995 1718 2052 libro
1756 2011 1768 2047 :
1806 1991 1999 2084 Plane,
2021 1988 2128 2084 ,ἰη-

515 2079 630 2175 quit
649 2145 664 2171 ,
693 2079 918 2164 subiacet
962 2109 1154 2169 quanta
1188 2111 1220 2149 a
1247 2089 1531 2162 majoribus
1561 2083 1878 2142 mutaveritis
1899 2125 1914 2150 ,
1947 2079 2090 2135 cttltu
2110 2119 2127 2147 ,

516 2172 710 2263 habitu,
748 2201 1022 2267 apparatu,
1061 2193 1270 2262 ipsoque
1303 2187 1474 2253 victu,
1522 2183 1664 2239 sicut
1699 2195 1768 2236 ex
1812 2177 1922 2249 jam
1972 2172 2130 2231 dictis

517 2297 684 2364 patet.
721 2287 930 2358 Adjecit
969 2292 1150 2340 autem
1193 2283 1406 2353 ipsoque
1433 2291 1683 2333 sermone.
1723 2271 1834 2328 Cur
1874 2283 2002 2340 ergo
2027 2281 2134 2320 ser-

518 2398 667 2438 mone
691 2357 852 2437 etiam
877 2393 943 2435 ac
972 2374 1227 2448 loquendi
1252 2371 1444 2428 modo?
1467 2368 1600 2436 Quia
1621 2364 1916 2439 pristinum,
1939 2357 2130 2430 inquit,

516 2485 575 2532 ut
598 2473 868 2532 rancidum
886 2471 1121 2544 relegatis
1146 2467 1196 2542 (1
1203 2468 1338 2536 dem,
1368 2465 1457 2520 lib.
1486 2460 1597 2519 Iad
1623 2458 1872 2522 Nation.,
1896 2470 2010 2525 cap.
2043 2451 2132 2538 lo,

523 2586 646 2642 pag.
692 2566 844 2638 5'72),
876 2565 929 2620 id
971 2572 1088 2629 est,
1119 2570 1370 2632 tanquam
1411 2559 1718 2622 insuavem,
1769 2547 2042 2623 putidum,
2083 2551 2140 2600 et

521 2661 665 2719 male
691 2661 923 2717 olentem
949 2655 1194 2729 rejicitis.

1105 2759 1398 2803 ARTICULUS
1436 2759 1533 2798 Vll.
1577 2795 1586 2800 .

527 2867 871 2926 Examinatur
909 2863 1168 2936 quodnam
1207 2861 1269 2916 sit
1309 2866 1448 2914 vetus
1475 2855 1730 2910 decretum
1759 2849 1822 2904 de
1859 2846 2001 2902 novis
2041 2843 2140 2898 diis

601 2965 712 3020 sine
755 2935 1190 3019 senatusconsulto
1235 2971 1336 3008 non
1383 2945 1802 3008 introducendis,
1853 2935 1902 2996 et
1947 2936 2142 2994 Metelli

532 3041 557 3059 ‘l
602 3067 772 3114 votum
799 3055 862 3110 de
879 3051 1065 3124 templo
1085 3050 1138 3104 in
1165 3045 1380 3102 Αἰθανηὶ
1405 3043 1484 3098 dei
1512 3043 1753 3114 honorem
1781 3030 2140 3096 construendo,

537 3133 570 3156 δ
604 3151 741 3227 quod
765 3149 965 3206 irritum
985 3122 1183 3220 factum
1208 3150 1306 3206 est;
1336 3155 1396 3193 ac
1415 3134 1671 3212 quomodo
1712 3129 1969 3185 decretum
2011 3122 2144 3178 illud

605 3217 848 3302 violatum
875 3240 938 3296 sit
976 3217 1039 3293 ab
1067 3234 1300 3301 ethnicis,
1331 3231 1416 3302 qui
1447 3227 1686 3282 Liberum
1737 3233 1952 3298 patrem,
1983 3217 2144 3273 Sera-

534 3318 554 3338 ”
606 3319 798 3412 pident,
834 3345 882 3388 et
913 3330 1282 3403 Harpocratem
1327 3339 1444 3378 cum
1473 3336 1564 3376 suo
1595 3313 1952 3390 Cynocephalo
1995 3325 2145 3365 sena-

607 3409 917 3488 tusconsulto
949 3426 1181 3498 rejectos,
1205 3413 1638 3492 impudentissime
1659 3409 2003 3466 restituerunt.

609 3545 868 3604 Ethnicos
905 3537 1278 3599 vehementius
1309 3527 1878 3589 adhuc"Tertullianus
1919 3521 2150 3595 premit,

540 3643 808 3716 planeque
853 3634 1126 3709 opprimit.
1177 3629 1472 3688 Evidenter
1516 3626 1661 3684 enim
1687 3619 1922 3679 ostendit
1963 3617 2032 3672 ab
2073 3617 2154 3673 eis

544 3707 653 3791 non
673 3707 848 3790 solum
877 3707 1174 3785 sanctiores
1201 3722 1268 3780 de
1297 3719 1458 3777 rebus
1488 3715 1758 3778 humanis,
1792 3711 1886 3768 sed
1916 3709 1984 3765 de
2013 3707 2154 3764 divi-

545 3829 632 3886 nis
673 3826 835 3898 etiam
880 3821 1068 3878 ritibus
1109 3818 1258 3889 leges
1297 3821 1504 3884 spretas
1549 3817 1604 3866 et
1655 3803 2042 3878 pessumdatus.
2091 3800 2158 3856 At

560 3921 732 3988 illum,
765 3918 810 3974 si
832 3915 1025 3993 placet,
1048 3911 1101 3968 in
1133 3925 1232 3966 suo
1255 3907 1322 3962 ad
1349 3904 1596 3970 Nationes
1625 3901 1763 3958 libro
1779 3903 2160 3968 argumentan-

553 4023 659 4069 tem
686 3987 967 4068 audiamus
996 4023 1011 4062 :
1039 4003 1102 4058 At
1139 4001 1273 4058 enim
1313 3997 1423 4068 illi,
1456 3994 1657 4066 inquit,
1690 3987 2048 4064 sapientissimi
2098 3999 2160 4038 ac

552 4099 936 4178 prudentissimi
962 4097 1200 4167 majores,
1227 4106 1441 4165 quarunt
1459 4086 1704 4144 institutis
1742 4081 2037 4138 renuntiare
2057 4093 2160 4134 non

556 4195 735 4261 nostis,
758 4192 980 4248 maxime
1008 4189 1060 4242 in
1097 4199 1315 4258 persona
1344 4182 1555 4238 deorum
1578 4171 2013 4242 vestrorum,_ipsi
2038 4185 2163 4242 quo-

557 4303 654 4360 que
690 4287 837 4357 impii
880 4277 1346 4355 deprehenduntur.
1391 4271 1642 4336 Mentior,
1672 4268 1716 4323 si
1755 4279 2013 4334 nunquam
2040 4277 2160 4318 cen-

561 4357 767 4440 suerant
800 4395 864 4435 ne
885 4377 970 4450 qui
1009 4375 1287 4444 imperator
1309 4372 1510 4443 fanum,
1543 4363 1679 4437 quod
1699 4363 1754 4418 in
1781 4360 1958 4434 prwlio
1995 4357 2162 4414 vovis-

561 4483 656 4540 set,
695 4473 837 4545 prius
863 4468 1166 4534 dedicasset,
1193 4479 1344 4537 quam
1376 4469 1580 4518 senatus
1604 4457 1885 4531 probasset,
1917 4462 1972 4509 ut
1998 4452 2166 4510 conti-

2229 1845 2464 1900 Laudata
2491 1827 2766 1900 enimvero
2797 1856 2825 1896 a
2855 1840 3117 1896 Cicerone
3142 1837 3226 1894 lex
3252 1834 3511 1894 Romanis
3541 1834 3850 1904 imperato-

2237 1938 2386 1994 ribus
2435 1937 2594 2008 longe
2633 1934 2893 1991 vetustior
2922 1943 3023 1990 est.
3056 1931 3192 2001 Quid
3223 1946 3352 2008 ergo
3377 1970 3393 1996 ,
3426 1927 3470 1987 si
3501 1926 3746 1982 dicamus
3778 1923 3854 1980 ab

2241 2030 2477 2086 Auctore
2509 2003 2694 2082 nostro
2740 2024 3079 2102 imperatoris
3131 2003 3350 2078 nomine
3396 2017 3656 2092 appellari
3705 2031 3856 2086 pra:-

2236 2124 2430 2182 feetum
2476 2121 2744 2180 exercitus
2765 2164 2779 2187 ,
2808 2129 2898 2174 aut
2925 2117 3202 2176 consulem
3241 2115 3382 2172 illius
3411 2111 3629 2188 ducem?
3663 2109 3856 2165 Emi-

2235 2219 2341 2276 lius
2369 2226 2549 2273 autem
2584 2215 2788 2272 Probus
2820 2215 3042 2286 hujusce
3089 2210 3223 2284 legis
3256 2211 3494 2282 ignarus,
3523 2216 3615 2261 aut
3643 2205 3716 2261 de
3754 2205 3856 2259 illa

2239 2313 2290 2368 in
2312 2310 2526 2381 ancipiti
2558 2308 2724 2382 praelii
2759 2306 2968 2364 fortuna
2995 2305 3125 2361 nihil
3155 2305 3417 2376 cogitans,
3446 2300 3589 2356 vovit
3611 2297 3733 2354 fore
3767 2311 3852 2366 ut,

2240 2407 2284 2461 si
2319 2405 2498 2460 hostes
2529 2403 2790 2468 vinceret,
2818 2401 2995 2456 fanum
3025 2406 3366 2456 consecraret
3393 2394 3515 2462 deo,
3542 2390 3859 2448 cui’AIbnr-

2242 2515 2310 2555 no
2339 2513 2536 2554 nomen
2564 2505 2699 2552 erat.
2733 2496 2840 2555 Sua
2895 2501 3076 2566 autem
3105 2489 3434 2563 experientia
3464 2485 3686 2559 agnovit
3715 2483 3862 2540 illud

2239 2593 2400 2650 nimis
2447 2605 2690 2664 praeceps
2741 2589 2860 2645 sine
2909 2585 3375 2645 senatusconsulto
3423 2581 3586 2662 fuisse
3635 2585 3856 2634 votum.

2243 2685 2524 2746 Prohihuit
2568 2687 2710 2739 enim
2741 2689 2958 2738 senatus
2987 2679 3089 2734 hoc
3120 2677 3302 2745 fanum
3327 2673 3582 2740 aedificari
3601 2716 3616 2739 ,
3651 2685 3857 2743 quem-

2133 2789 2145 2792 ‘
2243 2777 2535 2834 admodum
2595 2785 2783 2846 postea
2829 2771 3130 2846 impedivit,
3164 2787 3232 2828 ne
3259 2769 3528 2834 Christus,
3561 2775 3618 2822 ut
3649 2764 3860 2821 ibidem

2245 2871 2321 2926 ait
2347 2869 2706 2924 Tcrtulliauus
2729 2909 2743 2935 ,
2776 2868 2918 2922 Deus
2963 2864 3398 2928 renuntiaretur;
3451 2858 3662 2920 tametsi
3690 2857 3864 2916 Tibe-

2245 2965 2358 3020 rius
2387 2962 2440 3018 id
2470 2961 2822 3018 vehementer
2851 2961 3166 3032 optavissct.

2319 3057 2450 3126 Quis
2479 3070 2607 3114 vero
2635 3057 2705 3114 sit
2742 3055 2832 3112 ille
2854 3055 2988 3112 deus
3023 3055 3312 3120 Alburnus,
3366 3052 3508 3114 dictu
3539 3048 3724 3121 procul
3753 3047 3864 3104 du—

2171 3170 2216 3234 C
2247 3153 2339 3212 bio
2369 3167 2476 3208 non
2523 3151 2702 3208 minus
2727 3149 2966 3212 difﬁcile.
2999 3149 3140 3206 Rara
3169 3147 3433 3220 siquidem
3463 3144 3604 3218 apud
3635 3153 3862 3200 veteres

2252 3248 2456 3303 mentio
2485 3246 2625 3302 illius
2650 3245 2900 3304 occurrit.
2937 3244 3019 3300 Ex
3057 3243 3281 3314 Virgilio
3309 3252 3486 3297 tamen
3511 3237 3776 3295 discimus
3806 3238 3868 3294 in

2253 3340 2486 3398 Lucania
2514 3337 2653 3410 apud
2681 3337 2911 3400 Silarum
2942 3335 3163 3392 ﬂuvium
3209 3349 3329 3391 esse
3373 3341 3608 3389 montem
3629 3373 3646 3398 ,
3677 3331 3773 3402 qui
3795 3329 3872 3385 ab

2253 3433 2348 3490 illo
2374 3431 2648 3488 Alburnus
2677 3429 2760 3491 bis
2787 3429 3032 3488 versibus
3063 3426 3321 3484 vocatui‘:

2442 3547 2530 3598 Est
2552 3546 2690 3596 lucus
2707 3544 2850 3607 Silari
2873 3545 3002 3594 circa
3025 3543 3318 3607 ilicibusque
3342 3543 3592 3607 virentem

2443 3609 2692 3660 Plurimus
2713 3606 2984 3658 Alburnum
3010 3601 3337 3665 volitans,'cui
3363 3617 3544 3654 nomen
3567 3601 3704 3652 Asilo

2444 3669 2716 3722 Romanum
2739 3679 2838 3731 est,
2855 3669 3070 3720 OEstron
3096 3670 3223 3720 Graii
3249 3676 3450 3718 vertere
3473 3671 3724 3714 vocantes.

3863 3765 3894 3783 /

2651 3773 2875 3844 (VirgiL,
2903 3773 2987 3827 lib.
3011 3781 3064 3825 Ill
3090 3775 3263 3840 Georg.
3284 3785 3326 3822 v.
3355 3769 3445 3819 146
3458 3774 3506 3817 et
3521 3769 3680 3832 seqq.)

2261 3890 2330 3944 At
2387 3889 2434 3944 is
2485 3901 2641 3944 mons
2693 3901 2790 3958 pro
2818 3885 3092 3957 gentilium
3135 3894 3284 3936 more
3311 3881 3659 3932 consecratus
3692 3873 3882 3934 fuerat

2250 3981 2418 4036 alicui
2449 3980 2580 4051 deo,
2613 3979 2700 4035 cui
2721 3979 2948 4042 Alburni
2981 3988 3174 4032 nomen
3199 3968 3600 4039 impositum,et
3620 3965 3876 4024 Metellus

2264 4071 2444 4128 fanum
2491 4087 2685 4129 vovere
2736 4071 2927 4142 potuit.
2957 4067 3143 4138 Neque
3187 4061 3423 4125 mireris.
3465 4060 3513 4114 si
3546 4075 3688 4120 nunc
3731 4060 3876 4116 deus

2263 4167 2356 4223 ille
2385 4167 2454 4221 sit
2480 4165 2797 4236 incognitus;
2823 4160 3238 4233 topicusquippc
3263 4155 3398 4218 deus
3423 4163 3558 4212 erat.
3589 4158 3656 4213 At
3689 4153 3742 4208 hi
3772 4154 3872 4220 dii,

2266 4267 2323 4315 ut
2345 4258 2594 4314 observat
2619 4257 2856 4322 Servius,
2882 4271 2989 4314 non
3022 4251 3318 4308 transibant
3337 4249 3404 4308 ad
3433 4248 3568 4306 alias
3595 4248 3871 4319 regiones,

2267 4366 2331 4406 ac
2357 4348 2579 4421 proinde
2601 4348 2688 4404 vix
2717 4347 2854 4412 aliis,
2889 4360 3045 4416 quam
3067 4346 3308 4402 locorum
3339 4341 3531 4400 incolis
3557 4341 3668 4397 noti
3688 4350 3870 4400 erant.

2270 4446 2472 4520 (Serv.,
2501 4447 2553 4501 in
2583 4445 2672 4502 lib.
2703 4443 2798 4503 VII
2826 4441 3071 4515 ﬁneid.)

561 4532 745 4642 git-bi.
772 4563 992 4622 Emilio
1013 4532 1216 4626 Probo,
1241 4557 1326 4631 qui
1352 4564 1554 4611 voverat
1585 4552 1811 4608 Alburno
1831 4548 1947 4606 deo.
1979 4546 2164 4617 Utique
2189 4575 2244 4638 Β
2345 4543 2459 4598 Duo
2486 4551 2665 4598 autem
2692 4549 3004 4614 argumenta
3034 4546 3217 4595 contra
3245 4536 3486 4594 ethnicos
3509 4532 3875 4592 Tertullianus

564 4663 698 4720 enim
723 4659 1114 4734 impiissimum,
1157 4655 1258 4708 imo
1293 4647 1864 4712 contttmeliosissimttnt
1887 4642 2166 4706 admissum
2189 4627 2237 4684 Τ
2274 4635 2398 4695 inde
2425 4635 2584 4692 eruit.
2619 4635 2798 4721 Primo
2827 4635 2970 4691 enim
3018 4633 3141 4690 inde
3169 4630 3565 4689 evidentissima
3601 4627 3878 4684 concludit

565 4767 640 4814 est
657 4798 672 4824 ,
699 4757 756 4811 in
779 4751 988 4809 arbitrio
1016 4756 1063 4806 et
1095 4745 1304 4804 libidine
1329 4741 1588 4800 sententia:
1614 4740 1855 4796 humana:
1879 4735 2048 4800 locare
2071 4733 2169 4788 ho-

567 4865 744 4906 norem
779 4844 1090 4912 divinitatis,
1125 4849 1181 4896 ut
1207 4839 1330 4900 deus
1357 4852 1458 4892 non
1484 4835 1570 4902 sit,
1611 4832 1712 4892 nisi
1732 4830 1815 4887 cui
1844 4845 1952 4886 esse
1980 4827 2172 4900 permi-

577 4942 696 5000 serit
714 4952 916 4998 senatus
948 4933 1211 5010 (Tertull,
1237 4931 1324 4987 lib.
1353 4929 1464 5006 lad
1486 4926 1726 4994 Nation.,
1753 4940 1800 4978 c.
1831 4923 1922 4990 10,
1945 4939 1998 4994 p.
2021 4921 2170 4992 575).

569 5035 678 5094 Sed
704 5035 822 5090 hinc
851 5031 942 5087 ille
971 5028 1186 5086 brevius
1204 5025 1260 5082 in
1290 5021 1636 5094 Apologetico
1662 5031 1800 5074 suo:
1844 5013 1997 5072 Vetus
2017 5055 2031 5080 ,
2063 5014 2172 5080 ait,
2203 5062 2210 5068 .

574 5137 680 5186 erat
705 5129 978 5192 decretum,
1009 5139 1072 5178 ne
1097 5120 1184 5192 qui
1205 5119 1328 5185 deus
1354 5114 1416 5170 ab
1442 5115 1748 5185 imperatore
1774 5115 2170 5173 consecraretur,

571 5225 674 5283 nisi
701 5241 732 5280 a
751 5231 927 5279 senatu
947 5219 1209 5299 probatus.
1263 5211 1374 5272 Scit
1397 5209 1451 5268 Μ
1463 5249 1473 5260 .
1499 5205 1746 5270 Αῐιηέιίιιε
1769 5203 1831 5278 de
1845 5202 1938 5258 deo
1959 5217 2051 5280 suo
2081 5198 2177 5254 Al-

579 5318 761 5373 burno.
798 5314 948 5371 Facit
971 5293 1066 5366 hoc
1095 5308 1162 5363 ad
1185 5320 1421 5362 caussam
1447 5309 1808 5370 nostram,quo
1829 5295 1972 5367 apud
2004 5309 2089 5348 vos
2115 5293 2180 5346 de

577 5413 802 5468 humano
848 5406 1096 5463 arbitratu
1152 5399 1389 5455 divinitas
1452 5393 1752 5466 pensitatur.
1817 5386 1934 5444 Nisi
1985 5385 2180 5440 homini

520 5497 526 5500 ”
579 5506 704 5560 deus
734 5503 1000 5576 placuerit,
1033 5497 1158 5552 deus
1186 5509 1287 5548 non
1321 5490 1453 5555 erit;
1485 5488 1635 5542 homo
1665 5485 1778 5556 jam
1812 5481 1906 5536 deo
1928 5479 2181 5552 propitius

579 5615 686 5656 esse
705 5573 894 5652 debebit
917 5592 936 5665 (
956 5591 1124 5655 Idem,
1160 5585 1454 5660 Apologet.,
1483 5599 1600 5654 cap.
1634 5580 1686 5646 5,
1717 5597 1769 5652 ρ.
1799 5575 1950 5650 290).
1977 5575 2032 5630 In
2058 5573 2179 5645 qni-

580 5690 806 5748 busdam
837 5701 966 5764 vero
989 5679 1378 5754 antiquioribus
1397 5672 1722 5732 cditionibus
1745 5685 1842 5742 pro
1867 5669 1951 5725 his
1964 5667 2142 5736 verbis
2163 5705 2178 5732 ,

579 5785 690 5843 Scit
723 5781 800 5839 Μ.
831 5777 1103 5845 zEmilius,
1143 5773 1366 5833 habetur
1395 5777 1450 5828 nt
1481 5765 1692 5829 Marcus
1718 5763 1991 5833 xEmilius;
2021 5769 2182 5834 atque

2273 4729 2405 4786 deos
2429 4729 2702 4800 gentilium
2733 4711 2903 4784 factos
2931 4741 3052 4783 esse
3094 4740 3191 4796 pro
3215 4723 3492 4780 hominum
3518 4721 3796 4777 voluntate
3822 4729 3879 4776 et

2275 4823 2570 4886 arbitratu,
2607 4831 2764 4893 atque
2805 4821 3005 4877 idcirco
3032 4818 3234 4874 nullum
3264 4832 3423 4888 posse
3448 4814 3724 4887 gentilium
3755 4827 3880 4870 esse

2279 4916 2438 4972 deum
2459 4959 2473 4982 ,
2505 4916 2608 4972 nisi
2649 4914 2848 4971 homini
2879 4912 3157 4985 placuerit.
3197 4910 3358 4982 Atqui
3393 4923 3600 4966 summa
3628 4907 3880 4978 impietas

2279 5019 2363 5065 est
2390 5009 2484 5066 ulli
2530 5023 2625 5080 pro
2664 5008 2939 5063 hominum
2983 5004 3203 5060 arbitrio
3245 5003 3482 5060 tribuere
3517 5001 3876 5058 divinitatem.

2279 5103 2453 5160 Verus
2477 5101 2736 5173 siquidem
2779 5100 2920 5155 Deus
2954 5113 2984 5154 a
3013 5112 3072 5153 se
3114 5099 3228 5170 ipso
3271 5108 3325 5172 et
3388 5097 3730 5168 omnipotens
3759 5103 3880 5161 est,

2280 5208 2442 5270 atque
2467 5197 2589 5252 ideo
2627 5195 2756 5251 nulli
2784 5194 3074 5262 subjectus,
3097 5193 3190 5249 sed
3223 5193 3295 5250 illi
3340 5192 3582 5263 subjecta
3609 5199 3737 5248 sunt
3762 5204 3885 5246 omo

2282 5296 2392 5350 nia.
2418 5291 2628 5351 Ethnici
2657 5304 2785 5362 ergo
2817 5288 2957 5344 nulla
2989 5289 3358 5360 prorsuslege.
3389 5285 3488 5342 nisi
3519 5285 3881 5358 iniquissima,

2284 5388 2580 5444 decernere
2613 5390 2920 5454 potuerunt,
2963 5391 3020 5437 ut
3047 5376 3366 5446 Christiani,
3397 5379 3599 5451 rejecto
3642 5378 3754 5434 veri
3789 5377 3887 5433 Dei

2286 5480 2454 5544 cultu,
2489 5471 2656 5533 factos
2681 5475 2747 5532 ab
2769 5474 3073 5532 hominibus
3098 5474 3228 5530 deos
3250 5472 3556 5541 adorarent,
3575 5485 3732 5527 secus
3753 5485 3888 5525 vero

2286 5574 2360 5630 illi
2393 5573 2554 5628 etiam
2583 5569 2806 5626 inauditi
2838 5568 3286 5624 interficerentur.
3311 5565 3559 5622 Secundo
3588 5563 3710 5620 inde
3734 5561 3892 5619 colli-

2284 5667 2362 5738 git
2381 5663 2739 5722 Tertullianus
2763 5671 2910 5719 vetus
2936 5659 3066 5716 illud
3091 5660 3156 5718 de
3186 5659 3344 5716 novis
3367 5657 3468 5715 diis
3497 5673 3605 5714 non
3637 5655 3890 5714 introdu-

2287 5757 2472 5818 ccndis
2501 5756 2776 5816 decretum
2807 5756 2874 5815 ab
2905 5754 3145 5828 ipsismet
3174 5751 3459 5826 gentilibus
3485 5747 3762 5816 violatura,
3796 5747 3891 5820 qui
