  <div class='ocr_page' id='page_1' title='image "/cluster/home/n/w/nwhite01/storage/ocr_20150623/1/hvd.32044015466733/529.png"; bbox 0 0 4076 6356; ppageno 0'>
   <div class='ocr_carea' id='block_1_1' title="bbox 461 173 604 232">
    <p class='ocr_par' dir='ltr' id='par_1_1' title="bbox 461 173 604 232">
     <span class='ocr_line' id='line_1_1' title="bbox 461 173 604 232; baseline 0.007 -2"><span class='ocrx_word' id='word_1_1' title='bbox 461 175 488 230; x_wconf 81' lang='grc'><strong>1</strong></span> <span class='ocrx_word' id='word_1_2' title='bbox 499 173 604 232; x_wconf 87' lang='grc'><strong>007</strong></span> 
     </span>
    </p>
   </div>
   <div class='ocr_carea' id='block_1_2' title="bbox 1537 169 2689 231">
    <p class='ocr_par' dir='ltr' id='par_1_2' title="bbox 1537 169 2689 231">
     <span class='ocr_line' id='line_1_2' title="bbox 1537 169 2689 231; baseline 0.002 -5"><span class='ocrx_word' id='word_1_3' title='bbox 1537 171 1605 229; x_wconf 88' lang='lat' dir='ltr'><strong>IN</strong></span> <span class='ocrx_word' id='word_1_4' title='bbox 1647 169 2112 230; x_wconf 77' lang='lat' dir='ltr'><strong>TERTULLIANI</strong></span> <span class='ocrx_word' id='word_1_5' title='bbox 2148 169 2689 231; x_wconf 81' lang='lat' dir='ltr'><strong>APOLOGETICUM</strong></span> 
     </span>
    </p>
   </div>
   <div class='ocr_carea' id='block_1_3' title="bbox 3618 177 3755 234">
    <p class='ocr_par' dir='ltr' id='par_1_3' title="bbox 3618 177 3755 234">
     <span class='ocr_line' id='line_1_3' title="bbox 3618 177 3755 234; baseline 0.015 -2"><span class='ocrx_word' id='word_1_6' title='bbox 3618 177 3755 234; x_wconf 69' lang='lat'><strong>1008</strong></span> 
     </span>
    </p>
   </div>
   <div class='ocr_carea' id='block_1_4' title="bbox 453 284 3763 364">
    <p class='ocr_par' dir='ltr' id='par_1_4' title="bbox 453 284 3763 364">
     <span class='ocr_line' id='line_1_4' title="bbox 453 284 3763 364; baseline 0.001 -19"><span class='ocrx_word' id='word_1_7' title='bbox 453 307 490 344; x_wconf 80' lang='grc' dir='ltr'><em>α</em></span> <span class='ocrx_word' id='word_1_8' title='bbox 521 288 727 345; x_wconf 87' lang='lat' dir='ltr'><strong>Nerone</strong></span> <span class='ocrx_word' id='word_1_9' title='bbox 754 289 1052 342; x_wconf 85' lang='lat' dir='ltr'><strong>damnatum</strong></span> <span class='ocrx_word' id='word_1_10' title='bbox 1095 284 1288 358; x_wconf 82' lang='lat' dir='ltr'><strong>(Idem,</strong></span> <span class='ocrx_word' id='word_1_11' title='bbox 1306 284 1539 355; x_wconf 87' lang='lat' dir='ltr'><strong>ibidem).</strong></span> <span class='ocrx_word' id='word_1_12' title='bbox 1605 284 1712 341; x_wconf 88' lang='lat' dir='ltr'><strong>Sed</strong></span> <span class='ocrx_word' id='word_1_13' title='bbox 1755 285 1868 342; x_wconf 67' lang='lat' dir='ltr'><strong>haec</strong></span> <span class='ocrx_word' id='word_1_14' title='bbox 1903 285 2062 357; x_wconf 92' lang='lat' dir='ltr'><strong>paulo</strong></span> <span class='ocrx_word' id='word_1_15' title='bbox 2087 287 2143 350; x_wconf 83' lang='grc' dir='ltr'>Α</span> <span class='ocrx_word' id='word_1_16' title='bbox 2166 288 2435 344; x_wconf 86' lang='lat' dir='ltr'><strong>nabantur</strong></span> <span class='ocrx_word' id='word_1_17' title='bbox 2463 302 2605 345; x_wconf 87' lang='lat' dir='ltr'><strong>vano</strong></span> <span class='ocrx_word' id='word_1_18' title='bbox 2627 289 2947 354; x_wconf 88' lang='lat' dir='ltr'><strong>edictorum,</strong></span> <span class='ocrx_word' id='word_1_19' title='bbox 2978 291 3046 348; x_wconf 88' lang='lat' dir='ltr'><strong>ab</strong></span> <span class='ocrx_word' id='word_1_20' title='bbox 3069 291 3152 348; x_wconf 90' lang='lat' dir='ltr'><strong>his</strong></span> <span class='ocrx_word' id='word_1_21' title='bbox 3179 291 3594 364; x_wconf 79' lang='lat' dir='ltr'><strong>imperatoribus</strong></span> <span class='ocrx_word' id='word_1_22' title='bbox 3614 293 3763 350; x_wconf 86' lang='lat' dir='ltr'><strong>dato-</strong></span> 
     </span>
    </p>
   </div>
   <div class='ocr_carea' id='block_1_5' title="bbox 457 376 2061 454">
    <p class='ocr_par' dir='ltr' id='par_1_5' title="bbox 457 376 2061 454">
     <span class='ocr_line' id='line_1_5' title="bbox 457 376 2061 454; baseline -0.003 -15"><span class='ocrx_word' id='word_1_23' title='bbox 457 381 631 440; x_wconf 79' lang='lat' dir='ltr'><strong>lusius</strong></span> <span class='ocrx_word' id='word_1_24' title='bbox 672 380 1012 454; x_wconf 76' lang='lat' dir='ltr'><strong>prosequitur</strong></span> <span class='ocrx_word' id='word_1_25' title='bbox 1054 379 1106 434; x_wconf 91' lang='lat' dir='ltr'><strong>in</strong></span> <span class='ocrx_word' id='word_1_26' title='bbox 1152 393 1250 434; x_wconf 90' lang='lat' dir='ltr'><strong>suo</strong></span> <span class='ocrx_word' id='word_1_27' title='bbox 1301 379 1370 431; x_wconf 88' lang='lat' dir='ltr'><strong>ad</strong></span> <span class='ocrx_word' id='word_1_28' title='bbox 1425 376 1672 433; x_wconf 74' lang='lat' dir='ltr'><strong>Nationes</strong></span> <span class='ocrx_word' id='word_1_29' title='bbox 1728 379 1907 434; x_wconf 87' lang='lat' dir='ltr'><strong>libro:</strong></span> <span class='ocrx_word' id='word_1_30' title='bbox 1952 379 2061 435; x_wconf 86' lang='lat' dir='ltr'><strong>Sub</strong></span> 
     </span>
    </p>
   </div>
   <div class='ocr_carea' id='block_1_6' title="bbox 458 469 2062 543">
    <p class='ocr_par' dir='ltr' id='par_1_6' title="bbox 458 469 2062 543">
     <span class='ocr_line' id='line_1_6' title="bbox 458 469 2062 543; baseline -0.002 -13"><span class='ocrx_word' id='word_1_31' title='bbox 458 473 690 538; x_wconf 84' lang='lat' dir='ltr'><strong><em>Nerone,</em></strong></span> <span class='ocrx_word' id='word_1_32' title='bbox 721 472 909 542; x_wconf 88' lang='lat' dir='ltr'><strong>inquit,</strong></span> <span class='ocrx_word' id='word_1_33' title='bbox 941 471 1200 526; x_wconf 72' lang='lat' dir='ltr'><strong>damnatio</strong></span> <span class='ocrx_word' id='word_1_34' title='bbox 1229 469 1464 535; x_wconf 84' lang='lat' dir='ltr'><strong>invaluit,</strong></span> <span class='ocrx_word' id='word_1_35' title='bbox 1488 481 1544 525; x_wconf 92' lang='lat' dir='ltr'><strong>ut</strong></span> <span class='ocrx_word' id='word_1_36' title='bbox 1566 473 1680 543; x_wconf 84' lang='lat' dir='ltr'><strong>jam</strong></span> <span class='ocrx_word' id='word_1_37' title='bbox 1711 472 1828 529; x_wconf 87' lang='lat' dir='ltr'><strong>hinc</strong></span> <span class='ocrx_word' id='word_1_38' title='bbox 1855 473 1917 526; x_wconf 90' lang='lat' dir='ltr'><strong>de</strong></span> <span class='ocrx_word' id='word_1_39' title='bbox 1942 489 2062 543; x_wconf 89' lang='lat' dir='ltr'><strong>per-</strong></span> 
     </span>
    </p>
   </div>
   <div class='ocr_carea' id='block_1_7' title="bbox 458 563 2062 638">
    <p class='ocr_par' dir='ltr' id='par_1_7' title="bbox 458 563 2062 638">
     <span class='ocr_line' id='line_1_7' title="bbox 458 563 2062 638; baseline -0.003 -14"><span class='ocrx_word' id='word_1_40' title='bbox 458 585 590 624; x_wconf 90' lang='lat' dir='ltr'><strong>sona</strong></span> <span class='ocrx_word' id='word_1_41' title='bbox 616 566 947 638; x_wconf 75' lang='lat' dir='ltr'><strong>persecutoris</strong></span> <span class='ocrx_word' id='word_1_42' title='bbox 974 563 1283 636; x_wconf 86' lang='lat' dir='ltr'><strong>ponderetis.</strong></span> <span class='ocrx_word' id='word_1_43' title='bbox 1316 563 1378 619; x_wconf 88' lang='lat' dir='ltr'><strong>Si</strong></span> <span class='ocrx_word' id='word_1_44' title='bbox 1415 565 1532 633; x_wconf 88' lang='lat' dir='ltr'><strong>pius</strong></span> <span class='ocrx_word' id='word_1_45' title='bbox 1560 565 1649 619; x_wconf 87' lang='lat' dir='ltr'><strong>ille</strong></span> <span class='ocrx_word' id='word_1_46' title='bbox 1675 567 1930 636; x_wconf 78' lang='lat' dir='ltr'><strong>princeps,</strong></span> <span class='ocrx_word' id='word_1_47' title='bbox 1963 566 2062 619; x_wconf 89' lang='lat' dir='ltr'><strong>im-</strong></span> 
     </span>
    </p>
   </div>
   <div class='ocr_carea' id='block_1_8' title="bbox 461 659 2066 731">
    <p class='ocr_par' dir='ltr' id='par_1_8' title="bbox 461 659 2066 731">
     <span class='ocr_line' id='line_1_8' title="bbox 461 659 2066 731; baseline -0.004 -15"><span class='ocrx_word' id='word_1_48' title='bbox 461 660 539 731; x_wconf 93' lang='lat' dir='ltr'><strong>pii</strong></span> <span class='ocrx_word' id='word_1_49' title='bbox 577 660 856 716; x_wconf 83' lang='lat' dir='ltr'><strong>Christiani</strong></span> <span class='ocrx_word' id='word_1_50' title='bbox 871 660 961 725; x_wconf 87' lang='lat' dir='ltr'><strong>;si</strong></span> <span class='ocrx_word' id='word_1_51' title='bbox 1002 659 1196 730; x_wconf 88' lang='lat' dir='ltr'><strong>justus,</strong></span> <span class='ocrx_word' id='word_1_52' title='bbox 1249 659 1292 712; x_wconf 90' lang='lat' dir='ltr'><strong>si</strong></span> <span class='ocrx_word' id='word_1_53' title='bbox 1345 667 1532 722; x_wconf 86' lang='lat' dir='ltr'><strong>castus,</strong></span> <span class='ocrx_word' id='word_1_54' title='bbox 1574 659 1752 724; x_wconf 83' lang='lat' dir='ltr'><strong>iniusti</strong></span> <span class='ocrx_word' id='word_1_55' title='bbox 1793 668 1838 712; x_wconf 87' lang='lat' dir='ltr'><strong>et</strong></span> <span class='ocrx_word' id='word_1_56' title='bbox 1888 659 2066 712; x_wconf 76' lang='lat' dir='ltr'><strong>incesti</strong></span> 
     </span>
    </p>
   </div>
   <div class='ocr_carea' id='block_1_9' title="bbox 459 751 2064 823">
    <p class='ocr_par' dir='ltr' id='par_1_9' title="bbox 459 751 2064 823">
     <span class='ocr_line' id='line_1_9' title="bbox 459 751 2064 823; baseline -0.005 -11"><span class='ocrx_word' id='word_1_57' title='bbox 459 755 777 819; x_wconf 83' lang='lat' dir='ltr'><strong>Christiani;</strong></span> <span class='ocrx_word' id='word_1_58' title='bbox 807 753 852 808; x_wconf 90' lang='lat' dir='ltr'><strong>si</strong></span> <span class='ocrx_word' id='word_1_59' title='bbox 880 769 980 808; x_wconf 91' lang='lat' dir='ltr'><strong>non</strong></span> <span class='ocrx_word' id='word_1_60' title='bbox 1013 752 1170 807; x_wconf 88' lang='lat' dir='ltr'><strong>hostis</strong></span> <span class='ocrx_word' id='word_1_61' title='bbox 1199 752 1454 823; x_wconf 87' lang='lat' dir='ltr'><strong>publicus,</strong></span> <span class='ocrx_word' id='word_1_62' title='bbox 1482 768 1573 806; x_wconf 90' lang='lat' dir='ltr'><strong>nos</strong></span> <span class='ocrx_word' id='word_1_63' title='bbox 1621 751 1808 820; x_wconf 82' lang='lat' dir='ltr'><strong>publici</strong></span> <span class='ocrx_word' id='word_1_64' title='bbox 1855 752 2021 805; x_wconf 80' lang='lat' dir='ltr'><strong>hostes</strong></span> <span class='ocrx_word' id='word_1_65' title='bbox 2045 767 2064 818; x_wconf 88' lang='lat'><strong><em>;</em></strong></span> 
     </span>
    </p>
   </div>
   <div class='ocr_carea' id='block_1_10' title="bbox 457 843 2067 921">
    <p class='ocr_par' dir='ltr' id='par_1_10' title="bbox 457 843 2067 921">
     <span class='ocr_line' id='line_1_10' title="bbox 457 843 2067 921; baseline -0.002 -19"><span class='ocrx_word' id='word_1_66' title='bbox 457 849 636 921; x_wconf 78' lang='lat' dir='ltr'><strong>quales</strong></span> <span class='ocrx_word' id='word_1_67' title='bbox 702 848 863 902; x_wconf 88' lang='lat' dir='ltr'><strong>simus</strong></span> <span class='ocrx_word' id='word_1_68' title='bbox 920 847 1193 900; x_wconf 89' lang='lat' dir='ltr'><strong>damnator</strong></span> <span class='ocrx_word' id='word_1_69' title='bbox 1254 844 1343 900; x_wconf 89' lang='lat' dir='ltr'><strong>ille</strong></span> <span class='ocrx_word' id='word_1_70' title='bbox 1409 843 1811 909; x_wconf 83' lang='lat' dir='ltr'><strong>demonstravit,</strong></span> <span class='ocrx_word' id='word_1_71' title='bbox 1893 844 2067 913; x_wconf 79' lang='lat' dir='ltr'><strong>utique</strong></span> 
     </span>
    </p>
   </div>
   <div class='ocr_carea' id='block_1_11' title="bbox 453 936 2066 1007">
    <p class='ocr_par' dir='ltr' id='par_1_11' title="bbox 453 936 2066 1007">
     <span class='ocr_line' id='line_1_11' title="bbox 453 936 2066 1007; baseline -0.004 -9"><span class='ocrx_word' id='word_1_72' title='bbox 453 941 678 1005; x_wconf 62' lang='lat' dir='ltr'><strong>aemula,</strong></span> <span class='ocrx_word' id='word_1_73' title='bbox 740 939 791 994; x_wconf 91' lang='lat' dir='ltr'><strong>id</strong></span> <span class='ocrx_word' id='word_1_74' title='bbox 857 946 962 1005; x_wconf 88' lang='lat' dir='ltr'><strong>est,</strong></span> <span class='ocrx_word' id='word_1_75' title='bbox 1014 937 1316 994; x_wconf 88' lang='lat' dir='ltr'><strong>contrarias</strong></span> <span class='ocrx_word' id='word_1_76' title='bbox 1370 937 1616 1007; x_wconf 87' lang='lat' dir='ltr'><strong>pessimis</strong></span> <span class='ocrx_word' id='word_1_77' title='bbox 1672 938 1784 992; x_wconf 89' lang='lat' dir='ltr'><strong>suis</strong></span> <span class='ocrx_word' id='word_1_78' title='bbox 1827 936 2066 992; x_wconf 89' lang='lat' dir='ltr'><strong>moribus</strong></span> 
     </span>
    </p>
   </div>
   <div class='ocr_carea' id='block_1_12' title="bbox 449 1027 2060 1104">
    <p class='ocr_par' dir='ltr' id='par_1_12' title="bbox 449 1027 2060 1104">
     <span class='ocr_line' id='line_1_12' title="bbox 449 1027 2060 1104; baseline -0.003 -14"><span class='ocrx_word' id='word_1_79' title='bbox 449 1034 678 1090; x_wconf 75' lang='lat' dir='ltr'><strong>virtutes</strong></span> <span class='ocrx_word' id='word_1_80' title='bbox 703 1033 937 1104; x_wconf 88' lang='lat' dir='ltr'><strong>puniens.</strong></span> <span class='ocrx_word' id='word_1_81' title='bbox 971 1027 1038 1085; x_wconf 86' lang='lat' dir='ltr'><strong>Et</strong></span> <span class='ocrx_word' id='word_1_82' title='bbox 1081 1041 1248 1085; x_wconf 86' lang='lat' dir='ltr'><strong>tamen</strong></span> <span class='ocrx_word' id='word_1_83' title='bbox 1279 1032 1588 1100; x_wconf 85' lang='lat' dir='ltr'><strong>permansit,</strong></span> <span class='ocrx_word' id='word_1_84' title='bbox 1617 1032 1774 1085; x_wconf 85' lang='lat' dir='ltr'><strong>erasis</strong></span> <span class='ocrx_word' id='word_1_85' title='bbox 1797 1031 2024 1086; x_wconf 85' lang='lat' dir='ltr'><strong>omnibus</strong></span> <span class='ocrx_word' id='word_1_86' title='bbox 2046 1072 2060 1096; x_wconf 89' lang='lat'><strong>,</strong></span> 
     </span>
    </p>
   </div>
   <div class='ocr_carea' id='block_1_13' title="bbox 450 1122 2065 1195">
    <p class='ocr_par' dir='ltr' id='par_1_13' title="bbox 450 1122 2065 1195">
     <span class='ocr_line' id='line_1_13' title="bbox 450 1122 2065 1195; baseline -0.002 -14"><span class='ocrx_word' id='word_1_87' title='bbox 450 1128 549 1182; x_wconf 84' lang='lat' dir='ltr'><strong>Itoc</strong></span> <span class='ocrx_word' id='word_1_88' title='bbox 591 1125 756 1180; x_wconf 88' lang='lat' dir='ltr'><strong>solum</strong></span> <span class='ocrx_word' id='word_1_89' title='bbox 784 1125 1072 1179; x_wconf 87' lang='lat' dir='ltr'><strong>institutum</strong></span> <span class='ocrx_word' id='word_1_90' title='bbox 1102 1122 1479 1188; x_wconf 82' lang='lat' dir='ltr'><strong><em>Neronianum,</em></strong></span> <span class='ocrx_word' id='word_1_91' title='bbox 1503 1124 1702 1195; x_wconf 84' lang='lat' dir='ltr'><strong>justum</strong></span> <span class='ocrx_word' id='word_1_92' title='bbox 1740 1123 1974 1194; x_wconf 85' lang='lat' dir='ltr'><strong>denique,</strong></span> <span class='ocrx_word' id='word_1_93' title='bbox 2009 1133 2065 1178; x_wconf 87' lang='lat' dir='ltr'><strong>ut</strong></span> 
     </span>
    </p>
   </div>
   <div class='ocr_carea' id='block_1_14' title="bbox 389 1214 2060 1288">
    <p class='ocr_par' dir='ltr' id='par_1_14' title="bbox 389 1214 2060 1288">
     <span class='ocr_line' id='line_1_14' title="bbox 389 1214 2060 1288; baseline 0 -16"><span class='ocrx_word' id='word_1_94' title='bbox 389 1238 400 1247; x_wconf 58' lang='grc' dir='ltr'><strong>κ</strong></span> <span class='ocrx_word' id='word_1_95' title='bbox 451 1217 702 1274; x_wconf 80' lang='lat' dir='ltr'><strong>dissimile</strong></span> <span class='ocrx_word' id='word_1_96' title='bbox 721 1217 803 1271; x_wconf 88' lang='lat' dir='ltr'><strong>sui</strong></span> <span class='ocrx_word' id='word_1_97' title='bbox 833 1215 1058 1272; x_wconf 77' lang='lat' dir='ltr'><strong>auctoris</strong></span> <span class='ocrx_word' id='word_1_98' title='bbox 1085 1214 1281 1287; x_wconf 84' lang='lat' dir='ltr'><strong>(Idem,</strong></span> <span class='ocrx_word' id='word_1_99' title='bbox 1314 1216 1450 1272; x_wconf 90' lang='lat' dir='ltr'><strong>lib.l</strong></span> <span class='ocrx_word' id='word_1_100' title='bbox 1492 1217 1561 1270; x_wconf 89' lang='lat' dir='ltr'><strong>ad</strong></span> <span class='ocrx_word' id='word_1_101' title='bbox 1592 1215 1832 1283; x_wconf 85' lang='lat' dir='ltr'><strong>Nation.,</strong></span> <span class='ocrx_word' id='word_1_102' title='bbox 1861 1234 1976 1288; x_wconf 90' lang='lat' dir='ltr'><strong>cap.</strong></span> <span class='ocrx_word' id='word_1_103' title='bbox 2007 1217 2060 1285; x_wconf 90' lang='lat'><strong><em>7,</em></strong></span> 
     </span>
    </p>
   </div>
   <div class='ocr_carea' id='block_1_15' title="bbox 451 1309 708 1384">
    <p class='ocr_par' dir='ltr' id='par_1_15' title="bbox 451 1309 708 1384">
     <span class='ocr_line' id='line_1_15' title="bbox 451 1309 708 1384; baseline -0.008 -18"><span class='ocrx_word' id='word_1_104' title='bbox 451 1330 511 1384; x_wconf 71' lang='grc' dir='ltr'><strong>ρ.</strong></span> <span class='ocrx_word' id='word_1_105' title='bbox 543 1309 708 1380; x_wconf 82' lang='grc'><strong>567).</strong></span> 
     </span>
    </p>
   </div>
   <div class='ocr_carea' id='block_1_16' title="bbox 526 1399 2064 1472">
    <p class='ocr_par' dir='ltr' id='par_1_16' title="bbox 526 1399 2064 1472">
     <span class='ocr_line' id='line_1_16' title="bbox 526 1399 2064 1472; baseline 0 -14"><span class='ocrx_word' id='word_1_106' title='bbox 526 1401 644 1458; x_wconf 86' lang='grc' dir='ltr'><strong>Νυη</strong></span> <span class='ocrx_word' id='word_1_107' title='bbox 670 1409 920 1471; x_wconf 88' lang='lat' dir='ltr'><strong>poterant</strong></span> <span class='ocrx_word' id='word_1_108' title='bbox 959 1399 1117 1471; x_wconf 81' lang='lat' dir='ltr'><strong>igitur</strong></span> <span class='ocrx_word' id='word_1_109' title='bbox 1143 1399 1369 1471; x_wconf 75' lang='lat' dir='ltr'><strong>gentiles</strong></span> <span class='ocrx_word' id='word_1_110' title='bbox 1395 1399 1716 1456; x_wconf 84' lang='lat' dir='ltr'><strong>ChriStianis</strong></span> <span class='ocrx_word' id='word_1_111' title='bbox 1743 1401 1976 1472; x_wconf 89' lang='lat' dir='ltr'><strong>ohjicere</strong></span> <span class='ocrx_word' id='word_1_112' title='bbox 2005 1416 2064 1458; x_wconf 89' lang='lat' dir='ltr'><strong>se</strong></span> 
     </span>
    </p>
   </div>
   <div class='ocr_carea' id='block_1_17' title="bbox 449 1493 2058 1566">
    <p class='ocr_par' dir='ltr' id='par_1_17' title="bbox 449 1493 2058 1566">
     <span class='ocr_line' id='line_1_17' title="bbox 449 1493 2058 1566; baseline -0.001 -15"><span class='ocrx_word' id='word_1_113' title='bbox 449 1494 664 1566; x_wconf 79' lang='lat' dir='ltr'><strong>legibus</strong></span> <span class='ocrx_word' id='word_1_114' title='bbox 715 1494 783 1548; x_wconf 87' lang='lat' dir='ltr'><strong>ab</strong></span> <span class='ocrx_word' id='word_1_115' title='bbox 815 1493 1133 1564; x_wconf 89' lang='lat' dir='ltr'><strong>impiissimo</strong></span> <span class='ocrx_word' id='word_1_116' title='bbox 1190 1493 1281 1548; x_wconf 90' lang='lat' dir='ltr'><strong>illo</strong></span> <span class='ocrx_word' id='word_1_117' title='bbox 1341 1503 1566 1565; x_wconf 85' lang='lat' dir='ltr'><strong>tyranno</strong></span> <span class='ocrx_word' id='word_1_118' title='bbox 1605 1495 1746 1549; x_wconf 88' lang='lat' dir='ltr'><strong>datis</strong></span> <span class='ocrx_word' id='word_1_119' title='bbox 1775 1495 2058 1566; x_wconf 90' lang='lat' dir='ltr'><strong>obstringi.</strong></span> 
     </span>
    </p>
   </div>
   <div class='ocr_carea' id='block_1_18' title="bbox 449 1585 2062 1658">
    <p class='ocr_par' dir='ltr' id='par_1_18' title="bbox 449 1585 2062 1658">
     <span class='ocr_line' id='line_1_18' title="bbox 449 1585 2062 1658; baseline -0.001 -14"><span class='ocrx_word' id='word_1_120' title='bbox 449 1587 634 1645; x_wconf 88' lang='lat' dir='ltr'><strong>Prima</strong></span> <span class='ocrx_word' id='word_1_121' title='bbox 681 1587 880 1658; x_wconf 86' lang='lat' dir='ltr'><strong>quippe</strong></span> <span class='ocrx_word' id='word_1_122' title='bbox 925 1587 1009 1640; x_wconf 83' lang='lat' dir='ltr'><strong>lex</strong></span> <span class='ocrx_word' id='word_1_123' title='bbox 1061 1586 1113 1640; x_wconf 93' lang='lat' dir='ltr'><strong>in</strong></span> <span class='ocrx_word' id='word_1_124' title='bbox 1143 1600 1240 1641; x_wconf 91' lang='lat' dir='ltr'><strong>eos</strong></span> <span class='ocrx_word' id='word_1_125' title='bbox 1268 1586 1472 1641; x_wconf 88' lang='lat' dir='ltr'><strong>sancita</strong></span> <span class='ocrx_word' id='word_1_126' title='bbox 1504 1585 1587 1653; x_wconf 40' lang='lat' dir='ltr'><strong>.ab</strong></span> <span class='ocrx_word' id='word_1_127' title='bbox 1613 1587 1726 1654; x_wconf 92' lang='lat' dir='ltr'><strong>illo,</strong></span> <span class='ocrx_word' id='word_1_128' title='bbox 1759 1587 1851 1658; x_wconf 90' lang='lat' dir='ltr'><strong>qui</strong></span> <span class='ocrx_word' id='word_1_129' title='bbox 1900 1589 2062 1642; x_wconf 90' lang='lat' dir='ltr'><strong>tantis</strong></span> 
     </span>
    </p>
   </div>
   <div class='ocr_carea' id='block_1_19' title="bbox 2165 381 3762 453">
    <p class='ocr_par' dir='ltr' id='par_1_19' title="bbox 2165 381 3762 453">
     <span class='ocr_line' id='line_1_19' title="bbox 2165 381 3762 453; baseline 0.004 -16"><span class='ocrx_word' id='word_1_130' title='bbox 2165 397 2308 448; x_wconf 91' lang='lat' dir='ltr'><strong>rum,</strong></span> <span class='ocrx_word' id='word_1_131' title='bbox 2337 390 2597 453; x_wconf 85' lang='lat' dir='ltr'><strong>praetextu</strong></span> <span class='ocrx_word' id='word_1_132' title='bbox 2627 397 2778 438; x_wconf 86' lang='lat' dir='ltr'><strong>suam</strong></span> <span class='ocrx_word' id='word_1_133' title='bbox 2806 384 2858 438; x_wconf 90' lang='lat' dir='ltr'><strong>in</strong></span> <span class='ocrx_word' id='word_1_134' title='bbox 2880 381 3214 440; x_wconf 88' lang='lat' dir='ltr'><strong>Christianos</strong></span> <span class='ocrx_word' id='word_1_135' title='bbox 3244 401 3508 444; x_wconf 83' lang='lat' dir='ltr'><strong>excusare</strong></span> <span class='ocrx_word' id='word_1_136' title='bbox 3533 387 3762 444; x_wconf 88' lang='lat' dir='ltr'><strong>crudeli-</strong></span> 
     </span>
    </p>
   </div>
   <div class='ocr_carea' id='block_1_20' title="bbox 2166 475 3765 548">
    <p class='ocr_par' dir='ltr' id='par_1_20' title="bbox 2166 475 3765 548">
     <span class='ocr_line' id='line_1_20' title="bbox 2166 475 3765 548; baseline 0.005 -19"><span class='ocrx_word' id='word_1_137' title='bbox 2166 483 2352 530; x_wconf 86' lang='lat' dir='ltr'><strong>tatem.</strong></span> <span class='ocrx_word' id='word_1_138' title='bbox 2386 482 2456 530; x_wconf 80' lang='lat' dir='ltr'><strong>At</strong></span> <span class='ocrx_word' id='word_1_139' title='bbox 2496 475 2564 530; x_wconf 93' lang='lat' dir='ltr'><strong>de</strong></span> <span class='ocrx_word' id='word_1_140' title='bbox 2608 485 2837 548; x_wconf 90' lang='lat' dir='ltr'><strong>utroque</strong></span> <span class='ocrx_word' id='word_1_141' title='bbox 2883 476 2975 532; x_wconf 90' lang='lat' dir='ltr'><strong>illo</strong></span> <span class='ocrx_word' id='word_1_142' title='bbox 3024 478 3350 548; x_wconf 89' lang='lat' dir='ltr'><strong>imperatore</strong></span> <span class='ocrx_word' id='word_1_143' title='bbox 3383 479 3686 535; x_wconf 87' lang='lat' dir='ltr'><strong>Domitiano</strong></span> <span class='ocrx_word' id='word_1_144' title='bbox 3712 490 3765 537; x_wconf 87' lang='lat' dir='ltr'><strong>et</strong></span> 
     </span>
    </p>
   </div>
   <div class='ocr_carea' id='block_1_21' title="bbox 2165 566 3767 643">
    <p class='ocr_par' dir='ltr' id='par_1_21' title="bbox 2165 566 3767 643">
     <span class='ocr_line' id='line_1_21' title="bbox 2165 566 3767 643; baseline 0.003 -20"><span class='ocrx_word' id='word_1_145' title='bbox 2165 566 2400 634; x_wconf 80' lang='lat' dir='ltr'><strong>Nerone,</strong></span> <span class='ocrx_word' id='word_1_146' title='bbox 2426 578 2478 622; x_wconf 89' lang='lat' dir='ltr'><strong>et</strong></span> <span class='ocrx_word' id='word_1_147' title='bbox 2507 579 2772 624; x_wconf 88' lang='lat' dir='ltr'><strong>commota</strong></span> <span class='ocrx_word' id='word_1_148' title='bbox 2799 568 3056 624; x_wconf 89' lang='lat' dir='ltr'><strong>adversus</strong></span> <span class='ocrx_word' id='word_1_149' title='bbox 3076 570 3412 626; x_wconf 87' lang='lat' dir='ltr'><strong>Christianos</strong></span> <span class='ocrx_word' id='word_1_150' title='bbox 3438 572 3767 643; x_wconf 85' lang='lat' dir='ltr'><strong>persecutio-</strong></span> 
     </span>
    </p>
   </div>
   <div class='ocr_carea' id='block_1_22' title="bbox 2168 659 3765 736">
    <p class='ocr_par' dir='ltr' id='par_1_22' title="bbox 2168 659 3765 736">
     <span class='ocr_line' id='line_1_22' title="bbox 2168 659 3765 736; baseline 0.004 -23"><span class='ocrx_word' id='word_1_151' title='bbox 2168 675 2257 727; x_wconf 89' lang='lat' dir='ltr'><strong>ne,</strong></span> <span class='ocrx_word' id='word_1_152' title='bbox 2317 660 2370 714; x_wconf 91' lang='lat' dir='ltr'><strong>in</strong></span> <span class='ocrx_word' id='word_1_153' title='bbox 2426 660 2528 715; x_wconf 89' lang='lat' dir='ltr'><strong>alia</strong></span> <span class='ocrx_word' id='word_1_154' title='bbox 2581 659 2961 716; x_wconf 86' lang='lat' dir='ltr'><strong>dissertatione</strong></span> <span class='ocrx_word' id='word_1_155' title='bbox 2989 661 3385 731; x_wconf 86' lang='lat' dir='ltr'><strong>disputabimus</strong></span> <span class='ocrx_word' id='word_1_156' title='bbox 3431 661 3765 736; x_wconf 78' lang='lat' dir='ltr'><strong>(Infr.,cap.</strong></span> 
     </span>
    </p>
   </div>
   <div class='ocr_carea' id='block_1_23' title="bbox 2169 750 3765 824">
    <p class='ocr_par' dir='ltr' id='par_1_23' title="bbox 2169 750 3765 824">
     <span class='ocr_line' id='line_1_23' title="bbox 2169 750 3765 824; baseline 0.002 -18"><span class='ocrx_word' id='word_1_157' title='bbox 2169 750 2258 813; x_wconf 82' lang='grc'><strong>16,</strong></span> <span class='ocrx_word' id='word_1_158' title='bbox 2306 760 2404 806; x_wconf 89' lang='lat' dir='ltr'><strong>art.</strong></span> <span class='ocrx_word' id='word_1_159' title='bbox 2458 751 2514 818; x_wconf 78' lang='grc' dir='ltr'><strong>ὅ,</strong></span> <span class='ocrx_word' id='word_1_160' title='bbox 2573 750 2788 806; x_wconf 85' lang='lat' dir='ltr'><strong>Dissert.</strong></span> <span class='ocrx_word' id='word_1_161' title='bbox 2840 752 2895 806; x_wconf 91' lang='lat' dir='ltr'><strong>in</strong></span> <span class='ocrx_word' id='word_1_162' title='bbox 2939 750 3067 807; x_wconf 88' lang='lat' dir='ltr'><strong>Luc.</strong></span> <span class='ocrx_word' id='word_1_163' title='bbox 3116 752 3288 808; x_wconf 80' lang='lat' dir='ltr'><strong>Ccecil.</strong></span> <span class='ocrx_word' id='word_1_164' title='bbox 3344 769 3461 824; x_wconf 87' lang='lat' dir='ltr'><strong>cap.</strong></span> <span class='ocrx_word' id='word_1_165' title='bbox 3500 755 3555 822; x_wconf 89' lang='lat'><strong><em>6,</em></strong></span> <span class='ocrx_word' id='word_1_166' title='bbox 3597 763 3696 808; x_wconf 91' lang='lat' dir='ltr'><strong>art.</strong></span> <span class='ocrx_word' id='word_1_167' title='bbox 3737 756 3765 811; x_wconf 82' lang='lat' dir='ltr'><strong>l</strong></span> 
     </span>
    </p>
   </div>
   <div class='ocr_carea' id='block_1_24' title="bbox 2169 843 2340 914">
    <p class='ocr_par' dir='ltr' id='par_1_24' title="bbox 2169 843 2340 914">
     <span class='ocr_line' id='line_1_24' title="bbox 2169 843 2340 914; baseline -0.023 -16"><span class='ocrx_word' id='word_1_168' title='bbox 2169 843 2340 914; x_wconf 64' lang='grc' dir='ltr'><strong>αἳ).</strong></span> 
     </span>
    </p>
   </div>
   <div class='ocr_carea' id='block_1_25' title="bbox 2240 934 3772 1010">
    <p class='ocr_par' dir='ltr' id='par_1_25' title="bbox 2240 934 3772 1010">
     <span class='ocr_line' id='line_1_25' title="bbox 2240 934 3772 1010; baseline 0.003 -20"><span class='ocrx_word' id='word_1_169' title='bbox 2240 934 2528 1000; x_wconf 73' lang='lat' dir='ltr'><strong>Caeterum,</strong></span> <span class='ocrx_word' id='word_1_170' title='bbox 2559 935 2602 989; x_wconf 92' lang='lat' dir='ltr'><strong>si</strong></span> <span class='ocrx_word' id='word_1_171' title='bbox 2643 934 2697 990; x_wconf 91' lang='lat' dir='ltr'><strong>hi</strong></span> <span class='ocrx_word' id='word_1_172' title='bbox 2735 935 2841 991; x_wconf 92' lang='lat' dir='ltr'><strong>dno</strong></span> <span class='ocrx_word' id='word_1_173' title='bbox 2870 937 3181 1008; x_wconf 85' lang='lat' dir='ltr'><strong>nequissimi</strong></span> <span class='ocrx_word' id='word_1_174' title='bbox 3223 937 3577 1008; x_wconf 87' lang='lat' dir='ltr'><strong>imperatores</strong></span> <span class='ocrx_word' id='word_1_175' title='bbox 3608 953 3772 1010; x_wconf 88' lang='lat' dir='ltr'><strong>quas-</strong></span> 
     </span>
    </p>
   </div>
   <div class='ocr_carea' id='block_1_26' title="bbox 2168 1029 3779 1108">
    <p class='ocr_par' dir='ltr' id='par_1_26' title="bbox 2168 1029 3779 1108">
     <span class='ocr_line' id='line_1_26' title="bbox 2168 1029 3779 1108; baseline 0.002 -24"><span class='ocrx_word' id='word_1_176' title='bbox 2168 1029 2291 1085; x_wconf 88' lang='lat' dir='ltr'><strong>dam</strong></span> <span class='ocrx_word' id='word_1_177' title='bbox 2339 1029 2600 1085; x_wconf 88' lang='lat' dir='ltr'><strong>adversus</strong></span> <span class='ocrx_word' id='word_1_178' title='bbox 2644 1030 2982 1088; x_wconf 85' lang='lat' dir='ltr'><strong>Christianos</strong></span> <span class='ocrx_word' id='word_1_179' title='bbox 3025 1032 3366 1108; x_wconf 84' lang='lat' dir='ltr'><strong>sanciverunt</strong></span> <span class='ocrx_word' id='word_1_180' title='bbox 3411 1032 3779 1103; x_wconf 85' lang='lat' dir='ltr'><strong>iniquissimas</strong></span> 
     </span>
    </p>
   </div>
   <div class='ocr_carea' id='block_1_27' title="bbox 2170 1121 3778 1196">
    <p class='ocr_par' dir='ltr' id='par_1_27' title="bbox 2170 1121 3778 1196">
     <span class='ocr_line' id='line_1_27' title="bbox 2170 1121 3778 1196; baseline 0.002 -19"><span class='ocrx_word' id='word_1_181' title='bbox 2170 1121 2316 1192; x_wconf 83' lang='lat' dir='ltr'><strong>leges</strong></span> <span class='ocrx_word' id='word_1_182' title='bbox 2336 1162 2351 1188; x_wconf 94' lang='lat'><strong><em>,</em></strong></span> <span class='ocrx_word' id='word_1_183' title='bbox 2381 1130 2596 1178; x_wconf 88' lang='lat' dir='ltr'><strong>constat</strong></span> <span class='ocrx_word' id='word_1_184' title='bbox 2623 1137 2755 1177; x_wconf 86' lang='lat' dir='ltr'><strong>sane</strong></span> <span class='ocrx_word' id='word_1_185' title='bbox 2783 1123 2949 1190; x_wconf 89' lang='lat' dir='ltr'><strong>alios,</strong></span> <span class='ocrx_word' id='word_1_186' title='bbox 2984 1123 3074 1192; x_wconf 86' lang='lat' dir='ltr'><strong>qui</strong></span> <span class='ocrx_word' id='word_1_187' title='bbox 3103 1123 3280 1178; x_wconf 90' lang='lat' dir='ltr'><strong>medio</strong></span> <span class='ocrx_word' id='word_1_188' title='bbox 3309 1124 3450 1180; x_wconf 89' lang='lat' dir='ltr'><strong>inter</strong></span> <span class='ocrx_word' id='word_1_189' title='bbox 3482 1133 3778 1196; x_wconf 87' lang='lat' dir='ltr'><strong>utrumque</strong></span> 
     </span>
    </p>
   </div>
   <div class='ocr_carea' id='block_1_28' title="bbox 2168 1216 3777 1286">
    <p class='ocr_par' dir='ltr' id='par_1_28' title="bbox 2168 1216 3777 1286">
     <span class='ocr_line' id='line_1_28' title="bbox 2168 1216 3777 1286; baseline 0.001 -14"><span class='ocrx_word' id='word_1_190' title='bbox 2168 1223 2436 1286; x_wconf 85' lang='lat' dir='ltr'><strong>tempore,</strong></span> <span class='ocrx_word' id='word_1_191' title='bbox 2464 1216 2549 1271; x_wconf 88' lang='lat' dir='ltr'><strong>vel</strong></span> <span class='ocrx_word' id='word_1_192' title='bbox 2577 1225 2693 1286; x_wconf 90' lang='lat' dir='ltr'><strong>post</strong></span> <span class='ocrx_word' id='word_1_193' title='bbox 2722 1217 3084 1271; x_wconf 87' lang='lat' dir='ltr'><strong>Domitianum</strong></span> <span class='ocrx_word' id='word_1_194' title='bbox 3115 1217 3180 1272; x_wconf 89' lang='lat' dir='ltr'><strong>ad</strong></span> <span class='ocrx_word' id='word_1_195' title='bbox 3209 1216 3522 1273; x_wconf 83' lang='lat' dir='ltr'><strong>Tertulliani</strong></span> <span class='ocrx_word' id='word_1_196' title='bbox 3549 1227 3777 1275; x_wconf 65' lang='lat' dir='ltr'><strong>aetatem</strong></span> 
     </span>
    </p>
   </div>
   <div class='ocr_carea' id='block_1_29' title="bbox 2168 1306 3782 1380">
    <p class='ocr_par' dir='ltr' id='par_1_29' title="bbox 2168 1306 3782 1380">
     <span class='ocr_line' id='line_1_29' title="bbox 2168 1306 3782 1380; baseline 0.003 -18"><span class='ocrx_word' id='word_1_197' title='bbox 2168 1323 2459 1378; x_wconf 81' lang='lat' dir='ltr'><strong>regnavere</strong></span> <span class='ocrx_word' id='word_1_198' title='bbox 2479 1350 2494 1374; x_wconf 95' lang='lat'><strong>,</strong></span> <span class='ocrx_word' id='word_1_199' title='bbox 2529 1318 2620 1363; x_wconf 87' lang='lat' dir='ltr'><strong>aut</strong></span> <span class='ocrx_word' id='word_1_200' title='bbox 2665 1306 3003 1364; x_wconf 87' lang='lat' dir='ltr'><strong>Christianos</strong></span> <span class='ocrx_word' id='word_1_201' title='bbox 3037 1325 3142 1363; x_wconf 90' lang='lat' dir='ltr'><strong>non</strong></span> <span class='ocrx_word' id='word_1_202' title='bbox 3172 1311 3452 1364; x_wconf 81' lang='lat' dir='ltr'><strong>vexavisse</strong></span> <span class='ocrx_word' id='word_1_203' title='bbox 3475 1351 3490 1376; x_wconf 90' lang='lat'><strong>,</strong></span> <span class='ocrx_word' id='word_1_204' title='bbox 3523 1320 3615 1366; x_wconf 90' lang='lat' dir='ltr'><strong>aut</strong></span> <span class='ocrx_word' id='word_1_205' title='bbox 3647 1311 3782 1380; x_wconf 88' lang='lat' dir='ltr'><strong>ipsis</strong></span> 
     </span>
    </p>
   </div>
   <div class='ocr_carea' id='block_1_30' title="bbox 2167 1397 3782 1474">
    <p class='ocr_par' dir='ltr' id='par_1_30' title="bbox 2167 1397 3782 1474">
     <span class='ocr_line' id='line_1_30' title="bbox 2167 1397 3782 1474; baseline 0.002 -21"><span class='ocrx_word' id='word_1_206' title='bbox 2167 1397 2383 1464; x_wconf 81' lang='lat' dir='ltr'><strong>favisse,</strong></span> <span class='ocrx_word' id='word_1_207' title='bbox 2419 1409 2512 1454; x_wconf 88' lang='lat' dir='ltr'><strong>aut</strong></span> <span class='ocrx_word' id='word_1_208' title='bbox 2542 1400 2684 1454; x_wconf 90' lang='lat' dir='ltr'><strong>nulla</strong></span> <span class='ocrx_word' id='word_1_209' title='bbox 2717 1399 2904 1455; x_wconf 87' lang='lat' dir='ltr'><strong>tulisse</strong></span> <span class='ocrx_word' id='word_1_210' title='bbox 2929 1410 3117 1455; x_wconf 87' lang='lat' dir='ltr'><strong>contra</strong></span> <span class='ocrx_word' id='word_1_211' title='bbox 3151 1400 3271 1456; x_wconf 87' lang='lat' dir='ltr'><strong>illos</strong></span> <span class='ocrx_word' id='word_1_212' title='bbox 3311 1401 3483 1457; x_wconf 85' lang='lat' dir='ltr'><strong>edicta</strong></span> <span class='ocrx_word' id='word_1_213' title='bbox 3503 1442 3519 1469; x_wconf 90' lang='lat'><strong>,</strong></span> <span class='ocrx_word' id='word_1_214' title='bbox 3549 1402 3646 1459; x_wconf 87' lang='lat' dir='ltr'><strong>sed</strong></span> <span class='ocrx_word' id='word_1_215' title='bbox 3675 1417 3782 1474; x_wconf 87' lang='lat' dir='ltr'><strong>po-</strong></span> 
     </span>
    </p>
   </div>
   <div class='ocr_carea' id='block_1_31' title="bbox 2168 1491 3781 1562">
    <p class='ocr_par' dir='ltr' id='par_1_31' title="bbox 2168 1491 3781 1562">
     <span class='ocr_line' id='line_1_31' title="bbox 2168 1491 3781 1562; baseline 0.002 -16"><span class='ocrx_word' id='word_1_216' title='bbox 2168 1491 2275 1546; x_wconf 89' lang='lat' dir='ltr'><strong>tius</strong></span> <span class='ocrx_word' id='word_1_217' title='bbox 2309 1493 2486 1562; x_wconf 82' lang='lat' dir='ltr'><strong>priora</strong></span> <span class='ocrx_word' id='word_1_218' title='bbox 2526 1492 2918 1548; x_wconf 83' lang='lat' dir='ltr'><strong>emendavisse.</strong></span> <span class='ocrx_word' id='word_1_219' title='bbox 2961 1493 3130 1560; x_wconf 85' lang='lat' dir='ltr'><strong>Quam</strong></span> <span class='ocrx_word' id='word_1_220' title='bbox 3158 1502 3338 1549; x_wconf 89' lang='lat' dir='ltr'><strong>autem</strong></span> <span class='ocrx_word' id='word_1_221' title='bbox 3369 1493 3422 1549; x_wconf 91' lang='lat' dir='ltr'><strong>id</strong></span> <span class='ocrx_word' id='word_1_222' title='bbox 3445 1503 3655 1549; x_wconf 88' lang='lat' dir='ltr'><strong>certum</strong></span> <span class='ocrx_word' id='word_1_223' title='bbox 3682 1496 3781 1561; x_wconf 84' lang='lat' dir='ltr'><strong>sit,</strong></span> 
     </span>
    </p>
   </div>
   <div class='ocr_carea' id='block_1_32' title="bbox 2166 1584 3776 1657">
    <p class='ocr_par' dir='ltr' id='par_1_32' title="bbox 2166 1584 3776 1657">
     <span class='ocr_line' id='line_1_32' title="bbox 2166 1584 3776 1657; baseline 0.003 -19"><span class='ocrx_word' id='word_1_224' title='bbox 2166 1599 2426 1656; x_wconf 84' lang='lat' dir='ltr'><strong>agnosces</strong></span> <span class='ocrx_word' id='word_1_225' title='bbox 2457 1585 2694 1655; x_wconf 84' lang='lat' dir='ltr'><strong>profecto</strong></span> <span class='ocrx_word' id='word_1_226' title='bbox 2726 1584 2809 1640; x_wconf 91' lang='lat' dir='ltr'><strong>his</strong></span> <span class='ocrx_word' id='word_1_227' title='bbox 2837 1584 3151 1640; x_wconf 85' lang='lat' dir='ltr'><strong>Tertulliani</strong></span> <span class='ocrx_word' id='word_1_228' title='bbox 3195 1585 3391 1652; x_wconf 74' lang='lat' dir='ltr'><strong>verbis,</strong></span> <span class='ocrx_word' id='word_1_229' title='bbox 3425 1587 3618 1657; x_wconf 84' lang='lat' dir='ltr'><strong>quibus</strong></span> <span class='ocrx_word' id='word_1_230' title='bbox 3643 1587 3776 1643; x_wconf 73' lang='lat' dir='ltr'><strong>etb~</strong></span> 
     </span>
    </p>
   </div>
   <div class='ocr_carea' id='block_1_33' title="bbox 449 1665 3782 1756">
    <p class='ocr_par' dir='ltr' id='par_1_33' title="bbox 449 1665 3782 1756">
     <span class='ocr_line' id='line_1_33' title="bbox 449 1665 3782 1756; baseline -0 -21"><span class='ocrx_word' id='word_1_231' title='bbox 449 1689 673 1749; x_wconf 88' lang='lat' dir='ltr'><strong>tamque</strong></span> <span class='ocrx_word' id='word_1_232' title='bbox 713 1677 997 1734; x_wconf 86' lang='lat' dir='ltr'><strong>horrendis</strong></span> <span class='ocrx_word' id='word_1_233' title='bbox 1038 1675 1339 1733; x_wconf 86' lang='lat' dir='ltr'><strong>sceleribus</strong></span> <span class='ocrx_word' id='word_1_234' title='bbox 1378 1677 1634 1734; x_wconf 83' lang='lat' dir='ltr'><strong>infamem</strong></span> <span class='ocrx_word' id='word_1_235' title='bbox 1683 1680 1844 1734; x_wconf 88' lang='lat' dir='ltr'><strong>vitam</strong></span> <span class='ocrx_word' id='word_1_236' title='bbox 1878 1680 2032 1734; x_wconf 83' lang='lat' dir='ltr'><strong>duxit</strong></span> <span class='ocrx_word' id='word_1_237' title='bbox 2055 1731 2071 1756; x_wconf 70' lang='grc'><em>,</em></span> <span class='ocrx_word' id='word_1_238' title='bbox 2104 1691 2152 1754; x_wconf 81' lang='grc' dir='ltr'><strong>Β</strong></span> <span class='ocrx_word' id='word_1_239' title='bbox 2181 1679 2330 1734; x_wconf 92' lang='lat' dir='ltr'><strong>nicos</strong></span> <span class='ocrx_word' id='word_1_240' title='bbox 2359 1679 2438 1734; x_wconf 90' lang='lat' dir='ltr'><strong>sic</strong></span> <span class='ocrx_word' id='word_1_241' title='bbox 2466 1689 2722 1748; x_wconf 88' lang='lat' dir='ltr'><strong>provocat</strong></span> <span class='ocrx_word' id='word_1_242' title='bbox 2763 1699 2776 1735; x_wconf 89' lang='lat'>:</span> <span class='ocrx_word' id='word_1_243' title='bbox 2816 1665 2895 1734; x_wconf 79' lang='lat' dir='ltr'><strong>De</strong></span> <span class='ocrx_word' id='word_1_244' title='bbox 2924 1689 2996 1733; x_wconf 91' lang='lat' dir='ltr'><strong>tot</strong></span> <span class='ocrx_word' id='word_1_245' title='bbox 3025 1679 3208 1734; x_wconf 72' lang='lat' dir='ltr'><strong>exinde</strong></span> <span class='ocrx_word' id='word_1_246' title='bbox 3234 1679 3552 1751; x_wconf 80' lang='lat' dir='ltr'><strong>princjpibtts</strong></span> <span class='ocrx_word' id='word_1_247' title='bbox 3579 1680 3649 1734; x_wconf 89' lang='lat' dir='ltr'><strong>ad</strong></span> <span class='ocrx_word' id='word_1_248' title='bbox 3678 1682 3782 1736; x_wconf 76' lang='lat' dir='ltr'><strong>lio-</strong></span> 
     </span>
    </p>
   </div>
   <div class='ocr_carea' id='block_1_34' title="bbox 449 1771 2067 1844">
    <p class='ocr_par' dir='ltr' id='par_1_34' title="bbox 449 1771 2067 1844">
     <span class='ocr_line' id='line_1_34' title="bbox 449 1771 2067 1844; baseline -0.002 -13"><span class='ocrx_word' id='word_1_249' title='bbox 449 1771 801 1831; x_wconf 83' lang='lat' dir='ltr'><strong>manifestum</strong></span> <span class='ocrx_word' id='word_1_250' title='bbox 827 1780 978 1844; x_wconf 84' lang='lat' dir='ltr'><strong>certe</strong></span> <span class='ocrx_word' id='word_1_251' title='bbox 1007 1771 1258 1827; x_wconf 89' lang='lat' dir='ltr'><strong>omnibus</strong></span> <span class='ocrx_word' id='word_1_252' title='bbox 1301 1771 1427 1827; x_wconf 87' lang='lat' dir='ltr'><strong>fecit</strong></span> <span class='ocrx_word' id='word_1_253' title='bbox 1468 1788 1625 1843; x_wconf 89' lang='lat' dir='ltr'><strong>quam</strong></span> <span class='ocrx_word' id='word_1_254' title='bbox 1655 1783 1862 1828; x_wconf 89' lang='lat' dir='ltr'><strong>castum</strong></span> <span class='ocrx_word' id='word_1_255' title='bbox 1895 1783 1950 1829; x_wconf 88' lang='lat' dir='ltr'><strong>et</strong></span> <span class='ocrx_word' id='word_1_256' title='bbox 1986 1775 2067 1828; x_wconf 85' lang='lat' dir='ltr'><strong>in-</strong></span> 
     </span>
    </p>
   </div>
   <div class='ocr_carea' id='block_1_35' title="bbox 459 1864 2070 1937">
    <p class='ocr_par' dir='ltr' id='par_1_35' title="bbox 459 1864 2070 1937">
     <span class='ocr_line' id='line_1_35' title="bbox 459 1864 2070 1937; baseline 0 -15"><span class='ocrx_word' id='word_1_257' title='bbox 459 1881 666 1922; x_wconf 86' lang='lat' dir='ltr'><strong>nocens</strong></span> <span class='ocrx_word' id='word_1_258' title='bbox 683 1873 800 1922; x_wconf 89' lang='lat' dir='ltr'><strong>erat</strong></span> <span class='ocrx_word' id='word_1_259' title='bbox 819 1864 1249 1921; x_wconf 88' lang='lat' dir='ltr'><strong>Christianorum</strong></span> <span class='ocrx_word' id='word_1_260' title='bbox 1271 1866 1482 1921; x_wconf 76' lang='lat' dir='ltr'><strong>vivendi</strong></span> <span class='ocrx_word' id='word_1_261' title='bbox 1501 1883 1689 1937; x_wconf 85' lang='lat' dir='ltr'><strong>genus.</strong></span> <span class='ocrx_word' id='word_1_262' title='bbox 1717 1866 1923 1924; x_wconf 89' lang='lat' dir='ltr'><strong>Deinde</strong></span> <span class='ocrx_word' id='word_1_263' title='bbox 1943 1883 2070 1922; x_wconf 89' lang='lat' dir='ltr'><strong>vero</strong></span> 
     </span>
    </p>
   </div>
   <div class='ocr_carea' id='block_1_36' title="bbox 447 1954 2066 2024">
    <p class='ocr_par' dir='ltr' id='par_1_36' title="bbox 447 1954 2066 2024">
     <span class='ocr_line' id='line_1_36' title="bbox 447 1954 2066 2024; baseline 0 -10"><span class='ocrx_word' id='word_1_264' title='bbox 447 1956 544 2014; x_wconf 85' lang='lat' dir='ltr'><strong>ille</strong></span> <span class='ocrx_word' id='word_1_265' title='bbox 571 1957 834 2014; x_wconf 91' lang='lat' dir='ltr'><strong>bonorum</strong></span> <span class='ocrx_word' id='word_1_266' title='bbox 869 1954 1110 2010; x_wconf 88' lang='lat' dir='ltr'><strong>omnium</strong></span> <span class='ocrx_word' id='word_1_267' title='bbox 1143 1956 1312 2012; x_wconf 84' lang='lat' dir='ltr'><strong>hostis</strong></span> <span class='ocrx_word' id='word_1_268' title='bbox 1342 1957 1760 2024; x_wconf 85' lang='lat' dir='ltr'><strong>infensissimus,</strong></span> <span class='ocrx_word' id='word_1_269' title='bbox 1793 1958 1932 2012; x_wconf 90' lang='lat' dir='ltr'><strong>nihil</strong></span> <span class='ocrx_word' id='word_1_270' title='bbox 1963 1958 2066 2014; x_wconf 87' lang='lat' dir='ltr'><strong>nisi</strong></span> 
     </span>
    </p>
   </div>
   <div class='ocr_carea' id='block_1_37' title="bbox 452 2047 2065 2122">
    <p class='ocr_par' dir='ltr' id='par_1_37' title="bbox 452 2047 2065 2122">
     <span class='ocr_line' id='line_1_37' title="bbox 452 2047 2065 2122; baseline 0.001 -17"><span class='ocrx_word' id='word_1_271' title='bbox 452 2048 657 2105; x_wconf 82' lang='lat' dir='ltr'><strong>bonum</strong></span> <span class='ocrx_word' id='word_1_272' title='bbox 695 2058 749 2104; x_wconf 93' lang='lat' dir='ltr'><strong>et</strong></span> <span class='ocrx_word' id='word_1_273' title='bbox 779 2063 990 2119; x_wconf 67' lang='lat' dir='ltr'><strong>aequum</strong></span> <span class='ocrx_word' id='word_1_274' title='bbox 1022 2047 1332 2104; x_wconf 76' lang='lat' dir='ltr'><strong>damnabat.</strong></span> <span class='ocrx_word' id='word_1_275' title='bbox 1370 2048 1582 2106; x_wconf 85' lang='lat' dir='ltr'><strong>Ethnici</strong></span> <span class='ocrx_word' id='word_1_276' title='bbox 1623 2065 1752 2122; x_wconf 83' lang='lat' dir='ltr'><strong>ergo</strong></span> <span class='ocrx_word' id='word_1_277' title='bbox 1791 2051 2065 2121; x_wconf 88' lang='lat' dir='ltr'><strong>iniquissi-</strong></span> 
     </span>
    </p>
   </div>
   <div class='ocr_carea' id='block_1_38' title="bbox 452 2142 2064 2215">
    <p class='ocr_par' dir='ltr' id='par_1_38' title="bbox 452 2142 2064 2215">
     <span class='ocr_line' id='line_1_38' title="bbox 452 2142 2064 2215; baseline 0.001 -17"><span class='ocrx_word' id='word_1_278' title='bbox 452 2142 562 2198; x_wconf 90' lang='lat' dir='ltr'><strong>mis</strong></span> <span class='ocrx_word' id='word_1_279' title='bbox 591 2142 708 2213; x_wconf 87' lang='lat' dir='ltr'><strong>ejus</strong></span> <span class='ocrx_word' id='word_1_280' title='bbox 738 2142 946 2212; x_wconf 80' lang='lat' dir='ltr'><strong>legibus</strong></span> <span class='ocrx_word' id='word_1_281' title='bbox 973 2158 1244 2213; x_wconf 86' lang='lat' dir='ltr'><strong>nunquam</strong></span> <span class='ocrx_word' id='word_1_282' title='bbox 1281 2145 1448 2199; x_wconf 90' lang='lat' dir='ltr'><strong>teneri</strong></span> <span class='ocrx_word' id='word_1_283' title='bbox 1490 2154 1771 2215; x_wconf 89' lang='lat' dir='ltr'><strong>poterant;</strong></span> <span class='ocrx_word' id='word_1_284' title='bbox 1812 2160 1876 2200; x_wconf 88' lang='lat' dir='ltr'><strong>ac</strong></span> <span class='ocrx_word' id='word_1_285' title='bbox 1906 2145 2064 2201; x_wconf 89' lang='lat' dir='ltr'><strong>Chri-</strong></span> 
     </span>
    </p>
   </div>
   <div class='ocr_carea' id='block_1_39' title="bbox 446 2235 2065 2307">
    <p class='ocr_par' dir='ltr' id='par_1_39' title="bbox 446 2235 2065 2307">
     <span class='ocr_line' id='line_1_39' title="bbox 446 2235 2065 2307; baseline 0.001 -15"><span class='ocrx_word' id='word_1_286' title='bbox 446 2236 613 2292; x_wconf 83' lang='lat' dir='ltr'><strong>stiani</strong></span> <span class='ocrx_word' id='word_1_287' title='bbox 639 2235 763 2306; x_wconf 87' lang='lat' dir='ltr'><strong>jure</strong></span> <span class='ocrx_word' id='word_1_288' title='bbox 787 2235 981 2290; x_wconf 88' lang='lat' dir='ltr'><strong>merito</strong></span> <span class='ocrx_word' id='word_1_289' title='bbox 1014 2249 1073 2290; x_wconf 89' lang='lat' dir='ltr'><strong>se</strong></span> <span class='ocrx_word' id='word_1_290' title='bbox 1102 2235 1168 2290; x_wconf 87' lang='lat' dir='ltr'><strong>ab</strong></span> <span class='ocrx_word' id='word_1_291' title='bbox 1198 2235 1416 2292; x_wconf 88' lang='lat' dir='ltr'><strong>homine</strong></span> <span class='ocrx_word' id='word_1_292' title='bbox 1449 2248 1553 2290; x_wconf 90' lang='lat' dir='ltr'><strong>tam</strong></span> <span class='ocrx_word' id='word_1_293' title='bbox 1584 2237 1751 2307; x_wconf 89' lang='lat' dir='ltr'><strong>impio</strong></span> <span class='ocrx_word' id='word_1_294' title='bbox 1780 2237 2065 2293; x_wconf 89' lang='lat' dir='ltr'><strong>damnatos</strong></span> 
     </span>
    </p>
   </div>
   <div class='ocr_carea' id='block_1_40' title="bbox 2177 1770 3786 1841">
    <p class='ocr_par' dir='ltr' id='par_1_40' title="bbox 2177 1770 3786 1841">
     <span class='ocr_line' id='line_1_40' title="bbox 2177 1770 3786 1841; baseline 0.002 -17"><span class='ocrx_word' id='word_1_295' title='bbox 2177 1770 2440 1835; x_wconf 89' lang='lat' dir='ltr'><strong>diernum,</strong></span> <span class='ocrx_word' id='word_1_296' title='bbox 2470 1772 2701 1825; x_wconf 86' lang='lat' dir='ltr'><strong>divinum</strong></span> <span class='ocrx_word' id='word_1_297' title='bbox 2736 1773 3112 1840; x_wconf 84' lang='lat' dir='ltr'><strong>humanumque</strong></span> <span class='ocrx_word' id='word_1_298' title='bbox 3151 1773 3483 1841; x_wconf 86' lang='lat' dir='ltr'><strong>sapientibus,</strong></span> <span class='ocrx_word' id='word_1_299' title='bbox 3515 1773 3645 1828; x_wconf 86' lang='lat' dir='ltr'><strong>edite</strong></span> <span class='ocrx_word' id='word_1_300' title='bbox 3683 1773 3786 1828; x_wconf 83' lang='lat' dir='ltr'><strong>ali-</strong></span> 
     </span>
    </p>
   </div>
   <div class='ocr_carea' id='block_1_41' title="bbox 2173 1862 3787 1937">
    <p class='ocr_par' dir='ltr' id='par_1_41' title="bbox 2173 1862 3787 1937">
     <span class='ocr_line' id='line_1_41' title="bbox 2173 1862 3787 1937; baseline 0.002 -20"><span class='ocrx_word' id='word_1_301' title='bbox 2173 1881 2322 1935; x_wconf 85' lang='lat' dir='ltr'><strong>quem</strong></span> <span class='ocrx_word' id='word_1_302' title='bbox 2357 1863 2714 1918; x_wconf 77' lang='lat' dir='ltr'><strong>debellatorem</strong></span> <span class='ocrx_word' id='word_1_303' title='bbox 2744 1862 3154 1918; x_wconf 82' lang='lat' dir='ltr'><strong>Cln-istianorunt</strong></span> <span class='ocrx_word' id='word_1_304' title='bbox 3183 1862 3547 1934; x_wconf 85' lang='lat' dir='ltr'><strong>(Tertullian.,</strong></span> <span class='ocrx_word' id='word_1_305' title='bbox 3586 1866 3787 1937; x_wconf 83' lang='lat' dir='ltr'><strong>Apolo-</strong></span> 
     </span>
    </p>
   </div>
   <div class='ocr_carea' id='block_1_42' title="bbox 2173 1956 3784 2029">
    <p class='ocr_par' dir='ltr' id='par_1_42' title="bbox 2173 1956 3784 2029">
     <span class='ocr_line' id='line_1_42' title="bbox 2173 1956 3784 2029; baseline 0.003 -18"><span class='ocrx_word' id='word_1_306' title='bbox 2173 1968 2299 2029; x_wconf 84' lang='lat' dir='ltr'><strong>get.,</strong></span> <span class='ocrx_word' id='word_1_307' title='bbox 2324 1975 2439 2028; x_wconf 90' lang='lat' dir='ltr'><strong>cap.</strong></span> <span class='ocrx_word' id='word_1_308' title='bbox 2469 1958 2522 2022; x_wconf 80' lang='lat'><strong>5,</strong></span> <span class='ocrx_word' id='word_1_309' title='bbox 2553 1975 2608 2029; x_wconf 89' lang='lat' dir='ltr'><strong>p.</strong></span> <span class='ocrx_word' id='word_1_310' title='bbox 2631 1956 2784 2026; x_wconf 65' lang='grc'><strong>294).</strong></span> <span class='ocrx_word' id='word_1_311' title='bbox 2812 1957 2924 2023; x_wconf 86' lang='lat' dir='ltr'><strong>Qua</strong></span> <span class='ocrx_word' id='word_1_312' title='bbox 2951 1966 3153 2024; x_wconf 87' lang='lat' dir='ltr'><strong>autem,</strong></span> <span class='ocrx_word' id='word_1_313' title='bbox 3173 1957 3421 2024; x_wconf 91' lang='lat' dir='ltr'><strong>obsecro,</strong></span> <span class='ocrx_word' id='word_1_314' title='bbox 3454 1957 3626 2014; x_wconf 80' lang='lat' dir='ltr'><strong>fronte</strong></span> <span class='ocrx_word' id='word_1_315' title='bbox 3652 1958 3784 2016; x_wconf 85' lang='lat' dir='ltr'><strong>eth-</strong></span> 
     </span>
    </p>
   </div>
   <div class='ocr_carea' id='block_1_43' title="bbox 2173 2049 3783 2120">
    <p class='ocr_par' dir='ltr' id='par_1_43' title="bbox 2173 2049 3783 2120">
     <span class='ocr_line' id='line_1_43' title="bbox 2173 2049 3783 2120; baseline 0.001 -16"><span class='ocrx_word' id='word_1_316' title='bbox 2173 2051 2324 2105; x_wconf 90' lang='lat' dir='ltr'><strong>nicos</strong></span> <span class='ocrx_word' id='word_1_317' title='bbox 2355 2059 2498 2104; x_wconf 87' lang='lat' dir='ltr'><strong>tanta</strong></span> <span class='ocrx_word' id='word_1_318' title='bbox 2529 2049 2816 2105; x_wconf 89' lang='lat' dir='ltr'><strong>securitate</strong></span> <span class='ocrx_word' id='word_1_319' title='bbox 2865 2050 3189 2120; x_wconf 90' lang='lat' dir='ltr'><strong>compellare</strong></span> <span class='ocrx_word' id='word_1_320' title='bbox 3220 2049 3492 2118; x_wconf 89' lang='lat' dir='ltr'><strong>audebat,</strong></span> <span class='ocrx_word' id='word_1_321' title='bbox 3530 2050 3633 2106; x_wconf 89' lang='lat' dir='ltr'><strong>nisi</strong></span> <span class='ocrx_word' id='word_1_322' title='bbox 3675 2050 3783 2107; x_wconf 90' lang='lat' dir='ltr'><strong>hoc</strong></span> 
     </span>
    </p>
   </div>
   <div class='ocr_carea' id='block_1_44' title="bbox 2171 2142 3785 2209">
    <p class='ocr_par' dir='ltr' id='par_1_44' title="bbox 2171 2142 3785 2209">
     <span class='ocr_line' id='line_1_44' title="bbox 2171 2142 3785 2209; baseline 0.002 -11"><span class='ocrx_word' id='word_1_323' title='bbox 2171 2142 2362 2199; x_wconf 80' lang='lat' dir='ltr'><strong>fuisset</strong></span> <span class='ocrx_word' id='word_1_324' title='bbox 2409 2144 2789 2200; x_wconf 87' lang='lat' dir='ltr'><strong>verissimum?</strong></span> <span class='ocrx_word' id='word_1_325' title='bbox 2817 2144 2885 2198; x_wconf 85' lang='lat' dir='ltr'><strong>Et</strong></span> <span class='ocrx_word' id='word_1_326' title='bbox 2913 2155 3061 2199; x_wconf 87' lang='lat' dir='ltr'><strong>certe</strong></span> <span class='ocrx_word' id='word_1_327' title='bbox 3091 2144 3416 2209; x_wconf 85' lang='lat' dir='ltr'><strong>Melitonem,</strong></span> <span class='ocrx_word' id='word_1_328' title='bbox 3447 2145 3513 2200; x_wconf 91' lang='lat' dir='ltr'><strong>ab</strong></span> <span class='ocrx_word' id='word_1_329' title='bbox 3544 2146 3785 2202; x_wconf 79' lang='lat' dir='ltr'><strong>Eusebio</strong></span> 
     </span>
    </p>
   </div>
   <div class='ocr_carea' id='block_1_45' title="bbox 2170 2233 3779 2308">
    <p class='ocr_par' dir='ltr' id='par_1_45' title="bbox 2170 2233 3779 2308">
     <span class='ocr_line' id='line_1_45' title="bbox 2170 2233 3779 2308; baseline 0.002 -17"><span class='ocrx_word' id='word_1_330' title='bbox 2170 2237 2392 2292; x_wconf 90' lang='lat' dir='ltr'><strong>citatum</strong></span> <span class='ocrx_word' id='word_1_331' title='bbox 2426 2235 2666 2308; x_wconf 82' lang='lat' dir='ltr'><strong>(Euseb.,</strong></span> <span class='ocrx_word' id='word_1_332' title='bbox 2699 2236 2787 2290; x_wconf 87' lang='lat' dir='ltr'><strong>lib.</strong></span> <span class='ocrx_word' id='word_1_333' title='bbox 2847 2235 2914 2290; x_wconf 84' lang='lat' dir='ltr'><strong>IV</strong></span> <span class='ocrx_word' id='word_1_334' title='bbox 2946 2233 3148 2290; x_wconf 82' lang='lat' dir='ltr'><strong>Eccles.</strong></span> <span class='ocrx_word' id='word_1_335' title='bbox 3209 2234 3374 2301; x_wconf 85' lang='lat' dir='ltr'><strong>llist.,</strong></span> <span class='ocrx_word' id='word_1_336' title='bbox 3427 2253 3545 2307; x_wconf 86' lang='lat' dir='ltr'><strong>cap.</strong></span> <span class='ocrx_word' id='word_1_337' title='bbox 3589 2237 3682 2300; x_wconf 73' lang='grc'><strong>26.</strong></span> <span class='ocrx_word' id='word_1_338' title='bbox 3716 2256 3779 2308; x_wconf 87' lang='lat' dir='ltr'><strong>p.</strong></span> 
     </span>
    </p>
   </div>
   <div class='ocr_carea' id='block_1_46' title="bbox 446 2321 3778 2402">
    <p class='ocr_par' dir='ltr' id='par_1_46' title="bbox 446 2321 3778 2402">
     <span class='ocr_line' id='line_1_46' title="bbox 446 2321 3778 2402; baseline 0.001 -18"><span class='ocrx_word' id='word_1_339' title='bbox 446 2341 572 2384; x_wconf 83' lang='lat' dir='ltr'><strong>esse</strong></span> <span class='ocrx_word' id='word_1_340' title='bbox 599 2327 984 2399; x_wconf 78' lang='lat' dir='ltr'><strong>gloriabantur.</strong></span> <span class='ocrx_word' id='word_1_341' title='bbox 1016 2327 1257 2397; x_wconf 88' lang='lat' dir='ltr'><strong>Denique</strong></span> <span class='ocrx_word' id='word_1_342' title='bbox 1283 2343 1376 2383; x_wconf 86' lang='lat' dir='ltr'><strong>sua</strong></span> <span class='ocrx_word' id='word_1_343' title='bbox 1411 2328 1744 2385; x_wconf 87' lang='lat' dir='ltr'><strong>crudelitate</strong></span> <span class='ocrx_word' id='word_1_344' title='bbox 1772 2339 1826 2385; x_wconf 87' lang='lat' dir='ltr'><strong>et</strong></span> <span class='ocrx_word' id='word_1_345' title='bbox 1855 2329 2065 2384; x_wconf 82' lang='lat' dir='ltr'><strong>inaudi-</strong></span> <span class='ocrx_word' id='word_1_346' title='bbox 2127 2321 2324 2399; x_wconf 78' lang='lat' dir='ltr'><strong>‘M8),</strong></span> <span class='ocrx_word' id='word_1_347' title='bbox 2350 2345 2413 2384; x_wconf 90' lang='lat' dir='ltr'><strong>ac</strong></span> <span class='ocrx_word' id='word_1_348' title='bbox 2444 2330 2624 2397; x_wconf 81' lang='lat' dir='ltr'><strong>plures</strong></span> <span class='ocrx_word' id='word_1_349' title='bbox 2655 2329 2814 2394; x_wconf 88' lang='lat' dir='ltr'><strong>alios,</strong></span> <span class='ocrx_word' id='word_1_350' title='bbox 2840 2329 2977 2383; x_wconf 90' lang='lat' dir='ltr'><strong>sicut</strong></span> <span class='ocrx_word' id='word_1_351' title='bbox 3002 2329 3125 2383; x_wconf 87' lang='lat' dir='ltr'><strong>alibi</strong></span> <span class='ocrx_word' id='word_1_352' title='bbox 3165 2329 3500 2384; x_wconf 86' lang='lat' dir='ltr'><strong>ostendimus</strong></span> <span class='ocrx_word' id='word_1_353' title='bbox 3529 2328 3778 2402; x_wconf 88' lang='lat' dir='ltr'><strong>(Dissert.</strong></span> 
     </span>
    </p>
   </div>
   <div class='ocr_carea' id='block_1_47' title="bbox 454 2418 2063 2490">
    <p class='ocr_par' dir='ltr' id='par_1_47' title="bbox 454 2418 2063 2490">
     <span class='ocr_line' id='line_1_47' title="bbox 454 2418 2063 2490; baseline -0.001 -13"><span class='ocrx_word' id='word_1_354' title='bbox 454 2422 529 2477; x_wconf 91' lang='lat' dir='ltr'><strong>tis</strong></span> <span class='ocrx_word' id='word_1_355' title='bbox 559 2420 819 2477; x_wconf 84' lang='lat' dir='ltr'><strong>hactenus</strong></span> <span class='ocrx_word' id='word_1_356' title='bbox 860 2419 1076 2490; x_wconf 84' lang='lat' dir='ltr'><strong>ﬂagitiis</strong></span> <span class='ocrx_word' id='word_1_357' title='bbox 1117 2418 1325 2475; x_wconf 89' lang='lat' dir='ltr'><strong>horrori</strong></span> <span class='ocrx_word' id='word_1_358' title='bbox 1368 2421 1619 2476; x_wconf 91' lang='lat' dir='ltr'><strong>omnibus</strong></span> <span class='ocrx_word' id='word_1_359' title='bbox 1663 2421 1800 2476; x_wconf 91' lang='lat' dir='ltr'><strong>adeo</strong></span> <span class='ocrx_word' id='word_1_360' title='bbox 1841 2420 1960 2488; x_wconf 78' lang='lat' dir='ltr'><strong>fuit,</strong></span> <span class='ocrx_word' id='word_1_361' title='bbox 2005 2427 2063 2476; x_wconf 88' lang='lat' dir='ltr'><strong>ut</strong></span> 
     </span>
    </p>
   </div>
   <div class='ocr_carea' id='block_1_48' title="bbox 447 2511 2058 2583">
    <p class='ocr_par' dir='ltr' id='par_1_48' title="bbox 447 2511 2058 2583">
     <span class='ocr_line' id='line_1_48' title="bbox 447 2511 2058 2583; baseline -0.001 -15"><span class='ocrx_word' id='word_1_362' title='bbox 447 2523 645 2568; x_wconf 88' lang='lat' dir='ltr'><strong>cuncta</strong></span> <span class='ocrx_word' id='word_1_363' title='bbox 690 2511 810 2583; x_wconf 89' lang='lat' dir='ltr'><strong>ejus</strong></span> <span class='ocrx_word' id='word_1_364' title='bbox 852 2521 1197 2566; x_wconf 87' lang='lat' dir='ltr'><strong>monumenta</strong></span> <span class='ocrx_word' id='word_1_365' title='bbox 1251 2511 1440 2568; x_wconf 89' lang='lat' dir='ltr'><strong>abrasa</strong></span> <span class='ocrx_word' id='word_1_366' title='bbox 1500 2513 1803 2583; x_wconf 75' lang='lat' dir='ltr'><strong>abolitoque</strong></span> <span class='ocrx_word' id='word_1_367' title='bbox 1844 2511 2058 2568; x_wconf 82' lang='lat' dir='ltr'><strong>iuerint.</strong></span> 
     </span>
    </p>
   </div>
   <div class='ocr_carea' id='block_1_49' title="bbox 445 2605 2054 2678">
    <p class='ocr_par' dir='ltr' id='par_1_49' title="bbox 445 2605 2054 2678">
     <span class='ocr_line' id='line_1_49' title="bbox 445 2605 2054 2678; baseline -0.001 -14"><span class='ocrx_word' id='word_1_368' title='bbox 445 2605 584 2664; x_wconf 78' lang='lat' dir='ltr'><strong>Nam</strong></span> <span class='ocrx_word' id='word_1_369' title='bbox 611 2622 642 2662; x_wconf 89' lang='lat' dir='ltr'><strong>a</strong></span> <span class='ocrx_word' id='word_1_370' title='bbox 671 2617 881 2673; x_wconf 88' lang='lat' dir='ltr'><strong>senatu,</strong></span> <span class='ocrx_word' id='word_1_371' title='bbox 909 2616 968 2663; x_wconf 91' lang='lat' dir='ltr'><strong>ut</strong></span> <span class='ocrx_word' id='word_1_372' title='bbox 995 2608 1070 2662; x_wconf 90' lang='lat' dir='ltr'><strong>ait</strong></span> <span class='ocrx_word' id='word_1_373' title='bbox 1099 2607 1412 2676; x_wconf 90' lang='lat' dir='ltr'><strong>Suetonius,</strong></span> <span class='ocrx_word' id='word_1_374' title='bbox 1447 2607 1616 2664; x_wconf 92' lang='lat' dir='ltr'><strong>hostis</strong></span> <span class='ocrx_word' id='word_1_375' title='bbox 1647 2606 2054 2678; x_wconf 89' lang='lat' dir='ltr'><strong>publicusjudi-</strong></span> 
     </span>
    </p>
   </div>
   <div class='ocr_carea' id='block_1_50' title="bbox 449 2698 2054 2771">
    <p class='ocr_par' dir='ltr' id='par_1_50' title="bbox 449 2698 2054 2771">
     <span class='ocr_line' id='line_1_50' title="bbox 449 2698 2054 2771; baseline -0.001 -17"><span class='ocrx_word' id='word_1_376' title='bbox 449 2708 607 2754; x_wconf 88' lang='lat' dir='ltr'><strong>catus</strong></span> <span class='ocrx_word' id='word_1_377' title='bbox 630 2707 733 2764; x_wconf 88' lang='lat' dir='ltr'><strong>est,</strong></span> <span class='ocrx_word' id='word_1_378' title='bbox 765 2713 1025 2769; x_wconf 90' lang='lat' dir='ltr'><strong>moreque</strong></span> <span class='ocrx_word' id='word_1_379' title='bbox 1053 2699 1322 2768; x_wconf 88' lang='lat' dir='ltr'><strong>majorum</strong></span> <span class='ocrx_word' id='word_1_380' title='bbox 1350 2699 1656 2768; x_wconf 88' lang='lat' dir='ltr'><strong>puniendus</strong></span> <span class='ocrx_word' id='word_1_381' title='bbox 1689 2698 1931 2771; x_wconf 78' lang='lat' dir='ltr'><strong>(Sueten.</strong></span> <span class='ocrx_word' id='word_1_382' title='bbox 1965 2699 2054 2753; x_wconf 90' lang='lat' dir='ltr'><strong>lib.</strong></span> 
     </span>
    </p>
   </div>
   <div class='ocr_carea' id='block_1_51' title="bbox 447 2786 2055 2861">
    <p class='ocr_par' dir='ltr' id='par_1_51' title="bbox 447 2786 2055 2861">
     <span class='ocr_line' id='line_1_51' title="bbox 447 2786 2055 2861; baseline 0.001 -19"><span class='ocrx_word' id='word_1_383' title='bbox 447 2786 539 2852; x_wconf 71' lang='lat' dir='ltr'><strong>Vl,</strong></span> <span class='ocrx_word' id='word_1_384' title='bbox 574 2788 626 2842; x_wconf 90' lang='lat' dir='ltr'><strong>in</strong></span> <span class='ocrx_word' id='word_1_385' title='bbox 661 2786 762 2842; x_wconf 85' lang='lat' dir='ltr'><strong>Vit.</strong></span> <span class='ocrx_word' id='word_1_386' title='bbox 795 2786 1035 2855; x_wconf 87' lang='lat' dir='ltr'><strong>Neronis,</strong></span> <span class='ocrx_word' id='word_1_387' title='bbox 1063 2788 1092 2861; x_wconf 82' lang='lat'><strong>§</strong></span> <span class='ocrx_word' id='word_1_388' title='bbox 1119 2788 1232 2860; x_wconf 72' lang='grc'><strong>49).</strong></span> <span class='ocrx_word' id='word_1_389' title='bbox 1266 2789 1323 2844; x_wconf 89' lang='lat' dir='ltr'><strong>In</strong></span> <span class='ocrx_word' id='word_1_390' title='bbox 1349 2789 1532 2844; x_wconf 89' lang='lat' dir='ltr'><strong>Dionis</strong></span> <span class='ocrx_word' id='word_1_391' title='bbox 1554 2789 1802 2860; x_wconf 87' lang='lat' dir='ltr'><strong>Epitome</strong></span> <span class='ocrx_word' id='word_1_392' title='bbox 1830 2790 2055 2857; x_wconf 75' lang='lat' dir='ltr'><strong>legimus</strong></span> 
     </span>
    </p>
   </div>
   <div class='ocr_carea' id='block_1_52' title="bbox 449 2877 2050 2950">
    <p class='ocr_par' dir='ltr' id='par_1_52' title="bbox 449 2877 2050 2950">
     <span class='ocr_line' id='line_1_52' title="bbox 449 2877 2050 2950; baseline -0.001 -17"><span class='ocrx_word' id='word_1_393' title='bbox 449 2892 482 2933; x_wconf 87' lang='lat' dir='ltr'><strong>a</strong></span> <span class='ocrx_word' id='word_1_394' title='bbox 507 2877 767 2934; x_wconf 88' lang='lat' dir='ltr'><strong>militibus</strong></span> <span class='ocrx_word' id='word_1_395' title='bbox 783 2879 1161 2944; x_wconf 85' lang='lat' dir='ltr'><strong>comminutas,</strong></span> <span class='ocrx_word' id='word_1_396' title='bbox 1188 2889 1240 2934; x_wconf 89' lang='lat' dir='ltr'><strong>et</strong></span> <span class='ocrx_word' id='word_1_397' title='bbox 1263 2878 1468 2934; x_wconf 88' lang='lat' dir='ltr'><strong>dirutas</strong></span> <span class='ocrx_word' id='word_1_398' title='bbox 1484 2879 1602 2950; x_wconf 90' lang='lat' dir='ltr'><strong>ejus</strong></span> <span class='ocrx_word' id='word_1_399' title='bbox 1623 2888 1825 2934; x_wconf 80' lang='lat' dir='ltr'><strong>statuas</strong></span> <span class='ocrx_word' id='word_1_400' title='bbox 1845 2878 2050 2950; x_wconf 69' lang='lat' dir='ltr'><strong>(Diom,</strong></span> 
     </span>
    </p>
   </div>
   <div class='ocr_carea' id='block_1_53' title="bbox 449 2967 2053 3043">
    <p class='ocr_par' dir='ltr' id='par_1_53' title="bbox 449 2967 2053 3043">
     <span class='ocr_line' id='line_1_53' title="bbox 449 2967 2053 3043; baseline 0.002 -19"><span class='ocrx_word' id='word_1_401' title='bbox 449 2967 624 3040; x_wconf 71' lang='lat' dir='ltr'><strong>EpiL,</strong></span> <span class='ocrx_word' id='word_1_402' title='bbox 649 2987 702 3040; x_wconf 90' lang='lat' dir='ltr'><strong>p.</strong></span> <span class='ocrx_word' id='word_1_403' title='bbox 735 2968 884 3041; x_wconf 70' lang='lat'><strong>196),</strong></span> <span class='ocrx_word' id='word_1_404' title='bbox 913 2985 977 3026; x_wconf 88' lang='lat' dir='ltr'><strong>ac</strong></span> <span class='ocrx_word' id='word_1_405' title='bbox 1005 2970 1050 3026; x_wconf 89' lang='lat' dir='ltr'><strong>si</strong></span> <span class='ocrx_word' id='word_1_406' title='bbox 1078 2971 1364 3027; x_wconf 87' lang='lat' dir='ltr'><strong>Plutarcho</strong></span> <span class='ocrx_word' id='word_1_407' title='bbox 1387 2971 1540 3034; x_wconf 83' lang='lat' dir='ltr'><strong>ﬁdes,</strong></span> <span class='ocrx_word' id='word_1_408' title='bbox 1571 2969 1822 3041; x_wconf 89' lang='lat' dir='ltr'><strong>Spicillns</strong></span> <span class='ocrx_word' id='word_1_409' title='bbox 1848 2972 2053 3043; x_wconf 85' lang='lat' dir='ltr'><strong>gladia-</strong></span> 
     </span>
    </p>
   </div>
   <div class='ocr_carea' id='block_1_54' title="bbox 448 3061 2132 3152">
    <p class='ocr_par' dir='ltr' id='par_1_54' title="bbox 448 3061 2132 3152">
     <span class='ocr_line' id='line_1_54' title="bbox 448 3061 2132 3152; baseline 0.002 -36"><span class='ocrx_word' id='word_1_410' title='bbox 448 3069 560 3126; x_wconf 91' lang='lat' dir='ltr'><strong>tor,</strong></span> <span class='ocrx_word' id='word_1_411' title='bbox 589 3061 653 3115; x_wconf 89' lang='lat' dir='ltr'><strong>iis</strong></span> <span class='ocrx_word' id='word_1_412' title='bbox 691 3077 784 3133; x_wconf 90' lang='lat' dir='ltr'><strong>per</strong></span> <span class='ocrx_word' id='word_1_413' title='bbox 807 3061 993 3118; x_wconf 91' lang='lat' dir='ltr'><strong>urbem</strong></span> <span class='ocrx_word' id='word_1_414' title='bbox 1019 3063 1208 3133; x_wconf 86' lang='lat' dir='ltr'><strong>raptis,</strong></span> <span class='ocrx_word' id='word_1_415' title='bbox 1242 3063 1293 3116; x_wconf 92' lang='lat' dir='ltr'><strong>in</strong></span> <span class='ocrx_word' id='word_1_416' title='bbox 1337 3061 1454 3118; x_wconf 81' lang='lat' dir='ltr'><strong>loro</strong></span> <span class='ocrx_word' id='word_1_417' title='bbox 1482 3062 1706 3118; x_wconf 86' lang='lat' dir='ltr'><strong>obrutus</strong></span> <span class='ocrx_word' id='word_1_418' title='bbox 1731 3073 2053 3136; x_wconf 88' lang='lat' dir='ltr'><strong>necatusque</strong></span> <span class='ocrx_word' id='word_1_419' title='bbox 2085 3089 2132 3152; x_wconf 71' lang='grc' dir='ltr'><strong>ρ</strong></span> 
     </span>
    </p>
   </div>
   <div class='ocr_carea' id='block_1_55' title="bbox 445 3149 1628 3225">
    <p class='ocr_par' dir='ltr' id='par_1_55' title="bbox 445 3149 1628 3225">
     <span class='ocr_line' id='line_1_55' title="bbox 445 3149 1628 3225; baseline 0.002 -17"><span class='ocrx_word' id='word_1_420' title='bbox 445 3149 550 3208; x_wconf 74' lang='lat' dir='ltr'><strong>fuit</strong></span> <span class='ocrx_word' id='word_1_421' title='bbox 576 3149 895 3222; x_wconf 82' lang='lat' dir='ltr'><strong>(Plutarch.,</strong></span> <span class='ocrx_word' id='word_1_422' title='bbox 917 3154 972 3207; x_wconf 90' lang='lat' dir='ltr'><strong>in</strong></span> <span class='ocrx_word' id='word_1_423' title='bbox 1008 3151 1122 3207; x_wconf 86' lang='lat' dir='ltr'><strong>Vita</strong></span> <span class='ocrx_word' id='word_1_424' title='bbox 1148 3151 1343 3221; x_wconf 70' lang='lat' dir='ltr'><strong>Galbae,</strong></span> <span class='ocrx_word' id='word_1_425' title='bbox 1369 3171 1422 3223; x_wconf 88' lang='lat' dir='ltr'><strong>p.</strong></span> <span class='ocrx_word' id='word_1_426' title='bbox 1444 3152 1628 3225; x_wconf 84' lang='grc'><strong>1056).</strong></span> 
     </span>
    </p>
   </div>
   <div class='ocr_carea' id='block_1_56' title="bbox 526 3243 2060 3317">
    <p class='ocr_par' dir='ltr' id='par_1_56' title="bbox 526 3243 2060 3317">
     <span class='ocr_line' id='line_1_56' title="bbox 526 3243 2060 3317; baseline 0.003 -18"><span class='ocrx_word' id='word_1_427' title='bbox 526 3245 599 3300; x_wconf 81' lang='lat' dir='ltr'><strong>At</strong></span> <span class='ocrx_word' id='word_1_428' title='bbox 619 3245 863 3316; x_wconf 81' lang='lat' dir='ltr'><strong>quamvis</strong></span> <span class='ocrx_word' id='word_1_429' title='bbox 887 3243 1088 3301; x_wconf 87' lang='lat' dir='ltr'><strong>ethnici</strong></span> <span class='ocrx_word' id='word_1_430' title='bbox 1117 3247 1293 3300; x_wconf 89' lang='lat' dir='ltr'><strong>omnia</strong></span> <span class='ocrx_word' id='word_1_431' title='bbox 1317 3245 1576 3316; x_wconf 68' lang='lat' dir='ltr'><strong>ejusacta</strong></span> <span class='ocrx_word' id='word_1_432' title='bbox 1619 3255 1672 3299; x_wconf 91' lang='lat' dir='ltr'><strong>et</strong></span> <span class='ocrx_word' id='word_1_433' title='bbox 1697 3244 1909 3300; x_wconf 88' lang='lat' dir='ltr'><strong>decreta</strong></span> <span class='ocrx_word' id='word_1_434' title='bbox 1937 3245 2060 3317; x_wconf 87' lang='lat' dir='ltr'><strong>jure</strong></span> 
     </span>
    </p>
   </div>
   <div class='ocr_carea' id='block_1_57' title="bbox 448 3336 2060 3404">
    <p class='ocr_par' dir='ltr' id='par_1_57' title="bbox 448 3336 2060 3404">
     <span class='ocr_line' id='line_1_57' title="bbox 448 3336 2060 3404; baseline 0.001 -12"><span class='ocrx_word' id='word_1_435' title='bbox 448 3339 648 3395; x_wconf 88' lang='lat' dir='ltr'><strong>merito</strong></span> <span class='ocrx_word' id='word_1_436' title='bbox 674 3336 1012 3404; x_wconf 89' lang='lat' dir='ltr'><strong>resciderint,</strong></span> <span class='ocrx_word' id='word_1_437' title='bbox 1035 3352 1182 3394; x_wconf 66' lang='lat' dir='ltr'><strong>caeco</strong></span> <span class='ocrx_word' id='word_1_438' title='bbox 1206 3347 1380 3392; x_wconf 90' lang='lat' dir='ltr'><strong>tamen</strong></span> <span class='ocrx_word' id='word_1_439' title='bbox 1407 3337 1622 3391; x_wconf 88' lang='lat' dir='ltr'><strong>illorum</strong></span> <span class='ocrx_word' id='word_1_440' title='bbox 1649 3337 1703 3391; x_wconf 93' lang='lat' dir='ltr'><strong>in</strong></span> <span class='ocrx_word' id='word_1_441' title='bbox 1722 3337 2060 3394; x_wconf 88' lang='lat' dir='ltr'><strong>Christianos</strong></span> 
     </span>
    </p>
   </div>
   <div class='ocr_carea' id='block_1_58' title="bbox 450 3431 2060 3500">
    <p class='ocr_par' dir='ltr' id='par_1_58' title="bbox 450 3431 2060 3500">
     <span class='ocr_line' id='line_1_58' title="bbox 450 3431 2060 3500; baseline 0.003 -14"><span class='ocrx_word' id='word_1_442' title='bbox 450 3431 638 3488; x_wconf 80' lang='lat' dir='ltr'><strong>furore</strong></span> <span class='ocrx_word' id='word_1_443' title='bbox 668 3433 864 3489; x_wconf 76' lang='lat' dir='ltr'><strong>factum</strong></span> <span class='ocrx_word' id='word_1_444' title='bbox 894 3441 975 3488; x_wconf 90' lang='lat' dir='ltr'><strong>est</strong></span> <span class='ocrx_word' id='word_1_445' title='bbox 997 3473 1014 3499; x_wconf 93' lang='lat'><strong>,</strong></span> <span class='ocrx_word' id='word_1_446' title='bbox 1045 3442 1121 3500; x_wconf 90' lang='lat' dir='ltr'><strong>ut,</strong></span> <span class='ocrx_word' id='word_1_447' title='bbox 1151 3434 1308 3486; x_wconf 82' lang='lat' dir='ltr'><strong>erasis</strong></span> <span class='ocrx_word' id='word_1_448' title='bbox 1336 3431 1566 3488; x_wconf 86' lang='lat' dir='ltr'><strong>omnibus</strong></span> <span class='ocrx_word' id='word_1_449' title='bbox 1590 3475 1605 3497; x_wconf 88' lang='lat'><strong>,</strong></span> <span class='ocrx_word' id='word_1_450' title='bbox 1635 3434 1806 3488; x_wconf 87' lang='lat' dir='ltr'><strong>solum</strong></span> <span class='ocrx_word' id='word_1_451' title='bbox 1835 3433 2060 3491; x_wconf 88' lang='lat' dir='ltr'><strong>Neronis</strong></span> 
     </span>
    </p>
   </div>
   <div class='ocr_carea' id='block_1_59' title="bbox 446 3523 2057 3593">
    <p class='ocr_par' dir='ltr' id='par_1_59' title="bbox 446 3523 2057 3593">
     <span class='ocr_line' id='line_1_59' title="bbox 446 3523 2057 3593; baseline 0.001 -12"><span class='ocrx_word' id='word_1_452' title='bbox 446 3523 509 3581; x_wconf 77' lang='lat' dir='ltr'><strong>in</strong></span> <span class='ocrx_word' id='word_1_453' title='bbox 539 3524 660 3580; x_wconf 90' lang='lat' dir='ltr'><strong>illos</strong></span> <span class='ocrx_word' id='word_1_454' title='bbox 685 3523 961 3579; x_wconf 88' lang='lat' dir='ltr'><strong>decretum</strong></span> <span class='ocrx_word' id='word_1_455' title='bbox 994 3525 1369 3593; x_wconf 86' lang='lat' dir='ltr'><strong>permanserit.</strong></span> <span class='ocrx_word' id='word_1_456' title='bbox 1414 3523 1518 3580; x_wconf 93' lang='lat' dir='ltr'><strong>Sed</strong></span> <span class='ocrx_word' id='word_1_457' title='bbox 1560 3524 1924 3582; x_wconf 87' lang='lat' dir='ltr'><strong>Tertullianus</strong></span> <span class='ocrx_word' id='word_1_458' title='bbox 1960 3543 2057 3583; x_wconf 92' lang='lat' dir='ltr'><strong>eo-</strong></span> 
     </span>
    </p>
   </div>
   <div class='ocr_carea' id='block_1_60' title="bbox 447 3614 2058 3688">
    <p class='ocr_par' dir='ltr' id='par_1_60' title="bbox 447 3614 2058 3688">
     <span class='ocr_line' id='line_1_60' title="bbox 447 3614 2058 3688; baseline -0.001 -15"><span class='ocrx_word' id='word_1_459' title='bbox 447 3633 574 3674; x_wconf 85' lang='lat' dir='ltr'><strong>rum</strong></span> <span class='ocrx_word' id='word_1_460' title='bbox 617 3615 881 3672; x_wconf 84' lang='lat' dir='ltr'><strong>insaniam</strong></span> <span class='ocrx_word' id='word_1_461' title='bbox 916 3614 1190 3669; x_wconf 90' lang='lat' dir='ltr'><strong>irridendo</strong></span> <span class='ocrx_word' id='word_1_462' title='bbox 1220 3615 1426 3670; x_wconf 88' lang='lat' dir='ltr'><strong>addidit</strong></span> <span class='ocrx_word' id='word_1_463' title='bbox 1459 3634 1472 3671; x_wconf 88' lang='lat'><strong>:</strong></span> <span class='ocrx_word' id='word_1_464' title='bbox 1504 3615 1708 3671; x_wconf 84' lang='lat' dir='ltr'><strong>Justum</strong></span> <span class='ocrx_word' id='word_1_465' title='bbox 1737 3617 1971 3688; x_wconf 83' lang='lat' dir='ltr'><strong>quidem,</strong></span> <span class='ocrx_word' id='word_1_466' title='bbox 2005 3629 2058 3672; x_wconf 86' lang='lat' dir='ltr'><strong>ut</strong></span> 
     </span>
    </p>
   </div>
   <div class='ocr_carea' id='block_1_61' title="bbox 451 3709 2057 3784">
    <p class='ocr_par' dir='ltr' id='par_1_61' title="bbox 451 3709 2057 3784">
     <span class='ocr_line' id='line_1_61' title="bbox 451 3709 2057 3784; baseline 0.001 -19"><span class='ocrx_word' id='word_1_467' title='bbox 451 3710 702 3766; x_wconf 86' lang='lat' dir='ltr'><strong>dissimile</strong></span> <span class='ocrx_word' id='word_1_468' title='bbox 728 3709 807 3763; x_wconf 89' lang='lat' dir='ltr'><strong>sui</strong></span> <span class='ocrx_word' id='word_1_469' title='bbox 833 3709 1078 3775; x_wconf 85' lang='lat' dir='ltr'><strong>auctoris,</strong></span> <span class='ocrx_word' id='word_1_470' title='bbox 1109 3709 1209 3763; x_wconf 92' lang='lat' dir='ltr'><strong>hoc</strong></span> <span class='ocrx_word' id='word_1_471' title='bbox 1229 3718 1332 3776; x_wconf 88' lang='lat' dir='ltr'><strong>est,</strong></span> <span class='ocrx_word' id='word_1_472' title='bbox 1364 3719 1469 3764; x_wconf 89' lang='lat' dir='ltr'><strong>tam</strong></span> <span class='ocrx_word' id='word_1_473' title='bbox 1496 3710 1760 3782; x_wconf 91' lang='lat' dir='ltr'><strong>iniquum,</strong></span> <span class='ocrx_word' id='word_1_474' title='bbox 1787 3728 1945 3783; x_wconf 89' lang='lat' dir='ltr'><strong>quam</strong></span> <span class='ocrx_word' id='word_1_475' title='bbox 1977 3713 2057 3784; x_wconf 84' lang='lat' dir='ltr'><strong>ip—</strong></span> 
     </span>
    </p>
   </div>
   <div class='ocr_carea' id='block_1_62' title="bbox 449 3798 2055 3874">
    <p class='ocr_par' dir='ltr' id='par_1_62' title="bbox 449 3798 2055 3874">
     <span class='ocr_line' id='line_1_62' title="bbox 449 3798 2055 3874; baseline 0.002 -16"><span class='ocrx_word' id='word_1_476' title='bbox 449 3801 613 3858; x_wconf 86' lang='lat' dir='ltr'><strong>simet</strong></span> <span class='ocrx_word' id='word_1_477' title='bbox 643 3800 809 3870; x_wconf 90' lang='lat' dir='ltr'><strong>impio</strong></span> <span class='ocrx_word' id='word_1_478' title='bbox 836 3798 1056 3864; x_wconf 86' lang='lat' dir='ltr'><strong>Neroni,</strong></span> <span class='ocrx_word' id='word_1_479' title='bbox 1085 3810 1140 3856; x_wconf 89' lang='lat' dir='ltr'><strong>et</strong></span> <span class='ocrx_word' id='word_1_480' title='bbox 1159 3801 1278 3856; x_wconf 89' lang='lat' dir='ltr'><strong>aliis</strong></span> <span class='ocrx_word' id='word_1_481' title='bbox 1302 3801 1544 3857; x_wconf 80' lang='lat' dir='ltr'><strong>nefandis</strong></span> <span class='ocrx_word' id='word_1_482' title='bbox 1571 3803 1689 3874; x_wconf 91' lang='lat' dir='ltr'><strong>ejus</strong></span> <span class='ocrx_word' id='word_1_483' title='bbox 1709 3801 1868 3861; x_wconf 77' lang='lat' dir='ltr'><strong>factis</strong></span> <span class='ocrx_word' id='word_1_484' title='bbox 1887 3820 1951 3862; x_wconf 89' lang='lat' dir='ltr'><strong>ac</strong></span> <span class='ocrx_word' id='word_1_485' title='bbox 1973 3804 2055 3862; x_wconf 89' lang='lat' dir='ltr'><strong>le-</strong></span> 
     </span>
    </p>
   </div>
   <div class='ocr_carea' id='block_1_63' title="bbox 446 3892 959 3965">
    <p class='ocr_par' dir='ltr' id='par_1_63' title="bbox 446 3892 959 3965">
     <span class='ocr_line' id='line_1_63' title="bbox 446 3892 959 3965; baseline -0.002 -16"><span class='ocrx_word' id='word_1_486' title='bbox 446 3895 605 3965; x_wconf 87' lang='lat' dir='ltr'><strong>gibus</strong></span> <span class='ocrx_word' id='word_1_487' title='bbox 633 3892 811 3949; x_wconf 90' lang='lat' dir='ltr'><strong>simile</strong></span> <span class='ocrx_word' id='word_1_488' title='bbox 842 3894 959 3949; x_wconf 79' lang='lat' dir='ltr'><strong>fuit.</strong></span> 
     </span>
    </p>
   </div>
   <div class='ocr_carea' id='block_1_64' title="bbox 527 3987 2052 4059">
    <p class='ocr_par' dir='ltr' id='par_1_64' title="bbox 527 3987 2052 4059">
     <span class='ocr_line' id='line_1_64' title="bbox 527 3987 2052 4059; baseline 0.004 -17"><span class='ocrx_word' id='word_1_489' title='bbox 527 3987 876 4059; x_wconf 87' lang='lat' dir='ltr'><strong>Prosequitur</strong></span> <span class='ocrx_word' id='word_1_490' title='bbox 921 3987 1290 4044; x_wconf 87' lang='lat' dir='ltr'><strong>Tertullianus</strong></span> <span class='ocrx_word' id='word_1_491' title='bbox 1331 4009 1343 4044; x_wconf 89' lang='lat'><strong>:</strong></span> <span class='ocrx_word' id='word_1_492' title='bbox 1382 3990 1754 4046; x_wconf 82' lang='lat' dir='ltr'><strong>Tentaveratet</strong></span> <span class='ocrx_word' id='word_1_493' title='bbox 1793 3991 2052 4048; x_wconf 87' lang='lat' dir='ltr'><strong>Domitia-</strong></span> 
     </span>
    </p>
   </div>
   <div class='ocr_carea' id='block_1_65' title="bbox 446 4077 2056 4155">
    <p class='ocr_par' dir='ltr' id='par_1_65' title="bbox 446 4077 2056 4155">
     <span class='ocr_line' id='line_1_65' title="bbox 446 4077 2056 4155; baseline 0.003 -23"><span class='ocrx_word' id='word_1_494' title='bbox 446 4093 568 4142; x_wconf 83' lang='lat' dir='ltr'><strong>nus,</strong></span> <span class='ocrx_word' id='word_1_495' title='bbox 602 4081 765 4148; x_wconf 90' lang='lat' dir='ltr'><strong>portio</strong></span> <span class='ocrx_word' id='word_1_496' title='bbox 800 4077 1022 4134; x_wconf 85' lang='lat' dir='ltr'><strong>Neronis</strong></span> <span class='ocrx_word' id='word_1_497' title='bbox 1035 4080 1114 4134; x_wconf 82' lang='lat' dir='ltr'><strong>-dc</strong></span> <span class='ocrx_word' id='word_1_498' title='bbox 1142 4080 1460 4145; x_wconf 84' lang='lat' dir='ltr'><strong>crudelitate,</strong></span> <span class='ocrx_word' id='word_1_499' title='bbox 1489 4082 1576 4135; x_wconf 86' lang='lat' dir='ltr'><strong>sed</strong></span> <span class='ocrx_word' id='word_1_500' title='bbox 1606 4100 1703 4152; x_wconf 85' lang='lat' dir='ltr'><strong>qua</strong></span> <span class='ocrx_word' id='word_1_501' title='bbox 1731 4093 1774 4137; x_wconf 92' lang='lat' dir='ltr'><strong>et</strong></span> <span class='ocrx_word' id='word_1_502' title='bbox 1801 4084 1949 4137; x_wconf 82' lang='lat' dir='ltr'><strong>homo</strong></span> <span class='ocrx_word' id='word_1_503' title='bbox 1973 4087 2056 4155; x_wconf 79' lang='lat' dir='ltr'><strong>fa-</strong></span> 
     </span>
    </p>
   </div>
   <div class='ocr_carea' id='block_1_66' title="bbox 449 4169 2057 4244">
    <p class='ocr_par' dir='ltr' id='par_1_66' title="bbox 449 4169 2057 4244">
     <span class='ocr_line' id='line_1_66' title="bbox 449 4169 2057 4244; baseline 0.002 -22"><span class='ocrx_word' id='word_1_504' title='bbox 449 4169 547 4223; x_wconf 85' lang='lat' dir='ltr'><strong>cile</strong></span> <span class='ocrx_word' id='word_1_505' title='bbox 574 4177 791 4239; x_wconf 81' lang='lat' dir='ltr'><strong>cceptum</strong></span> <span class='ocrx_word' id='word_1_506' title='bbox 816 4172 1052 4240; x_wconf 80' lang='lat' dir='ltr'><strong>repressit</strong></span> <span class='ocrx_word' id='word_1_507' title='bbox 1077 4212 1090 4233; x_wconf 85' lang='lat'><strong>,</strong></span> <span class='ocrx_word' id='word_1_508' title='bbox 1126 4173 1368 4226; x_wconf 83' lang='lat' dir='ltr'><strong>restitutis</strong></span> <span class='ocrx_word' id='word_1_509' title='bbox 1396 4173 1566 4237; x_wconf 87' lang='lat' dir='ltr'><strong>etiam,</strong></span> <span class='ocrx_word' id='word_1_510' title='bbox 1603 4189 1727 4241; x_wconf 87' lang='lat' dir='ltr'><strong>quos</strong></span> <span class='ocrx_word' id='word_1_511' title='bbox 1748 4173 2057 4244; x_wconf 84' lang='lat' dir='ltr'><strong>relegaverat</strong></span> 
     </span>
    </p>
   </div>
   <div class='ocr_carea' id='block_1_67' title="bbox 446 4260 2056 4335">
    <p class='ocr_par' dir='ltr' id='par_1_67' title="bbox 446 4260 2056 4335">
     <span class='ocr_line' id='line_1_67' title="bbox 446 4260 2056 4335; baseline 0.002 -19"><span class='ocrx_word' id='word_1_512' title='bbox 446 4260 801 4330; x_wconf 89' lang='lat' dir='ltr'><strong>(Tertullian.,</strong></span> <span class='ocrx_word' id='word_1_513' title='bbox 835 4263 1123 4334; x_wconf 88' lang='lat' dir='ltr'><strong>Apologet.,</strong></span> <span class='ocrx_word' id='word_1_514' title='bbox 1149 4281 1264 4334; x_wconf 90' lang='lat' dir='ltr'><strong>cap.</strong></span> <span class='ocrx_word' id='word_1_515' title='bbox 1296 4265 1351 4330; x_wconf 77' lang='grc'><strong>5,</strong></span> <span class='ocrx_word' id='word_1_516' title='bbox 1399 4283 1455 4335; x_wconf 87' lang='lat' dir='ltr'><strong>p.</strong></span> <span class='ocrx_word' id='word_1_517' title='bbox 1491 4265 1653 4334; x_wconf 69' lang='lat'><strong>293).</strong></span> <span class='ocrx_word' id='word_1_518' title='bbox 1693 4265 1895 4321; x_wconf 88' lang='lat' dir='ltr'><strong>Cuncta</strong></span> <span class='ocrx_word' id='word_1_519' title='bbox 1927 4281 2056 4320; x_wconf 88' lang='lat' dir='ltr'><strong>vero</strong></span> 
     </span>
    </p>
   </div>
   <div class='ocr_carea' id='block_1_68' title="bbox 448 4353 2054 4428">
    <p class='ocr_par' dir='ltr' id='par_1_68' title="bbox 448 4353 2054 4428">
     <span class='ocr_line' id='line_1_68' title="bbox 448 4353 2054 4428; baseline 0.001 -17"><span class='ocrx_word' id='word_1_520' title='bbox 448 4354 574 4411; x_wconf 80' lang='lat' dir='ltr'><strong>haec</strong></span> <span class='ocrx_word' id='word_1_521' title='bbox 600 4353 760 4411; x_wconf 86' lang='lat' dir='ltr'><strong>verba</strong></span> <span class='ocrx_word' id='word_1_522' title='bbox 791 4369 966 4424; x_wconf 78' lang='lat' dir='ltr'><strong>graece</strong></span> <span class='ocrx_word' id='word_1_523' title='bbox 1009 4355 1215 4410; x_wconf 90' lang='lat' dir='ltr'><strong>reddita</strong></span> <span class='ocrx_word' id='word_1_524' title='bbox 1246 4357 1509 4412; x_wconf 81' lang='lat' dir='ltr'><strong>Eusebius</strong></span> <span class='ocrx_word' id='word_1_525' title='bbox 1550 4357 1753 4422; x_wconf 88' lang='lat' dir='ltr'><strong>retulit,</strong></span> <span class='ocrx_word' id='word_1_526' title='bbox 1785 4357 2054 4428; x_wconf 85' lang='lat' dir='ltr'><strong>aliumque</strong></span> 
     </span>
    </p>
   </div>
   <div class='ocr_carea' id='block_1_69' title="bbox 439 4443 2128 4548">
    <p class='ocr_par' dir='ltr' id='par_1_69' title="bbox 439 4443 2128 4548">
     <span class='ocr_line' id='line_1_69' title="bbox 439 4443 2128 4548; baseline 0.002 -46"><span class='ocrx_word' id='word_1_527' title='bbox 439 4457 642 4503; x_wconf 89' lang='lat' dir='ltr'><strong>testem</strong></span> <span class='ocrx_word' id='word_1_528' title='bbox 663 4445 1185 4517; x_wconf 77' lang='lat' dir='ltr'><strong>citatjllcgesippum,</strong></span> <span class='ocrx_word' id='word_1_529' title='bbox 1210 4449 1298 4517; x_wconf 86' lang='lat' dir='ltr'><strong>qui</strong></span> <span class='ocrx_word' id='word_1_530' title='bbox 1328 4451 1600 4505; x_wconf 65' lang='lat' dir='ltr'><strong>memoriae</strong></span> <span class='ocrx_word' id='word_1_531' title='bbox 1625 4443 1842 4506; x_wconf 80' lang='lat' dir='ltr'><strong>tradidit</strong></span> <span class='ocrx_word' id='word_1_532' title='bbox 1868 4452 2050 4506; x_wconf 81' lang='lat' dir='ltr'><strong>Domi-</strong></span> <span class='ocrx_word' id='word_1_533' title='bbox 2075 4488 2128 4548; x_wconf 82' lang='lat' dir='ltr'><strong>D</strong></span> 
     </span>
    </p>
   </div>
   <div class='ocr_carea' id='block_1_70' title="bbox 450 4539 2048 4613">
    <p class='ocr_par' dir='ltr' id='par_1_70' title="bbox 450 4539 2048 4613">
     <span class='ocr_line' id='line_1_70' title="bbox 450 4539 2048 4613; baseline 0.003 -18"><span class='ocrx_word' id='word_1_534' title='bbox 450 4541 686 4606; x_wconf 89' lang='lat' dir='ltr'><strong>tianum,</strong></span> <span class='ocrx_word' id='word_1_535' title='bbox 721 4547 1002 4610; x_wconf 88' lang='lat' dir='ltr'><strong>postquam</strong></span> <span class='ocrx_word' id='word_1_536' title='bbox 1034 4539 1319 4593; x_wconf 92' lang='lat' dir='ltr'><strong>nonnullos</strong></span> <span class='ocrx_word' id='word_1_537' title='bbox 1345 4541 1545 4596; x_wconf 88' lang='lat' dir='ltr'><strong>Christi</strong></span> <span class='ocrx_word' id='word_1_538' title='bbox 1571 4554 1828 4613; x_wconf 73' lang='lat' dir='ltr'><strong>cognatos</strong></span> <span class='ocrx_word' id='word_1_539' title='bbox 1856 4543 1924 4600; x_wconf 89' lang='lat' dir='ltr'><strong>de</strong></span> <span class='ocrx_word' id='word_1_540' title='bbox 1952 4558 2048 4599; x_wconf 86' lang='lat' dir='ltr'><strong>sua</strong></span> 
     </span>
    </p>
   </div>
   <div class='ocr_carea' id='block_1_71' title="bbox 445 4631 2051 4710">
    <p class='ocr_par' dir='ltr' id='par_1_71' title="bbox 445 4631 2051 4710">
     <span class='ocr_line' id='line_1_71' title="bbox 445 4631 2051 4710; baseline 0.002 -20"><span class='ocrx_word' id='word_1_541' title='bbox 445 4635 658 4706; x_wconf 87' lang='lat' dir='ltr'><strong>origine</strong></span> <span class='ocrx_word' id='word_1_542' title='bbox 686 4642 740 4690; x_wconf 88' lang='lat' dir='ltr'><strong>et</strong></span> <span class='ocrx_word' id='word_1_543' title='bbox 783 4632 1025 4704; x_wconf 90' lang='lat' dir='ltr'><strong>ejusdem</strong></span> <span class='ocrx_word' id='word_1_544' title='bbox 1068 4631 1264 4688; x_wconf 90' lang='lat' dir='ltr'><strong>Christi</strong></span> <span class='ocrx_word' id='word_1_545' title='bbox 1295 4650 1458 4704; x_wconf 84' lang='lat' dir='ltr'><strong>regno</strong></span> <span class='ocrx_word' id='word_1_546' title='bbox 1489 4637 1892 4710; x_wconf 80' lang='lat' dir='ltr'><strong>interrogasset,</strong></span> <span class='ocrx_word' id='word_1_547' title='bbox 1918 4639 2051 4695; x_wconf 89' lang='lat' dir='ltr'><strong>nihil</strong></span> 
     </span>
    </p>
   </div>
   <div class='ocr_carea' id='block_1_72' title="bbox 450 4724 2047 4802">
    <p class='ocr_par' dir='ltr' id='par_1_72' title="bbox 450 4724 2047 4802">
     <span class='ocr_line' id='line_1_72' title="bbox 450 4724 2047 4802; baseline 0.004 -20"><span class='ocrx_word' id='word_1_548' title='bbox 450 4726 712 4783; x_wconf 87' lang='lat' dir='ltr'><strong>adversus</strong></span> <span class='ocrx_word' id='word_1_549' title='bbox 734 4739 828 4781; x_wconf 91' lang='lat' dir='ltr'><strong>eos</strong></span> <span class='ocrx_word' id='word_1_550' title='bbox 853 4724 1107 4780; x_wconf 89' lang='lat' dir='ltr'><strong>statuisse</strong></span> <span class='ocrx_word' id='word_1_551' title='bbox 1131 4724 1395 4794; x_wconf 88' lang='lat' dir='ltr'><strong>asperius,</strong></span> <span class='ocrx_word' id='word_1_552' title='bbox 1416 4726 1510 4782; x_wconf 89' lang='lat' dir='ltr'><strong>sed</strong></span> <span class='ocrx_word' id='word_1_553' title='bbox 1537 4729 1807 4785; x_wconf 86' lang='lat' dir='ltr'><strong>dimisisse</strong></span> <span class='ocrx_word' id='word_1_554' title='bbox 1825 4731 2047 4802; x_wconf 90' lang='lat' dir='ltr'><strong>liberos,</strong></span> 
     </span>
    </p>
   </div>
   <div class='ocr_carea' id='block_1_73' title="bbox 448 4818 2050 4888">
    <p class='ocr_par' dir='ltr' id='par_1_73' title="bbox 448 4818 2050 4888">
     <span class='ocr_line' id='line_1_73' title="bbox 448 4818 2050 4888; baseline 0.004 -14"><span class='ocrx_word' id='word_1_555' title='bbox 448 4835 515 4876; x_wconf 90' lang='lat' dir='ltr'><strong>ac</strong></span> <span class='ocrx_word' id='word_1_556' title='bbox 546 4820 714 4875; x_wconf 88' lang='lat' dir='ltr'><strong>misso</strong></span> <span class='ocrx_word' id='word_1_557' title='bbox 741 4818 917 4875; x_wconf 90' lang='lat' dir='ltr'><strong>edicto</strong></span> <span class='ocrx_word' id='word_1_558' title='bbox 939 4819 1338 4888; x_wconf 82' lang='lat' dir='ltr'><strong>compescuisse</strong></span> <span class='ocrx_word' id='word_1_559' title='bbox 1367 4832 1689 4876; x_wconf 86' lang='lat' dir='ltr'><strong>commotam</strong></span> <span class='ocrx_word' id='word_1_560' title='bbox 1720 4826 1773 4877; x_wconf 87' lang='lat' dir='ltr'><strong>in</strong></span> <span class='ocrx_word' id='word_1_561' title='bbox 1797 4824 2050 4880; x_wconf 87' lang='lat' dir='ltr'><strong>christia-</strong></span> 
     </span>
    </p>
   </div>
   <div class='ocr_carea' id='block_1_74' title="bbox 448 4911 2051 4983">
    <p class='ocr_par' dir='ltr' id='par_1_74' title="bbox 448 4911 2051 4983">
     <span class='ocr_line' id='line_1_74' title="bbox 448 4911 2051 4983; baseline 0.006 -17"><span class='ocrx_word' id='word_1_562' title='bbox 448 4927 538 4966; x_wconf 70' lang='lat' dir='ltr'><strong>nze</strong></span> <span class='ocrx_word' id='word_1_563' title='bbox 595 4911 870 4983; x_wconf 88' lang='lat' dir='ltr'><strong>religionis</strong></span> <span class='ocrx_word' id='word_1_564' title='bbox 918 4919 1214 4966; x_wconf 88' lang='lat' dir='ltr'><strong>sectatores</strong></span> <span class='ocrx_word' id='word_1_565' title='bbox 1243 4921 1258 4977; x_wconf 82' lang='lat'><strong>‘,</strong></span> <span class='ocrx_word' id='word_1_566' title='bbox 1293 4913 1724 4982; x_wconf 87' lang='lat' dir='ltr'><strong>persecutionem</strong></span> <span class='ocrx_word' id='word_1_567' title='bbox 1753 4934 1766 4970; x_wconf 91' lang='lat'><strong>:</strong></span> <span class='ocrx_word' id='word_1_568' title='bbox 1793 4927 2051 4975; x_wconf 74' lang='grc' dir='ltr'><strong>καταπαῦ-</strong></span> 
     </span>
    </p>
   </div>
   <div class='ocr_carea' id='block_1_75' title="bbox 447 4996 2052 5080">
    <p class='ocr_par' dir='ltr' id='par_1_75' title="bbox 447 4996 2052 5080">
     <span class='ocr_line' id='line_1_75' title="bbox 447 4996 2052 5080; baseline 0.005 -22"><span class='ocrx_word' id='word_1_569' title='bbox 447 5027 534 5058; x_wconf 77' lang='grc' dir='ltr'><strong>σαι</strong></span> <span class='ocrx_word' id='word_1_570' title='bbox 565 5008 648 5058; x_wconf 66' lang='grc' dir='ltr'><strong>διὰ</strong></span> <span class='ocrx_word' id='word_1_571' title='bbox 693 5011 1057 5076; x_wconf 71' lang='grc' dir='ltr'><strong>προστάγματος</strong></span> <span class='ocrx_word' id='word_1_572' title='bbox 1094 5013 1174 5062; x_wconf 80' lang='grc' dir='ltr'><strong>τὸν</strong></span> <span class='ocrx_word' id='word_1_573' title='bbox 1213 5010 1339 5060; x_wconf 68' lang='grc' dir='ltr'><strong>κατὰ</strong></span> <span class='ocrx_word' id='word_1_574' title='bbox 1394 5021 1478 5068; x_wconf 71' lang='grc' dir='ltr'><strong>τῆς</strong></span> <span class='ocrx_word' id='word_1_575' title='bbox 1529 4996 1798 5071; x_wconf 57' lang='grc' dir='ltr'><strong>ἐκκλησίας</strong></span> <span class='ocrx_word' id='word_1_576' title='bbox 1851 5016 2052 5080; x_wconf 74' lang='grc' dir='ltr'><strong>διωγμόν</strong></span> 
     </span>
    </p>
   </div>
   <div class='ocr_carea' id='block_1_76' title="bbox 447 5095 2042 5175">
    <p class='ocr_par' dir='ltr' id='par_1_76' title="bbox 447 5095 2042 5175">
     <span class='ocr_line' id='line_1_76' title="bbox 447 5095 2042 5175; baseline 0.008 -25"><span class='ocrx_word' id='word_1_577' title='bbox 447 5095 703 5164; x_wconf 84' lang='lat' dir='ltr'><strong>(Euseb.,</strong></span> <span class='ocrx_word' id='word_1_578' title='bbox 731 5098 818 5152; x_wconf 89' lang='lat' dir='ltr'><strong>lib.</strong></span> <span class='ocrx_word' id='word_1_579' title='bbox 860 5096 948 5152; x_wconf 83' lang='grc' dir='ltr'><strong>ΙΙΙ.</strong></span> <span class='ocrx_word' id='word_1_580' title='bbox 987 5095 1187 5152; x_wconf 86' lang='lat' dir='ltr'><strong>Eccles.</strong></span> <span class='ocrx_word' id='word_1_581' title='bbox 1248 5097 1449 5153; x_wconf 83' lang='lat' dir='ltr'><strong>Hister.</strong></span> <span class='ocrx_word' id='word_1_582' title='bbox 1475 5141 1489 5163; x_wconf 93' lang='lat'><strong>,</strong></span> <span class='ocrx_word' id='word_1_583' title='bbox 1521 5117 1638 5172; x_wconf 89' lang='lat' dir='ltr'><strong>cap.</strong></span> <span class='ocrx_word' id='word_1_584' title='bbox 1666 5101 1760 5170; x_wconf 72' lang='grc'><strong>20,</strong></span> <span class='ocrx_word' id='word_1_585' title='bbox 1801 5122 1856 5175; x_wconf 91' lang='lat' dir='ltr'><strong>p.</strong></span> <span class='ocrx_word' id='word_1_586' title='bbox 1910 5105 2042 5175; x_wconf 90' lang='lat'><strong>90).</strong></span> 
     </span>
    </p>
   </div>
   <div class='ocr_carea' id='block_1_77' title="bbox 445 5188 2044 5261">
    <p class='ocr_par' dir='ltr' id='par_1_77' title="bbox 445 5188 2044 5261">
     <span class='ocr_line' id='line_1_77' title="bbox 445 5188 2044 5261; baseline 0.004 -16"><span class='ocrx_word' id='word_1_587' title='bbox 445 5188 692 5261; x_wconf 88' lang='lat' dir='ltr'><strong>Denique</strong></span> <span class='ocrx_word' id='word_1_588' title='bbox 719 5189 786 5244; x_wconf 89' lang='lat' dir='ltr'><strong>de</strong></span> <span class='ocrx_word' id='word_1_589' title='bbox 814 5197 1039 5258; x_wconf 90' lang='lat' dir='ltr'><strong>utroque</strong></span> <span class='ocrx_word' id='word_1_590' title='bbox 1069 5189 1373 5245; x_wconf 87' lang='lat' dir='ltr'><strong>Domitiano</strong></span> <span class='ocrx_word' id='word_1_591' title='bbox 1426 5201 1481 5248; x_wconf 88' lang='lat' dir='ltr'><strong>et</strong></span> <span class='ocrx_word' id='word_1_592' title='bbox 1530 5192 1741 5250; x_wconf 86' lang='lat' dir='ltr'><strong>Nerone</strong></span> <span class='ocrx_word' id='word_1_593' title='bbox 1793 5194 1909 5251; x_wconf 72' lang='lat' dir='ltr'><strong>haec</strong></span> <span class='ocrx_word' id='word_1_594' title='bbox 1936 5197 2044 5252; x_wconf 89' lang='lat' dir='ltr'><strong>Au-</strong></span> 
     </span>
    </p>
   </div>
   <div class='ocr_carea' id='block_1_78' title="bbox 443 5281 2047 5354">
    <p class='ocr_par' dir='ltr' id='par_1_78' title="bbox 443 5281 2047 5354">
     <span class='ocr_line' id='line_1_78' title="bbox 443 5281 2047 5354; baseline 0.004 -16"><span class='ocrx_word' id='word_1_595' title='bbox 443 5293 566 5339; x_wconf 89' lang='lat' dir='ltr'><strong>ctor</strong></span> <span class='ocrx_word' id='word_1_596' title='bbox 613 5291 797 5338; x_wconf 89' lang='lat' dir='ltr'><strong>noster</strong></span> <span class='ocrx_word' id='word_1_597' title='bbox 843 5281 1037 5351; x_wconf 86' lang='lat' dir='ltr'><strong>adjecit</strong></span> <span class='ocrx_word' id='word_1_598' title='bbox 1071 5300 1083 5336; x_wconf 90' lang='lat'>:</span> <span class='ocrx_word' id='word_1_599' title='bbox 1117 5281 1265 5338; x_wconf 82' lang='lat' dir='ltr'><strong>Tales</strong></span> <span class='ocrx_word' id='word_1_600' title='bbox 1315 5302 1512 5354; x_wconf 81' lang='lat' dir='ltr'><strong>semper</strong></span> <span class='ocrx_word' id='word_1_601' title='bbox 1557 5285 1699 5342; x_wconf 74' lang='lat' dir='ltr'><strong>nobis</strong></span> <span class='ocrx_word' id='word_1_602' title='bbox 1741 5288 2047 5345; x_wconf 87' lang='lat' dir='ltr'><strong>insecutores</strong></span> 
     </span>
    </p>
   </div>
   <div class='ocr_carea' id='block_1_79' title="bbox 441 5373 2041 5450">
    <p class='ocr_par' dir='ltr' id='par_1_79' title="bbox 441 5373 2041 5450">
     <span class='ocr_line' id='line_1_79' title="bbox 441 5373 2041 5450; baseline 0.006 -23"><span class='ocrx_word' id='word_1_603' title='bbox 441 5374 648 5444; x_wconf 87' lang='lat' dir='ltr'><strong>injusti,</strong></span> <span class='ocrx_word' id='word_1_604' title='bbox 678 5373 846 5443; x_wconf 87' lang='lat' dir='ltr'><strong>impii,</strong></span> <span class='ocrx_word' id='word_1_605' title='bbox 880 5381 1071 5440; x_wconf 86' lang='lat' dir='ltr'><strong>turpes,</strong></span> <span class='ocrx_word' id='word_1_606' title='bbox 1100 5391 1223 5444; x_wconf 89' lang='lat' dir='ltr'><strong>quos</strong></span> <span class='ocrx_word' id='word_1_607' title='bbox 1249 5385 1295 5430; x_wconf 89' lang='lat' dir='ltr'><strong>et</strong></span> <span class='ocrx_word' id='word_1_608' title='bbox 1323 5377 1442 5448; x_wconf 88' lang='lat' dir='ltr'><strong>ipsi,</strong></span> <span class='ocrx_word' id='word_1_609' title='bbox 1477 5393 1573 5434; x_wconf 87' lang='lat' dir='ltr'><strong>vos</strong></span> <span class='ocrx_word' id='word_1_610' title='bbox 1615 5380 1863 5450; x_wconf 85' lang='lat' dir='ltr'><strong>gentiles,</strong></span> <span class='ocrx_word' id='word_1_611' title='bbox 1892 5382 2041 5436; x_wconf 84' lang='lat' dir='ltr'><strong>dant-</strong></span> 
     </span>
    </p>
   </div>
   <div class='ocr_carea' id='block_1_80' title="bbox 440 5466 2046 5536">
    <p class='ocr_par' dir='ltr' id='par_1_80' title="bbox 440 5466 2046 5536">
     <span class='ocr_line' id='line_1_80' title="bbox 440 5466 2046 5536; baseline 0.005 -14"><span class='ocrx_word' id='word_1_612' title='bbox 440 5483 570 5522; x_wconf 80' lang='lat' dir='ltr'><strong>nare</strong></span> <span class='ocrx_word' id='word_1_613' title='bbox 591 5466 886 5528; x_wconf 85' lang='lat' dir='ltr'><strong>consuestis,</strong></span> <span class='ocrx_word' id='word_1_614' title='bbox 927 5483 958 5519; x_wconf 83' lang='grc' dir='ltr'><strong><em>(ι</em></strong></span> <span class='ocrx_word' id='word_1_615' title='bbox 985 5467 1166 5536; x_wconf 87' lang='lat' dir='ltr'><strong>quibus</strong></span> <span class='ocrx_word' id='word_1_616' title='bbox 1193 5469 1462 5527; x_wconf 88' lang='lat' dir='ltr'><strong>damnatos</strong></span> <span class='ocrx_word' id='word_1_617' title='bbox 1483 5473 1745 5527; x_wconf 89' lang='lat' dir='ltr'><strong>restituere</strong></span> <span class='ocrx_word' id='word_1_618' title='bbox 1769 5475 1907 5528; x_wconf 86' lang='lat' dir='ltr'><strong>soliti</strong></span> <span class='ocrx_word' id='word_1_619' title='bbox 1927 5477 2046 5531; x_wconf 86' lang='lat' dir='ltr'><strong>estis</strong></span> 
     </span>
    </p>
   </div>
   <div class='ocr_carea' id='block_1_81' title="bbox 438 5559 978 5634">
    <p class='ocr_par' dir='ltr' id='par_1_81' title="bbox 438 5559 978 5634">
     <span class='ocr_line' id='line_1_81' title="bbox 438 5559 978 5634; baseline -0.009 -16"><span class='ocrx_word' id='word_1_620' title='bbox 438 5561 794 5634; x_wconf 81' lang='lat' dir='ltr'><strong>(Tertullian.,</strong></span> <span class='ocrx_word' id='word_1_621' title='bbox 828 5559 978 5629; x_wconf 83' lang='lat' dir='ltr'><strong>ibid.)</strong></span> 
     </span>
    </p>
   </div>
   <div class='ocr_carea' id='block_1_82' title="bbox 432 5657 2042 5739">
    <p class='ocr_par' dir='ltr' id='par_1_82' title="bbox 432 5657 2042 5739">
     <span class='ocr_line' id='line_1_82' title="bbox 432 5657 2042 5739; baseline 0.003 -22"><span class='ocrx_word' id='word_1_622' title='bbox 432 5692 479 5736; x_wconf 28' lang='grc' dir='ltr'><strong>ί,</strong></span> <span class='ocrx_word' id='word_1_623' title='bbox 509 5657 733 5722; x_wconf 82' lang='lat' dir='ltr'><strong>Frustra</strong></span> <span class='ocrx_word' id='word_1_624' title='bbox 759 5671 890 5739; x_wconf 71' lang='lat' dir='ltr'><strong>ergo</strong></span> <span class='ocrx_word' id='word_1_625' title='bbox 917 5671 981 5719; x_wconf 84' lang='lat' dir='ltr'><strong>ac</strong></span> <span class='ocrx_word' id='word_1_626' title='bbox 1022 5671 1246 5732; x_wconf 88' lang='lat' dir='ltr'><strong>prorsus</strong></span> <span class='ocrx_word' id='word_1_627' title='bbox 1287 5658 1468 5733; x_wconf 86' lang='lat' dir='ltr'><strong>inepte</strong></span> <span class='ocrx_word' id='word_1_628' title='bbox 1497 5660 1658 5721; x_wconf 86' lang='lat' dir='ltr'><strong>iidem</strong></span> <span class='ocrx_word' id='word_1_629' title='bbox 1685 5662 1914 5734; x_wconf 86' lang='lat' dir='ltr'><strong>gentiles</strong></span> <span class='ocrx_word' id='word_1_630' title='bbox 1944 5677 2042 5722; x_wconf 89' lang='lat' dir='ltr'><strong>co-</strong></span> 
     </span>
    </p>
   </div>
   <div class='ocr_carea' id='block_1_83' title="bbox 2168 2418 3768 2492">
    <p class='ocr_par' dir='ltr' id='par_1_83' title="bbox 2168 2418 3768 2492">
     <span class='ocr_line' id='line_1_83' title="bbox 2168 2418 3768 2492; baseline 0.002 -19"><span class='ocrx_word' id='word_1_631' title='bbox 2168 2420 2222 2474; x_wconf 90' lang='lat' dir='ltr'><strong>in</strong></span> <span class='ocrx_word' id='word_1_632' title='bbox 2247 2419 2374 2474; x_wconf 90' lang='lat' dir='ltr'><strong>Luc.</strong></span> <span class='ocrx_word' id='word_1_633' title='bbox 2410 2419 2592 2487; x_wconf 86' lang='lat' dir='ltr'><strong>Cecil.,</strong></span> <span class='ocrx_word' id='word_1_634' title='bbox 2651 2435 2767 2490; x_wconf 90' lang='lat' dir='ltr'><strong>cap.</strong></span> <span class='ocrx_word' id='word_1_635' title='bbox 2801 2420 2854 2484; x_wconf 87' lang='lat'><strong>6,</strong></span> <span class='ocrx_word' id='word_1_636' title='bbox 2885 2429 2984 2473; x_wconf 87' lang='lat' dir='ltr'><strong>art.</strong></span> <span class='ocrx_word' id='word_1_637' title='bbox 3039 2420 3117 2489; x_wconf 81' lang='lat'><strong>3),</strong></span> <span class='ocrx_word' id='word_1_638' title='bbox 3148 2418 3333 2473; x_wconf 88' lang='lat' dir='ltr'><strong>habuit</strong></span> <span class='ocrx_word' id='word_1_639' title='bbox 3359 2435 3470 2474; x_wconf 73' lang='lat' dir='ltr'><strong>sum</strong></span> <span class='ocrx_word' id='word_1_640' title='bbox 3500 2419 3768 2492; x_wconf 68' lang='lat' dir='ltr'><strong>suifraga-</strong></span> 
     </span>
    </p>
   </div>
   <div class='ocr_carea' id='block_1_84' title="bbox 2167 2509 3780 2582">
    <p class='ocr_par' dir='ltr' id='par_1_84' title="bbox 2167 2509 3780 2582">
     <span class='ocr_line' id='line_1_84' title="bbox 2167 2509 3780 2582; baseline 0.002 -16"><span class='ocrx_word' id='word_1_641' title='bbox 2167 2519 2315 2568; x_wconf 91' lang='lat' dir='ltr'><strong>tores</strong></span> <span class='ocrx_word' id='word_1_642' title='bbox 2345 2519 2399 2567; x_wconf 90' lang='lat' dir='ltr'><strong>et</strong></span> <span class='ocrx_word' id='word_1_643' title='bbox 2427 2521 2682 2582; x_wconf 83' lang='lat' dir='ltr'><strong>patronos</strong></span> <span class='ocrx_word' id='word_1_644' title='bbox 2712 2511 3016 2575; x_wconf 60' lang='lat' dir='ltr'><strong>sententias,</strong></span> <span class='ocrx_word' id='word_1_645' title='bbox 3050 2525 3209 2580; x_wconf 89' lang='lat' dir='ltr'><strong>quam</strong></span> <span class='ocrx_word' id='word_1_646' title='bbox 3237 2511 3352 2581; x_wconf 89' lang='lat' dir='ltr'><strong>ipse</strong></span> <span class='ocrx_word' id='word_1_647' title='bbox 3377 2509 3552 2568; x_wconf 90' lang='lat' dir='ltr'><strong>adhuc</strong></span> <span class='ocrx_word' id='word_1_648' title='bbox 3581 2513 3780 2569; x_wconf 83' lang='lat' dir='ltr'><strong>conﬁr-</strong></span> 
     </span>
    </p>
   </div>
   <div class='ocr_carea' id='block_1_85' title="bbox 2165 2602 3394 2675">
    <p class='ocr_par' dir='ltr' id='par_1_85' title="bbox 2165 2602 3394 2675">
     <span class='ocr_line' id='line_1_85' title="bbox 2165 2602 3394 2675; baseline -0.002 -15"><span class='ocrx_word' id='word_1_649' title='bbox 2165 2613 2297 2672; x_wconf 89' lang='lat' dir='ltr'><strong>mat,</strong></span> <span class='ocrx_word' id='word_1_650' title='bbox 2331 2603 2406 2660; x_wconf 90' lang='lat' dir='ltr'><strong>uti</strong></span> <span class='ocrx_word' id='word_1_651' title='bbox 2437 2617 2500 2661; x_wconf 80' lang='lat' dir='ltr'><strong>ex</strong></span> <span class='ocrx_word' id='word_1_652' title='bbox 2529 2602 2877 2675; x_wconf 89' lang='lat' dir='ltr'><strong>sequentibus</strong></span> <span class='ocrx_word' id='word_1_653' title='bbox 2905 2602 3394 2673; x_wconf 87' lang='lat' dir='ltr'><strong>articulis-patebit.</strong></span> 
     </span>
    </p>
   </div>
   <div class='ocr_carea' id='block_1_86' title="bbox 2776 2754 3162 2796">
    <p class='ocr_par' dir='ltr' id='par_1_86' title="bbox 2776 2754 3162 2796">
     <span class='ocr_line' id='line_1_86' title="bbox 2776 2754 3162 2796; baseline -0.003 -1"><span class='ocrx_word' id='word_1_654' title='bbox 2776 2754 3068 2796; x_wconf 73' lang='lat' dir='ltr'><strong>ARTICULUS</strong></span> <span class='ocrx_word' id='word_1_655' title='bbox 3108 2756 3162 2795; x_wconf 91' lang='lat' dir='ltr'><strong>ll.</strong></span> 
     </span>
    </p>
   </div>
   <div class='ocr_carea' id='block_1_87' title="bbox 2164 2854 3777 2928">
    <p class='ocr_par' dir='ltr' id='par_1_87' title="bbox 2164 2854 3777 2928">
     <span class='ocr_line' id='line_1_87' title="bbox 2164 2854 3777 2928; baseline 0.001 -17"><span class='ocrx_word' id='word_1_656' title='bbox 2164 2855 2488 2928; x_wconf 73' lang='lat' dir='ltr'><strong>Expenditur</strong></span> <span class='ocrx_word' id='word_1_657' title='bbox 2511 2865 2684 2909; x_wconf 89' lang='lat' dir='ltr'><strong>utrum</strong></span> <span class='ocrx_word' id='word_1_658' title='bbox 2709 2854 2918 2908; x_wconf 81' lang='lat' dir='ltr'><strong>Marcus</strong></span> <span class='ocrx_word' id='word_1_659' title='bbox 2947 2855 3188 2910; x_wconf 83' lang='lat' dir='ltr'><strong>Aurelius</strong></span> <span class='ocrx_word' id='word_1_660' title='bbox 3217 2857 3508 2912; x_wconf 81' lang='lat' dir='ltr'><strong>christiana:</strong></span> <span class='ocrx_word' id='word_1_661' title='bbox 3531 2858 3777 2928; x_wconf 83' lang='lat' dir='ltr'><strong>religioni</strong></span> 
     </span>
    </p>
   </div>
   <div class='ocr_carea' id='block_1_88' title="bbox 2232 2931 3780 3020">
    <p class='ocr_par' dir='ltr' id='par_1_88' title="bbox 2232 2931 3780 3020">
     <span class='ocr_line' id='line_1_88' title="bbox 2232 2931 3780 3020; baseline 0.003 -20"><span class='ocrx_word' id='word_1_662' title='bbox 2232 2931 2505 3020; x_wconf 85' lang='lat' dir='ltr'><strong>propterea</strong></span> <span class='ocrx_word' id='word_1_663' title='bbox 2562 2948 2765 3019; x_wconf 74' lang='lat' dir='ltr'><strong>faverit,</strong></span> <span class='ocrx_word' id='word_1_664' title='bbox 2812 2948 2948 3016; x_wconf 87' lang='lat' dir='ltr'><strong>quod</strong></span> <span class='ocrx_word' id='word_1_665' title='bbox 2985 2948 3253 3002; x_wconf 80' lang='lat' dir='ltr'><strong>christiani</strong></span> <span class='ocrx_word' id='word_1_666' title='bbox 3302 2949 3487 3003; x_wconf 88' lang='lat' dir='ltr'><strong>milites</strong></span> <span class='ocrx_word' id='word_1_667' title='bbox 3530 2952 3780 3004; x_wconf 73' lang='lat' dir='ltr'><strong>exercitui</strong></span> 
     </span>
    </p>
   </div>
   <div class='ocr_carea' id='block_1_89' title="bbox 2237 3038 3780 3111">
    <p class='ocr_par' dir='ltr' id='par_1_89' title="bbox 2237 3038 3780 3111">
     <span class='ocr_line' id='line_1_89' title="bbox 2237 3038 3780 3111; baseline 0.001 -17"><span class='ocrx_word' id='word_1_668' title='bbox 2237 3042 2370 3111; x_wconf 84' lang='lat' dir='ltr'><strong>ejus,</strong></span> <span class='ocrx_word' id='word_1_669' title='bbox 2399 3039 2485 3094; x_wconf 88' lang='lat' dir='ltr'><strong>siti</strong></span> <span class='ocrx_word' id='word_1_670' title='bbox 2512 3049 2737 3105; x_wconf 86' lang='lat' dir='ltr'><strong>enecato,</strong></span> <span class='ocrx_word' id='word_1_671' title='bbox 2769 3038 2977 3092; x_wconf 88' lang='lat' dir='ltr'><strong>imbrem</strong></span> <span class='ocrx_word' id='word_1_672' title='bbox 3008 3055 3109 3093; x_wconf 89' lang='lat' dir='ltr'><strong>non</strong></span> <span class='ocrx_word' id='word_1_673' title='bbox 3131 3040 3240 3094; x_wconf 91' lang='lat' dir='ltr'><strong>sine</strong></span> <span class='ocrx_word' id='word_1_674' title='bbox 3268 3057 3453 3111; x_wconf 87' lang='lat' dir='ltr'><strong>magno</strong></span> <span class='ocrx_word' id='word_1_675' title='bbox 3474 3041 3722 3095; x_wconf 86' lang='lat' dir='ltr'><strong>miraculo</strong></span> <span class='ocrx_word' id='word_1_676' title='bbox 3743 3061 3780 3096; x_wconf 91' lang='lat' dir='ltr'><strong>a</strong></span> 
     </span>
    </p>
   </div>
   <div class='ocr_carea' id='block_1_90' title="bbox 2239 3129 3780 3200">
    <p class='ocr_par' dir='ltr' id='par_1_90' title="bbox 2239 3129 3780 3200">
     <span class='ocr_line' id='line_1_90' title="bbox 2239 3129 3780 3200; baseline 0.003 -16"><span class='ocrx_word' id='word_1_677' title='bbox 2239 3129 2348 3184; x_wconf 89' lang='lat' dir='ltr'><strong>Deo</strong></span> <span class='ocrx_word' id='word_1_678' title='bbox 2393 3130 2792 3200; x_wconf 88' lang='lat' dir='ltr'><strong>impetraverint,</strong></span> <span class='ocrx_word' id='word_1_679' title='bbox 2849 3147 2910 3184; x_wconf 91' lang='lat' dir='ltr'><strong>ac</strong></span> <span class='ocrx_word' id='word_1_680' title='bbox 2950 3131 3204 3200; x_wconf 89' lang='lat' dir='ltr'><strong>quomodo</strong></span> <span class='ocrx_word' id='word_1_681' title='bbox 3247 3132 3433 3184; x_wconf 86' lang='lat' dir='ltr'><strong>iisdem</strong></span> <span class='ocrx_word' id='word_1_682' title='bbox 3481 3132 3780 3188; x_wconf 84' lang='lat' dir='ltr'><strong>cltristianis</strong></span> 
     </span>
    </p>
   </div>
   <div class='ocr_carea' id='block_1_91' title="bbox 2237 3222 3782 3294">
    <p class='ocr_par' dir='ltr' id='par_1_91' title="bbox 2237 3222 3782 3294">
     <span class='ocr_line' id='line_1_91' title="bbox 2237 3222 3782 3294; baseline 0 -17"><span class='ocrx_word' id='word_1_683' title='bbox 2237 3240 2415 3294; x_wconf 73' lang='lat' dir='ltr'><strong>poenas</strong></span> <span class='ocrx_word' id='word_1_684' title='bbox 2445 3222 2710 3293; x_wconf 87' lang='lat' dir='ltr'><strong>impositas</strong></span> <span class='ocrx_word' id='word_1_685' title='bbox 2751 3238 2852 3277; x_wconf 91' lang='lat' dir='ltr'><strong>non</strong></span> <span class='ocrx_word' id='word_1_686' title='bbox 2894 3222 3198 3290; x_wconf 86' lang='lat' dir='ltr'><strong>dimoverit,</strong></span> <span class='ocrx_word' id='word_1_687' title='bbox 3240 3222 3330 3279; x_wconf 86' lang='lat' dir='ltr'><strong>sed</strong></span> <span class='ocrx_word' id='word_1_688' title='bbox 3363 3223 3537 3294; x_wconf 87' lang='lat' dir='ltr'><strong>palam</strong></span> <span class='ocrx_word' id='word_1_689' title='bbox 3576 3224 3782 3293; x_wconf 84' lang='lat' dir='ltr'><strong>disper-</strong></span> 
     </span>
    </p>
   </div>
   <div class='ocr_carea' id='block_1_92' title="bbox 2238 3317 2378 3372">
    <p class='ocr_par' dir='ltr' id='par_1_92' title="bbox 2238 3317 2378 3372">
     <span class='ocr_line' id='line_1_92' title="bbox 2238 3317 2378 3372; baseline -0.014 0"><span class='ocrx_word' id='word_1_690' title='bbox 2238 3317 2378 3372; x_wconf 83' lang='lat' dir='ltr'><strong>serit.</strong></span> 
     </span>
    </p>
   </div>
   <div class='ocr_carea' id='block_1_93' title="bbox 2236 3422 3782 3501">
    <p class='ocr_par' dir='ltr' id='par_1_93' title="bbox 2236 3422 3782 3501">
     <span class='ocr_line' id='line_1_93' title="bbox 2236 3422 3782 3501; baseline -0.001 -15"><span class='ocrx_word' id='word_1_691' title='bbox 2236 3430 2450 3486; x_wconf 85' lang='lat' dir='ltr'><strong>Ethnici</strong></span> <span class='ocrx_word' id='word_1_692' title='bbox 2483 3429 2852 3501; x_wconf 87' lang='lat' dir='ltr'><strong>injustissimis</strong></span> <span class='ocrx_word' id='word_1_693' title='bbox 2879 3422 3240 3499; x_wconf 90' lang='lat' dir='ltr'><strong>pessimorum</strong></span> <span class='ocrx_word' id='word_1_694' title='bbox 3271 3429 3654 3500; x_wconf 88' lang='lat' dir='ltr'><strong>imperatorum</strong></span> <span class='ocrx_word' id='word_1_695' title='bbox 3694 3429 3782 3485; x_wconf 89' lang='lat' dir='ltr'><strong>le-</strong></span> 
     </span>
    </p>
   </div>
   <div class='ocr_carea' id='block_1_94' title="bbox 2162 3521 3780 3596">
    <p class='ocr_par' dir='ltr' id='par_1_94' title="bbox 2162 3521 3780 3596">
     <span class='ocr_line' id='line_1_94' title="bbox 2162 3521 3780 3596; baseline -0.001 -18"><span class='ocrx_word' id='word_1_696' title='bbox 2162 3525 2318 3596; x_wconf 91' lang='lat' dir='ltr'><strong>gibus</strong></span> <span class='ocrx_word' id='word_1_697' title='bbox 2358 3523 2425 3580; x_wconf 90' lang='lat' dir='ltr'><strong>ad</strong></span> <span class='ocrx_word' id='word_1_698' title='bbox 2465 3523 2795 3579; x_wconf 85' lang='lat' dir='ltr'><strong>christianos</strong></span> <span class='ocrx_word' id='word_1_699' title='bbox 2824 3521 3283 3578; x_wconf 82' lang='lat' dir='ltr'><strong>excarnilicandos</strong></span> <span class='ocrx_word' id='word_1_700' title='bbox 3309 3537 3377 3577; x_wconf 87' lang='lat' dir='ltr'><strong>eo</strong></span> <span class='ocrx_word' id='word_1_701' title='bbox 3405 3523 3606 3592; x_wconf 81' lang='lat' dir='ltr'><strong>majore</strong></span> <span class='ocrx_word' id='word_1_702' title='bbox 3647 3536 3780 3592; x_wconf 84' lang='lat' dir='ltr'><strong>per-</strong></span> 
     </span>
    </p>
   </div>
   <div class='ocr_carea' id='block_1_95' title="bbox 2162 3615 3778 3685">
    <p class='ocr_par' dir='ltr' id='par_1_95' title="bbox 2162 3615 3778 3685">
     <span class='ocr_line' id='line_1_95' title="bbox 2162 3615 3778 3685; baseline -0.001 -13"><span class='ocrx_word' id='word_1_703' title='bbox 2162 3618 2416 3673; x_wconf 88' lang='lat' dir='ltr'><strong>versitate</strong></span> <span class='ocrx_word' id='word_1_704' title='bbox 2442 3615 2820 3680; x_wconf 89' lang='lat' dir='ltr'><strong>abutebantur,</strong></span> <span class='ocrx_word' id='word_1_705' title='bbox 2843 3630 2950 3685; x_wconf 92' lang='lat' dir='ltr'><strong>quo</strong></span> <span class='ocrx_word' id='word_1_706' title='bbox 2970 3616 3169 3670; x_wconf 89' lang='lat' dir='ltr'><strong>certius</strong></span> <span class='ocrx_word' id='word_1_707' title='bbox 3187 3623 3448 3668; x_wconf 79' lang='lat' dir='ltr'><strong>noverant</strong></span> <span class='ocrx_word' id='word_1_708' title='bbox 3471 3615 3628 3684; x_wconf 88' lang='lat' dir='ltr'><strong>longe</strong></span> <span class='ocrx_word' id='word_1_709' title='bbox 3650 3630 3778 3671; x_wconf 86' lang='lat' dir='ltr'><strong>me-</strong></span> 
     </span>
    </p>
   </div>
   <div class='ocr_carea' id='block_1_96' title="bbox 2163 3705 3780 3777">
    <p class='ocr_par' dir='ltr' id='par_1_96' title="bbox 2163 3705 3780 3777">
     <span class='ocr_line' id='line_1_96' title="bbox 2163 3705 3780 3777; baseline -0.004 -12"><span class='ocrx_word' id='word_1_710' title='bbox 2163 3709 2327 3765; x_wconf 89' lang='lat' dir='ltr'><strong>liores</strong></span> <span class='ocrx_word' id='word_1_711' title='bbox 2370 3709 2536 3764; x_wconf 85' lang='lat' dir='ltr'><strong>fuisse</strong></span> <span class='ocrx_word' id='word_1_712' title='bbox 2586 3723 2714 3764; x_wconf 93' lang='lat' dir='ltr'><strong>suos</strong></span> <span class='ocrx_word' id='word_1_713' title='bbox 2745 3709 3136 3777; x_wconf 88' lang='lat' dir='ltr'><strong>imperatores,</strong></span> <span class='ocrx_word' id='word_1_714' title='bbox 3184 3705 3272 3775; x_wconf 91' lang='lat' dir='ltr'><strong>qui</strong></span> <span class='ocrx_word' id='word_1_715' title='bbox 3303 3713 3394 3758; x_wconf 86' lang='lat' dir='ltr'><strong>aut</strong></span> <span class='ocrx_word' id='word_1_716' title='bbox 3439 3705 3490 3758; x_wconf 91' lang='lat' dir='ltr'><strong>in</strong></span> <span class='ocrx_word' id='word_1_717' title='bbox 3541 3705 3780 3764; x_wconf 83' lang='lat' dir='ltr'><strong>illorum</strong></span> 
     </span>
    </p>
   </div>
   <div class='ocr_carea' id='block_1_97' title="bbox 2160 3797 3772 3874">
    <p class='ocr_par' dir='ltr' id='par_1_97' title="bbox 2160 3797 3772 3874">
     <span class='ocr_line' id='line_1_97' title="bbox 2160 3797 3772 3874; baseline -0.001 -16"><span class='ocrx_word' id='word_1_718' title='bbox 2160 3803 2384 3874; x_wconf 85' lang='lat' dir='ltr'><strong>gratiam</strong></span> <span class='ocrx_word' id='word_1_719' title='bbox 2414 3801 2904 3866; x_wconf 81' lang='lat' dir='ltr'><strong>feceruntdecreta,</strong></span> <span class='ocrx_word' id='word_1_720' title='bbox 2928 3809 3019 3854; x_wconf 89' lang='lat' dir='ltr'><strong>aut</strong></span> <span class='ocrx_word' id='word_1_721' title='bbox 3037 3814 3222 3854; x_wconf 91' lang='lat' dir='ltr'><strong>eorum</strong></span> <span class='ocrx_word' id='word_1_722' title='bbox 3253 3797 3490 3854; x_wconf 83' lang='lat' dir='ltr'><strong>fautores</strong></span> <span class='ocrx_word' id='word_1_723' title='bbox 3517 3797 3772 3870; x_wconf 81' lang='lat' dir='ltr'><strong>luerunt,</strong></span> 
     </span>
    </p>
   </div>
   <div class='ocr_carea' id='block_1_98' title="bbox 2161 3891 3776 3952">
    <p class='ocr_par' dir='ltr' id='par_1_98' title="bbox 2161 3891 3776 3952">
     <span class='ocr_line' id='line_1_98' title="bbox 2161 3891 3776 3952; baseline 0.001 -1"><span class='ocrx_word' id='word_1_724' title='bbox 2161 3904 2218 3951; x_wconf 86' lang='lat' dir='ltr'><strong>et</strong></span> <span class='ocrx_word' id='word_1_725' title='bbox 2255 3894 2592 3950; x_wconf 78' lang='lat' dir='ltr'><strong>defensores.</strong></span> <span class='ocrx_word' id='word_1_726' title='bbox 2646 3892 2960 3950; x_wconf 84' lang='lat' dir='ltr'><strong>Nominibus</strong></span> <span class='ocrx_word' id='word_1_727' title='bbox 3009 3900 3192 3947; x_wconf 90' lang='lat' dir='ltr'><strong>autem</strong></span> <span class='ocrx_word' id='word_1_728' title='bbox 3238 3891 3349 3947; x_wconf 88' lang='lat' dir='ltr'><strong>suis</strong></span> <span class='ocrx_word' id='word_1_729' title='bbox 3398 3891 3776 3952; x_wconf 87' lang='lat' dir='ltr'><strong>Tertullianus</strong></span> 
     </span>
    </p>
   </div>
   <div class='ocr_carea' id='block_1_99' title="bbox 2160 3984 3775 4056">
    <p class='ocr_par' dir='ltr' id='par_1_99' title="bbox 2160 3984 3775 4056">
     <span class='ocr_line' id='line_1_99' title="bbox 2160 3984 3775 4056; baseline 0.001 -14"><span class='ocrx_word' id='word_1_730' title='bbox 2160 3986 2281 4042; x_wconf 91' lang='lat' dir='ltr'><strong>illos</strong></span> <span class='ocrx_word' id='word_1_731' title='bbox 2309 3987 2565 4056; x_wconf 86' lang='lat' dir='ltr'><strong>appellat,</strong></span> <span class='ocrx_word' id='word_1_732' title='bbox 2596 3987 2688 4042; x_wconf 91' lang='lat' dir='ltr'><strong>sed</strong></span> <span class='ocrx_word' id='word_1_733' title='bbox 2721 4003 2829 4042; x_wconf 90' lang='lat' dir='ltr'><strong>non</strong></span> <span class='ocrx_word' id='word_1_734' title='bbox 2869 3995 3083 4042; x_wconf 87' lang='lat' dir='ltr'><strong>servato</strong></span> <span class='ocrx_word' id='word_1_735' title='bbox 3123 3984 3544 4056; x_wconf 86' lang='lat' dir='ltr'><strong>uniuscujusque</strong></span> <span class='ocrx_word' id='word_1_736' title='bbox 3592 3989 3775 4042; x_wconf 64' lang='lat' dir='ltr'><strong>aetatis</strong></span> 
     </span>
    </p>
   </div>
   <div class='ocr_carea' id='block_1_100' title="bbox 2159 4077 3772 4147">
    <p class='ocr_par' dir='ltr' id='par_1_100' title="bbox 2159 4077 3772 4147">
     <span class='ocr_line' id='line_1_100' title="bbox 2159 4077 3772 4147; baseline -0.001 -12"><span class='ocrx_word' id='word_1_737' title='bbox 2159 4079 2369 4136; x_wconf 88' lang='lat' dir='ltr'><strong>ordine.</strong></span> <span class='ocrx_word' id='word_1_738' title='bbox 2427 4077 2647 4134; x_wconf 88' lang='lat' dir='ltr'><strong>Orditur</strong></span> <span class='ocrx_word' id='word_1_739' title='bbox 2673 4080 2819 4133; x_wconf 89' lang='lat' dir='ltr'><strong>enim</strong></span> <span class='ocrx_word' id='word_1_740' title='bbox 2859 4095 2888 4132; x_wconf 92' lang='lat' dir='ltr'><strong>a</strong></span> <span class='ocrx_word' id='word_1_741' title='bbox 2918 4077 3096 4133; x_wconf 86' lang='lat' dir='ltr'><strong>Marco</strong></span> <span class='ocrx_word' id='word_1_742' title='bbox 3126 4077 3342 4132; x_wconf 86' lang='lat' dir='ltr'><strong>Aurelio</strong></span> <span class='ocrx_word' id='word_1_743' title='bbox 3365 4118 3380 4144; x_wconf 91' lang='lat'><strong><em>,</em></strong></span> <span class='ocrx_word' id='word_1_744' title='bbox 3424 4093 3586 4147; x_wconf 90' lang='lat' dir='ltr'><strong>quem</strong></span> <span class='ocrx_word' id='word_1_745' title='bbox 3607 4078 3772 4134; x_wconf 91' lang='lat' dir='ltr'><strong>Chri-</strong></span> 
     </span>
    </p>
   </div>
   <div class='ocr_carea' id='block_1_101' title="bbox 2158 4169 3765 4242">
    <p class='ocr_par' dir='ltr' id='par_1_101' title="bbox 2158 4169 3765 4242">
     <span class='ocr_line' id='line_1_101' title="bbox 2158 4169 3765 4242; baseline -0.003 -14"><span class='ocrx_word' id='word_1_746' title='bbox 2158 4172 2454 4228; x_wconf 87' lang='lat' dir='ltr'><strong>stianorum</strong></span> <span class='ocrx_word' id='word_1_747' title='bbox 2500 4179 2835 4242; x_wconf 88' lang='lat' dir='ltr'><strong>protectorem</strong></span> <span class='ocrx_word' id='word_1_748' title='bbox 2881 4171 3045 4224; x_wconf 82' lang='lat' dir='ltr'><strong>fuisse</strong></span> <span class='ocrx_word' id='word_1_749' title='bbox 3088 4177 3378 4222; x_wconf 86' lang='lat' dir='ltr'><strong>asseverat.</strong></span> <span class='ocrx_word' id='word_1_750' title='bbox 3430 4169 3542 4225; x_wconf 89' lang='lat' dir='ltr'><strong>Nec</strong></span> <span class='ocrx_word' id='word_1_751' title='bbox 3588 4170 3765 4238; x_wconf 89' lang='lat' dir='ltr'><strong>ullus,</strong></span> 
     </span>
    </p>
   </div>
   <div class='ocr_carea' id='block_1_102' title="bbox 2158 4261 3767 4334">
    <p class='ocr_par' dir='ltr' id='par_1_102' title="bbox 2158 4261 3767 4334">
     <span class='ocr_line' id='line_1_102' title="bbox 2158 4261 3767 4334; baseline -0.001 -15"><span class='ocrx_word' id='word_1_752' title='bbox 2158 4265 2350 4333; x_wconf 78' lang='lat' dir='ltr'><strong>inquit,</strong></span> <span class='ocrx_word' id='word_1_753' title='bbox 2383 4278 2616 4333; x_wconf 89' lang='lat' dir='ltr'><strong>unquam</strong></span> <span class='ocrx_word' id='word_1_754' title='bbox 2669 4261 2986 4316; x_wconf 80' lang='lat' dir='ltr'><strong>diliitehitur</strong></span> <span class='ocrx_word' id='word_1_755' title='bbox 3020 4279 3034 4315; x_wconf 91' lang='lat'>:</span> <span class='ocrx_word' id='word_1_756' title='bbox 3071 4261 3132 4316; x_wconf 86' lang='lat' dir='ltr'><strong>Si</strong></span> <span class='ocrx_word' id='word_1_757' title='bbox 3164 4261 3347 4316; x_wconf 74' lang='lat' dir='ltr'><strong>litterae</strong></span> <span class='ocrx_word' id='word_1_758' title='bbox 3379 4261 3521 4318; x_wconf 90' lang='lat' dir='ltr'><strong>illius</strong></span> <span class='ocrx_word' id='word_1_759' title='bbox 3571 4265 3767 4334; x_wconf 84' lang='lat' dir='ltr'><strong>gravis-</strong></span> 
     </span>
    </p>
   </div>
   <div class='ocr_carea' id='block_1_103' title="bbox 2157 4355 3767 4431">
    <p class='ocr_par' dir='ltr' id='par_1_103' title="bbox 2157 4355 3767 4431">
     <span class='ocr_line' id='line_1_103' title="bbox 2157 4355 3767 4431; baseline -0.002 -16"><span class='ocrx_word' id='word_1_760' title='bbox 2157 4361 2274 4416; x_wconf 88' lang='lat' dir='ltr'><strong>simi</strong></span> <span class='ocrx_word' id='word_1_761' title='bbox 2298 4357 2624 4431; x_wconf 87' lang='lat' dir='ltr'><strong>imperatoris</strong></span> <span class='ocrx_word' id='word_1_762' title='bbox 2653 4355 2999 4427; x_wconf 85' lang='lat' dir='ltr'><strong>requirantur,</strong></span> <span class='ocrx_word' id='word_1_763' title='bbox 3023 4355 3203 4426; x_wconf 85' lang='lat' dir='ltr'><strong>quibus</strong></span> <span class='ocrx_word' id='word_1_764' title='bbox 3244 4355 3388 4410; x_wconf 89' lang='lat' dir='ltr'><strong>illam</strong></span> <span class='ocrx_word' id='word_1_765' title='bbox 3425 4358 3767 4427; x_wconf 84' lang='lat' dir='ltr'><strong>gernumicam</strong></span> 
     </span>
    </p>
   </div>
   <div class='ocr_carea' id='block_1_104' title="bbox 2158 4449 3766 4522">
    <p class='ocr_par' dir='ltr' id='par_1_104' title="bbox 2158 4449 3766 4522">
     <span class='ocr_line' id='line_1_104' title="bbox 2158 4449 3766 4522; baseline -0.002 -13"><span class='ocrx_word' id='word_1_766' title='bbox 2158 4455 2327 4519; x_wconf 88' lang='lat' dir='ltr'><strong>sitim,</strong></span> <span class='ocrx_word' id='word_1_767' title='bbox 2364 4452 2761 4506; x_wconf 83' lang='lat' dir='ltr'><strong>cltristianorunt</strong></span> <span class='ocrx_word' id='word_1_768' title='bbox 2784 4450 2914 4520; x_wconf 79' lang='lat' dir='ltr'><strong>forte</strong></span> <span class='ocrx_word' id='word_1_769' title='bbox 2942 4449 3160 4503; x_wconf 87' lang='lat' dir='ltr'><strong>militum</strong></span> <span class='ocrx_word' id='word_1_770' title='bbox 3199 4451 3575 4520; x_wconf 87' lang='lat' dir='ltr'><strong>precationibus</strong></span> <span class='ocrx_word' id='word_1_771' title='bbox 3603 4452 3766 4522; x_wconf 86' lang='lat' dir='ltr'><strong>impe-</strong></span> 
     </span>
    </p>
   </div>
   <div class='ocr_carea' id='block_1_105' title="bbox 2156 4542 3765 4616">
    <p class='ocr_par' dir='ltr' id='par_1_105' title="bbox 2156 4542 3765 4616">
     <span class='ocr_line' id='line_1_105' title="bbox 2156 4542 3765 4616; baseline -0.001 -15"><span class='ocrx_word' id='word_1_772' title='bbox 2156 4556 2288 4601; x_wconf 89' lang='lat' dir='ltr'><strong>trato</strong></span> <span class='ocrx_word' id='word_1_773' title='bbox 2308 4545 2459 4600; x_wconf 88' lang='lat' dir='ltr'><strong>imbri</strong></span> <span class='ocrx_word' id='word_1_774' title='bbox 2483 4587 2498 4612; x_wconf 92' lang='lat'><strong>,</strong></span> <span class='ocrx_word' id='word_1_775' title='bbox 2539 4543 2819 4599; x_wconf 88' lang='lat' dir='ltr'><strong>discussam</strong></span> <span class='ocrx_word' id='word_1_776' title='bbox 2860 4542 3546 4615; x_wconf 83' lang='lat' dir='ltr'><strong>contestatur(Tertullian..,</strong></span> <span class='ocrx_word' id='word_1_777' title='bbox 3572 4545 3765 4616; x_wconf 78' lang='lat' dir='ltr'><strong>Apolo-</strong></span> 
     </span>
    </p>
   </div>
   <div class='ocr_carea' id='block_1_106' title="bbox 2152 4635 3760 4713">
    <p class='ocr_par' dir='ltr' id='par_1_106' title="bbox 2152 4635 3760 4713">
     <span class='ocr_line' id='line_1_106' title="bbox 2152 4635 3760 4713; baseline -0.002 -18"><span class='ocrx_word' id='word_1_778' title='bbox 2152 4650 2279 4713; x_wconf 84' lang='lat' dir='ltr'><strong>get.,</strong></span> <span class='ocrx_word' id='word_1_779' title='bbox 2311 4656 2425 4709; x_wconf 89' lang='lat' dir='ltr'><strong>cap.</strong></span> <span class='ocrx_word' id='word_1_780' title='bbox 2449 4637 2741 4708; x_wconf 68' lang='lat' dir='ltr'><strong>5.,p.295).</strong></span> <span class='ocrx_word' id='word_1_781' title='bbox 2770 4635 2989 4693; x_wconf 89' lang='lat' dir='ltr'><strong>Certum</strong></span> <span class='ocrx_word' id='word_1_782' title='bbox 3016 4636 3255 4707; x_wconf 89' lang='lat' dir='ltr'><strong>quidem,</strong></span> <span class='ocrx_word' id='word_1_783' title='bbox 3285 4651 3346 4690; x_wconf 90' lang='lat' dir='ltr'><strong>ac</strong></span> <span class='ocrx_word' id='word_1_784' title='bbox 3371 4637 3607 4692; x_wconf 87' lang='lat' dir='ltr'><strong>unanimi</strong></span> <span class='ocrx_word' id='word_1_785' title='bbox 3638 4655 3760 4692; x_wconf 87' lang='lat' dir='ltr'><strong>om-</strong></span> 
     </span>
    </p>
   </div>
   <div class='ocr_carea' id='block_1_107' title="bbox 2154 4729 3762 4802">
    <p class='ocr_par' dir='ltr' id='par_1_107' title="bbox 2154 4729 3762 4802">
     <span class='ocr_line' id='line_1_107' title="bbox 2154 4729 3762 4802; baseline -0.001 -13"><span class='ocrx_word' id='word_1_786' title='bbox 2154 4735 2336 4800; x_wconf 91' lang='lat' dir='ltr'><strong>nium,</strong></span> <span class='ocrx_word' id='word_1_787' title='bbox 2369 4733 2483 4787; x_wconf 89' lang='lat' dir='ltr'><strong>sive</strong></span> <span class='ocrx_word' id='word_1_788' title='bbox 2527 4730 2831 4802; x_wconf 89' lang='lat' dir='ltr'><strong>gentilium,</strong></span> <span class='ocrx_word' id='word_1_789' title='bbox 2881 4734 2994 4785; x_wconf 82' lang='lat' dir='ltr'><strong>sive</strong></span> <span class='ocrx_word' id='word_1_790' title='bbox 3036 4729 3449 4785; x_wconf 71' lang='lat' dir='ltr'><strong>cbrisnianorum</strong></span> <span class='ocrx_word' id='word_1_791' title='bbox 3493 4745 3762 4788; x_wconf 89' lang='lat' dir='ltr'><strong>consensu</strong></span> 
     </span>
    </p>
   </div>
   <div class='ocr_carea' id='block_1_108' title="bbox 2154 4825 3762 4900">
    <p class='ocr_par' dir='ltr' id='par_1_108' title="bbox 2154 4825 3762 4900">
     <span class='ocr_line' id='line_1_108' title="bbox 2154 4825 3762 4900; baseline -0.003 -16"><span class='ocrx_word' id='word_1_792' title='bbox 2154 4830 2434 4900; x_wconf 91' lang='lat' dir='ltr'><strong>probatum</strong></span> <span class='ocrx_word' id='word_1_793' title='bbox 2471 4837 2557 4883; x_wconf 87' lang='lat' dir='ltr'><strong>est</strong></span> <span class='ocrx_word' id='word_1_794' title='bbox 2584 4826 2698 4882; x_wconf 74' lang='lat' dir='ltr'><strong>brec</strong></span> <span class='ocrx_word' id='word_1_795' title='bbox 2734 4826 3056 4897; x_wconf 86' lang='lat' dir='ltr'><strong>contigisse,</strong></span> <span class='ocrx_word' id='word_1_796' title='bbox 3095 4841 3216 4879; x_wconf 90' lang='lat' dir='ltr'><strong>cum</strong></span> <span class='ocrx_word' id='word_1_797' title='bbox 3261 4826 3470 4881; x_wconf 75' lang='lat' dir='ltr'><strong>Marcus</strong></span> <span class='ocrx_word' id='word_1_798' title='bbox 3503 4825 3762 4880; x_wconf 82' lang='lat' dir='ltr'><strong>Aurelius</strong></span> 
     </span>
    </p>
   </div>
   <div class='ocr_carea' id='block_1_109' title="bbox 2153 4918 3760 4989">
    <p class='ocr_par' dir='ltr' id='par_1_109' title="bbox 2153 4918 3760 4989">
     <span class='ocr_line' id='line_1_109' title="bbox 2153 4918 3760 4989; baseline -0.002 -11"><span class='ocrx_word' id='word_1_799' title='bbox 2153 4924 2412 4979; x_wconf 83' lang='lat' dir='ltr'><strong>adversus</strong></span> <span class='ocrx_word' id='word_1_800' title='bbox 2440 4920 2739 4978; x_wconf 88' lang='lat' dir='ltr'><strong>Germanos</strong></span> <span class='ocrx_word' id='word_1_801' title='bbox 2774 4935 2837 4974; x_wconf 90' lang='lat' dir='ltr'><strong>ac</strong></span> <span class='ocrx_word' id='word_1_802' title='bbox 2875 4919 3148 4974; x_wconf 88' lang='lat' dir='ltr'><strong>Sarmatas</strong></span> <span class='ocrx_word' id='word_1_803' title='bbox 3200 4928 3552 4989; x_wconf 85' lang='lat' dir='ltr'><strong>pugnaturus,</strong></span> <span class='ocrx_word' id='word_1_804' title='bbox 3582 4918 3760 4974; x_wconf 89' lang='lat' dir='ltr'><strong>aciem</strong></span> 
     </span>
    </p>
   </div>
   <div class='ocr_carea' id='block_1_110' title="bbox 2154 5009 3761 5082">
    <p class='ocr_par' dir='ltr' id='par_1_110' title="bbox 2154 5009 3761 5082">
     <span class='ocr_line' id='line_1_110' title="bbox 2154 5009 3761 5082; baseline -0.004 -11"><span class='ocrx_word' id='word_1_805' title='bbox 2154 5016 2462 5072; x_wconf 89' lang='lat' dir='ltr'><strong>instrueret.</strong></span> <span class='ocrx_word' id='word_1_806' title='bbox 2497 5011 2632 5067; x_wconf 86' lang='lat' dir='ltr'><strong>Tum</strong></span> <span class='ocrx_word' id='word_1_807' title='bbox 2680 5011 2878 5082; x_wconf 87' lang='lat' dir='ltr'><strong>quippe</strong></span> <span class='ocrx_word' id='word_1_808' title='bbox 2904 5009 3020 5080; x_wconf 90' lang='lat' dir='ltr'><strong>ejus</strong></span> <span class='ocrx_word' id='word_1_809' title='bbox 3070 5009 3288 5076; x_wconf 90' lang='lat' dir='ltr'><strong>milites,</strong></span> <span class='ocrx_word' id='word_1_810' title='bbox 3330 5009 3419 5081; x_wconf 92' lang='lat' dir='ltr'><strong>qui</strong></span> <span class='ocrx_word' id='word_1_811' title='bbox 3449 5010 3536 5065; x_wconf 91' lang='lat' dir='ltr'><strong>siti</strong></span> <span class='ocrx_word' id='word_1_812' title='bbox 3563 5025 3761 5067; x_wconf 86' lang='lat' dir='ltr'><strong>eneca-</strong></span> 
     </span>
    </p>
   </div>
   <div class='ocr_carea' id='block_1_111' title="bbox 2151 5101 3760 5178">
    <p class='ocr_par' dir='ltr' id='par_1_111' title="bbox 2151 5101 3760 5178">
     <span class='ocr_line' id='line_1_111' title="bbox 2151 5101 3760 5178; baseline -0.004 -14"><span class='ocrx_word' id='word_1_813' title='bbox 2151 5109 2377 5176; x_wconf 90' lang='lat' dir='ltr'><strong>bantur,</strong></span> <span class='ocrx_word' id='word_1_814' title='bbox 2419 5109 2706 5178; x_wconf 86' lang='lat' dir='ltr'><strong>impetrato</strong></span> <span class='ocrx_word' id='word_1_815' title='bbox 2735 5102 2948 5158; x_wconf 75' lang='lat' dir='ltr'><strong>etelitus</strong></span> <span class='ocrx_word' id='word_1_816' title='bbox 2979 5102 3170 5164; x_wconf 75' lang='lat' dir='ltr'><strong>imbre,</strong></span> <span class='ocrx_word' id='word_1_817' title='bbox 3203 5103 3430 5158; x_wconf 87' lang='lat' dir='ltr'><strong>recreati</strong></span> <span class='ocrx_word' id='word_1_818' title='bbox 3475 5110 3619 5157; x_wconf 87' lang='lat' dir='ltr'><strong>sunt.</strong></span> <span class='ocrx_word' id='word_1_819' title='bbox 3649 5101 3760 5158; x_wconf 88' lang='lat' dir='ltr'><strong>Sed</strong></span> 
     </span>
    </p>
   </div>
   <div class='ocr_carea' id='block_1_112' title="bbox 2150 5194 3759 5269">
    <p class='ocr_par' dir='ltr' id='par_1_112' title="bbox 2150 5194 3759 5269">
     <span class='ocr_line' id='line_1_112' title="bbox 2150 5194 3759 5269; baseline -0.004 -12"><span class='ocrx_word' id='word_1_820' title='bbox 2150 5201 2206 5257; x_wconf 92' lang='lat' dir='ltr'><strong>in</strong></span> <span class='ocrx_word' id='word_1_821' title='bbox 2230 5201 2450 5257; x_wconf 90' lang='lat' dir='ltr'><strong>dubium</strong></span> <span class='ocrx_word' id='word_1_822' title='bbox 2479 5198 2675 5269; x_wconf 91' lang='lat' dir='ltr'><strong>aliquis</strong></span> <span class='ocrx_word' id='word_1_823' title='bbox 2699 5194 2912 5252; x_wconf 88' lang='lat' dir='ltr'><strong>vocabit</strong></span> <span class='ocrx_word' id='word_1_824' title='bbox 2935 5205 3112 5249; x_wconf 90' lang='lat' dir='ltr'><strong>utrum</strong></span> <span class='ocrx_word' id='word_1_825' title='bbox 3138 5196 3480 5252; x_wconf 89' lang='lat' dir='ltr'><strong>ethnicorum</strong></span> <span class='ocrx_word' id='word_1_826' title='bbox 3500 5195 3582 5252; x_wconf 92' lang='lat' dir='ltr'><strong>vel</strong></span> <span class='ocrx_word' id='word_1_827' title='bbox 3606 5194 3759 5251; x_wconf 89' lang='lat' dir='ltr'><strong>chri-</strong></span> 
     </span>
    </p>
   </div>
   <div class='ocr_carea' id='block_1_113' title="bbox 2149 5286 3209 5362">
    <p class='ocr_par' dir='ltr' id='par_1_113' title="bbox 2149 5286 3209 5362">
     <span class='ocr_line' id='line_1_113' title="bbox 2149 5286 3209 5362; baseline -0.006 -14"><span class='ocrx_word' id='word_1_828' title='bbox 2149 5294 2448 5349; x_wconf 87' lang='lat' dir='ltr'><strong>stianornm</strong></span> <span class='ocrx_word' id='word_1_829' title='bbox 2485 5290 2734 5362; x_wconf 89' lang='lat' dir='ltr'><strong>precibus</strong></span> <span class='ocrx_word' id='word_1_830' title='bbox 2759 5292 3009 5343; x_wconf 90' lang='lat' dir='ltr'><strong>obtentns</strong></span> <span class='ocrx_word' id='word_1_831' title='bbox 3030 5286 3209 5344; x_wconf 83' lang='lat' dir='ltr'><strong>fuerit.</strong></span> 
     </span>
    </p>
   </div>
   <div class='ocr_carea' id='block_1_114' title="bbox 2223 5379 3757 5452">
    <p class='ocr_par' dir='ltr' id='par_1_114' title="bbox 2223 5379 3757 5452">
     <span class='ocr_line' id='line_1_114' title="bbox 2223 5379 3757 5452; baseline -0.002 -13"><span class='ocrx_word' id='word_1_832' title='bbox 2223 5384 2411 5440; x_wconf 88' lang='lat' dir='ltr'><strong>Plures</strong></span> <span class='ocrx_word' id='word_1_833' title='bbox 2461 5396 2692 5452; x_wconf 89' lang='lat' dir='ltr'><strong>namque</strong></span> <span class='ocrx_word' id='word_1_834' title='bbox 2737 5383 3029 5450; x_wconf 87' lang='lat' dir='ltr'><strong>scriptores</strong></span> <span class='ocrx_word' id='word_1_835' title='bbox 3077 5379 3276 5436; x_wconf 91' lang='lat' dir='ltr'><strong>ethnici</strong></span> <span class='ocrx_word' id='word_1_836' title='bbox 3328 5379 3472 5437; x_wconf 87' lang='lat' dir='ltr'><strong>hunc</strong></span> <span class='ocrx_word' id='word_1_837' title='bbox 3524 5381 3757 5436; x_wconf 89' lang='lat' dir='ltr'><strong>imbrem</strong></span> 
     </span>
    </p>
   </div>
   <div class='ocr_carea' id='block_1_115' title="bbox 2149 5473 3754 5549">
    <p class='ocr_par' dir='ltr' id='par_1_115' title="bbox 2149 5473 3754 5549">
     <span class='ocr_line' id='line_1_115' title="bbox 2149 5473 3754 5549; baseline -0.003 -16"><span class='ocrx_word' id='word_1_838' title='bbox 2149 5477 2443 5549; x_wconf 90' lang='lat' dir='ltr'><strong>precationi</strong></span> <span class='ocrx_word' id='word_1_839' title='bbox 2479 5475 2768 5545; x_wconf 87' lang='lat' dir='ltr'><strong>pictatique</strong></span> <span class='ocrx_word' id='word_1_840' title='bbox 2809 5473 3053 5544; x_wconf 89' lang='lat' dir='ltr'><strong>ejusdem</strong></span> <span class='ocrx_word' id='word_1_841' title='bbox 3101 5473 3440 5544; x_wconf 88' lang='lat' dir='ltr'><strong>imperatoris</strong></span> <span class='ocrx_word' id='word_1_842' title='bbox 3470 5483 3754 5542; x_wconf 87' lang='lat' dir='ltr'><strong>acceptum</strong></span> 
     </span>
    </p>
   </div>
   <div class='ocr_carea' id='block_1_116' title="bbox 2148 5569 3754 5638">
    <p class='ocr_par' dir='ltr' id='par_1_116' title="bbox 2148 5569 3754 5638">
     <span class='ocr_line' id='line_1_116' title="bbox 2148 5569 3754 5638; baseline -0.004 -10"><span class='ocrx_word' id='word_1_843' title='bbox 2148 5570 2413 5628; x_wconf 81' lang='lat' dir='ltr'><strong>referunt.</strong></span> <span class='ocrx_word' id='word_1_844' title='bbox 2445 5571 2658 5626; x_wconf 87' lang='lat' dir='ltr'><strong>Primus</strong></span> <span class='ocrx_word' id='word_1_845' title='bbox 2687 5580 2864 5625; x_wconf 86' lang='lat' dir='ltr'><strong>autem</strong></span> <span class='ocrx_word' id='word_1_846' title='bbox 2898 5585 2960 5624; x_wconf 80' lang='lat' dir='ltr'><strong>ex</strong></span> <span class='ocrx_word' id='word_1_847' title='bbox 3006 5569 3121 5624; x_wconf 87' lang='lat' dir='ltr'><strong>istis</strong></span> <span class='ocrx_word' id='word_1_848' title='bbox 3150 5569 3385 5625; x_wconf 87' lang='lat' dir='ltr'><strong>occurrit</strong></span> <span class='ocrx_word' id='word_1_849' title='bbox 3414 5569 3570 5623; x_wconf 90' lang='lat' dir='ltr'><strong>nobis</strong></span> <span class='ocrx_word' id='word_1_850' title='bbox 3591 5569 3754 5638; x_wconf 84' lang='lat' dir='ltr'><strong>Capi-</strong></span> 
     </span>
    </p>
   </div>
   <div class='ocr_carea' id='block_1_117' title="bbox 2149 5660 3754 5737">
    <p class='ocr_par' dir='ltr' id='par_1_117' title="bbox 2149 5660 3754 5737">
     <span class='ocr_line' id='line_1_117' title="bbox 2149 5660 3754 5737; baseline -0.002 -12"><span class='ocrx_word' id='word_1_851' title='bbox 2149 5663 2384 5737; x_wconf 86' lang='lat' dir='ltr'><strong>tolinus,</strong></span> <span class='ocrx_word' id='word_1_852' title='bbox 2429 5662 2582 5737; x_wconf 87' lang='lat' dir='ltr'><strong>cujus</strong></span> <span class='ocrx_word' id='word_1_853' title='bbox 2621 5662 2738 5726; x_wconf 79' lang='lat' dir='ltr'><strong>haec</strong></span> <span class='ocrx_word' id='word_1_854' title='bbox 2766 5671 2894 5724; x_wconf 85' lang='lat' dir='ltr'><strong>sunt</strong></span> <span class='ocrx_word' id='word_1_855' title='bbox 2927 5660 2993 5726; x_wconf 82' lang='lat' dir='ltr'><strong>de</strong></span> <span class='ocrx_word' id='word_1_856' title='bbox 3039 5661 3131 5724; x_wconf 87' lang='lat' dir='ltr'><strong>illo</strong></span> <span class='ocrx_word' id='word_1_857' title='bbox 3175 5660 3338 5721; x_wconf 81' lang='lat' dir='ltr'><strong>verba</strong></span> <span class='ocrx_word' id='word_1_858' title='bbox 3365 5680 3379 5722; x_wconf 80' lang='grc' dir='ltr'>ς</span> <span class='ocrx_word' id='word_1_859' title='bbox 3409 5660 3636 5722; x_wconf 82' lang='lat' dir='ltr'><strong>Fulmen</strong></span> <span class='ocrx_word' id='word_1_860' title='bbox 3688 5661 3754 5722; x_wconf 82' lang='lat' dir='ltr'><strong>de</strong></span> 
     </span>
    </p>
   </div>
  </div>
