4076 6356
286 449 429 509 1009

1415 454 1874 519 DISSERTATIO
1912 460 1977 520 D.
2009 462 2097 524 LE
2134 466 2443 529 NOURRY.

3450 480 3593 543 1010

277 566 408 622 casio
437 565 669 637 precibus
706 566 812 625 suis
837 573 1017 624 contra
1044 568 1266 627 hostium
1295 573 1763 637 machinamentum
1787 593 1884 632 επ·
1909 586 1962 644 Α
1987 584 2325 644 culationibns
2375 601 2421 645 et
2459 592 2866 666 jejuttationibtts
2909 597 3096 654 nostris
3144 598 3295 655 etiam
3339 599 3595 662 siccitates

272 662 443 729 torsit,
471 660 577 715 suis
601 661 778 731 pluvia
803 662 1096 733 impetrata,
1123 681 1238 719 cum
1267 664 1350 721 siti
1376 664 1666 722 laborarent
1711 666 1887 740 (Capi-

280 752 396 820 tol.,
422 754 476 807 in
509 751 623 806 Vita
652 752 728 807 bl.
761 754 1026 823 Antoniu.,
1046 754 1267 830 p.305).
1294 757 1486 813 Fusius
1511 775 1642 816 vero
1663 759 1885 818 Therui-

276 844 419 900 stius
475 844 693 916 publica
724 846 793 900 ad
838 846 1197 904 Theodosium
1250 851 1531 908 oratione:
1561 847 1796 924 Ᾱντωνίνῳ
1821 863 1887 927 τῴ

274 926 509 1005 licinius
559 939 879 1009 ἆυτῡκρᾶτορι
908 947 993 996 τοῦ
1022 946 1371 1013 "partitae-ro;
1424 948 1515 1010 ὓπᾲ
1562 948 1719 1013 δίψους
1756 926 1885 1018 αὖτέ»

279 1036 584 1101 πιεζομένου,
617 1037 807 1101 ἀναχὼν
834 1042 900 1089 τὸ
927 1039 1056 1105 χεῖρε
1085 1040 1109 1088 ὁ
1149 1044 1385 1107 βασιλεὺς
1414 1047 1525 1108 πρὸς
1564 1048 1643 1108 τὰν
1669 1043 1879 1110 θῦροινόν

274 1125 466 1193 Ταύτῃ,
499 1131 609 1194 ἔφη,
637 1141 699 1196 τῇ
733 1129 859 1196 χεῖρε
904 1135 1274 1199 προυτρεψεὶμην
1309 1154 1357 1183 σε
1379 1170 1392 1195 ,
1431 1135 1514 1185 καὶ
1567 1139 1758 1188 intrita-at
1807 1142 1885 1190 τὸν

271 1225 396 1280 ζωῆς
424 1219 620 1289 Sonipes,
701 1223 829 1286 ζωὴν
855 1224 935 1275 οὒκ
959 1222 1218 1291 ἀφεὶόμην,
1250 1226 1333 1277 καὶ
1372 1229 1494 1281 eum
1536 1230 1763 1289 κατῄδτσε
1805 1235 1885 1284 τὸν

271 1316 386 1362 θεὸν
403 1313 467 1379 τῇ
486 1314 627 1381 τῦχῇ,
658 1317 773 1366 ὥστε
813 1319 863 1379 ἐξ
905 1316 1096 1383 αἰθρίαις
1138 1320 1289 1377 ἦλθον
1319 1324 1504 1388 νεφέλαι
1543 1322 1883 1391 ὗδρσρτροῧσαι

269 1416 368 1461 τοῖς
395 1410 733 1472 στρατιώταις.
765 1403 891 1458 Cum
912 1404 1152 1460 Antonini
1183 1406 1528 1464 Romanorum
1561 1411 1882 1483 imperatoris

268 1493 515 1549 exercitus
536 1495 622 1549 siti
645 1495 916 1565 laboraret,
934 1514 1113 1554 manus
1134 1500 1222 1554 ille
1245 1502 1314 1554 ad
1332 1502 1516 1557 caelum
1529 1506 1686 1559 erexit
1712 1523 1732 1561 .'
1761 1504 1811 1558 Η
1817 1522 1879 1560 ac

269 1602 362 1656 ego
386 1591 820 1660 manu,inquiens,
837 1593 1056 1662 supplex
1076 1602 1123 1647 te
1140 1596 1347 1664 placare
1367 1596 1522 1663 volui,
1541 1610 1586 1653 et
1603 1602 1742 1655 oravi
1768 1602 1883 1656 vita:

269 1677 581 1750 largitorem,
628 1699 731 1753 qua
755 1684 883 1739 nulli
908 1701 1023 1739 eam
1047 1687 1215 1755 eripui
1250 1703 1268 1742 :
1293 1704 1450 1759 eaque
1478 1707 1625 1759 prece
1647 1693 1744 1748 sibi
1764 1695 1881 1764 pla-

265 1785 407 1826 casse
421 1788 623 1837 numen,
655 1791 716 1828 ac
738 1777 909 1830 statim
937 1779 1205 1833 serenitate
1244 1783 1404 1851 facta,
1427 1798 1616 1853 magna
1642 1784 1879 1840 imbrium

266 1865 415 1932 copia
451 1865 520 1919 ad
560 1866 837 1923 militarem
877 1869 1157 1924 sedandam
1201 1873 1338 1927 sitim
1362 1875 1527 1942 erupit
1568 1873 1872 1947 (Themist.,

1988 688 2107 731 sunt
2131 680 2399 751 depulsis?
2424 682 2565 739 Tunc
2585 695 2631 741 et
2654 689 2875 757 populus
2894 706 2955 744 ac
2976 691 3204 747 clamans
3226 691 3333 749 Deo
3354 694 3589 764 deorum,

1988 771 2075 839 qui
2100 773 2239 828 solus
2270 782 2449 844 potens
2481 787 2574 845 est,
2604 780 2657 833 in
2691 778 2834 836 Jovis
2874 782 3077 838 nomine
3103 782 3215 839 Deo
3247 796 3420 841 nostro
3445 789 3590 843 tcsti-

1991 866 2216 920 ntonium
2255 868 2477 924 reddidit
2531 871 2886 943 (Tertullian.,
2917 875 3006 931 lib.
3035 877 3103 933 ad
3146 876 3332 950 Scap.,
3361 884 3479 953 cap:
3504 879 3585 952 4).

1990 953 2069 1010 Ex
2116 956 2201 1013 his
2257 974 2419 1030 porro
2468 963 2649 1027 verbis
2686 963 2842 1022 facile
2866 967 3264 1025 animadvertes
3301 969 3435 1026 nihil
3472 971 3588 1042 pla-

1989 1063 2059 1104 ne
2103 1051 2295 1107 mirum
2342 1068 2484 1120 esse,
2518 1056 2563 1112 si
2603 1059 2893 1129 scriptores
2937 1061 3135 1117 ethnici
3188 1062 3337 1119 illam
3364 1064 3591 1120 mirabi-
3628 1066 3631 1067 ⁷

1989 1142 2097 1199 lem
2121 1144 2353 1214 pluviam
2381 1162 2411 1202 a
2431 1147 2567 1205 Jove
2590 1165 2689 1205 suo
2710 1165 3022 1209 concessam
3051 1153 3469 1223 venditaverint,
3494 1154 3591 1226 qui

1987 1237 2236 1292 solebant
2278 1237 2400 1295 huic
2432 1240 2632 1297 similia
2663 1244 2941 1312 miracula,
2970 1244 3385 1301 christianorum
3414 1249 3589 1318 preci-

1984 1328 2086 1384 bus
2116 1327 2277 1397 facta,
2301 1330 2474 1387 eidem
2505 1332 2623 1388 Jovi
2653 1333 2909 1391 tribuere.
2932 1334 3037 1392 Sed
3066 1343 3126 1392 ut
3151 1335 3354 1408 optime
3371 1335 3590 1393 Tertul-

1985 1421 2161 1478 lianus
2182 1422 2431 1491 advertit,
2457 1440 2586 1481 vero
2611 1436 2666 1483 et
2689 1428 3044 1498 omnipotenti
3067 1429 3177 1484 Deo
3204 1436 3412 1498 nostro,
3434 1428 3588 1485 Jovis

1986 1515 2223 1583 nomine,
2244 1517 2610 1588 imprudentes
2631 1530 2685 1576 et
2711 1521 2859 1576 inviti
2879 1521 3270 1577 acclamabant.

2057 1610 2127 1664 At
2162 1598 2368 1681 quaeret
2429 1614 2648 1669 forsitan
2703 1616 2895 1688 aliquis
2948 1632 3046 1672 cur
3099 1617 3193 1674 ille
3249 1616 3354 1675 hoc
3402 1626 3585 1690 poste-

1983 1701 2127 1758 riore
2156 1703 2210 1758 in
2241 1704 2361 1761 loco
2400 1715 2505 1761 tam
2534 1706 2800 1765 afﬁrmate
2848 1711 3274 1779 pronuntiaverit
3321 1712 3462 1768 hunc
3488 1713 3589 1768 im-

1981 1795 2133 1853 brem
2185 1798 2496 1856 christianis
2545 1802 2948 1872 precationibus
2998 1817 3339 1870 concessum,
3394 1805 3485 1875 qui
3531 1806 3585 1861 in

1982 1892 2335 1965 Apologetico
2383 1895 2694 1952 adverbium
2742 1899 2875 1968 forte
2919 1897 3142 1953 addidit.
3176 1897 3441 1970 Numquid
3485 1900 3588 1955 ali-

267 1955 417 2013 Orat.
447 1958 539 2024 15,
571 1959 639 2012 ad
688 1958 971 2029 Theodos.,
1006 1980 1062 2033 p.
1096 1961 1246 2035 191).
1276 1964 1411 2020 Tum
1443 1969 1701 2024 continuo
1725 1969 1868 2026 addi-

1982 1955 2199 2056 quando
2229 1985 2331 2042 hac
2360 1987 2428 2043 de
2467 2004 2530 2045 re
2555 1988 2712 2045 haesit
2732 1955 2956 2060 dubius,
2992 2000 3083 2047 aut
3115 1992 3244 2047 illud
3268 1955 3585 2049 adverbium

247 2048 341 2114 ,dit
376 2066 437 2107 se
472 2053 787 2109 meminisse
824 2054 992 2109 visam
1035 2070 1066 2109 a
1098 2070 1158 2110 se
1212 2057 1496 2126 picturam,
1554 2060 1608 2114 in
1646 2061 1876 2133 imagine

267 2143 615 2217 descriptam,
645 2146 697 2202 in
728 2163 830 2217 qua
861 2148 1153 2218 imperator
1181 2151 1356 2206 media
1402 2152 1453 2207 in
1490 2154 1757 2226 phalange
1790 2157 1873 2227 pi-

261 2246 402 2305 ctus,
426 2251 491 2293 ac
518 2239 717 2295 milites
751 2239 918 2311 galeis
964 2239 1192 2297 imbrem
1218 2244 1546 2314 excipientes
1572 2261 1875 2316 repraesen-

264 2332 533 2387 tabuntur.
564 2331 828 2390 Baronius
856 2348 986 2390 vero
1012 2336 1287 2404 specimen
1316 2338 1561 2394 exhibuit
1583 2340 1867 2410 columnae,

258 2422 313 2479 in
332 2438 433 2495 qua
454 2423 713 2480 miriﬁcus
748 2425 839 2480 ille
868 2425 1236 2484 imberaJove
1268 2429 1449 2499 pluvio
1478 2439 1535 2487 et
1554 2431 1873 2490 iulminante

260 2531 553 2574 concessus
597 2519 929 2589 conspicitur
965 2519 1185 2592 (Baron.
1218 2523 1287 2577 ad
1331 2540 1421 2579 an.
1454 2522 1689 2594 Christi.,
1742 2526 1867 2594 176,

264 2610 630 2739 52lfinionis
661 2693 839 2742 tamen
869 2686 1116 2757 Epitome
1154 2687 1383 2760 legimus
1410 2688 1549 2745 fama
1582 2691 1868 2764 pervulga-

262 2781 375 2828 tum
410 2774 729 2845 quibusdam
769 2778 993 2849 magicis
1020 2780 1224 2836 artibus
1260 2782 1567 2838 invocatum
1596 2783 1665 2839 ab
1694 2785 1870 2841 Arnu-

256 2867 353 2937 phi
380 2866 532 2939 Mago
557 2867 815 2941 Egyptio
844 2870 1189 2939 Mercurium,
1218 2873 1479 2945 aliosque,
1513 2878 1603 2947 qui
1650 2874 1702 2931 in
1742 2892 1869 2934 aere

266 2958 485 3031 degunt,
518 2961 830 3030 daemones,
863 2980 1090 3034 quorum
1122 2981 1283 3035 Opera
1309 2966 1448 3022 hanc
1488 2969 1721 3025 extorsit
1749 2969 1870 3039 plu»

257 3053 394 3108 viam
427 3052 634 3127 (Diom,
692 3053 856 3125 Epit.,
888 3073 945 3129 p.
974 3055 1127 3128 274).
1152 3058 1410 3126 Quamvis
1436 3071 1613 3116 autem
1636 3061 1867 3131 Xiphili-

256 3160 358 3200 nus
387 3146 610 3203 Dionem
645 3147 719 3203 ibi
749 3149 1012 3205 mendacii
1051 3164 1279 3221 arguere
1306 3152 1430 3207 totis
1464 3154 1627 3208 animi
1664 3155 1866 3211 viribus

254 3238 486 3293 enitatur
527 3238 778 3311 (Xiphil.,
819 3241 970 3306 ibid.,
1009 3260 1066 3313 p.
1106 3242 1269 3313 275),
1316 3245 1649 3302 Claudianus
1683 3256 1864 3305 tamen

259 3328 533 3396 incertus,
577 3333 849 3402 animique
886 3332 1085 3389 dubius
1116 3345 1401 3407 utramque
1438 3338 1747 3408 opinionem
1778 3340 1861 3397 liis
1891 3375 1937 3439 Ο

252 3423 500 3493 exposuit
530 3425 778 3482 versibus
810 3443 826 3484 :

433 3551 466 3582 ._
517 3554 532 3567 .
602 3555 615 3566 .
684 3516 910 3582 Chaldtea
930 3531 1075 3582 mago
1097 3534 1190 3572 eu
1210 3523 1423 3573 carmina
1447 3525 1545 3574 ritu

438 3578 712 3647 {ﬁrmavere
735 3580 877 3647 deos,
904 3594 997 3647 seu
1012 3578 1149 3647 quod
1175 3597 1305 3644 reor,
1326 3598 1473 3636 omne
1494 3587 1727 3640 Tonantis

440 3640 746 3705 Obsequium
769 3640 917 3695 Marci
935 3640 1102 3696 mor'es
1116 3640 1325 3709 potuere
1345 3653 1551 3699 mereri.

378 3722 657 3786 (Claudian.
680 3725 740 3778 de
756 3732 881 3780 sext.
908 3728 1119 3781 Honorii
1134 3727 1343 3805 consut.,
1368 3743 1413 3781 υ.
1437 3731 1527 3782 557
1551 3738 1598 3784 et
1618 3733 1773 3799 seqq.)

328 3831 434 3889 Sed
477 3834 583 3891 hoc
620 3836 959 3893 ethnicorum
988 3847 1059 3921 ‘et
1087 3849 1327 3896 notatum
1354 3856 1384 3897 a
1427 3841 1735 3915 Lampridio
1757 3845 1863 3902 du-

250 3926 420 3996 bium,
454 3946 573 4001 .non
625 3931 865 3999 aliunde,
915 3949 1075 4004 quam
1113 3949 1178 3989 ex
1208 3934 1393 3991 innato
1438 3926 1489 3991 in
1530 3936 1866 3996 Christianos

254 4019 383 4074 odio
424 4036 487 4075 ac
521 4023 679 4077 solita
721 4024 772 4078 in
802 4024 1074 4096 principes
1116 4041 1245 4082 suos
1285 4027 1596 4085 adulatione
1624 4033 1866 4089 manavit

249 4109 567 4185 (Lamprid.,
592 4117 645 4171 in
685 4115 801 4171 Vita
829 4117 1121 4190 lle/iogab.,
1151 4136 1206 4191 p.
1242 4121 1393 4194 Mi).

332 4206 598 4263 Eusebius
627 4209 890 4281 siquidem
925 4211 1048 4281 jure
1075 4227 1297 4283 prorsus
1326 4215 1520 4271 merito
1540 4216 1732 4273 asserit
1753 4233 1864 4275 ma-

245 4297 420 4368 jorem
442 4299 739 4357 habendam
761 4304 919 4360 [idem
942 4306 1298 4377 scriptoribus
1317 4310 1535 4377 nostris,
1556 4312 1645 4381 qui
1664 4314 1865 4369 verita-

253 4390 322 4444 tis
348 4391 604 4456 cultores,
636 4395 955 4465 simpliciter
981 4407 1038 4452 et
1065 4400 1295 4469 iugerum
1321 4416 1434 4456 rem
1466 4402 1634 4472 ipsam
1664 4403 1862 4463 litteris

254 4484 584 4541 mandavere
617 4487 855 4557 (Euseb.,
889 4491 979 4547 lib.
1016 4491 1057 4546 ν
1112 4493 1315 4550 Eccles.
1347 4495 1517 4565 Hist.,
1559 4514 1678 4570 cap.
1708 4502 1764 4568 5,
1803 4519 1860 4572 p.

254 4575 410 4649 169).
447 4576 528 4632 Ne
557 4579 678 4645 quis
707 4595 837 4634 vero
872 4581 1030 4636 ﬁdem
1077 4584 1177 4654 ipsi
1217 4586 1526 4660 denegaret,
1561 4591 1697 4646 duos
1729 4594 1864 4649 citat

255 4674 442 4735 testes,
485 4685 715 4740 quorum
762 4671 979 4741 primus.
1008 4683 1090 4729 est
1132 4677 1479 4747 Apollinaris,
1509 4683 1602 4752 qui
1643 4683 1859 4754 scriptis

1980 2081 2148 2135 textui
2178 2080 2296 2151 ejus
2328 2092 2658 2154 praepostere
2688 2084 2949 2140 insertum
2986 2086 3112 2142 est?
3158 2085 3272 2142 Non
3312 2087 3458 2144 enim
3484 2103 3585 2144 ex.

1976 2181 2084 2229 stat
2115 2173 2167 2229 in
2205 2189 2383 2245 graeco
2423 2176 2641 2232 Eusebii
2688 2186 2858 2235 textu.
2890 2178 2997 2235 Sed
3043 2180 3094 2235 id
3121 2191 3308 2238 contra
3334 2181 3582 2239 codicum

1977 2268 2469 2338 manuscriptorum
2499 2269 2660 2327 [idem
2686 2285 2937 2328 asserere
2958 2289 3063 2329 non
3086 2274 3363 2332 audemus.
3392 2276 3586 2332 Nonne

1976 2373 2107 2431 ergo
2137 2360 2486 2417 verisimilius
2519 2371 2603 2418 est
2648 2363 2782 2420 illud
2814 2365 3127 2437 adverbium
3157 2382 3264 2423 non
3289 2367 3583 2424 dubitantis

1982 2466 2104 2509 esse
2123 2494 2138 2521 ,
2181 2452 2278 2513 sed
2306 2453 2583 2510 irridentis
2611 2454 2877 2523 ethnicos,
2909 2458 2999 2527 qui
3029 2457 3175 2514 hunc
3202 2458 3428 2516 imbrem
3458 2474 3488 2514 a
3517 2460 3582 2515 ﬁ-

1974 2543 2125 2601 ctitio
2148 2558 2247 2600 suo
2272 2543 2405 2602 Jove
2430 2544 2613 2601 datum
2641 2548 2804 2603 stulte
2832 2549 3222 2619 opinabantur?

2046 2638 2213 2709 Magis
2237 2648 2415 2695 autem
2445 2642 2694 2697 omnibus
2721 2642 2773 2698 id
2807 2644 3148 2715 manifestum
3179 2644 3351 2713 ﬁeret,
3393 2646 3440 2702 si
3466 2648 3577 2704 Au-

1972 2730 2092 2786 relii
2143 2730 2484 2802 imperatoris
2532 2733 2725 2789 litteras
2757 2749 2891 2807 quas
2920 2737 3124 2792 Auctor
3148 2745 3335 2795 noster
3354 2740 3483 2795 citat
3507 2740 3578 2796 ad

1972 2836 2073 2878 nos
2102 2826 2495 2894 pervenissent.
2537 2825 2791 2883 Nonnulli
2834 2837 3014 2885 tamen
3060 2830 3404 2902 suspicantur
3452 2832 3573 2888 illas

1971 2931 2116 2983 esse,
2148 2932 2375 2988 quarum
2406 2920 2684 2991 exemplar
2700 2929 2822 2991 post
2848 2922 3075 2993 primam
3100 2922 3299 2980 Justini
3325 2927 3580 2998 martyris

1970 3007 2290 3078 Apologiam
2322 3010 2536 3085 editum
2578 3012 2883 3068 exhibetur.
2922 3014 3118 3070 Verum
3156 3016 3268 3085 jam
3298 3019 3577 3073 annotavi.

1971 3114 2091 3153 mus
2119 3082 2360 3169 Spurium
2399 3101 2532 3157 illud
2567 3117 2688 3159 esse
2733 3113 2787 3159 et
2814 3082 3173 3162 adulterinum
3203 3105 3421 3178 (Tom.l
3468 3111 3578 3181 Ap-

1968 3201 2163 3263 parat.,
2183 3211 2239 3265 p.
2264 3194 2415 3267 569).

2030 3284 2286 3355 .Scaliger
2311 3301 2438 3342 vero
2463 3302 2527 3343 ex
2555 3287 2640 3345 his
2667 3289 2983 3348 Tertulliani
3007 3293 3209 3361 verbis,
3239 3295 3284 3350 si
3303 3296 3574 3368 requiran-

1973 3383 2077 3440 tur,
2110 3376 2289 3448 colligi
2335 3392 2497 3449 posse
2541 3389 2695 3451 putat
2718 3397 2813 3437 eas
2860 3384 2930 3439 ab
2971 3384 3065 3441 illo
3108 3402 3379 3457 nunquam
3408 3388 3578 3444 lectas

1975 3467 2201 3541 (Scalig.
2227 3469 2468 3527 Animad.
2496 3473 2547 3527 in
2574 3473 2768 3529 Chron.
2795 3474 2984 3531 Euseb.
3010 3478 3078 3531 ad
3101 3494 3187 3533 an.
3208 3477 3393 3550 2189).
3416 3479 3574 3558 Quod

1973 3558 2149 3615 Orosii
2192 3562 2352 3617 etiam
2395 3565 2704 3619 testimonio
2741 3567 2983 3623 stabilire
3028 3579 3273 3625 conatur.
3323 3574 3392 3628 At
3440 3589 3576 3643 quo-

1975 3650 2136 3707 modo
2163 3652 2526 3710 Tertullianus
2556 3665 2701 3711 tanta
2732 3659 3055 3716 conﬁdentia
3083 3663 3327 3720 ethnicos
3353 3665 3420 3722 ad
3451 3667 3572 3722 illas

1971 3743 2228 3815 legendas
2256 3746 2529 3813 excitavit,
2563 3749 2669 3804 nisi
2698 3750 2811 3820 ipse
2838 3766 2952 3819 eas,
2987 3762 3080 3808 aut
3104 3754 3231 3824 quid
3254 3756 3306 3811 in
3336 3758 3415 3813 eis
3440 3761 3571 3815 scri-

1969 3846 2119 3906 ptum
2151 3846 2234 3893 est
2260 3836 2517 3909 legisset?
2550 3840 2632 3896 Ad
2662 3839 2778 3898 haec
2806 3858 2956 3911 vero,
2991 3845 3252 3903 Eusebius
3280 3865 3348 3906 ex
3378 3851 3572 3909 iisdem

1969 3927 2286 3986 Tertulliani
2318 3932 2496 3988 verbis
2530 3934 2801 3991 concludit
2824 3935 2989 3994 hasce
3016 3938 3227 3996 litteras
3250 3941 3571 4003 Tertulliani

1969 4031 2210 4094 tempore
2251 4026 2521 4082 exstitisse
2545 4033 2688 4085 εἴσει-ι
2717 4039 2792 4083 νῦν
2830 4039 3048 4103 φέρεσθαι
3088 4033 3344 4106 (Euseb.,
3374 4038 3463 4092 lib.
3519 4040 3564 4094 V

1969 4115 2167 4172 Eccles.
2202 4116 2368 4184 Hist.,
2401 4136 2518 4191 cap.
2536 4122 2591 4184 5,
2617 4138 2672 4193 ρ.
2703 4123 2853 4195 169).
2886 4125 2994 4181 Cur
3019 4143 3173 4198 ergo,
3200 4133 3374 4202 arguit
3398 4133 3569 4189 Scali-

1968 4224 2083 4282 ger,
2108 4211 2229 4267 illas
2258 4211 2528 4269 Eusebius
2554 4215 2715 4270 solita
2754 4216 3032 4289 diligentia
3076 4223 3312 4293 integras
3338 4241 3442 4281 non
3473 4227 3571 4283 de-

1967 4305 2203 4375 scripsit,
2255 4309 2299 4361 si
2350 4315 2476 4362 tunc
2525 4324 2712 4364 revera
2758 4312 3124 4370 exstitissent?
3166 4316 3269 4374 Sed
3299 4319 3567 4379 imbecilla

1968 4412 2188 4466 prorsus
2226 4408 2308 4453 est
2347 4398 2435 4453 illa
2474 4400 2817 4471 reclamatio,
2865 4406 2969 4460 nisi
2998 4407 3284 4465 evidenter
3309 4413 3567 4482 probetur

1966 4490 2170 4545 nullum
2194 4490 2416 4547 omnino
2436 4506 2556 4548 esse
2579 4492 2737 4565 hujus
2760 4499 2973 4567 generis
2990 4502 3398 4572 monimentum,
3420 4507 3567 4576 quod

1965 4579 2034 4633 ab
2056 4579 2292 4635 Eusebio
2319 4582 2700 4664 transcriptum
2722 4602 2830 4641 non
2869 4586 3047 4645 fuerit.
3076 4590 3356 4664 Nunquam
3382 4606 3563 4654 autem

1965 4670 2019 4727 id
2048 4673 2291 4743 poterita
2312 4660 2586 4746 Scaligero
2613 4688 2706 4733 aut
2736 4680 2845 4735 ullo
2871 4681 2978 4737 alio
3008 4660 3241 4753 probari.
3473 4679 3485 4683 ’

254 4762 546 4818 tradiderat
576 4762 655 4818 illi
687 4764 1101 4822 Christianorum
1140 4768 1371 4825 militum
1416 4772 1615 4845 legioni
1661 4790 1857 4832 nomen

2036 4763 2302 4821 Caeterum
2336 4766 2542 4822 Marcus
2570 4771 2819 4828 Aurelius
2843 4774 2972 4829 tanti
3000 4775 3278 4845 beneﬁcii,
3312 4780 3562 4850 precibus

248 4855 777 4914 Fulmiueznidcirco
824 4857 892 4914 ab
939 4858 1160 4916 Aurelio
1218 4863 1542 4933 imperatore
1585 4867 1849 4938 inditum,

249 4952 372 5021 quia
403 4950 631 5010 imbrem
656 4952 803 5010 illum
825 4952 1082 5011 divinitus
1104 4957 1509 5028 impetraverat.
1538 4962 1856 5034 Atgeutiles

250 5050 465 5113 captata
499 5043 639 5097 haud
669 5043 831 5101 dubie
856 5045 1014 5116 hujus
1036 5050 1375 5119 cognominis
1406 5054 1716 5123 occasione,
1750 5055 1799 5109 id
1823 5072 1852 5111 a

242 5132 377 5189 Jove
434 5132 755 5192 i'ulmiuaute
781 5137 979 5192 factum
1010 5137 1307 5196 ﬁnxerunt.
1336 5140 1619 5199 Secundus
1665 5148 1842 5214 testis,

250 5224 321 5281 ab
348 5224 586 5281 Eusebio
628 5228 902 5296 laudatus,
936 5242 1118 5288 noster
1147 5245 1230 5289 est
1273 5234 1668 5306 Tertullianus,
1701 5241 1855 5309 cujus

251 5319 572 5388 transcripta
612 5336 643 5374 a
677 5321 829 5393 nobis
855 5324 1186 5395 Apologetici
1233 5328 1395 5383 verba
1447 5332 1620 5399 graece
1647 5331 1853 5388 reddita

249 5411 458 5465 citavit.
486 5411 556 5465 At
583 5421 791 5481 poterat
824 5415 1047 5484 insuper
1076 5416 1240 5472 alium
1271 5421 1439 5475 citare
1462 5422 1580 5491 ejus
1622 5423 1813 5479 librum
1834 5467 1849 5491 ,

250 5503 339 5558 ubi
369 5518 475 5557 nou
519 5505 699 5559 minus
740 5505 887 5561 clare
927 5515 981 5561 ct
1008 5521 1386 5567 asseveranter
1428 5512 1661 5568 affirmat
1709 5515 1853 5573 hunc

249 5598 552 5655 mirandum
590 5600 834 5655 imbrem
883 5616 914 5656 a
964 5602 1074 5657 Deo
1129 5604 1392 5660 indultum
1437 5607 1851 5664 cbristianorum

247 5692 476 5747 militqu
505 5694 774 5764 precibus.
806 5694 887 5751 Ad
919 5694 1200 5765 Scapulam
1235 5699 1379 5754 enim
1409 5699 1683 5758 ethnicum
1713 5719 1851 5772 prie-

248 5784 422 5840 sidem
472 5785 589 5840 hinc
628 5787 879 5856 scripsit;
913 5787 1127 5845 Marcus
1173 5790 1410 5846 Aurelius
1452 5792 1505 5848 in
1552 5793 1856 5852 Germanica

250 5874 569 5945 expeditione
596 5878 988 5935 christianorum
1015 5880 1233 5936 militum
1258 5883 1570 5940 orationibus
1597 5886 1667 5940 ad
1687 5885 1852 5943 Deum

255 5968 427 6041 factis,
455 5968 642 6028 imbres
674 5972 731 6029 in
751 5973 836 6029 siti
860 5972 953 6030 illa
986 5973 1290 6047 impetravit.
1328 5975 1546 6047 Quando
1575 5987 1677 6035 nan
1706 5980 1852 6052 geni-

1959 4857 2377 4915 christianorum
2418 4862 2632 4919 caelitus
2670 4866 2876 4937 accepti
2914 4882 3143 4938 memor,
3193 4871 3345 4943 ipsis,
3403 4886 3563 4943 prout

1957 4951 2154 5023 potuit,
2187 4952 2516 5023 gratiﬁcatus
2542 4966 2644 5012 est.
2689 4957 2822 5015 Cum
2852 4965 2996 5017 enim
3051 4965 3342 5022 maximum
3391 4971 3564 5040 genti-

1958 5044 2087 5101 lium
2116 5047 2169 5103 in
2195 5044 2530 5105 Christianos
2571 5051 2803 5108 furorem
2838 5057 3047 5125 penitus
3080 5061 3439 5129 ct‘imprimere
3469 5080 3562 5120 ne-

1958 5139 2173 5208 quiret:
2206 5139 2350 5195 Sicnt
2392 5159 2492 5197 non
2533 5145 2727 5214 palam,
2752 5147 2921 5218 inquit
2946 5148 3327 5221 Tertullianus,
3373 5156 3435 5209 ab
3466 5158 3566 5211 Im-

1956 5232 2181 5295 iusntodi
2210 5234 2497 5291 hominibus
2516 5254 2713 5307 poenam
2735 5239 2963 5304 dllltOt'll,
2990 5244 3059 5295 ita
3083 5245 3186 5298 alio
3210 5248 3358 5302 modo
3387 5250 3560 5319 palam

1958 5325 2224 5399 dispersit,
2266 5329 2469 5400 adjecta
2521 5332 2673 5383 etiam
2723 5335 3104 5389 accusatoribus
3142 5339 3486 5407 damnatione,
3515 5353 3566 5397 et

1954 5420 2157 5489 quidem
2184 5422 2385 5475 tetriore
2412 5420 2737 5492 (Tertullian.
2763 5422 3053 5496 Apologet.,
3085 5445 3203 5499 cap.
3237 5430 3290 5496 5,
3314 5449 3368 5502 p.
3400 5434 3561 5503 296).

1955 5510 2072 5567 Non
2096 5512 2238 5568 enim
2265 5512 2500 5568 audebat
2527 5528 2713 5584 poenas
2742 5517 2953 5586 penitus
2973 5519 3269 5589 dimovere,
3314 5526 3564 5582 relaxare

1957 5613 2013 5660 et
2040 5605 2335 5671 remittere,
2367 5621 2485 5675 quin
2514 5606 2659 5675 prius
2681 5607 3318 5682 aliorumimperatornm
3353 5616 3558 5689 legibus

1956 5698 2010 5753 in
2040 5696 2376 5752 Christianos
2402 5698 2706 5753 constituta:
2738 5699 2969 5769 fuerant;
2999 5704 3346 5774 petulantiam
3376 5719 3555 5766 tamen

1954 5790 2314 5855 ethnicorum,
2343 5789 2463 5845 illos
2504 5806 2777 5863 nunquam
2804 5809 2911 5850 non
2939 5799 3331 5866 accusantium,
3361 5810 3418 5856 ut
3465 5818 3559 5860 co-

1956 5882 2197 5949 biberet,
2233 5882 2364 5937 alias
2403 5884 2675 5955 graviores
2700 5902 2858 5959 quam
2889 5887 3174 5960 Trajanus,
3212 5891 3281 5947 ab
3307 5895 3549 5952 Auctore

1954 5986 2142 6037 nostro
2184 5976 2402 6051 ibidem,
2444 5988 2502 6036 ut
2556 5993 2682 6036 mox
2743 5982 3066 6055 videbimus,
3117 5985 3333 6061 citatus,
3365 6001 3555 6062 pmnas
