4076 6356
510 581 645 639 10H

1584 573 1654 630 lN
1692 567 2169 631 TERTULLIANI
2207 564 2742 631 APOLOGETICUM

3681 568 3832 628 1012

504 698 657 753 hisce
701 692 1102 752 accusatoribus
1151 691 1438 765 imposuit;
1491 698 1653 763 atque
1704 690 1808 746 hoc
1857 687 2186 760 prndentiA
2284 689 2354 743 At
2396 703 2676 744 successor
2709 688 2827 760 ejus
2862 686 3139 744 ‘Adrianus
3190 687 3395 744 nullam
3447 688 3604 760 plane
3653 688 3830 767 legem

509 795 936 860 temperamento
958 785 1291 843 Christianos
1320 800 1418 857 pro
1466 799 1561 840 sua
1604 790 1753 855 parte
1783 791 1982 837 tutatus
2008 788 2111 837 est.

582 877 749 963 Nobis
772 876 937 953 porro
966 878 1231 935 Eusebius
1260 860 1526 949 integrum
1571 873 1705 945 legis
1734 872 1800 929 ad
1829 887 2114 943 commune

509 968 657 1033 Asia:
684 966 903 1032 'n'omine
930 964 1095 1028 Marci
1124 966 1327 1027 Aurelii
1376 966 1634 1026 Antonini
1663 966 1953 1037 inscriptae,
1985 975 2039 1021 et
2059 965 2115 1020 in

508 1043 942 1127 Christian'o'ruin
973 1062 1199 1138 gratiam
1252 1062 1411 1128 data},
1447 1060 1785 1130 transcripsit
1813 1058 2109 1130 exemplar,

508 1146 805 1235 cujus‘bﬁc
828 1148 960 1216 sunt
990 1150 1284 1230 posteriora
1307 1156 1469 1212 verba
1492 1161 1577 1210 :Et
1605 1160 1654 1209 δε
1679 1158 1750 1215 τῖς
1773 1160 1985 1222 ἐπιμένοι
2011 1163 2116 1211 τίνα.

505 1268 598 1315 τῶν
643 1260 865 1315 τοιιῦτῶν
918 1253 983 1314 εἷς
1016 1258 1277 1324 πράγματα,
1328 1258 1470 1320 ρέρων
1518 1256 1577 1311 ὡς
1608 1251 1667 1301 bii
1713 1254 1948 1314 τθωῧτον,
1996 1254 2115 1301 ἐκεῖ·

505 1376 582 1415 νος
612 1342 1031 1421 ὁκατοῲερόμτνος
1081 1349 1384 1402 dimidiae-0c»
1427 1350 1513 1400 τοῦ
1568 1349 1877 1411 ἐγκλήματος,
1908 1342 1988 1394 καὶ
2037 1345 2116 1394 ἐὰν

506 1452 726 1518 φαίνεται
773 1436 984 1505 1t'atoi'ai-og
1029 1448 1106 1495 ὤν’
1138 1448 1163 1495 ὁ
1212 1444 1259 1493 δὲ
1285 1447 1577 1509 καταφέρων,
1611 1445 1767 1506 {vexor
1798 1443 1929 1490 ἴσθαι
1960 1437 2111 1497 δίκης.

519 1513 670 1607 Quod
696 1539 738 1592 si
768 1536 879 1607 quis
895 1535 1064 1588 adhuc
1082 1528 1243 1605 pergit
1269 1533 1503 1604 cuiquam
1528 1531 1737 1585 illorum
1760 1513 2014 1600 ne‘gotium
2036 1528 2117 1597 fa-

511 1648 723 1698 cessere,
754 1647 815 1685 ex
842 1606 899 1684 eo
928 1628 1065 1699 quod
1092 1628 1398 1682 christianus
1428 1626 1512 1695 sit,
1554 1623 1753 1679 delatus
1781 1623 1984 1694 quidem
2012 1622 2116 1675 cri-

513 1726 649 1779 mine
669 1723 977 1789 absolvatur,
1013 1722 1210 1776 tametsi
1238 1728 1429 1775 constet
1452 1736 1565 1774 eum
1594 1719 1764 1789 reipsa
1783 1716 2117 1771 christianum

513 1835 640 1874 esse.
669 1802 877 1895 pclttlor
900 1824 1066 1870 autem
1089 1812 1197 1886 ipse
1224 1830 1399 1885 pcenas
1423 1813 1527 1867 luat
1550 1809 1760 1885 (Euseb.
1791 1809 1879 1865 lib.
1911 1808 1978 1864 ιν
2026 1807 2119 1863 Ec-

512 1911 637 1967 cles.
666 1898 833 1976 Hist,
862 1926 977 1979 cap.
1010 1904 1176 1979 ll,‘p.
1210 1906 1355 1977 127).
1382 1904 1592 1961 Scimus
1639 1901 1854 1975 quidem
1882 1899 2117 1956 nonnul-

512 2003 596 2058 los
639 1998 1030 2057 existimavisse
1058 1992 1197 2054 hanc
1227 1998 1419 2069 legem,
1446 2012 1551 2052 non
1589 2011 1619 2049 a
1651 1994 1827 2050 Marco
1854 1986 2075 2050 Aurelio
2098 2036 2113 2061 ,

2220 776 2273 834 in
2304 796 2399 853 eos
2438 782 2751 859 constituit,
2781 782 2977 862 quibus
3009 792 3185 838 tamen
3216 783 3384 854 magis
3412 800 3569 856 quam
3601 785 3690 838 alii
3736 785 3827 839 in-

2219 864 2404 929 fensus
2433 887 2553 929 esse
2580 874 2778 930 debere
2804 874 3121 957 videbatur:
3158 874 3285 930 Erat
3324 877 3480 957 enim,
3515 876 3688 947 inquit
3710 879 3831 945 Au-

2222 975 2337 1048 ctor
2378 979 2583 1031 uoster,
2638 950 2989 1024 curiositatum
3034 970 3260 1024 omnium
3292 950 3588 1041 explorator
3614 971 3828 1042 (Idem,

2218 1058 2367 1127 ibid.,
2398 1079 2449 1131 p.
2485 1059 2634 1131 297),
2669 1061 2719 1115 id
2749 1070 2852 1126 est,
2883 1061 3208 1133 quibuslibet
3235 1062 3453 1134 magicis
3480 1064 3684 1119 artibus
3710 1080 3836 1119 om-

2220 1152 2349 1207 nino
2372 1151 2600 1209 dcditus.
2624 1152 2691 1209 Et
2710 1163 2858 1210 certe
2884 1154 3013 1210 vitio
3042 1155 3137 1221 illi,
3161 1163 3295 1211 teste
3315 1155 3613 1227 Xiphilino,
3636 1156 3826 1213 datum

2220 1255 2324 1314 εει,
2349 1244 2492 1317 (ιυοά
2539 1256 2683 1302 esset
2735 1271 3074 1321 πριτργοτατος
3117 1252 3198 1305 καὶ
3228 1260 3474 1319 μαντείαις
3502 1232 3826 1321 patr/aestas;

2219 1365 2268 1397 τε
2294 1343 2616 1403 metamur;
2642 1348 2833 1413 ιχρῆτο.
2852 1326 3334 1407 Curiosissimus,ac
3360 1344 3750 1398 divinationibus
3780 1354 3834 1400 et

2221 1432 2455 1488 omnibus
2481 1434 2692 1505 magicis
2713 1436 2907 1490 artibus
2931 1445 3157 1517 uteretur
3196 1433 3449 1507 (Xiphil.,
3479 1434 3623 1509 Epit.
3666 1435 3830 1491 Dion.

2223 1542 2282 1595 ρ.
2307 1523 2458 1598 262).
2493 1526 2807 1582 Ammianus
2837 1542 2969 1583 vero
2996 1527 3361 1594 Marcellinus,
3392 1528 3480 1583 ubi
3512 1528 3581 1584 de
3618 1527 3838 1585 Juliano

2220 1626 2462 1689 apostata
2490 1636 2502 1671 :
2536 1615 2938 1690 Prassagiorum,
2964 1620 3155 1691 inquit,
3185 1621 3518 1675 sciscitationi
3548 1623 3718 1677 nimia:
3742 1623 3839 1676 de-

2231 1712 2389 1778 ditus,
2423 1712 2820 1785 ut’a’quiparare
2856 1713 3110 1769 videretur
3142 1715 3195 1769 in
3233 1714 3329 1769 hac
3359 1726 3503 1788 parte
3543 1717 3833 1787 principem

2222 1805 2529 1871 Adrianum,
2569 1807 2949 1878 superstitiosus
2990 1808 3187 1879 magis,
3237 1824 3390 1878 quam
3440 1825 3704 1862 sacrorum
3742 1810 3822 1864 le-

2223 1898 2429 1969 gitimus
2454 1898 2741 1953 observator
2782 1896 2975 1971 (Amm.
3011 1898 3256 1967 Marcel.,
3288 1901 3375 1955 lib.
3407 1899 3576 1967 XXV,
3623 1919 3740 1972 cap.
3778 1904 3839 1968 4,

2227 2009 2282 2061 p.
2330 1990 2480 2063 427).
2525 1991 2905 2049 Verumtamen
2932 1993 3101 2059 nulla,
3139 1992 3213 2049 ait
3236 1994 3623 2064 Tertullianus,
3647 1984 3847 2053 adver-

516 2096 614 2154 sed
662 2094 731 2150 ab
762 2082 1035 2150 Antonino
1065 2090 1161 2148 Pio
1206 2090 1522 2164 profectam.
1569 2087 1771 2175 Verum
1803 2086 1849 2142 si
1879 2101 2004 2142 vera
2048 2086 2121 2140 sit
2151 2094 2201 2155 Β
2229 2099 2320 2140 sus
2379 2084 2711 2161 ChriStianos
2754 2085 2839 2142 lex
2877 2070 2945 2142 ab
2987 2085 3153 2143 hocce
3188 2088 3425 2144 Adriano
3458 2091 3661 2146 sancita
3713 2091 3839 2147 fuit.

514 2189 634 2245 haec
663 2187 861 2260 opinio,
895 2185 963 2241 ad
992 2184 1308 2241 Tertulliani
1336 2184 1536 2254 pariter
1567 2168 1727 2237 faciet
1756 2168 2112 2253 propositum.

512 2280 646 2338 Nam
685 2280 777 2335 ille
818 2276 961 2334 hunc
1002 2278 1161 2333 etiam
1207 2275 1453 2331 eumdem
1500 2272 1829 2329 Antoninum
1862 2271 2013 2327 Pium
2065 2270 2119 2327 in

511 2376 776 2432 honorum
809 2372 1109 2445 principum
1152 2385 1378 2425 numero
1421 2368 1669 2434 collocat,
1711 2368 1801 2438 qui
1832 2367 1976 2421 nulla
2020 2358 2120 2421 ad-

517 2479 705 2522 versus
726 2456 1060 2520 Christianos
1085 2461 1257 2518 edicta
1283 2462 1625 2516 sanciverunt
1643 2454 1971 2531 (Tertullian,
1990 2450 2123 2529 Apo-

514 2557 693 2629 loget.,
722 2573 837 2626 cap.
862 2556 915 2623 5,
947 2572 1003 2626 p.
1031 2551 1181 2625 297).

474 2708 483 2715 ,
572 2628 703 2705 Non
727 2630 1147 2705 déeritl‘ortaése
1169 2645 1383 2717 aliquis,
1414 2645 1550 2716 quia
1581 2643 1733 2699 nobis
1758 2643 1992 2713 requirat
2016 2628 2122 2713 quo

518 2752 679 2817 pacto
710 2738 1074 2798 Tertullianus
1102 2741 1263 2795 tantis
1290 2738 1538 2794 laudibus
1562 2736 1788 2794 extollat
1810 2729 1973 2792 Marci
2010 2720 2122 2794 Au-

514 2834 635 2897 relii
669 2838 719 2893 in
738 2832 1071 2913 Christianos
1112 2832 1342 2889 studium
1384 2847 1447 2889 ac
1492 2831 1763 2898 favorem,
1810 2845 1916 2901 quo
1946 2822 2121 2899 impe-

518 2939 675 2987 rante
706 2936 877 2985 ortam
913 2934 1125 2998 putant,
1158 2933 1215 2980 ut
1245 2933 1429 2996 postea
1457 2918 1945 2978 animadvertemus
1971 2917 2120 2992 (Dis-

521 3034 643 3082 sert.
668 3024 721 3078 in
749 3021 878 3078 Luc.
909 3019 1112 3088 chil.,
1143 3036 1261 3092 cap.
1294 3020 1346 3086 1,
1374 3027 1473 3073 art.
1508 3011 1565 3080 3,
1591 3028 1635 3071 et
1656 3033 1771 3087 cap.
1807 3014 1861 3085 6,
1887 3024 1985 3069 art.
2017 3012 2073 3083 5)
2105 3056 2120 3081 ,

531 3096 778 3190 quartam
816 3096 1073 3171 Ecclesia
1116 3111 1424 3170 christiana:
1448 3109 1901 3183 persecutionem.
1930 3106 2036 3164 Sed
2058 3121 2123 3163 ea

520 3213 638 3284 ipsa
664 3211 747 3267 lex
777 3209 1020 3280 proxime
1041 3223 1070 3261 a
1096 3206 1252 3262 nobis
1281 3206 1440 3261 citata
1472 3217 1793 3273 responsum
1822 3200 1975 3257 nobis
1998 3190 2122 3272 stips

520 3301 742 3375 pcditat.
773 3297 864 3357 Illa
894 3299 1035 3356 enim
1070 3295 1282 3353 tametsi
1307 3310 1480 3367 poena:
1505 3294 1557 3349 in
1589 3292 2003 3349 cbristianorum
2031 3303 2123 3348 ae-

527 3404 805 3453 cusatores
853 3392 1307 3456 decernerentur,
1341 3389 1488 3459 prius
1519 3397 1696 3443 tamen
1738 3380 2024 3440 laudantur
2053 3380 2125 3439 dii

2224 2170 2568 2249 Quapropter
2598 2178 2780 2234 Mclito
2807 2180 2858 2235 in
2901 2196 2997 2236 sua
3029 2180 3095 2236 ad
3127 2181 3363 2237 Marcum
3404 2168 3678 2237 Aurelium
3722 2186 3844 2240 An-

2232 2272 2474 2327 toninum
2507 2271 2769 2343 Apologia
2809 2272 3022 2344 scripsit
3052 2272 3278 2328 Neronis
3314 2283 3370 2329 et
3414 2274 3702 2333 Domitiani
3734 2276 3843 2331 im-

2234 2364 2481 2438 peritiam
2503 2365 2777 2435 rescriptis
2794 2366 3234 2437 subsequentium
3261 2358 3646 2436 imperatorum
3670 2358 3845 2425 fuisse

2226 2469 2526 2529 correctam
2558 2477 2571 2515 :
2600 2446 2668 2515 ἐν
2696 2460 2763 2524 οἷς
2814 2465 2839 2514 ὁ
2890 2470 2973 2528 μὲν
3000 2468 3193 2524 πάππος
3231 2486 3315 2516 σου
3371 2455 3596 2533 Ᾱόριανὸς
3646 2472 3846 2528 πολλοῖς

2226 2562 2312 2621 μὲν
2339 2558 2520 2616 ἀλλοις,
2554 2554 2633 2607 καὶ
2658 2557 2898 2624 causam
2923 2558 2969 2606 δὲ
2995 2577 3059 2623 τῳ
3085 2560 3340 2624 abduxit-op
3356 2566 3444 2617 τὴ
3468 2544 3618 2617 lla-lat;
3638 2562 3832 2630 γράφων

2228 2656 2464 2721 putarat.
2500 2644 2643 2700 Inter
2661 2662 2788 2717 quos
2815 2663 2940 2702 avus
2962 2655 3076 2701 tuus
3100 2647 3357 2702 Adrianus
3379 2664 3494 2703 cum
3514 2649 3632 2703 aliis
3654 2649 3801 2721 plari
3816 2679 3842 2693 ο

2229 2740 2342 2804 bus,
2375 2749 2479 2811 tun;
2509 2738 2769 2811 Fundano
2818 2738 2957 2797 Asia:
2982 2741 3275 2810 proconsuli
3305 2742 3497 2795 litteras
3526 2741 3663 2797 dedit
3691 2740 3845 2813 (Eu-

2229 2832 2360 2905 seb.,
2419 2831 2508 2886 lib.
2563 2831 2631 2887 ιν
2684 2830 2883 2888 Eccles.
2938 2832 3163 2901 Histor.,
3196 2850 3312 2905 cap.
3341 2834 3432 2899 26,
3459 2853 3515 2907 p.
3557 2834 3706 2905 H8).
3738 2836 3848 2891 Te-

2241 2932 2439 2979 statnm
2472 2931 2734 2997 praeterea
2761 2923 3122 2996 llieronymus
3154 2926 3278 2981 iacit
3326 2927 3564 2982 Adriano
3588 2928 3847 2983 invisenti

2228 3016 2560 3093 Eleusinem,
2591 3026 2647 3072 et
2674 3017 2923 3079 omnibus
2954 3032 3090 3088 pene
3120 3018 3342 3076 Graeciae
3381 3021 3550 3077 sacris
3579 3021 3788 3077 initiato
3824 3065 3853 3090 ,η

2230 3110 2472 3183 oblatum
2507 3124 2604 3180 pro
2650 3109 2942 3167 christiana
2974 3121 3157 3167 nostra
3188 3111 3446 3183 religione
3476 3114 3666 3169 librum
3690 3156 3704 3179 .
3755 3117 3847 3187 qui

2229 3213 2382 3261 tanta:
2423 3203 2752 3258 admirationi
2777 3205 3008 3273 omnibus
3036 3205 3151 3276 fuit,
3184 3214 3236 3260 ut
3275 3208 3673 3276 persecutionem
3701 3224 3835 3278 gra-

2231 3298 2491 3353 vissimam
2520 3296 2661 3352 illius
2690 3298 2943 3365 excellens
2969 3298 3167 3357 sedaret
3195 3298 3455 3365 ingenium
3492 3300 3831 3371 (Hieronym.

2232 3392 2397 3447 Catal.
2417 3393 2571 3463 scrip.
2597 3390 2803 3454 eccles.,
2827 3392 2854 3464 §
2882 3392 2965 3459 l9,
3008 3403 3054 3447 et
3076 3393 3410 3465 epist.85,ail
3432 3394 3607 3468 310911.
3643 3396 3851 3452 Verum

526 3489 829 3562 gentilium.
854 3487 923 3542 At
956 3485 1070 3541 haec
1094 3480 1491 3540 commendatio
1518 3480 1894 3537 bacchantium
1918 3481 1973 3537 in
2005 3477 2126 3563 illos
2153 3495 2199 3559 ρ
2232 3487 2461 3560 gentiles
2498 3486 2659 3541 tantis
2694 3486 2842 3557 impii
2873 3486 3210 3557 imperatoris
3237 3488 3707 3557 superstitionibus
3732 3487 3841 3544 da-

525 3582 867 3638 ethnicorum
898 3589 1061 3637 cestus
1090 3576 1237 3632 auxit
1275 3576 1472 3647 potius,
1499 3590 1661 3646 quam
1693 3571 1957 3629 restinxit.
1988 3570 2126 3642 Quid

525 3690 678 3741 vero,
706 3673 849 3747 Quod
878 3671 1038 3728 iidem
1063 3670 1288 3742 gentiles
1314 3684 1632 3741 persuasum
1653 3665 1921 3723 habebant
1942 3681 2128 3722 recen-

526 3769 756 3827 tioribus
782 3766 931 3823 hisce
952 3765 1157 3837 legibus
1193 3763 1325 3819 alias
1368 3764 1625 3820 adversus
1649 3759 1985 3817 Christianos
2012 3759 2129 3815 edi-

529 3873 616 3921 tas
652 3880 758 3920 non
799 3861 1085 3935 abrogari?
1114 3859 1381 3915 Praeterea
1418 3852 1553 3929 quid
1593 3854 1739 3926 leges
1771 3854 1945 3909 facere
1977 3860 2131 3925 pote:

531 3967 656 4016 rant
695 3965 883 4014 contra
925 3954 1261 4011 elfraenatum
1301 3950 1444 4023 vulgi
1476 3949 1637 4005 variis
1666 3936 2134 4020 superstitionibus

534 4056 795 4112 obcaecati
839 4052 1110 4117 furorem,
1161 4059 1214 4105 et
1254 4038 1590 4119 popularium
1627 4043 1844 4098 insanas
1874 4040 2135 4096 incursio-

536 4148 663 4204 nes?
675 4147 885 4239 Nonne,
912 4145 997 4201 his
1024 4142 1227 4214 legibus
1256 4140 1473 4213 spretis,
1506 4130 1770 4192 innumeri
1796 4128 1966 4205 prope
1992 4146 2136 4213 mar-

432 4257 449 4273 ‘
533 4255 709 4318 tyres,
736 4226 797 4298 ut
820 4251 1003 4298 narrat
1046 4237 1333 4305 Eusebius,
1362 4236 1444 4291 his
1474 4230 1807 4302 temporibus
1831 4226 2140 4313 crudelissi-
2162 4274 2177 4281 ,

537 4306 631 4393 me
655 4306 957 4406 interempti
979 4342 1105 4390 sunt
1133 4329 1372 4407 (Euseb.,
1400 4329 1488 4384 lib.
1515 4327 1582 4383 γ.
1611 4324 1811 4380 Eccles.
1841 4320 2001 4390 Hist.,
2023 4306 2140 4391 cap.

538 4428 596 4497 5,
640 4446 694 4498 p.
743 4423 912 4498 l53)?
956 4424 1096 4481 Nihil
1136 4418 1264 4495 ergo
1305 4421 1428 4479 inde
1492 4415 1918 4499 concludendum
1959 4423 2144 4499 contra

538 4533 870 4592 propensum
898 4515 951 4573 in
983 4517 1315 4574 Christianos
1344 4514 1506 4571 Marci
1535 4496 1736 4592 Aurelii
1756 4496 2022 4592 (animum,
2053 4504 2145 4579 qui

544 4619 607 4669 ea
634 4620 826 4683 passus
853 4618 957 4681 est,
981 4594 1098 4682 qua:
1127 4609 1389 4681 impedire
1429 4624 1536 4664 non
1568 4588 1793 4680 poterat.

1136 4720 1422 4787 AR‘TICULUS
1462 4721 1537 4759 Ill.

558 4802 903 4859 Examinatur
932 4821 1029 4874 quo
1046 4804 1166 4873 jure
1193 4780 1540 4858 Tertullianus
1577 4809 1771 4885 asserat
1801 4780 2055 4874 mitiqatas
2080 4799 2145 4854 ab

2235 3592 2341 3635 tam
2372 3579 2473 3634 sibi
2493 3578 2815 3634 christianos
2833 3577 3050 3650 impune
3065 3579 3285 3634 vexandi
3303 3581 3641 3635 occasionem
3666 3580 3837 3647 nacti,

2235 3675 2290 3730 in
2329 3689 2423 3731 eos
2452 3672 2799 3729 acerbissime
2862 3652 3182 3739 szevic’bant;
3239 3674 3449 3727 tametsi
3488 3674 3693 3728 nullam
3754 3675 3852 3731 ille

2237 3771 2289 3825 in
2335 3772 2478 3839 ipsos
2532 3754 2715 3825 tulerit
2740 3748 2948 3841 legem;
2995 3744 3102 3822 imo
3124 3748 3249 3823 vero
3270 3776 3438 3821 ortam
3464 3750 3852 3838 tempestatem

2238 3870 2423 3933 postea
2444 3861 2731 3918 sedaverit.

2250 4032 2259 4041 ἱ
2313 3954 2448 4010 Tum
2498 3955 2694 4012 deinde
2746 3954 2945 4012 Auctor
2982 3938 3165 4011 noster
3199 3963 3343 4011 retro
3387 3953 3562 4010 adhuc
3616 3954 3687 4010 ab
3733 3955 3848 4014 hoc

2241 4047 2479 4105 Adriano
2550 4047 2850 4122 regreditur
2919 4048 2985 4103 ad
3041 4048 3448 4118 Vespasianum,
3501 4046 3592 4118 qui
3648 4048 3859 4117 pariter

2245 4143 2479 4211 nullum,
2512 4143 2716 4215 inquit,
2762 4153 2948 4197 contra
2981 4142 3316 4198 Christianos
3346 4142 3577 4198 edictum
3620 4142 3808 4198 emisit
3837 4186 3853 4209 ,

2244 4230 2536 4310 quanquam
2579 4237 2904 4299 Judworum,
2937 4237 3145 4308 inquit,
3196 4237 3472 4291 debellator
3515 4236 3856 4312 (Tertullian.

2252 4332 2542 4403 Apologel.,
2588 4347 2636 4385 c.
2662 4331 2732 4401 μδ,
2773 4348 2829 4401 p.
2871 4329 3025 4398 291),
3068 4345 3203 4401 quos
3236 4330 3479 4401 plerique
3506 4345 3695 4386 omnes
3725 4331 3856 4386 clli-

2248 4428 2351 4483 nici
2383 4442 2502 4483 cum
2540 4423 2728 4480 iisdem
2755 4423 3076 4480 Christianis
3095 4422 3423 4479 confundere
3458 4423 3724 4478 solebant.
3761 4424 3854 4479 Ab

2249 4508 2316 4611 eo
2356 4526 2534 4576 autem
2580 4517 2902 4575 debellatum
2951 4516 3259 4573 ludacorum
3282 4524 3526 4587 gentem,
3559 4525 3859 4588 actumque

2248 4614 2436 4671 Romae
2482 4612 2550 4669 de
2603 4612 2709 4668 illis
2753 4627 2873 4667 cum
2905 4611 3026 4667 Tito
3068 4610 3176 4668 tilio
3218 4625 3317 4666 suo
3364 4610 3692 4680 triumphum
3728 4611 3858 4680 quis

2251 4706 2473 4763 nescit?
2513 4703 2666 4774 Quod
2710 4704 2912 4761 nullum
2941 4719 3073 4760 vero
3102 4703 3171 4759 de
3199 4702 3525 4759 Christianis
3566 4702 3856 4758 decretum

2251 4801 2473 4868 fecerit,
2507 4798 2657 4856 testis
2681 4807 2764 4855 est
2791 4797 3054 4881 Eusebius
3074 4838 3087 4862 ,
3116 4796 3205 4867 qui
3230 4794 3423 4850 litteris
3453 4792 3728 4848 mandavit
3752 4809 3861 4848 ex-

620 4900 924 4969 imperatore
961 4895 1183 4970 Trojano
1207 4896 1421 4967 scriptas
1448 4896 1497 4949 in
1525 4894 1837 4949 Christianos
1852 4893 2009 4973 leges,
2031 4891 2151 4946 nul-
2173 4900 2231 4963 Ι)
2256 4894 2469 4953 citatam
2499 4892 2665 4949 fuisse
2706 4909 2736 4948 a
2769 4890 3068 4948 Domitiano
3095 4887 3386 4944 secundam
3430 4896 3551 4959 post
3577 4886 3857 4944 Neronem

625 5002 703 5055 las
751 5013 866 5053 vero
903 4997 957 5051 in
996 4995 1111 5050 illos
1158 4992 1286 5047 latas
1328 4988 1389 5044 ab
1417 4987 1646 5042 Adriano
1683 4987 2031 5041 curiositatum
2057 5002 2164 5039 ont-

622 5097 763 5150 nium
797 5093 1133 5165 exploratore,
1159 5104 1318 5159 neque
1334 5103 1367 5139 a
1399 5082 1709 5154 Vespasiano
1733 5079 2033 5135 debellatore
2054 5079 2084 5134 J
2097 5097 2163 5132 u-

628 5190 873 5252 dworum,
908 5200 1067 5256 neque
1086 5201 1118 5237 a
1144 5180 1263 5250 Pio,
1292 5194 1497 5251 nequea
1526 5174 1674 5242 Vero,
1704 5190 1794 5230 seu
1818 5173 2029 5243 Severo,
2054 5172 2155 5226 in:-

622 5281 954 5355 peratoribus.

624 5379 860 5438 Gradum
910 5374 1268 5433 Tertullianus
1293 5378 1528 5437 revocat,
1558 5377 1716 5440 atque
1741 5382 1770 5423 a
1794 5366 1970 5421 Marco
1992 5365 2165 5423 Aure-

551 5477 627 5533 lio
658 5474 803 5531 venit
847 5472 914 5526 ad
959 5456 1247 5540 Trajanum
1270 5508 1288 5535 ,
1324 5465 1414 5520 illo
1443 5462 1821 5534 antiquiorem.
1854 5460 2024 5529 Leges
2061 5475 2153 5533 au-

556 5578 667 5625 tem
696 5567 749 5621 in
780 5562 1116 5620 Christianos
1142 5559 1295 5614 datas
1326 5574 1387 5613 ex
1411 5567 1578 5628 parte,
1611 5556 1685 5611 uti
1728 5556 1841 5625 ipse
1868 5552 2151 5608 Tertulliao

552 5677 657 5718 nus
686 5658 946 5731 loquitur,
978 5659 1255 5728 frustratus
1275 5662 1374 5719 est,
1405 5650 1618 5707 vetando
1645 5648 1831 5720 inquiri
1851 5646 2155 5702 christianos

555 5754 887 5827 (Tertullian.
927 5749 1230 5823 Apologet.,
1273 5764 1319 5802 c.
1362 5747 1428 5816 5,
1471 5763 1524 5816 ρ.
1565 5742 1720 5816 296).
1777 5740 2154 5813 Superioribus

555 5845 757 5903 etenim
792 5845 1173 5919 imperatorum
1201 5838 1433 5896 decretis
1451 5835 1659 5909 jussum
1691 5844 1808 5891 erat
1832 5850 1927 5891 eos
1957 5832 2154 5904 inquiri

554 5954 625 5997 ac,
648 5938 823 6017 puniri
853 5954 866 5990 :
900 5936 994 5993 sed
1012 5935 1294 6009 Traianus,
1316 5932 1390 6011 uti
1418 5936 1578 6012 supra
1607 5929 1942 5986 ostendimus
1962 5927 2151 6013 (Sum,

552 6004 671 6101 cap:
695 6004 748 6097 ἦ,
780 6012 880 6084 art.
907 6030 988 6099 ἒ),
1018 6004 1286 6099 prohibuit
1335 6004 1550 6099 quidem
1577 6023 1792 6097 inquiri,
1822 6022 1915 6082 scd
1943 6004 2153 6080 oblatos

551 6122 730 6192 puniri
767 6122 1037 6192 praecepit.

2260 4986 2721 5061 persecutionem:
2751 4987 2940 5054 Κιὶπερ
2967 4989 3050 5037 τοῦ
3090 4990 3269 5053 πατρὸς
3310 4986 3457 5037 αὺτοῦ
3495 4985 3860 5037 Οὐεσπεσιανοῦ

2259 5088 2403 5154 μηδὲν
2458 5081 2561 5136 καθ’
2588 5090 2719 5149 ἡμῶν
2767 5085 2945 5133 ἄτοπον
2988 5083 3339 5138 ἐπινοήσαντας.
3422 5074 3667 5141 Quamvis
3710 5084 3863 5146 pater

2259 5176 2419 5248 ipsius
2454 5171 2793 5246 Vespasianus
2826 5168 3022 5223 nullout
3070 5184 3293 5239 unquam
3320 5166 3566 5238 injuriam
3605 5166 3752 5219 nobis
3777 5170 3866 5237 fa-

2261 5286 2373 5324 cere
2410 5274 2644 5322 tentasset
2675 5249 2908 5335 (Euseb.,
2941 5260 3029 5315 lib.
3059 5259 3125 5316 ΙΙΙ
3155 5258 3348 5315 Eccles.
3374 5258 3595 5326 Histor.,
3615 5275 3732 5331 cap.
3771 5260 3861 5326 l7,

2259 5381 2380 5438 pag.
2414 5360 2525 5432 88).

2270 5518 2283 5531 Χ
2331 5455 2467 5525 Quid
2515 5452 2713 5524 plura?
2757 5451 2928 5506 nullas
2973 5465 3189 5522 quoque
3225 5447 3383 5513 Pius,
3416 5449 3506 5520 qui
3541 5448 3702 5521 longo
3734 5456 3865 5519 post

2258 5549 2644 5623 Vespasianum
2668 5555 2906 5617 tempore
2929 5545 3504 5617 imperavit,cruentas,
3530 5544 3700 5614 pergit
3720 5544 3863 5599 Ter-

2258 5640 2804 5710 tullianus,adversns
2833 5638 3169 5696 Christianos
3202 5637 3367 5708 leges,
3399 5648 3489 5689 aut
3514 5636 3861 5708 approbavit,

2257 5744 2349 5791 aut
2375 5733 2705 5805 subsignavit
2737 5731 3093 5805 (Tertullian.,
3122 5729 3219 5784 loc.
3253 5728 3394 5798 cit.).
3430 5728 3609 5783 Melito
3637 5728 3784 5783 enim
3810 5729 3863 5785 in

2258 5816 2362 5899 iam
2381 5828 2582 5885 citataa
2606 5825 2757 5882 nobis
2780 5824 3035 5897 Apologia
3058 5822 3294 5877 Marcum
3314 5822 3587 5899 Aurelium
3613 5820 3694 5874 his
3717 5821 3868 5891 apud

2280 5846 2362 5884 am
2381 5846 2582 5885 Clutlaa
2606 5846 2757 5882 nonis
2780 5846 3035 5897 Apowgta
3058 5846 3294 5877 marcum
3314 5846 3587 5899 nutunutu
3613 5846 3694 5874 tu:
3717 5846 3865 5891 apuu

2253 5846 2547 5999 Eusebium
2568 5918 2745 5975 verbis
2760 5916 2977 5999 atratur:
3004 5908 3041 5971 ό
3077 5921 3125 5989 δὲ
3144 5926 3305 5988 πατίρ
3328 5937 3432 5978 σου,
3448 5916 3529 5995 καιὶ
3542 5919 3627 5968 σοῦ
3650 5917 3718 5968 τὰ.
3734 5920 3865 5984 disp.-

2253 6041 2413 6074 σαντα.
2430 6010 2711 6077 διοιχοῧνέτος
2728 6018 2992 6085 αὖτῷμταῗς
3009 6016 3171 6069 πόλεσι
3184 6015 3392 6083 περὶτοῦ
3410 6014 3555 6079 μηδὲν
3571 6014 3868 6081 νεωτεριζεω

2254 6117 2362 6185 περὶ
2412 6122 2542 6182 ἡμῶν
2567 6117 2842 6187 Magaw.“
2869 6108 3057 6180 οἶσμιιὶ
3098 6114 3215 6178 πρὸς
3243 6113 3588 6178 Λαρισαίους,
3615 6105 3699 6157 καὶ
3742 6110 3866 6176 πρὸς
