4076 6356
329 373 488 434 i015-

1460 371 1915 432 DISSERTATIO
1957 371 2034 431 D.‘
2074 372 2162 430 LE
2201 374 2504 434 NOURBY.

3497 385 3640 443 1014

329 496 702 556 Osee-derasi},
718 493 936 562 καὶπρὸς
959 481 1236 554 Ademtum,
1250 493 1333 544 καὶ
1347 497 1469 562 πρὸς
1487 497 1670 552 πάντας
1689 475 1927 552 ﬁliae-mg.
1959 543 1961 548 ,

2066 491 2127 545 lic
2160 491 2295 548 liber
2321 508 2352 547 a
2377 493 2706 550 Tertulliano
2733 502 2852 566 post
2889 509 3038 550 suam
3067 496 3132 552 ad
3159 497 3505 556 Montanistas
3541 503 3642 560 de-

331 585 493 642 Pater
525 600 720 656 quoque
745 593 882 651 tuus,
907 599 1006 654 quo
1034 595 1256 658 tempore
1281 594 1462 638 cuncta
1503 581 1657 638 simul
1683 599 1795 637 cum
1817 583 1928 655 ipso

331 678 746 742 administrabas,
769 678 970 750 scripsit
998 677 1066 732 ad
1086 678 1331 742 civitates,
1351 693 1416 732 ne
1435 687 1610 733 contra
1637 693 1728 731 nos
1751 678 1938 732 tumul-'

333 783 414 828 tus
429 772 760 838 concitarent,
791 771 1088 824 nominatim
1119 769 1184 823 ad
1212 769 1514 836 Larissazos,
1546 770 1614 823 ad
1652 767 1930 824 Thessalo-

334 869 582 932 nicenses,
611 865 679 919 ad
709 864 1061 930 Athenienses,
1089 865 1158 918 ad
1186 866 1445 920 tmircrsos
1485 864 1699 934 denique
1731 863 1934 919 Grrrcos

335 958 574 1031 (Euseb.,
600 957 687 1012 lib.
708 955 776 1012 IV
801 955 998 1012 Eccles.
1056 955 1218 1024 Hisn,
1241 955 1462 1029 δαμείς,
1489 973 1606 1029 pag.
1635 956 1780 1028 148).
1812 955 1937 1012 Plu-

334 1065 423 1109 res
447 1051 608 1108 ctiam
639 1050 834 1106 eruditi
873 1058 1073 1105 nostra:
1111 1050 1284 1104 aetatis
1312 1050 1412 1104 viri
1439 1051 1726 1120 opinantur
1751 1050 1818 1105 ab
1844 1049 1936 1104 illo

333 1145 498 1202 latam
525 1143 710 1210 fuisse,
742 1142 794 1200 in
837 1142 1249 1198 Christianorum
1276 1142 1520 1214 gratiam,
1551 1144 1742 1213 legem,
1775 1134 1936 1213 quam

335 1240 404 1296 ab
423 1239 542 1295 aliis
573 1249 748 1295 tamen
769 1237 970 1295 .Marco
1010 1237 1229 1293 Aurelio
1269 1236 1593 1308 adscriptam
1622 1233 1782 1308 paulo
1811 1245 1937 1293 ante

335 1335 637 1390 nomvimus
663 1330 798 1404 (Art.
826 1330 1044 1404 super.).

406 1427 605 1483 Sextus
625 1425 861 1490 tandem,
885 1433 938 1478 et
959 1423 1217 1479 horumce
1233 1423 1526 1494 mquiorum
1553 1423 1936 1494 imperatorum

335 1520 578 1587 ultimus,
611 1535 641 1575 a
669 1518 1004 1575 Tertulliano
1033 1518 1117 1572 his
1147 1519 1324 1574 verbis
1353 1518 1652 1590 appellatur
1685 1535 1696 1571 :
1735 1517 1938 1586 Nullus

353 1614 511 1670 Verus
539 1613 682 1684 leges
723 1611 1042 1667 Christianis
1079 1608 1334 1665 adversas
1383 1610 1636 1681 impressit
1691 1607 1937 1680 (Tertul-

341 1707 490 1772 tian.,
525 1704 620 1760 loc.
649 1703 786 1776 ein),
811 1701 1233 1758 subaudiendum
1260 1702 1396 1758 haud
1426 1701 1586 1758 dubie
1616 1703 1809 1758 tabulis
1839 1691 1938 1773 pu-

340 1801 495 1858 blicis
517 1841 530 1867 ,
565 1807 622 1853 ut
645 1813 722 1853 ea:
752 1798 1240 1868 promulgarenlur.
1275 1799 1342 1850 At
1371 1795 1664 1852 observare
1683 1795 1769 1851 hic
1791 1796 1944 1867 juvat

2037 581 2319 640 lectionem
2343 587 2672 656 eontpositus
2701 581 2880 653 cstfet
2911 588 3170 645 Proculus
3191 601 3418 648 vocatur
3447 603 3636 661 noster,

2035 673 2160 740 hinc
2189 675 2402 746 quidam
2442 677 2619 748 colligi
2652 691 2811 748 posse
2856 689 3044 750 putant
3081 681 3202 736 ideo
3245 682 3320 738 ita
3346 685 3638 755 appellari,

2036 768 2289 838 quoniam
2341 769 2546 824 ilsdem.
2577 768 3020 827 Montanistarum
3075 776 3350 831 erroribus
3395 778 3640 838 addictus

2037 870 2171 916 erat.
2203 862 2562 929 Quamobrem
2597 863 2799 920 addunt
2830 866 2977 922 illum
3011 866 3094 922 his
3123 869 3296 925 notari
3327 871 3641 946 Hieronymi

2039 953 2216 1009 verbis
2250 970 2264 1008 :
2293 953 2466 1024 Caius,
2495 955 2587 1011 sub
2613 957 2866 1013 Antonino
2890 959 3066 1016 Severi
3097 963 3226 1031 ﬁlio,
3247 963 3644 1033 disputationem

2039 1048 2280 1104 adversus
2301 1046 2600 1120 Proculum,
2627 1051 2860 1108 Montani
2875 1065 3190 1120 sectatorem,
3206 1057 3451 1129 insignem
3471 1062 3647 1118 habuit

2043 1139 2308 1216 (Hierom,
2350 1141 2514 1199 Catal.
2543 1145 2721 1216 script.
2749 1146 2871 1202 eccl.
2925 1145 2952 1219 §
3005 1148 3116 1219 19).
3145 1148 3344 1206 Verum
3379 1155 3501 1210 cum
3545 1156 3646 1213 iste

2041 1236 2369 1291 montanista
2399 1235 2561 1294 fuerit
2583 1279 2598 1306 ,
2632 1253 2738 1294 non
2785 1239 2926 1296 idem
2971 1242 3214 1312 profecto
3241 1259 3363 1302 esse
3405 1245 3640 1316 videtur,

2043 1336 2205 1398 atque
2245 1327 2504 1390 Proculus
2561 1329 2882 1402 Torpacion.
2941 1329 3208 1391 Praeterea
3261 1337 3346 1392 hic
3387 1338 3673 1406 Euhodias

2043 1431 2361 1492 procurator
2408 1423 2634 1490 dicitur,
2685 1424 2776 1480 ille
2816 1439 2946 1481 vero
2985 1426 3294 1484 christiana:
3324 1431 3646 1502 eloquentiae

2045 1515 2305 1586 dignitate
2333 1515 2738 1573 celeberrimus.

2117 1609 2186 1662 At
2207 1607 2462 1664 discimus
2491 1623 2556 1664 ex
2587 1609 2768 1665 Dionis
2802 1611 3046 1681 Epitome
3065 1613 3649 1687 Evodum(Eoo8e-J)An-

2047 1701 2216 1756 tonini
2242 1699 2530 1756 Caracallm
2583 1702 2746 1759 fuisse
2781 1703 3146 1772 educatorem,
3175 1719 3259 1763 τοῦ
3288 1719 3476 1781 τρορὲος
3505 1715 3653 1769 αὐταῦ

2051 1795 2070 1860 <
2077 1795 2198 1850 Dio.
2223 1793 2487 1869 E72555):
2511 1796 2647 1852 Tum
2677 1809 2854 1853 autem
2879 1799 3135 1856 Proculus
3153 1800 3311 1872 hujus
3331 1799 3524 1870 Evodi,
3554 1821 3650 1861 seu

341 1892 395 1948 in
427 1898 574 1948 textu
601 1889 818 1946 Eusebii
845 1929 858 1955 ,
890 1888 978 1959 qui
1010 1887 1150 1942 hunc
1197 1886 1507 1942 Tertulliani
1539 1887 1714 1943 locum
1763 1899 1938 1959 grmce
1967 1898 2016 1958 Β
2045 1888 2662 1960 Euhodias,procurator
2683 1905 2804 1947 esse
2833 1903 3064 1963 poterat.
3085 1891 3216 1948 Nam
3243 1895 3342 1950 hoc
3377 1895 3494 1967 ipso
3521 1905 3655 1952 tem-

341 1983 615 2051 reddidit,
669 1980 1009 2054 praetermitti
1081 1982 1197 2036 haec
1234 1979 1398 2035 verba
1453 1995 1466 2032 :
1527 1978 1720 2034 Nullus
1779 1977 1938 2034 Verus

343 2077 578 2150 (Euseb.,
613 2076 706 2132 lib.
741 2074 782 2130 V
825 2075 1002 2129 eccles.
1039 2073 1182 2130 Hist.
1228 2090 1345 2144 cap.
1395 2074 1450 2140 5,
1495 2091 1615 2145 pag.
1675 2072 1825 2142 170).
1872 2073 1941 2128 Et

345 2180 494 2228 certe
522 2170 610 2226 hic
651 2169 766 2240 ipse
794 2167 983 2233 Verus,
1018 2181 1238 2221 consors
1270 2166 1477 2236 imperii
1511 2181 1542 2219 a
1567 2165 1746 2220 Marco
1772 2164 1942 2222 Aure-

344 2264 418 2320 lio
446 2265 615 2318 factus
634 2302 649 2328 ,
681 2259 974 2340 novemwad
1001 2273 1268 2314 summum
1298 2258 1453 2313 annis
1482 2272 1602 2313 cum
1634 2257 1724 2312 illo
1754 2272 1946 2330 regna-

343 2359 460 2424 vit,
490 2364 545 2412 et
573 2363 696 2410 ante
726 2354 875 2410 illum
905 2359 1148 2408 mortuus
1180 2360 1282 2408 est.
1326 2351 1687 2420 Quamobrem
1717 2350 1942 2422 quidam

349 2451 687 2522 suspicantur
732 2448 834 2504 huc
885 2462 1079 2503 nomen
1109 2455 1421 2518 corruptum
1469 2445 1630 2500 l'ttisse
1658 2444 1714 2500 in
1743 2443 1950 2501 Tertul-

349 2544 472 2600 liani
503 2550 670 2608 textu,
701 2555 764 2595 ac
790 2539 1074 2611 legendum
1105 2537 1340 2594 Seuerus.
1361 2536 1634 2593 Pamelius
1678 2537 1818 2591 enim
1851 2551 1950 2592 nos

353 2635 606 2691 admonet
653 2632 781 2688 illud
812 2633 864 2688 in
908 2631 1168 2688 Vaticano
1199 2645 1306 2686 uno
1335 2671 1348 2697 ,
1381 2639 1436 2686 et
1463 2629 1636 2684 altero
1662 2623 1952 2685 Leodiensi

355 2743 545 2786 revera
587 2725 835 2782 inveniri.
865 2724 970 2782 Sed
993 2725 1117 2796 quia
1147 2723 1202 2780 in
1231 2723 1441 2780 eteteris
1469 2721 1806 2778 omnibusac
1833 2735 1952 2776 me-

355 2825 506 2880 lioris
549 2832 689 2878 notae
739 2821 1015 2877 codicibus
1058 2835 1165 2875 non
1207 2819 1436 2890 legitur,
1477 2817 1611 2872 nihil
1641 2825 1830 2872 contra
1877 2823 1954 2870 tot

355 2917 604 2975 codicum
633 2915 1003 2971 auctoritatem
1028 2911 1253 2970 delinire
1276 2911 1555 2968 audemus.
1582 2909 1771 2966 Nonne
1794 2908 1958 2966 etiam

357 3015 715 3072 Tcrtullianus
770 3011 1096 3066 mentionem
1165 3009 1306 3064 illius
1355 3006 1530 3064 facere
1583 3005 1704 3062 ideo
1758 3004 1956 3077 potuit,

358 3110 480 3182 quia
517 3108 717 3164 Aurelii
745 3106 964 3176 collegae
993 3105 1076 3160 sui
1105 3113 1160 3161 et
1184 3103 1253 3157 ab
1283 3117 1348 3158 eo
1385 3100 1620 3172 adoptati
1655 3099 1960 3169 exemplum

361 3209 607 3268 secutus,
645 3199 843 3254 nullam
883 3199 939 3252 in
964 3196 1295 3254 Christianos
1333 3195 1502 3265 legem
1537 3193 1686 3260 tulit,
1725 3193 1986 3264 nihilque.

339 3303 546 3351 .contra
569 3305 664 3348 eos
695 3291 1028 3346 machinatus
1055 3287 1266 3343 fuerat?

433 3384 490 3440 Si
517 3384 637 3454 quis
665 3392 843 3438 tamen
885 3379 1211 3452 pertinacius
1252 3375 1542 3434 contendat
1581 3373 1656 3432 ibi
1699 3374 1959 3444 scriptum

363 3477 530 3534 fuisse
571 3474 746 3532 Severi
775 3487 992 3541 nomen,
1021 3485 1127 3527 non
1150 3469 1373 3526 multum
1397 3467 1610 3540 quidem
1637 3465 1960 3538 repugnabi-

366 3582 506 3628 tnus.
533 3568 666 3624 Nam
702 3566 1061 3623 Tertullianus
1085 3565 1189 3619 alio
1219 3565 1274 3619 in
1313 3563 1450 3643 libro
1480 3560 1822 3618 commendat
1849 3561 1962 3613 sin-

367 3666 606 3739 gularem
628 3663 772 3719 illius
797 3663 848 3716 in
877 3659 1202 3717 christianos
1223 3656 1638 3730 propensionem
1664 3663 1720 3711 et
1739 3653 1968 3710 benevm

368 3757 608 3822 lentiam,
629 3755 820 3827 quibus
841 3753 910 3809 ob
939 3751 1252 3808 miraculum
1287 3751 1339 3804 in
1383 3749 1498 3820 ejus
1521 3747 1744 3819 gratiam
1769 3747 1965 3800 factum

367 3852 489 3909 illos
513 3867 698 3909 omnes
718 3850 907 3907 saltem
931 3845 1117 3918 primis
1142 3843 1349 3916 imperii
1377 3842 1458 3897 sui
1481 3840 1635 3895 annis
1659 3840 1971 3909 complexus

371 3953 474 4002 est.
516 3943 622 4002 Sed
650 3943 932 3999 audiamus
960 3939 1005 3994 si
1045 3937 1218 4010 placet
1259 3935 1404 3991 illius
1451 3933 1611 3990 verba
1643 3949 1657 3986 :
1699 3931 1850 4002 Ipse,
1884 3931 1970 3984 in-

371 4039 504 4112 quit,
531 4035 768 4102 Severus,
796 4043 941 4106 pater
969 4029 1212 4086 Antonini
1239 4027 1538 4094 Caracallat,
1568 4024 1973 4100 Christianonnn

371 4151 563 4190 memor
586 4133 702 4204 fuit.
725 4129 865 4187 Nam
885 4139 930 4184 et
963 4125 1242 4206 Proculum
1265 4123 1619 4189 christianum,
1642 4121 1726 4193 qui
1774 4111 1974 4190 Torpu-

373 4230 485 4284 cion
515 4224 986 4300 cognominabatur,
1009 4221 1261 4276 Euhadne
1296 4227 1683 4292 procuratorem
1702 4259 1716 4284 ,
1749 4215 1835 4286 qui
1863 4229 1978 4269 eum

375 4336 465 4390 per
491 4320 654 4373 oleum
676 4317 950 4389 aliquando
981 4323 1276 4381 curaverat,
1307 4309 1582 4387 requisivit,
1613 4319 1659 4364 et
1704 4307 1757 4362 in
1784 4307 1976 4378 palatio

377 4432 470 4470 suo
497 4413 667 4468 habuit
695 4428 848 4484 usque
876 4411 943 4465 ad
972 4418 1181 4464 mortem
1209 4408 1355 4478 ejus;
1379 4421 1524 4476 quem
1549 4413 1595 4458 et
1616 4401 1866 4458 Antonius
1887 4417 1979 4472 op-

380 4511 498 4564 time
523 4514 746 4570 noverat,
772 4505 900 4560 lacte
921 4501 1199 4557 christiano
1226 4497 1470 4553 educatus
1497 4494 1767 4568 (Tertull.,
1793 4494 1880 4549 lib.
1912 4492 1980 4546 ad

379 4600 622 4674 Scapul.,
658 4615 774 4670 cap.
818 4596 910 4668 4).
939 4593 1210 4651 Certiores
1253 4593 1430 4661 itaque
1482 4603 1580 4644 nos
1627 4586 1757 4642 facit
1807 4581 1979 4641 Seve-

2045 1999 2174 2055 pore
2227 1981 2277 2036 in
2299 1983 2481 2038 Severi
2513 1984 2731 2054 palatio,
2758 1995 2813 2040 ut
2843 1979 3318 2053 aiiTertullianus,
3347 2004 3654 2047 commora-

2045 2073 2317 2141 batur,uhi
2343 2091 2463 2129 enm
2483 2075 2752 2131 Caracalla
2773 2079 3046 2148 cognovit,
3069 2080 3373 2151 atque,ipso
3398 2079 3654 2154 instigan-

2047 2171 2268 2254 te,_lacte
2304 2168 2584 2224 christiano
2609 2169 2849 2224 educatus
2874 2181 2977 2228 est.

2118 2253 2385 2316 Caeterum
2401 2253 2657 2334 quidquid
2675 2259 2744 2318 de
2763 2261 2867 2318 hoc
2887 2263 3449 2335 ProcnlOTorpacionc
3464 2273 3660 2323 Statua-

2051 2363 2157 2422 tur,
2179 2353 2352 2410 nullus
2368 2352 2671 2424 ambigendi
2690 2354 2836 2410 locus
2849 2356 3084 2426 e5t,quin
3107 2355 3438 2424 Severus,ob
3455 2360 3660 2414 sanita-

2053 2459 2162 2504 tem
2211 2437 2310 2533 sibi
2359 2439 2664 2533 mirandum
2713 2447 2765 2502 in
2806 2447 3024 2503 modum
3065 2450 3402 2518 restitutam,
3469 2450 3663 2508 faverit

2053 2527 2394 2599 Christianis.
2415 2527 2532 2596 Non
2560 2541 2737 2596 solum
2765 2542 2909 2597 enim
2935 2541 3076 2598 htu'ic
3103 2543 3392 2600 Proculum
3416 2543 3663 2602 christia-

2055 2651 2183 2691 num
2211 2631 2264 2688 in
2300 2648 2399 2688 suo
2435 2631 2655 2688 retinuit
2684 2633 2886 2702 palatio
2928 2649 2944 2688 τ
2986 2633 3081 2689 sed
3121 2645 3169 2690 et
3199 2635 3545 2704 clarissimas,
3585 2635 3663 2692 uti

2057 2717 2234 2784 adhuc
2257 2725 2450 2782 asserit
2475 2707 2855 2798 Tertullianu's,
2891 2727 3146 2798 finitimas,
3179 2737 3224 2782 et
3251 2728 3560 2784 clarissimos
3587 2729 3665 2783 vi-

2059 2839 2168 2888 ros,
2201 2819 2418 2878 Severus
2443 2819 2604 2874 sciens
2633 2819 2788 2888 huius
2817 2829 2965 2874 secta:
2993 2837 3122 2887 esse,
3156 2838 3256 2876 non
3273 2821 3424 2876 modo
3447 2817 3548 2877 non
3570 2822 3662 2877 Ia:-

2061 2915 2160 2983 sit,
2210 2931 2382 2970 verum
2421 2913 2570 2968 etiam
2609 2922 2656 2968 et
2701 2913 2980 2968 testimonio
3011 2895 3308 2981 exornavit,
3345 2912 3396 2969 et
3437 2905 3660 2987 populo,

2065 3010 2254 3084 furenti
2277 3009 2330 3064 in
2359 3025 2471 3076 nos,
2501 3006 2675 3079 palam
2703 3007 2880 3062 restitit
2917 3007 3191 3080 (Tertull.,
3229 3009 3318 3064 lib.
3351 3010 3420 3064 ad
3447 3010 3666 3083 Scapul.

2066 3121 2182 3173 cap.
2242 3099 2683 3188 4).Chri.s_tianis
2730 3098 3115 3168 igiturrevera,
3175 3115 3274 3156 nec
3327 3117 3514 3172 parum
3541 3101 3666 3173 qui-

2067 3193 2190 3252 dem
2231 3194 2377 3282 favit,
2407 3191 2576 3264 seque
2629 3191 2840 3250 illorum
2887 3207 2994 3247 non
3048 3193 3338 3260 occultum,
3371 3195 3466 3248 sed
3490 3193 3669 3264 publi-

1983 3296 2029 3360 C
2063 3307 2184 3351 cum
2234 3278 2474 3344 exhibuit
2525 3278 2784 3340 fautorem
2843 3293 3004 3356 atque
3071 3283 3431 3340 defensorem.
3469 3283 3671 3354 Quidni

2064 3398 2194 3440 vero
2240 3381 2319 3437 eis
2369 3377 2607 3444 favisset,
2667 3393 2698 3432 a
2745 3377 2940 3448 quibus
2987 3391 3092 3432 non
3137 3375 3298 3432 modo
3347 3377 3670 3435 beneficium

2067 3474 2362 3534 maximum
2389 3479 2690 3544 acceperat,
2719 3469 2812 3526 sed
2839 3484 3066 3542 quorum
3095 3485 3358 3526 summam
3381 3486 3593 3542 quoque
3617 3471 3670 3526 in

2071 3588 2130 3629 se
2161 3567 2471 3626 fidelitatem
2516 3565 2691 3644 fuerat
2737 3579 2952 3636 semper
3005 3549 3300 3636 expertus?
3353 3565 3484 3620 Nam
3529 3567 3671 3621 inter

2071 3667 2331 3722 factiones
2368 3657 2724 3729 Cassii,Nigri
2755 3665 2808 3714 et
2831 3655 3010 3713 Albini
3036 3659 3104 3714 ab
3130 3659 3247 3730 ipso
3295 3659 3411 3730 ejus
3437 3659 3670 3731 imperii,

2074 3768 2129 3814 ut
2159 3771 2318 3826 supra
2349 3753 2580 3808 vidimus
2604 3749 2951 3824 (Supr.,cap.
2979 3749 3016 3804 2
3037 3793 3052 3820 ,
3081 3751 3292 3823 arui),
3321 3763 3376 3807 et
3401 3751 3537 3808 infra
3565 3752 3672 3808 ad-

2076 3849 2181 3904 huc
2205 3848 2431 3914 dicetur,
2459 3843 2682 3902 exordio
2727 3843 2995 3912 subortas,
3037 3842 3220 3899 nullus
3246 3829 3481 3916 unquam
3512 3844 3664 3902 chri-

2077 3943 2282 4000 stianos
2309 3941 2555 3996 inventus
2584 3948 2686 3995 est.

2149 4036 2260 4093 Nec
2285 4035 2486 4091 dixeris
2507 4033 2620 4090 [nec
2647 4048 2884 4106 pugnare
2909 4048 3030 4090 cum
3070 4033 3134 4090 iis
3154 4073 3170 4100 ,
3196 4027 3388 4106 quibus
3427 4036 3677 4108 superius

2081 4123 2524 4202 diximus(lbid.),
2560 4135 2884 4182 commotam
2909 4127 2978 4182 ab
3004 4127 3192 4182 eodem
3219 4127 3419 4186 Severo
3445 4127 3680 4200 impera-

2083 4234 2200 4282 tore
2229 4223 2281 4279 in
2299 4219 2630 4278 Christianos
2659 4220 3110 4292 persecutionem.
3137 4218 3254 4276 Non
3285 4223 3428 4278 enim
3469 4221 3680 4292 imperii

2083 4320 2165 4376 sui
2193 4319 2364 4386 initio,
2395 4316 2490 4374 sed
2520 4324 2644 4388 post
2669 4315 2854 4372 decem
2885 4323 2942 4371 et
2967 4316 3196 4387 amplius
3219 4329 3390 4374 annos
3414 4314 3681 4372 concitata

2085 4411 2202 4469 fuit.
2230 4411 2450 4468 Constat
2494 4419 2676 4466 autem
2716 4409 2866 4464 illum
2895 4409 2963 4466 ad
3008 4409 3062 4466 id
3111 4423 3282 4482 usque
3324 4417 3533 4481 tempus
3571 4422 3680 4463 non

2087 4520 2272 4577 parum
2303 4501 2520 4575 quidem
2553 4500 2749 4558 favisse
2777 4501 3114 4558 Christianis.
3139 4501 3146 4508 '

2156 4595 2370 4654 Nullum
2413 4611 2576 4669 porro
2639 4611 2850 4668 aequum
2905 4611 3084 4653 rerum
3133 4593 3510 4651 aestimatorem
3563 4605 3685 4648 esse

379 4697 500 4755 I‘lilll
563 4697 944 4768 imperatorem
993 4687 1310 4760 wgritudine
1381 4683 1608 4756 quadam
1665 4679 1981 4736 mirabiliter
2004 4703 2059 4764 D
2085 4700 2356 4764 putamus,
2496 4705 2562 4746 εχ
2595 4689 2701 4758 his,
2730 4705 2851 4762 qua;
2879 4689 3136 4745 haclenus
3175 4686 3314 4742 dicta
3345 4693 3490 4753 sum,
3531 4683 3687 4742 facile

379 4794 545 4851 fuisse
566 4792 797 4847 levatum
819 4788 948 4854 oleo,
967 4783 1108 4856 quod
1137 4781 1392 4838 Proculus
1411 4779 1486 4834 illi
1503 4777 1744 4833 dederat.
1765 4773 1841 4830 Ne
1859 4773 1980 4846 quis

295 4887 302 4897 ’
383 4902 560 4947 autem
601 4895 691 4940 aut
725 4881 1085 4955 pervicacior,
1128 4885 1217 4932 aut
1262 4873 1484 4929 otnnino
1523 4867 1838 4926 incredulus
1864 4909 1879 4935 ,
1911 4863 1980 4922 de

387 4991 532 5038 tanto
573 4977 829 5034 n'tiraeulo
872 4973 1091 5029 dubium
1131 4979 1404 5034 numeret,
1447 4963 1659 5020 Proculi
1693 4971 1746 5018 et
1785 4957 1984 5032 cogno-

389 5091 512 5129 men
547 5080 598 5126 ct
625 5086 815 5125 animis
861 5066 1119 5122 declarat.
1146 5061 1478 5132 Torpaeion,
1513 5056 1717 5128 inquit,
1749 5053 1984 5110 vocaba-

389 5177 495 5232 tur,
527 5175 580 5220 et
606 5161 859 5218 Eubodize
889 5168 1004 5216 erat
1031 5163 1366 5228 procurator.
1398 5150 1506 5208 Sed
1532 5150 1653 5222 quis
1679 5148 1770 5206 ille
1799 5147 1980 5213 fuerit,

385 5257 496 5330 jam
516 5256 662 5314 dictu
687 5253 1081 5310 difliciilimum.

459 5351 583 5406 Alio
605 5359 783 5404 autem
804 5347 854 5400 in
868 5341 1378 5415 libquertullianus
1394 5348 1577 5395 narrat
1593 5335 1992 5392 Valentiniano-

391 5462 512 5506 rum
539 5459 752 5501 errores
783 5443 1120 5510 impngnatos
1149 5436 1313 5493 fuisse
1360 5451 1466 5492 non
1490 5433 1664 5490 solum
1687 5431 1756 5488 ab
1779 5431 1992 5488 Justino

392 5552 649 5614 martyre,
673 5536 908 5595 Miltiade
957 5545 1011 5590 et
1035 5535 1258 5599 Irenalo,
1283 5531 1376 5590 sed
1405 5532 1564 5588 etiam
1593 5545 1624 5585 a
1655 5527 1902 5596 Proculo,
1923 5525 1992 5583 de

393 5653 502 5710 quo
528 5636 670 5692 hunc
697 5634 932 5706 IOqttilur
955 5631 1006 5686 in
1036 5629 1294 5686 modum:
1343 5627 1596 5683 Proculus
1625 5633 1794 5681 noster
1831 5623 1995 5696 uirgi-

395 5731 474 5786 nis
521 5738 734 5802 senecta:
776 5737 822 5782 et
851 5725 1141 5784 christiana:
1170 5721 1468 5794 eloquentia:
1506 5721 1756 5793 dignitas,
1793 5735 1919 5786 quos
1939 5723 1996 5775 in

397 5809 538 5882 omni
557 5843 708 5896 opere
719 5825 862 5896 ﬁdei,
889 5821 1314 5895 quemadmodum
1331 5821 1383 5876 in
1409 5821 1526 5888 ista,
1553 5817 1828 5891 optaverim
1853 5832 1994 5872 asse-

398 5921 487 5998 qui
529 5918 550 5994 (
587 5918 757 5991 Idem,
801 5919 890 5978 tib.
934 5921 1050 5978 adu.
1103 5918 1306 5988 Valen.,
1355 5932 1470 5988 cap.
1515 5915 1550 5974 5
1594 5911 1638 5986 ).
1677 5912 1814 5982 Quia
1867 5924 1996 5968 vero

2084 4799 2190 4840 non
2231 4783 2490 4854 intelligat
2521 4782 2702 4854 quanti
2738 4781 2947 4838 roboris
2973 4781 3044 4836 sit
3076 4778 3192 4834 haec
3221 4777 3467 4834 Auctoris
3511 4777 3682 4832 nostri

2085 4874 2505 4946 argumentatio,
2528 4873 2680 4944 cujus
2706 4872 2942 4944 pondere
2967 4869 3210 4926 ethnicos
3239 4869 3452 4940 penitus
3481 4867 3684 4936 obruit,

2085 4972 2174 5044 qui
2199 4986 2256 5028 se
2280 4969 2484 5042 legibus
2501 4969 2614 5026 suis
2628 4968 2694 5024 ad
2711 4965 3027 5024 cruciandos
3046 4963 3416 5035 tollendosque
3433 4962 3692 5019 Christia-

2089 5082 2189 5124 nos
2212 5065 2438 5138 obligari
2464 5063 2830 5121 venditabant.
2851 5059 3119 5133 Nam-has,
3138 5072 3192 5115 et
3217 5057 3602 5129 iniquissimus,
3637 5064 3693 5113 et

2091 5164 2160 5219 ab
2190 5159 2538 5232 iniquissimis
2579 5155 2906 5229 principibus
2937 5154 3088 5210 datas
3127 5169 3248 5210 esse
3277 5151 3690 5210 demonstravit.

2095 5253 2205 5312 Nec
2234 5255 2410 5310 minus
2449 5251 2749 5308 luculenter
2785 5247 3042 5320 patefecit
3087 5247 3206 5303 illas
3255 5262 3285 5303 a
3327 5244 3692 5317 compluribus

2095 5349 2238 5430 aliis,
2265 5349 2528 5430 probitate
2557 5356 2613 5401 et
2645 5345 2899 5418 aequitate
2924 5343 3160 5415 praeditis
3185 5385 3201 5412 ,
3230 5351 3502 5423 correctas
3530 5339 3695 5396 fuisse

2097 5455 2153 5504 et
2182 5418 2512 5526 emepdatas.
2544 5440 2780 5511 Denique
2809 5439 2898 5511 qui
2930 5438 3131 5494 nullam
3167 5438 3218 5492 in
3247 5418 3580 5516 Christianos
3611 5442 3694 5490 tu-

2097 5542 2276 5598 lerunt
2301 5539 2496 5610 legem,
2526 5535 2580 5591 hi
2604 5533 2788 5606 procul
2811 5531 2976 5590 dubio
3005 5533 3146 5602 illos,
3165 5539 3425 5604 quantum
3443 5527 3694 5600 iniquitas

2099 5643 2400 5708 temporum
2422 5629 2656 5702 sinebat,
2684 5628 2845 5687 tutari
2867 5643 2931 5686 ac
2958 5635 3240 5702 protegere
3263 5623 3618 5684 conabantur.
