4076 6356
1059 179 1110 226 Α

405 244 558 303 1015

1027 360 1253 418 CAPUT
1294 359 1410 418 XX.

413 498 497 556 De
512 501 648 557 laesa:
661 499 846 556 divina:
863 500 1141 572 majestatis
1158 499 1472 565 criminibus,
1487 517 1702 570 quorum
1717 499 2019 566 Christiani,

491 607 593 649 tam
630 594 762 664 falso
796 611 949 664 quam
978 594 1319 664 impudenter,
1352 593 1416 647 ab
1448 593 1658 648 ethnicis
1686 593 1894 649 illorum
1923 594 2023 649 reis

491 691 879 746 accusabantur.

942 819 1233 864 ARTICULUS
1272 819 1479 860 Ριωιυε.

418 949 592 1018 Quam
628 947 810 1003 invicte
837 944 1183 1000 Tertullianus
1235 942 1540 996 demonstret
1584 937 1900 996 Christianos
1929 939 2026 993 im-

497 1042 675 1094 merito
723 1039 970 1092 accusari‘
992 1035 1322 1106 infanticidii,
1371 1035 1473 1089 sive
1520 1034 1731 1102 infantis
1774 1033 1828 1086 in
1869 1031 2026 1086 sacris

495 1149 671 1188 eorum
721 1131 996 1203 synaxibus
1037 1128 1226 1194 occisi,
1266 1142 1477 1180 comesa:
1504 1135 1679 1194 postea
1717 1125 1828 1192 ejus
1857 1123 2027 1177 carnis

496 1225 754 1297 palatique
781 1222 1066 1292 sanguinis,
1107 1237 1168 1272 ac
1194 1219 1472 1288 turpissimi
1498 1219 1736 1282 incestus,
1772 1232 2028 1286 vanusque

495 1317 813 1371 ethnicorum
851 1314 1198 1368 cavillationes
1238 1310 1466 1382 fmaditus
1489 1319 1698 1376 evertat,
1723 1308 1806 1362 ubi
1833 1309 1894 1360 de
1924 1307 2026 1378 Cy-

508 1409 777 1479 uopennis,
811 1405 1152 1475 Sciapodibus
1177 1413 1221 1458 et
1252 1401 1608 1471 Antipodibus.

496 1567 686 1622 Nullus
707 1565 772 1620 ad
804 1563 1076 1619 vexandos
1104 1561 1510 1633 pcrdendosque
1534 1560 1865 1617 Christianos
1892 1560 2031 1614 alius

425 1667 713 1732 supererat
753 1656 982 1713 ethnicis
1038 1665 1349 1725 praetextas,
1395 1654 1494 1708 nisi
1541 1662 1600 1706 ut
1646 1667 1740 1707 eos
1787 1651 2031 1720 capitalis

1498 245 1569 304 IN
1605 243 2076 306 TERTULLIANI
2115 243 2650 305 APOLOGETICUM

2050 366 2101 422 Λ
2129 363 2394 417 libidinum
2422 363 2693 434 impiarum
2716 361 3123 417 inuerecundiam
3154 371 3421 434 procurent
3444 361 3495 432 (1
3503 363 3659 436 bid.).
3697 363 3797 419 In

3584 240 3804 330 tom

2127 456 2506 526 manuscriptis
2549 455 2748 510 nostris
2786 455 3059 511 codicibus
3101 464 3156 512 et
3213 455 3547 513 editionihus
3584 457 3793 512 anti-

2126 547 2266 617 quis,
2294 545 2445 602 deest
2471 562 2570 601 vox
2601 556 2729 611 tum,
2759 563 2856 601 nec
2886 546 2954 602 ibi
2983 547 3207 603 multum
3243 550 3549 605 necessaria
3581 537 3797 605 vide-'-

2129 649 2235 694 tur.
2266 638 2471 694 Sensus
2499 650 2676 694 autem
2708 638 3046 704 Tertulliani,
3071 639 3262 694 isthaec
3293 639 3509 696 brevius
3537 641 3647 696 alio
3699 641 3788 696 in

2128 730 2266 788 libro
2312 729 2642 796 enarrantis,
2691 729 2777 785 hic
2815 740 2899 785 est
2941 745 2956 784 :
3001 729 3127 785 Post
3175 729 3378 786 lumina
3431 745 3462 786 a
3508 731 3791 787 canibus

2129 837 2315 879 eversa
2343 831 2398 877 et
2425 823 2718 887 exstincta,
2752 821 2990 877 tenebrat
3011 863 3025 886 ,
3058 822 3542 892 impurissimorum
3586 825 3791 880 leno-

2127 931 2256 972 num
2307 931 2500 971 munus
2531 915 2820 981 obeuntes,
2859 916 3293 972 inverecundiam
3326 917 3609 986 impiarum
3666 918 3780 972 li—

2131 1011 2368 1068 bidinum
2423 1020 2711 1080 procurant
2742 1009 2930 1081 (Idem,
2957 1009 3044 1064 lib.
3079 1008 3096 1064 l
3154 1010 3222 1063 ad
3254 1008 3407 1076 Nat.,
3435 1027 3552 1081 cap.
3587 1011 3660 1067 I5
3699 1020 3787 1066 et

2132 1103 2247 1174 l6).
2278 1104 2552 1174 Praecipua
2579 1111 2758 1158 autem
2790 1112 2844 1158 et
2871 1103 3117 1173 capitalia
3146 1101 3262 1158 bmc
3289 1103 3520 1159 crimina
3544 1113 3716 1159 erant
3755 1143 3780 1169 ,

2131 1213 2250 1270 qua:
2279 1197 2498 1264 ethnici,
2523 1195 2971 1267 quemadmodum
2997 1195 3148 1262 alibi,
3180 1211 3279 1252 nec
3307 1197 3494 1263 semel,
3514 1205 3784 1252 annota-

2133 1294 2306 1346 vimus
2353 1290 2646 1360 (Dissertat.
2683 1292 2734 1344 in
2783 1289 2973 1344 Μίνωι.
3001 1288 3179 1344 Octav.
3200 1332 3214 1354 ,
3243 1307 3357 1361 cap.
3390 1289 3445 1349 8.
3473 1299 3574 1343 art.
3605 1290 3660 1354 l,
3705 1297 3782 1344 et

2132 1382 2316 1456 seqq.),
2357 1382 2556 1437 tamdiu
2597 1391 2850 1453 tantaque
2890 1381 3215 1450 impudentia
3250 1381 3574 1436 Christianis
3601 1380 3778 1450 obji-

2133 1479 2364 1543 ciebant,
2396 1487 2593 1549 quanta
2624 1477 2876 1531 facilitate
2915 1476 2982 1530 ab
3009 1476 3241 1546 antiquis
3267 1474 3524 1531 Ecclesia:
3556 1473 3771 1530 Patri-

2140 1571 2238 1626 bus
2267 1572 2432 1626 diluta
2465 1572 2846 1638 confutataque
2876 1580 3021 1626 sunt.

2180 1683 2185 1688 ·
2208 1665 2386 1720 Variis
2407 1681 2535 1722 vero
2567 1666 2930 1721 Tertullianns
2958 1673 3141 1720 noster
3167 1664 3432 1719 rationum
3455 1663 3770 1718 momentis

419 1753 648 1823 alicujus
673 1752 914 1807 criminis
934 1765 1148 1820 qquuo
1173 1749 1387 1804 tandem
1418 1747 1576 1802 modo
1598 1756 1932 1801 accusarent.
1960 1749 2029 1800 At
2057 1763 2106 1822 B
2135 1757 2321 1813 falsam
2357 1759 2491 1814 hanc
2526 1759 2957 1813 criminationem
2993 1757 3232 1812 (“minus
3259 1756 3468 1811 ρνρηίι,
3503 1756 3765 1810 primum

421 1861 489 1900 eo
533 1845 724 1899 furoris
763 1853 816 1898 ct
863 1842 1148 1897 dementiae
1195 1849 1608 1912 processerant,
1651 1849 1708 1894 ut
1758 1839 1878 1894 illos
1923 1853 2027 1893 non

428 1937 588 1991 unius
628 1944 832 1989 tantum
859 1932 1042 2004 ﬂagitii
1075 1948 1199 1987 reos
1231 1931 1476 1986 dicerent
1503 1973 1518 1996 ,
1548 1929 1642 1985 sed
1692 1931 1940 1995 omnium,
1974 1939 2032 1984 ut

422 2030 498 2083 ait
548 2027 953 2091 Tertullianus,
1007 2026 1275 2090 scelerum,
1327 2025 1570 2088 deorum,
1625 2024 2028 2093 imperatorum,

427 2122 616 2194 legum,
654 2137 870 2186 morum,
901 2137 959 2174 ac
993 2119 1146 2172 totius
1177 2128 1374 2172 uaturce
1411 2117 1640 2170 inimicos
1677 2114 2028 2185 (Tertulliau.,

332 2230 335 2231 '
428 2213 672 2284 Apolog.,
704 2229 818 2283 cap.
861 2213 917 2275 ‘2,
952 2228 1006 2281 p.
1031 2209 1182 2281 277).
1207 2209 1406 2264 Verum
1433 2208 1574 2278 quis,
1597 2207 1700 2262 hac
1727 2211 1882 2278 plane
1909 2205 2034 2261 hor-

430 2304 596 2358 renda
625 2303 969 2360 accusatione
992 2300 1286 2369 perculsus,
1311 2315 1414 2354 non
1447 2299 1625 2354 statim
1651 2299 2034 2369 obstupescat?

429 2397 548 2466 Quo
575 2397 717 2452 enim
751 2394 910 2449 modo
942 2401 1023 2448 tot
1063 2403 1439 2462 tantorumque
1470 2391 1756 2446 criminum
1797 2391 1874 2445 rei
1913 2405 2034 2446 esse

427 2498 680 2562 poterant
709 2487 1036 2554 Christiani,
1065 2488 1177 2556 qui,
1210 2487 1347 2540 sicut
1383 2486 1494 2555 jam
1523 2485 2032 2551 demonstravimus,

428 2598 537 2637 non
565 2580 725 2635 modo
759 2596 921 2634 unum
950 2593 1243 2648 verumque
1271 2579 1434 2632 Deum
1461 2591 1670 2631 summa
1691 2575 2036 2631 veneratione

424 2675 710 2741 colebant,
744 2673 837 2728 sed
865 2688 1093 2744 quorum
1125 2673 1286 2726 etiam
1316 2670 1607 2727 castissimi
1638 2680 1793 2725 erant
1822 2684 2032 2735 mores,

430 2783 495 2822 ac
526 2768 822 2838 piissimum
868 2766 1079 2820 vivendi
1124 2763 1331 2836 genus?
1378 2764 1587 2820 Ruebat
1633 2765 1792 2834 igitur
1821 2779 1881 2819 se
1916 2765 2035 2834 ipsa

430 2871 538 2914 tam
558 2859 690 2915 falsa
719 2859 1042 2915 criminatio.
1063 2858 1258 2912 Verum
1291 2858 1412 2928 quia
1442 2856 1730 2912 christiana
1755 2857 1938 2928 religio
1958 2857 2041 2911 ni-

430 2951 525 3018 hil,
555 2960 612 3005 ut
648 2951 882 3021 loquitur
910 2949 1290 3016 Tcrtullianus,
1323 2950 1386 3004 de
1409 2966 1590 3004 caussa
1615 2966 1710 3004 sua
1739 2951 2039 3020 deprecatur

429 3042 620 3114 (Ibid.,
645 3060 760 3114 cap.
785 3044 838 3107 1,
859 3060 912 3113 p.
940 3041 1094 3111 259),
1116 3056 1235 3109 nec,
1261 3042 1399 3097 sicut
1419 3042 1495 3097 rei
1515 3042 1711 3108 solent,
1730 3043 1890 3097 ullam
1917 3058 2036 3114 gra-

2135 1851 2277 1905 enim
2306 1850 2553 1906 ethnicos
2584 1852 2729 1921 ipsos
2775 1850 2918 1906 hunc
2951 1850 3243 1920 alloquitur
3270 1850 3322 1904 in
3353 1848 3568 1903 modum
3603 1864 3616 1899 :
3649 1847 3767 1901 Di-

2135 1943 2298 1997 cimur
2318 1958 2533 2013 semper
2557 1958 2587 1996 a
2617 1944 2767 1998 vobis
2799 1953 3068 1998 tantorum
3097 1942 3359 1997 set-lerunt
3385 1941 3482 2005 rei;
3515 1956 3605 1994 nec
3632 1957 3765 2004 vos,

2137 2034 2272 2101 quod
2299 2035 2493 2088 tamdiu
2520 2035 2757 2100 dicimur,
2791 2051 2996 2096 eruere,
3029 2033 3348 2102 investigare
3370 2073 3384 2098 ,
3411 2041 3466 2087 et
3498 2041 3766 2102 relegere

2137 2129 2324 2208 curatis
2349 2126 2676 2198 (Tertulliau.
2698 2170 2713 2195 ,
2745 2127 3007 2197 Apologet.
3027 2169 3042 2194 ,
3066 2143 3182 2196 cap.
3221 2126 3275 2190 7,
3305 2143 3360 2194 p.
3384 2121 3530 2196 507).
3562 2124 3764 2180 Nullus

2138 2229 2315 2275 tamen
2347 2220 2692 2274 condemnari
2737 2220 2885 2289 prius
2925 2219 3116 2284 debet,
3149 2234 3308 2290 quam
3339 2217 3565 2272 sceleris
3610 2231 3763 2272 cou-

2138 2313 2382 2368 vincatur
2416 2330 2429 2366 :
2468 2311 2603 2383 Ergo
2631 2323 2720 2366 aut
2757 2313 2941 2375 eruite,
2975 2312 3147 2382 inquit
3188 2311 3306 2375 ille,
3337 2310 3380 2364 si
3405 2309 3609 2364 creditis
3630 2350 3646 2374 ,
3697 2317 3765 2363 ct

2136 2407 2472 2463 Christianos
2491 2406 2682 2461 horum
2711 2405 2970 2462 scelerum
3000 2404 3322 2470 couviucite,
3350 2414 3439 2458 aut
3466 2403 3619 2456 nolite
3639 2419 3764 2456 crc-

2139 2502 2274 2567 dere,
2308 2505 2546 2572 quianon
2573 2502 2771 2556 eruistis
2792 2499 3009 2572 (lbid.).
3051 2499 3340 2554 Enimvero
3371 2498 3471 2551 hac
3496 2495 3758 2551 affectata

2139 2596 2538 2651 dissimulatione
2571 2604 2734 2664 atque
2790 2593 3112 2662 negligentia
3160 2590 3495 2661 prtvscribilur
3532 2587 3751 2656 (Ibid.i,

2140 2687 2555 2759 praejudicioque
2588 2686 2890 2742 certissimo
2923 2685 3178 2757 probatur
3202 2683 3630 2739 Christianorum
3662 2682 3754 2734 in-

2142 2779 2418 2842 nocentia,
2446 2790 2500 2834 et
2531 2793 2737 2833 summa
2781 2794 2990 2833 murum
3032 2777 3336 2845 integritas,
3368 2773 3503 2846 quod
3531 2790 3620 2828 nec
3649 2772 3754 2841 ipsi

2140 2872 2337 2928 audetis
2382 2887 2556 2926 eruere
2600 2870 2892 2942 (Ibid.),ea
2917 2870 3171 2933 crimina,
3193 2883 3418 2936 quorum
3452 2867 3600 2928 illos,
3633 2873 3748 2921 tam

2143 2963 2298 3027 falso,
2323 2980 2480 3034 quam
2509 2973 2710 3018 temere
2741 2963 3028 3028 accusatis,
3061 2978 3159 3016 nec
3186 2974 3376 3015 caussa
3406 2974 3658 3028 unquam,
3692 2967 3755 3012 ut

2144 3056 2391 3121 vidimus,
2410 3056 2611 3118 audita,
2635 3053 3031 3119 condemnatis,
3060 3052 3340 3122 torquetis,
3371 3059 3424 3106 et
3445 3049 3710 3104 occiditis.

431 3137 562 3191 tiam
591 3135 824 3190 ullumve
853 3137 1088 3189 favorem
1116 3134 1358 3204 requirit,
1385 3134 1486 3190 hac
1515 3133 1716 3190 idcirco
1740 3151 1901 3189 unum
1931 3151 2031 3207 op-

2213 3149 2476 3204 Praaterca
2504 3164 2570 3204 eo
2598 3148 2770 3218 major
2795 3156 2911 3202 erat
2953 3147 3067 3200 lucc
3097 3145 3430 3198 ethnicorum
3478 3139 3751 3211 perversi-

427 3237 505 3283 tat
533 3237 586 3283 et
614 3227 763 3297 petit,
797 3235 854 3280 ut
883 3225 1178 3281 secundum
1206 3226 1477 3282 severiora
1519 3225 1698 3298 legum
1723 3228 2032 3298 praescripta

429 3321 792 3377 examinetur.
825 3321 1188 3387 Quamobrem
1221 3319 1586 3375 Tertullianus
1632 3321 1698 3375 ad
1729 3337 1790 3376 ea
1818 3323 2029 3389 omnia,

429 3429 550 3485 qua:
570 3413 890 3469 Christianis
914 3412 1325 3482 objiciebamur,
1351 3412 1655 3484 singulatim
1677 3414 2031 3470 examinanda

431 3523 494 3563 ac
522 3507 772 3564 diluenda
799 3507 1124 3579 aggreditur,
1150 3523 1212 3562 ac
1235 3507 1670 3562 manifestissime
1699 3507 2034 3564 demonstrat

432 3599 651 3655 eosdem
681 3599 1013 3654 Christianos
1059 3608 1165 3652 tam
1199 3596 1334 3652 falso
1376 3596 1570 3652 horum
1602 3597 1922 3669 ﬂagitiorum
1953 3599 2035 3653 in-

429 3693 699 3756 simulari,
734 3707 894 3762 quam
923 3700 1131 3747 certum
1154 3701 1270 3746 erat
1300 3691 1515 3747 illorum
1547 3706 1670 3748 reos
1695 3707 1880 3749 revera
1911 3709 2034 3751 esse

430 3784 680 3856 gentiles.

503 3877 642 3947 Quid
682 3876 824 3932 enim
859 3892 889 3931 a
921 3877 1148 3933 veritate
1190 3878 1361 3948 magis
1409 3878 1644 3933 alienum
1670 3919 1684 3945 ,
1731 3895 1891 3950 quam
1939 3895 2035 3937 eos

432 3973 576 4026 lassae
623 3972 918 4042 majestatis
963 3971 1158 4028 divina:
1200 3971 1542 4043 redarguere,
1597 3973 1687 4044 qui
1714 3990 1928 4043 verum,
1978 3984 2036 4030 ut

432 4064 688 4130 diximus,
722 4064 886 4118 Deum
909 4073 962 4119 et
995 4065 1241 4134 privatim
1269 4075 1322 4118 et
1355 4066 1564 4133 publice
1584 4065 1634 4119 in
1666 4067 1778 4121 suis
1820 4069 2036 4138 syuaxi-

433 4155 536 4210 bus
563 4169 777 4223 semper
809 4156 1098 4221 colebant,
1129 4156 1503 4226 malebantque
1533 4158 1885 4212 alrocissimis
1911 4160 2031 4229 qui-

440 4247 773 4316 buscumque
801 4263 860 4300 se
891 4249 1069 4302 necari
1117 4247 1413 4317 suppliciis,
1450 4262 1608 4317 quam
1635 4246 1778 4304 hunc
1815 4250 2030 4305 unicum

433 4341 604 4397 Deum
632 4355 850 4412 negare,
876 4351 964 4395 aut
998 4342 1156 4396 falsos
1186 4341 1317 4396 deos
1345 4342 1454 4396 ullo
1481 4343 1561 4396 vel
1593 4341 1717 4397 ficto
1747 4350 1951 4399 tantum
1979 4353 2034 4399 et

439 4434 691 4492 simulato
720 4433 866 4488 cultu
893 4434 1183 4489 venerari?
1213 4434 1412 4488 Contra
1449 4450 1578 4491 vero
1625 4435 1782 4506 hujus
1810 4451 2033 4492 summa:

432 4529 725 4599 impietatis
755 4527 1160 4583 evidentissime
1187 4528 1644 4583 convincebantur
1667 4529 1912 4600 gentiles,
1942 4530 2031 4598 qui

433 4621 698 4689 factitios,
746 4631 800 4677 ut
833 4623 968 4676 infra
996 4620 1376 4687 ostendemus,
1408 4622 1540 4678 deos
1587 4623 1866 4688 colebant,
1895 4640 2032 4695 quos

434 4715 662 4771 infames
721 4725 776 4771 et
813 4717 957 4770 omni
1013 4715 1444 4786 turpissimarum
1510 4716 1793 4772 criminum
1835 4735 2033 4790 genere

433 4807 664 4866 fmdatos
695 4809 860 4864 fuisse
889 4809 1218 4864 fatebantur.

510 4904 581 4956 At
610 4902 662 4956 hi
693 4913 868 4956 tamen
922 4917 1185 4972 nunquam
1229 4916 1330 4954 non
1358 4900 1659 4957 clamabant
1697 4902 2032 4962 Christianos

435 4994 637 5050 idcirco
668 4996 807 5050 liesa-
835 4995 1122 5050 divinitatis
1146 5011 1264 5049 csse
1293 4995 1557 5060 conscios,
1591 4996 1710 5064 quia
1734 4996 1786 5051 in
1803 4997 1914 5053 suis
1937 5013 2031 5070 sy-

433 5087 694 5154 naxibus,
723 5096 777 5144 et
801 5089 938 5142 inter
977 5089 1265 5142 sacratinra
1296 5102 1390 5141 sua
1419 5089 1696 5160 mysteria,
1719 5089 2037 5146 nefandissi-

435 5182 540 5237 mis
591 5179 884 5236 sceleribus
914 5195 1033 5236 sese
1065 5179 1529 5249 impudentissime
1575 5184 2030 5242 contaminabant.

434 5275 571 5330 Nam
599 5274 932 5347 dicebautur,
964 5275 1134 5342 inquit
1163 5276 1542 5342 'l‘ertullianus,
1574 5277 1946 5333 sceleratissimi
1969 5281 2033 5337 de

433 5375 750 5421 sacramento
778 5363 1084 5432 infanticidii
1111 5363 1297 5436 (lbid.,
1323 5383 1438 5437 cap.
1473 5366 1526 5434 7,
1559 5384 1612 5437 p.
1640 5367 1788 5440 306),
1807 5369 1922 5425 sive
1953 5371 2034 5424 in-

440 5457 598 5512 fantis
650 5471 808 5527 quem
844 5454 914 5510 ibi
955 5457 1190 5511 occisum
1235 5456 1498 5513 devorare
1548 5459 1872 5514 ferebantur.
1904 5459 2032 5519 Inde

436 5562 492 5607 et
521 5561 632 5623 post
661 5551 939 5605 convivium
979 5548 1108 5604 illud
1137 5550 1524 5606 exsecrandum
1555 5553 1864 5623 turpissimo
1910 5555 2028 5624 pol-

437 5645 512 5699 lui
544 5645 750 5709 iacesto,
783 5642 916 5713 quod
939 5657 1187 5696 eversores
1217 5641 1485 5710 luminum,
1512 5645 1675 5700 verba
1703 5644 1878 5701 adhuc
1907 5655 2034 5703 sunt

435 5739 686 5797 Auctoris
717 5739 908 5808 nostri,
935 5755 1109 5809 canes,
1127 5738 1329 5794 lenones
1356 5740 1563 5806 scilicet,
1578 5739 1825 5808 tenebras,
1854 5749 1958 5794 tum
1984 5748 2032 5796 et

2138 3251 2249 3307 tas,
2274 3256 2380 3311 quo
2411 3241 2616 3295 facilius
2658 3242 3064 3311 promptiusque
3111 3247 3358 3305 poterant
3388 3235 3713 3304 investigare
3733 3275 3750 3300 ,

2136 3344 2296 3404 atque
2315 3347 2604 3405 agnoscere
2633 3348 2700 3386 an
2724 3347 2845 3385 vera
2870 3340 3047 3384 essent
3067 3330 3153 3383 illa
3179 3327 3604 3382 Christianorum
3628 3340 3753 3380 sce-

2138 3429 2270 3484 lera.
2298 3427 2426 3482 Nam
2455 3443 2636 3481 census
2658 3427 2802 3480 istius
2820 3425 3125 3494 disciplinas,
3151 3424 3223 3475 ait
3241 3421 3623 3485 Tertullianus,
3648 3419 3755 3474 hoc

2136 3527 2252 3584 est,
2283 3517 2440 3590 hujus
2480 3518 2843 3573 disseminata:
2891 3517 2941 3569 iu
2974 3514 3174 3568 mundo
3221 3512 3530 3567 christiana:
3585 3511 3753 3565 disci-

2138 3605 2295 3676 plina:
2323 3605 2553 3670 initium,
2585 3621 2618 3657 a
2641 3601 2836 3657 Tiberio
2867 3611 2937 3655 est
2968 3597 3179 3672 (Ibid.);
3205 3598 3404 3666 aut,uti
3432 3598 3752 3669 explicatius

2137 3697 2243 3751 alio
2270 3695 2322 3752 in
2350 3697 2487 3752 libro
2515 3716 2526 3748 :
2553 3695 2796 3765 I’rincipe
2817 3695 3044 3765 Augusto
3074 3709 3254 3748 nomen
3281 3691 3393 3749 hoc.
3425 3690 3754 3747 christiano-

2140 3803 2278 3853 rum,
2309 3799 2476 3842 ortum
2504 3797 2598 3850 est;
2626 3787 2842 3846 Tiberio,
2869 3786 3138 3856 disciplina
3159 3794 3268 3856 ejus
3289 3783 3475 3837 illuxit.
3498 3784 3564 3836 At
3589 3793 3751 3840 certe

2137 3881 2386 3951 quoniam
2409 3881 2698 3935 christiana
2726 3879 2912 3950 religio
2943 3894 3064 3934 vera
3097 3887 3201 3942 est,
3235 3894 3351 3931 cum
3388 3876 3502 3930 odio
3531 3877 3610 3930 sui
3635 3892 3748 3930 cae-

2138 3974 2232 4042 pit,
2259 3971 2404 4026 illius
2427 3971 2605 4027 adhuc
2634 3971 3000 4027 totidemsunt
3025 3971 3211 4033 verba,
3238 3969 3391 4022 simul
3411 3977 3556 4038 atque
3582 3983 3753 4036 appa-

2137 4065 2238 4118 ruit
2259 4065 2463 4118 inimica
2490 4082 2614 4120 esse.
2644 4065 2856 4120 Nostris
2891 4079 3018 4120 vero
3049 4064 3100 4117 in
3131 4062 3507 4132 manuscriptis
3537 4060 3746 4115 codici-

2139 4158 2238 4212 bus
2261 4157 2470 4211 inimica
2498 4169 2605 4224 est,
2638 4157 2740 4211 hoc
2757 4166 2838 4212 est
2858 4198 2872 4222 ,
2902 4171 2967 4210 eo
2997 4157 3112 4225 ipso
3139 4172 3242 4226 quo
3271 4155 3431 4222 C(Bpil
3464 4164 3709 4221 tempore
3730 4194 3745 4218 ,

2140 4249 2343 4305 mundo
2383 4253 2664 4320 apparuit,
2694 4251 2944 4319 omnibus
2991 4249 3203 4304 inimica
3235 4257 3290 4302 et
3321 4247 3485 4301 invisa
3517 4245 3654 4309 fuit;
3682 4259 3750 4302 ac

2137 4352 2208 4399 tot
2234 4343 2400 4398 hostes
2449 4345 2560 4416 ejus
2611 4343 2821 4399 fuerunt
2845 4354 2967 4414 quot
2991 4341 3442 4410 extraneiUdem,
3477 4339 3564 4394 lib.
3623 4338 3749 4393 lact

2139 4436 2290 4504 Nat.,
2313 4454 2429 4509 cap.
2453 4439 2506 4498 7.
2537 4455 2591 4509 p.
2621 4439 2725 4495 307
2757 4435 2798 4510 ),
2825 4438 2878 4493 id
2908 4446 3010 4502 est,
3039 4452 3226 4492 names
3255 4437 3474 4491 omnino
3501 4433 3747 4490 homines

2139 4540 2333 4600 prarter
2359 4531 2505 4587 solos
2544 4531 2802 4601 ipsosmct
2821 4529 3177 4586 Christianos.
3212 4529 3364 4593 Nam,
3391 4537 3444 4581 ut
3475 4527 3546 4580 ait
3568 4525 3747 4582 adhuc

2137 4626 2504 4682 Tertullianus
2525 4667 2540 4691 ,
2589 4627 2771 4681 hostes
2801 4626 3011 4680 illorum
3045 4633 3195 4678 erant
3214 4665 3227 4687 ,
3257 4633 3311 4676 et
3343 4621 3515 4692 piiiim
3542 4619 3744 4692 quidem

2139 4719 2348 4788 prapria
2379 4734 2439 4772 ex
2465 4718 2788 4773 aemulatione
2812 4716 3006 4777 Judwi,
3040 4730 3135 4770 seu
3160 4729 3258 4769 sua
3289 4713 3339 4768 in
3374 4713 3494 4766 illos
3521 4709 3742 4776 invidia,

2136 4827 2239 4884 qua
2268 4811 2484 4882 quidem
2521 4823 2737 4881 propter
2762 4811 3046 4880 abrogatos
3077 4824 3105 4862 a
3134 4807 3348 4861 Christo
3380 4813 3591 4859 veteres
3614 4817 3746 4858 suos

2136 4905 2270 4958 ritus
2298 4918 2512 4974 semper
2530 4903 2927 4972 eniillagraruut
2960 4919 2971 4953 :
3001 4898 3196 4954 deimle
3217 4897 3399 4950 milites
3432 4911 3493 4949 ea:
3527 4909 3744 4948 concus-

2133 4998 2275 5052 sione
2305 4995 2496 5069 (Idem,
2531 4997 2771 5067 Apolog.,
2800 5011 2915 5062 cap.
2943 4994 2995 5058 7,
3024 5009 3140 5064 pag.
3171 4991 3318 5058 508),
3349 4990 3449 5043 hoc
3471 4998 3576 5055 est,
3603 4987 3747 5042 sicut

2141 5091 2410 5144 nonnullis
2441 5089 2666 5148 videtur,
2693 5087 2914 5142 subdola
2948 5087 3235 5142 furentium
3259 5083 3619 5142 accusatione.
3645 5081 3742 5138 sed

2139 5184 2568 5246 melius.crudeli
2601 5181 2882 5238 vexatione
2916 5199 2930 5235 :
2973 5196 3034 5234 ea:
3054 5190 3240 5233 natura
3281 5177 3483 5230 tandem
3517 5190 3610 5229 sua
3643 5175 3744 5245 ipsi

2136 5277 2288 5330 etiam
2317 5275 2574 5330 domestici
2619 5271 3041 5328 Christianorum
3095 5267 3359 5338 (Ibid);
3403 5276 3586 5338 utpote
3649 5267 3739 5335 qui

2135 5371 2459 5426 conditionis
2488 5386 2600 5425 sua:
2631 5367 3000 5438 IlllpalICllleS,
3044 5381 3193 5421 more
3221 5365 3378 5419 solito
3412 5361 3738 5418 insidiabana

2137 5476 2223 5523 tur
2251 5467 2482 5522 dominis
2504 5466 2638 5532 suis,
2658 5465 2849 5534 quibus
2873 5477 3067 5518 nocere
3095 5473 3365 5532 nunquam
3420 5473 3525 5512 non
3554 5455 3739 5513 conni-

2135 5560 2408 5615 tebautur.
3075 5617 3080 5620 _

2207 5650 2290 5705 Ab
2317 5649 2398 5704 his
2421 5649 2579 5721 igitur
2604 5647 2855 5705 omnibus
2878 5645 3122 5716 quotidie,
3149 5643 3320 5716 pergit
3347 5641 3724 5707 Tertullianus,

2135 5740 2443 5811 obsidemur,
2489 5740 2713 5811 quotidie
2733 5739 3015 5811 prodimur,
3046 5739 3097 5792 in
3127 5735 3251 5807 ipsis
3282 5733 3556 5808 plurimum
3589 5729 3726 5790 casti-
