4050 6350
285 341 426 404 1017
570 341 607 383 τ’

1413 342 1865 407 DISSERTATIO
1903 344 1966 404 D.
2012 343 2100 406 LE
2140 344 2449 410 NOURRY.
2952 344 2970 383 ³

3444 351 3585 417 l0l8

244 533 249 539 ,
285 460 379 519 bus
402 469 451 520 et
475 459 948 536 congregationibus
972 460 1160 520 nostris
1180 463 1516 536 opprimimur
1542 464 1751 538 (Ibid);
1779 466 1881 532 rel,
1913 465 1963 527 Α
1991 465 2245 525 horrendi
2303 470 2528 543 alicujus
2564 470 2824 539 criminis,
2876 470 2987 528 sine
3023 470 3394 543 crimine'ipso,
3437 476 3581 540 quod

286 555 425 611 sicut
455 556 602 626 ipsos
625 556 855 629 gentiles
882 555 1008 613 alibi
1033 556 1408 627 compellando
1437 557 1573 621 dixit
1599 575 1613 611 :
1658 558 1816 613 Scitis
1837 568 1888 613 et

285 647 395 704 dies
423 659 759 704 conventuram
786 658 1095 716 nostrorum;
1120 650 1288 721 itaque
1316 661 1362 706 et
1390 651 1697 717 obsidemur,
1721 661 1765 705 et
1790 669 1886 722 op-

287 743 577 816 primimur,
598 744 717 798 etin
743 744 869 815 ipsis
893 745 1098 800 arcanis
1118 744 1587 818 congregationibus
1606 745 1889 799 detinentur

287 836 508 911 (Idem.,
536 838 628 893 lib.
660 836 684 893 l
714 837 781 891 ad
808 836 962 905 Nat.,
985 855 1101 910 cap.
1124 839 1179 904 7,
1208 855 1328 910 pag.
1360 837 1511 906 568).
1546 837 1735 895 Latere
1759 852 1887 909 ergo

284 931 581 1002 gentilibus
621 946 729 987 non
772 939 978 1003 poterat
1018 930 1144 1003 quid
1183 932 1235 987 in
1284 932 1349 987 iis
1391 931 1677 988 Christiani
1726 946 1886 1003 agere

287 1034 707 1081 consueverant.
1674 1044 1697 1073 ς
1762 1010 1771 1019 ’

358 1120 426 1173 At
455 1119 574 1189 quis
603 1135 849 1189 unquam,
892 1120 1065 1190 arguit
1090 1119 1294 1175 Auctor
1318 1131 1500 1175 noster
1532 1118 1882 1193 ('I'crtullian.,

284 1208 581 1281 Apologet.,
608 1212 689 1266 loc
715 1213 850 1283 cit.).
881 1214 1050 1268 taliter
1073 1215 1311 1286 vagienti,
1354 1213 1479 1269 dum
1505 1229 1535 1269 a
1579 1214 1886 1269 christianis

286 1300 648 1369 occideretur,
672 1303 861 1375 infanti
880 1304 1207 1375 supervenit?
1236 1304 1364 1372 Quis
1392 1314 1600 1360 cruenta
1630 1304 1883 1361 christia-

284 1412 503 1465 nurum,
536 1399 625 1469 qui
653 1400 1009 1456 comedebaut
1053 1401 1196 1458 illius
1247 1417 1435 1458 carnes
1476 1412 1531 1458 et
1568 1404 1883 1475 sanguinem

285 1490 565 1555 bibebant,
600 1502 654 1545 ut
690 1493 966 1560 invenerat,
1017 1502 1269 1566 tanquam
1301 1498 1566 1567 cyclopum
1596 1507 1642 1550 et
1685 1497 1884 1552 sirena-

282 1601 537 1650 rumora,
592 1586 812 1643 minime
861 1587 1075 1658 quidem
1130 1587 1373 1643 abstersa
1426 1589 1595 1661 judici
1665 1589 1884 1659 con<pi~

282 1680 501 1746 cienda,
534 1683 846 1738 reservavit?
878 1683 1005 1752 Quis
1044 1685 1121 1740 vel
1173 1685 1227 1739 in
1272 1684 1515 1739 uxoribus
1559 1685 1731 1755 aliqua
1778 1686 1883 1740 im-

287 1772 485 1827 munda
504 1772 774 1840 adulterii,
816 1774 869 1830 in
912 1774 1105 1830 iisdem
1148 1774 1380 1830 cratibus
1422 1776 1581 1847 paulo
1618 1784 1742 1831 ante
1789 1775 1885 1832 ad-

1991 570 2202 631 poterat
2229 562 2298 618 ab
2323 564 2427 618 alio
2451 565 2738 638 aliquando
2764 563 2980 636 agnosci
3007 577 3059 622 et
3094 566 3293 637 puniri,
3323 577 3410 622 aut
3431 569 3583 625 testis

1989 663 2079 707 aut
2100 652 2267 723 jndex
2297 654 2483 723 vendit,
2511 668 2603 713 aut
2631 660 2881 715 conscius
2931 658 3134 713 redimit
3183 657 3509 731 (ldem,lib.
3561 658 3582 717 ι

1989 746 2058 800 ad
2084 746 2324 815 Nation.,
2348 767 2460 821 cap.
2487 751 2542 817 7,
2572 769 2625 824 p.
2659 752 2807 823 568).

2060 839 2266 896 Nullius
2291 843 2469 914 itaque
2494 845 2801 900 testimonio
2822 844 3103 916 probatum
3137 861 3371 918 unquam
3407 847 3585 904 fuerat

1988 928 2322 990 Christianos
2344 949 2466 990 reos
2493 951 2614 994 esse
2637 936 2829 993 horum
2869 938 3172 993 criminum.
3207 938 3406 1008 Ecrptis
3438 939 3583 996 enim

1987 1023 2098 1090 illa,
2161 1028 2234 1081 uti
2260 1039 2414 1099 urget
2465 1028 2867 1095 Tertullianus,
2936 1044 3170 1102 unquam
3218 1028 3585 1100 prodidisset?

1988 1116 2103 1172 Non
2136 1118 2233 1188 ipsi
2261 1120 2474 1189 quidem
2513 1121 2814 1178 christiani.
2864 1120 2922 1177 Si
2961 1121 3102 1177 enim
3157 1121 3387 1178 ethnicis
3430 1135 3585 1178 sacra

1987 1227 2082 1267 sua
2134 1212 2498 1270 Samothracia
2528 1226 2585 1272 et
2632 1216 2904 1272 Eleusinia
2949 1215 3224 1271 declarare
3266 1217 3417 1271 nefas
3445 1223 3581 1280 erat,

1987 1302 2191 1376 quanto
2213 1307 2382 1377 magis
2425 1308 2705 1364 christiani
2745 1309 2923 1364 divina
2950 1323 3045 1363 sua
3074 1307 3325 1380 mysteria
3359 1308 3586 1363 reticere

1988 1399 2307 1455 tenebantur
2351 1399 2612 1471 (Tertult.,
2656 1402 2902 1475 Apolog.,
2941 1402 3039 1457 loc.
3088 1403 3201 1468 cit.,
3242 1411 3291 1456 ct
3327 1400 3415 1455 lib.
3456 1398 3478 1455 Ι
3517 1399 3586 1453 ad

1990 1490 2238 1559 Nation.,
2260 1509 2378 1563 cap.
2409 1494 2464 1557 7,
2498 1511 2618 1566 pag.
2662 1495 2833 1565 568)?
2876 1495 2929 1550 Si
2949 1510 3075 1565 ergo
3103 1493 3171 1549 ab
3201 1493 3330 1564 ipsis
3374 1507 3586 1548 summo

1989 1586 2307 1657 tegebantur
2347 1588 2562 1644 silentio
2593 1607 2605 1643 :
2638 1586 2809 1654 Unde,
2871 1588 3041 1659 inquit
3079 1587 3459 1653 'l‘ertnllianus,
3499 1603 3588 1642 ea:-

1988 1680 2176 1732 traneis
2225 1679 2511 1748 gentilibus
2555 1696 2741 1734 eorum
2792 1681 2991 1747 notitia,
3039 1697 3155 1735 cum
3199 1696 3395 1751 semper
3433 1682 3587 1734 etiam

1986 1772 2086 1841 pia:
2110 1773 2427 1828 initiationes
2455 1783 2661 1828 arceant
2692 1774 3006 1846 prapltanos,
3031 1785 3078 1829 et
3126 1776 3329 1829 arbitris
3357 1784 3583 1841 careant,

284 1866 459 1931 missi,
488 1868 697 1940 uestigia
740 1868 1069 1937 deprehendit
1113 1868 1300 1943 (Ibid.)
1321 1870 1346 1924 ?
1371 1870 1501 1939 Quae
1541 1871 1757 1941 quidem
1798 1871 1887 1927 ille
1916 1867 1964 1928 B
1992 1864 2088 1919 nisi
2113 1865 2259 1935 impii
2282 1866 2449 1921 minus
2474 1875 2698 1921 metuunt
2738 1867 2924 1940 (lbid.,
2970 1868 3067 1922 loc.
3112 1869 3233 1932 cit.)
3262 1869 3285 1922 ?
3312 1867 3366 1922 In
3391 1866 3587 1922 nostris

285 1956 410 2013 aliis
455 1960 636 2014 verbis
665 1959 774 2015 alio
817 1962 869 2015 in
908 1960 1046 2016 libro
1087 1963 1166 2017 sic
1196 1962 1460 2033 urgebat:
1498 1962 1624 2030 Quis
1666 1979 1892 2035 unquam

284 2067 478 2107 semesa
506 2068 664 2123 puero
701 2055 985 2124 supervenit
1008 2054 1034 2108 ?
1058 2053 1184 2122 Quis
1207 2055 1260 2108 in
1286 2063 1545 2109 cruentato
1574 2071 1706 2125 pane
1739 2054 1891 2109 uesti-

284 2144 373 2215 gia
423 2145 653 2201 dentium
691 2146 1063 2216 deprehendit?
1094 2148 1218 2214 Quis
1263 2148 1476 2203 tenebris
1517 2150 1777 2220 repentino
1807 2150 1888 2203 lu-

286 2241 674 2310 mincirruptis,
704 2242 971 2296 immunda
999 2242 1191 2313 aliqua,
1231 2258 1293 2297 ne
1319 2243 1534 2296 dixerint
1555 2243 1764 2308 incesta,
1795 2258 1875 2298 rc-

244 2336 248 2341 ’
286 2334 519 2406 cognovit
544 2332 738 2407 (Ident,
771 2334 859 2389 lib.
888 2335 903 2389 Ι
928 2334 997 2388 ad
1024 2332 1177 2397 Nat.,
1204 2333 1303 2389 loc.
1336 2335 1445 2405 cit.)
1477 2334 1576 2390 ?In
1606 2335 1876 2405 Apologe-

288 2424 397 2479 tico
460 2434 640 2479 autem
696 2423 763 2478 ad
805 2423 1088 2495 duplicem
1132 2424 1413 2497 cyc|0pum
1487 2434 1542 2480 et
1590 2425 1888 2480 sirenarum

284 2513 521 2587 fabulam
549 2515 808 2586 respexit.
842 2516 1023 2571 Poeta:
1069 2517 1212 2571 enim
1257 2525 1362 2571 tam
1408 2516 1589 2583 graeci,
1634 2516 1890 2587 quemad-

287 2606 507 2661 modum
537 2605 801 2663 Homerus
829 2609 847 2678 (
872 2606 1110 2676 ﬂamen,
1146 2607 1335 2680 Odyss.
1367 2607 1503 2671 Vlll,
1534 2619 1645 2677 post
1675 2608 1842 2679 med.)
1870 2649 1887 2677 ,

287 2712 448 2769 quam
486 2698 658 2763 latini,
699 2703 839 2755 sicut
860 2700 1115 2771 Virgilius
1140 2699 1380 2775 (Virgil.,
1407 2699 1494 2754 lib.
1522 2699 1587 2755 ΙΙΙ
1644 2699 1887 2769 ίΕηεὶάη

288 2803 337 2842 u.
370 2789 474 2845 617
505 2799 558 2843 et
608 2790 762 2863 seq.),
819 2792 1095 2846 tinxerunt
1135 2791 1388 2864 cyclopes
1421 2792 1667 2847 homines
1724 2792 1891 2851 fuisse

287 2880 627 2946 monoculos,
651 2884 742 2954 qui
792 2899 922 2940 suos
959 2884 1223 2940 vorabunt
1273 2884 1538 2955 hospites.
1577 2885 1687 2943 Nec
1712 2888 1890 2943 minus

288 2984 416 3031 nota
463 2986 547 3031 est
580 2976 758 3031 tabula
788 2977 1111 3043 sirenarum,
1154 2993 1273 3048 qua:
1330 2980 1665 3049 navigantes,
1699 2990 1888 3035 cautus

287 3068 371 3123 sui
411 3068 696 3126 dulcedine
749 3070 977 3141 sopitos,
1046 3072 1099 3126 in
1141 3088 1288 3126 mare
1336 3071 1886 3145 dejiciebant(Plin.,

288 3166 379 3222 lib.
426 3167 474 3222 Χ
525 3166 716 3223 Natur.
755 3167 918 3231 ἥξει,
943 3185 1057 3240 cap.
1089 3167 1182 3230 49.
1216 3185 1336 3240 pag.
1368 3168 1525 3241 Ml).

1994 1958 2231 2014 melioris
2261 1969 2404 2015 notae
2431 1961 2705 2016 codicibus
2739 1977 2900 2017 manu
2940 1961 3191 2026 exaratis,
3237 1969 3290 2017 et
3319 1961 3588 2031 plerisque

1993 2053 2225 2125 antiquis
2241 2053 2565 2111 etlitionibus
2583 2056 2827 2127 legimus,
2859 2057 3009 2110 etiam
3050 2056 3223 2126 intpite
3259 2055 3584 2110 initiationes.

1994 2143 2102 2201 Nec
2146 2145 2368 2202 forsitan
2415 2148 2573 2203 male.
2615 2148 2746 2203 Nam
2801 2148 3181 2213 Tertulliattus,
3211 2162 3240 2201 a
3270 2146 3484 2207 minori,
3532 2153 3590 2201 ιιι

1992 2239 2162 2302 aiunt,
2192 2238 2259 2293 ad
2314 2239 2485 2311 majus
2528 2241 2606 2294 sic
2658 2242 3019 2311 argumentari
3072 2240 3245 2309 potuit
3276 2256 3290 2293 :
3321 2237 3378 2294 Si
3412 2238 3590 2309 impiae

1992 2330 2329 2386 ethnicorum
2357 2332 2681 2387 initiationes
2721 2326 2880 2387 celari
2922 2331 3141 2396 debent,
3192 2339 3392 2402 quanto
3415 2330 3586 2401 magis

1992 2439 2160 2480 sacra:
2185 2434 2241 2481 et
2291 2424 2389 2495 piae
2416 2425 2864 2491 Christianorum;
2896 2426 2997 2481 nisi
3042 2427 3185 2497 impii
3232 2426 3456 2496 gentiles
3494 2440 3590 2481 eas

1993 2520 2277 2591 vulgando,
2311 2521 2486 2576 minus
2515 2521 2637 2588 sibi,
2669 2538 2827 2592 qualn
2853 2521 3128 2577 christiani
3162 2527 3400 2577 metuattt
3421 2520 3476 2573 7'

2063 2614 2230 2670 Instat
2265 2615 2441 2671 adhuc
2471 2616 2673 2671 Auctor
2699 2624 2902 2684 noster,
2931 2625 3089 2687 atque
3116 2615 3231 2671 haec
3260 2613 3589 2670 exsecranda

1991 2707 2195 2763 scelera
2217 2720 2246 2761 a
2279 2708 2494 2762 nemine
2534 2722 2633 2761 nec
2663 2708 2980 2777 perpetrari,
3014 2722 3113 2762 nec
3135 2706 3280 2762 credi
3316 2720 3468 2774 posse
3488 2705 3590 2761 hoc

1991 2811 2308 2869 argumento
2359 2799 2694 2855 demonstrat
2746 2817 2759 2854 :
2813 2797 3134 2854 Christianis
3177 2798 3264 2868 pie
3290 2796 3592 2853 viventibus

1990 2893 2165 2949 futura
2194 2902 2313 2965 post
2345 2892 2481 2947 hanc
2533 2894 2693 2948 vitam
2738 2893 2889 2948 beata
2942 2893 3213 2947 a'ternitas
3242 2889 3592 2963 promitteba-

1993 2995 2098 3041 tur.
2147 2986 2319 3041 Atcui
2367 3001 2600 3056 unquam
2632 2985 2956 3063 christiano,
3000 2994 3088 3037 aut
3131 2983 3420 3038 christiana
3462 2981 3591 3035 reli~

1989 3078 2149 3149 gione
2174 3076 2454 3143 initiando,
2477 3077 2784 3147 persuaderi
2802 3076 3091 3148 aliquando
3108 3075 3280 3147 potuit
3306 3082 3383 3128 tot
3404 3074 3593 3127 tantis-

1990 3187 2096 3243 que
2115 3171 2408 3227 sceleribus
2457 3186 2575 3226 eam
2631 3186 2787 3240 posse
2833 3169 3177 3239 comparari?
3204 3166 3466 3237 Numquid
3496 3164 3589 3219 ulli

358 3257 724 3315 'l‘et'tullianus
746 3258 926 3328 itaque
947 3260 1024 3313 sic
1054 3269 1461 3330 argumentatur
1492 3279 1505 3315 :
1548 3258 1886 3315 Christiano-
1911 3259 1957 3323 C
1990 3264 2152 3319 etiam
2185 3279 2408 3318 summm
2433 3262 2769 3319 auctoritatis
2798 3263 2915 3317 viro
2943 3263 3058 3317 lm‘c
3082 3259 3302 3325 dicenti,
3332 3259 3414 3313 vel
3439 3257 3481 3310 si
3507 3256 3591 3311 vis

286 3364 408 3404 rum
436 3357 515 3404 tot
537 3350 718 3406 hostes
760 3360 935 3417 erant,
966 3359 1098 3421 quot
1125 3350 1321 3405 ethnici
1346 3393 1360 3414 ,
1389 3350 1575 3421 judtei,
1603 3350 1801 3405 milites
1826 3359 1879 3405 et

286 3439 591 3506 domestici,
621 3457 650 3496 a
682 3443 874 3513 quibus
895 3440 1135 3511 quotidie
1171 3443 1223 3497 in
1253 3443 1365 3497 suis
1390 3442 1550 3497 etiam
1596 3443 1887 3515 synaxibus

285 3531 677 3588 obsidebantur
733 3533 1309 3604 opprintebanlurque.
1356 3533 1412 3589 Si
1438 3549 1571 3605 ergo
1602 3534 1654 3589 in
1686 3534 1788 3589 illis
1811 3543 1889 3590 tot

289 3631 508 3694 tamque
534 3625 805 3681 horrenda
834 3627 1059 3682 crimina
1084 3635 1508 3698 perpetrassent,
1537 3642 1567 3681 a
1617 3636 1693 3682 tot
1720 3627 1885 3683 hosti-

287 3714 393 3773 bus
413 3719 526 3772 suis
546 3717 683 3775 adeo
714 3719 937 3775 infensis
966 3719 1297 3791 deprehendi
1328 3721 1578 3778 facillime
1618 3732 1880 3793 poterant.

289 3810 449 3882 Atqui
475 3828 540 3868 ex
568 3812 781 3868 infinito
807 3815 1198 3885 propemodum
1234 3815 1450 3871 illorum
1483 3815 1759 3888 hucusque
1790 3833 1889 3871 nu-

289 3913 445 3962 mero
476 3922 543 3962 ne
566 3923 706 3963 unus
736 3908 951 3980 quidem
1000 3910 1221 3965 minima
1267 3911 1489 3966 sceleris
1530 3911 1691 3967 ullius
1726 3911 1891 3967 vesti-

288 4001 375 4072 gia
401 4017 636 4072 unquam
664 4005 900 4075 agnovit.
929 4003 1236 4060 Falsissima
1277 4005 1437 4075 igitur
1463 4015 1618 4061 erant
1656 4021 1719 4061 ea
1774 4006 1885 4061 cri-

289 4094 457 4155 mina,
486 4112 607 4166 qua:
636 4097 861 4167 improbi
883 4098 1298 4154 calumniatores
1342 4096 1665 4154 Christianis
1708 4098 1891 4166 objec-

290 4192 476 4245 tabant
500 4189 519 4263 (
543 4190 782 4257 Tertull.,
815 4191 902 4246 lib.
936 4193 952 4246 l
982 4193 1050 4246 ad
1078 4190 1249 4259 Nati.,
1284 4209 1400 4263 cap.
1434 4194 1486 4260 7,
1511 4209 1631 4263 pag.
1656 4192 1812 4265 569).

364 4280 546 4352 Neque
587 4283 639 4337 hi
688 4285 1086 4354 quantumlibet.
1143 4284 1589 4355 impttdentissimi
1642 4284 1890 4339 homines

289 4376 621 4445 respondere
651 4388 898 4445 poterant
928 4378 1116 4433 horum
1142 4377 1426 4433 criminum
1457 4386 1623 4434 testes
1661 4392 1690 4431 a
1711 4378 1888 4433 chris-

290 4467 453 4522 tianis
497 4469 719 4538 pecunia
751 4479 843 4524 aut
869 4471 1121 4525 mercede
1150 4469 1315 4525 fuisse
1332 4485 1567 4540 unquam
1586 4479 1888 4540 corruptos.

289 4558 424 4616 Nam
446 4562 557 4632 quis
590 4562 716 4615 talia
770 4563 1023 4632 facinora,
1069 4563 1142 4616 ait
1187 4560 1571 4624 Tertullianus,
1601 4578 1716 4615 cum
1753 4563 1891 4617 inue-

1986 3356 2210 3426 jnranti,
2243 3371 2312 3411 ne
2338 3372 2475 3411 unus
2491 3356 2707 3426 quidem
2725 3355 2959 3424 gentilis,
2984 3368 3088 3407 non
3111 3351 3331 3405 omnino
3348 3351 3588 3415 insanus,

1992 3449 2154 3503 tidem
2189 3456 2370 3519 posset
2399 3464 2631 3516 unquam
2666 3449 2886 3510 habere,
2925 3461 2988 3500 ac
3030 3455 3135 3499 tam
3168 3442 3303 3497 facili
3352 3441 3589 3497 creduli—

1994 3550 2101 3596 tate
2152 3551 2257 3595 tam
2312 3541 2584 3596 atrocibus
2645 3538 2979 3610 coinquinari
3033 3536 3290 3610 ﬂagitiis?
3336 3536 3498 3606 Atqui
3545 3535 3593 3591 si

1991 3634 2192 3692 ethnici
2251 3634 2366 3689 lucc
2401 3649 2501 3688 nec
2544 3633 2786 3699 credere,
2830 3647 2927 3687 nec
2984 3640 3295 3703 perpetrare
3330 3637 3590 3698 possunt,

1992 3740 2196 3802 quanto
2219 3729 2389 3799 magis
2417 3728 2717 3789 christiani,
2750 3741 2976 3798 quorum
3011 3741 3115 3780 non
3160 3725 3261 3779 alia
3296 3735 3397 3790 est,
3429 3738 3592 3794 quam

1992 3832 2310 3878 eteterorum
2354 3820 2629 3875 hominum
2668 3830 2856 3874 natura
2890 3817 3246 3885 (Tertullian.,
3294 3814 3586 3888 Apologet.,

1993 3933 2109 3987 cap.
2138 3916 2194 3982 8,
2222 3933 2278 3986 p.
2310 3915 2437 3981 512,
2469 3923 2514 3968 et
2545 3914 2634 3969 lib.
2658 3912 2700 3976 l,
2728 3912 2797 3965 ad
2820 3909 3061 3975 Nation.,
3084 3927 3201 3983 cap.
3232 3909 3283 3975 7,
3343 3926 3395 3980 p.
3430 3906 3592 3985 569)?

1994 4006 2107 4063 Non
2150 4008 2293 4063 enim
2319 4018 2769 4078 suntcycopennte
2798 4015 2886 4059 aut
2931 4003 3217 4067 sciapodcs,
3240 4002 3413 4073 inquit
3449 4001 3589 4056 Ter-

1996 4100 2268 4166 tullianus,
2298 4100 2418 4154 sive
2444 4109 2501 4153 ut
2549 4099 2600 4152 in
2626 4098 2732 4152 alio
2762 4097 2923 4161 libro,
2946 4109 3258 4167 cgnopennte
3301 4092 3482 4163 aliqui,
3513 4093 3595 4148 uel

1994 4191 2284 4258 sciapodes,
2342 4192 2422 4247 vel
2448 4191 2610 4262 aliqui
2647 4189 2711 4245 tle
2741 4189 3067 4244 subterranca
3096 4186 3362 4256 antipodes
3393 4185 3591 4257 (Idem,

1995 4284 2092 4338 loc.
2112 4283 2223 4351 cit.,
2251 4301 2303 4352 p.
2322 4282 2429 4340 512
2455 4293 2501 4337 et
2532 4281 2682 4350 569).
2706 4281 2864 4336 Primi
2892 4291 3089 4343 autem,
3123 4278 3167 4333 si
3197 4277 3410 4343 Ctesite,
3432 4291 3592 4346 quem

1996 4375 2204 4431 Plinius
2232 4376 2386 4441 citat,
2432 4373 2566 4429 lidcs
2594 4374 2683 4437 sit,
2717 4372 2998 4434 Monocoli,
3025 4370 3218 4441 inquit,
3262 4370 3591 4434 vocabantur,

1995 4467 2210 4538 singulis
2239 4466 2471 4520 cruribus
2493 4467 2637 4521 mirte
2671 4466 2983 4536 pernicitatis
3003 4466 3073 4519 ad
3107 4464 3333 4527 saltum;
3360 4461 3592 4516 eosdem-

1996 4575 2093 4629 que
2114 4559 2398 4626 Sciapodcs
2437 4561 2626 4627 vocari,
2664 4559 2802 4631 quod
2841 4558 2893 4612 in
2921 4558 3107 4630 majori
3156 4566 3283 4612 testu
3327 4554 3469 4609 humi
3505 4555 3595 4625 ja-

289 4656 466 4721 nisset,
517 4655 716 4721 celavit,
778 4665 867 4708 aut
920 4656 1144 4709 uendidit
1198 4656 1333 4723 ipsos
1377 4656 1581 4708 trahens
1623 4654 1968 4715 homines”)
1995 4661 2161 4707 centes
2216 4654 2462 4723 resupini,
2513 4653 2693 4706 umbra
2718 4669 2772 4706 se
2814 4651 3001 4723 pedum
3069 4657 3350 4718 protegant
3397 4645 3590 4719 (Plin.,

289 4745 487 4817 (Idem,
510 4746 799 4819 Apologet.,
825 4765 941 4817 cap.
978 4748 1031 4812 7,
1063 4765 1117 4817 p.
1147 4747 1303 4819 308.)
1340 4747 1389 4802 id
1416 4758 1497 4802 est
1525 4748 1635 4803 lieri
1663 4763 1767 4803 non
1794 4764 1889 4819 po-

289 4840 416 4906 tuit,
444 4849 501 4894 ut
530 4841 778 4895 ethnicus
807 4841 1002 4912 aliquis
1043 4841 1156 4895 lure
1187 4841 1290 4896 sibi
1321 4843 1532 4910 cognita
1561 4840 1887 4897 christiano-

288 4947 409 4988 rum
456 4933 678 4987 crimina
734 4942 829 4988 aut
882 4943 1072 5000 sponte
1120 4948 1215 4989 sua
1267 4933 1541 5000 celaverit,
1613 4944 1706 4987 aut
1753 4935 1880 4989 dum

290 5024 618 5081 christianos
647 5025 713 5080 ad
738 5014 975 5096 judicum
1000 5025 1284 5081 tribunalia
1311 5026 1577 5090 trahebat,
1604 5026 1691 5081 illa
1720 5028 1890 5097 pretio

289 5115 477 5187 aliquo
504 5116 831 5182 vendiderit,
860 5125 916 5172 et
953 5127 1077 5173 tunc
1125 5116 1296 5172 factus
1325 5116 1396 5172 sit
1423 5117 1645 5171 omnino
1688 5126 1886 5172 mutus.

289 5209 419 5265 Alio
444 5218 621 5265 autem
666 5210 717 5264 in
780 5210 919 5263 libro
964 5209 1079 5264 lucc
1105 5210 1247 5276 aliis,
1294 5210 1418 5264 vide
1464 5224 1531 5264 an
1572 5209 1889 5266 clarioribus

287 5301 494 5365 verbis,
519 5303 599 5358 sic
628 5302 873 5357 enuntiat
905 5319 917 5356 :
954 5302 1016 5356 Si
1062 5302 1271 5373 prwmio
1298 5309 1630 5375 impetramus
1664 5303 1734 5356 ab
1764 5304 1889 5358 eth-

292 5397 453 5463 nicis,
486 5397 770 5452 criminum
803 5403 1110 5450 nostrorum
1148 5396 1393 5462 testibus,
1428 5412 1491 5450 ne
1532 5396 1676 5459 tales,
1705 5396 1893 5466 quales

291 5488 510 5544 illorum
541 5503 730 5544 revera
760 5487 999 5557 conscii,
1033 5486 1084 5539 in
1133 5485 1390 5559 publicum
1436 5486 1783 5548 extrahantur.
1829 5502 1894 5542 ac

295 5582 741 5647 condemnemur,
798 5597 954 5652 quare
980 5595 1011 5633 a
1042 5578 1257 5634 nomine
1286 5580 1518 5633 accusati
1568 5587 1625 5634 et
1659 5579 1889 5635 convicti

293 5675 678 5748 opprimimur?
709 5671 898 5729 Nonne
939 5687 1229 5750 possumus,
1260 5670 1529 5749 corruptis
1556 5685 1690 5726 auro
1736 5671 1891 5727 testi-

294 5767 417 5834 bus,
446 5778 493 5823 ct
521 5767 729 5822 omnino
761 5765 828 5821 ad
865 5762 1124 5834 judicium
1173 5778 1277 5817 non
1321 5763 1564 5817 extrahi?
1605 5761 1733 5831 Quis
1759 5763 1895 5819 enim

295 5853 637 5932 proditionem
665 5900 681 5927 ,
716 5858 858 5915 ’sire
908 5854 1331 5914 declarationem
1370 5864 1445 5929 ,ει
1494 5856 1896 5917 accusationem

1990 4754 2081 4807 lib.
2118 4749 2204 4805 VII
2232 4748 2422 4803 Natur.
2461 4745 2626 4809 Hist.,
2658 4761 2773 4810 cap.
2797 4744 2853 4810 τὶ,
2878 4761 2997 4814 pag.
3042 4741 3152 4812 ll).
3187 4742 3262 4796 De
3290 4739 3374 4796 his
3411 4749 3592 4794 autem

1991 4843 2208 4898 Solinus
2236 4838 2459 4905 (Solin.,
2495 4835 2648 4908 Poly.
2675 4836 2882 4899 histor.,
2912 4850 3028 4903 cap.
3074 4833 3162 4900 52,
3191 4850 3311 4904 pag.
3335 4831 3448 4905 80).
3480 4833 3593 4885 Λιι-

1990 4936 2236 5008 gustinus
2263 4934 2530 5006 (August.,
2562 4933 2651 4986 lib.
2675 4930 2816 4993 XVI,
2841 4930 2905 4983 de
2923 4929 3099 4992 Civit..
3127 4946 3242 5000 cap.
3273 4929 3328 4991 8.
3361 4947 3412 4997 p.
3434 4927 3593 4997 42%),

1992 5027 2186 5083 Suidas
2234 5027 2437 5099 (Suid.,
2478 5025 2547 5079 ad
2592 5042 2644 5077 v.
2675 5024 2999 5091 Σκιάπυδις),
3051 5033 3104 5078 et
3151 5023 3287 5095 apud
3344 5023 3593 5079 Tzetzi'm

1996 5119 2362 5190 Apollodorus
2413 5116 2638 5187 (Tum,
2685 5117 2807 5170 chil.
2842 5117 2894 5179 7,
2924 5133 2977 5171 ν.
3012 5115 3140 5181 662,
3173 5128 3218 5170 et
3244 5133 3380 5188 seqq.
3408 5117 3448 5187 ).
3493 5116 3595 5186 Cy-

1994 5228 2246 5285 napenna:
2262 5227 2386 5267 vero
2404 5212 2454 5265 in
2470 5209 2788 5282 quibusdam
2805 5209 2964 5265 editis
2978 5210 3317 5280 appellantur
3336 5208 3589 5280 cyclopes,

1996 5306 2050 5362 in
2080 5305 2200 5360 aliis
2228 5303 2575 5377 cynOpItanes,
2606 5302 2700 5358 sed
2731 5312 2918 5358 contra
2949 5301 3430 5372 manuscriptornm
3463 5316 3603 5356 nos-.

1996 5406 2203 5452 trorum
2250 5395 2496 5453 codicum
2542 5395 2935 5449 auctoritatem.
2988 5391 3208 5446 Vossius
3249 5407 3376 5447 vero
3404 5391 3590 5462 legen-

1997 5488 2122 5543 dnm
2152 5497 2337 5545 censet
2365 5504 2656 5560 cgnopanes
2682 5529 2698 5553 ,
2728 5499 2901 5555 grmce
2927 5490 3177 5545 κυνοπάνες
3202 5525 3216 5550 ,
3248 5500 3409 5539 canes
3463 5499 3583 5539 σοι’.

1998 5580 2109 5634 nuti
2141 5578 2346 5653 (Voss.,
2376 5588 2483 5634 not.
2514 5581 2567 5633 in
2585 5578 2734 5644 Μελ..
2755 5564 2949 5643 ιὸὺ.ῐΙΙ,
2981 5577 3045 5632 de
3065 5576 3183 5632 Situ
3213 5577 3346 5642 orb.,
3373 5592 3485 5646 cap.
3507 5577 3586 5648 9).

1994 5673 2257 5729 Salmasio
2286 5682 2460 5728 tamen
2482 5669 2980 5743 plaeeteorumdem
3010 5668 3252 5727 codicum
3285 5679 3590 5749 nostrorum

1997 5766 2164 5823 lectio
2193 5763 2520 5837 Cynopenna:
2538 5780 2567 5819 a
2597 5781 2774 5836 grznco
2801 5763 2970 5820 verbo
2997 5779 3293 5827 ιυνοτεῖνιιι,
3325 5763 3473 5833 quasi
3497 5777 3589 5817 ca-

1999 5857 2145 5927 nina,
2177 5859 2369 5929 inquit,
2389 5858 2528 5915 tame
2550 5857 2852 5916 laborantes
2874 5855 3152 5931 (Sabaea,
3175 5864 3282 5911 not.
3311 5855 3366 5910 in
3392 5853 3589 5945 Sotira,
