4076 6356
478 445 627 512 1019

1590 443 1659 502 IN
1699 401 2169 505 TERTDLLIANI
2205 447 2739 510 APOLOGETICUM

3629 455 3786 516 i020

475 591 596 648 pag.
628 570 766 630 l005
785 571 830 646 ).
884 569 1053 627 Recte
1080 566 1294 642 quidem
1352 565 1421 624 ad
1466 567 1796 640 propositum
1855 568 2066 626 Tertul-
2092 569 2146 629 A
2173 567 2288 626 haec
2311 573 2588 642 responsio
2621 571 2972 646 (Tertullian.,
3004 573 3294 648 Apologet_.,
3327 593 3444 646 cap.
3468 577 3523 644 7,
3554 595 3609 648 p.
3631 577 3766 648 309,

479 669 631 736 liani,
663 667 734 722 ibi
766 666 1033 737 loquentis
1061 667 1128 720 de
1157 662 1488 729 christianis,
1529 663 1618 734 qui
1649 663 1814 719 occisi
1855 663 2074 722 infantis

473 761 724 820 carnibus
751 761 916 827 vesci,
947 775 1011 815 ac
1039 759 1319 830 plusquam
1349 757 1536 812 canina
1566 755 1708 812 fame
1736 757 1978 815 laborare
2006 759 2076 816 ab

477 855 706 913 ethnicis
748 853 881 908 falso
926 853 1337 908 accusabantur.
1385 849 1491 906 Sed
1521 849 1737 920 quinam
1769 849 1823 907 hi
1852 850 2072 918 fuerint,

475 951 617 1007 scire
647 963 833 1020 parum
864 947 1106 1003 interest.
1138 944 1272 1001 Nam
1301 943 1370 1000 de
1398 943 1654 1000 monstris
1669 944 1872 1000 Auctor
1890 954 2075 1001 uoster

476 1045 732 1117 loquitur,
781 1058 905 1116 qua:
956 1039 1170 1114 penitus
1220 1038 1342 1096 ﬁcta
1388 1053 1511 1096 esse
1565 1053 1756 1096 omnes
1811 1039 1954 1095 ultro
2000 1039 2077 1094 fa-

478 1146 677 1195 tentur.
1751 1143 1757 1146 ’
2061 1133 2067 1135 ’

551 1229 690 1300 Quid
719 1244 867 1301 ergo,
901 1229 1109 1298 inquiet
1149 1227 1362 1300 aliquis,
1397 1225 1654 1297 numquid
1682 1235 1738 1282 et
1762 1226 1847 1280 his
1876 1225 2077 1282 similia

481 1334 722 1382 monstra
778 1323 984 1394 putavit
1023 1321 1340 1393 antipodas?
1393 1321 1464 1376 At
1503 1319 1703 1374 nullam
1749 1319 1960 1374 illorum
2021 1320 2078 1374 in

482 1416 859 1492 Apologetico,
890 1414 985 1472 sed
1015 1416 1067 1470 in
1100 1415 1234 1470 libro
1277 1423 1479 1468 tantum
1506 1412 1570 1467 ad
1601 1411 1858 1467 Nationes
1887 1412 2080 1483 legitur

485 1493 675 1570 fecisse
717 1510 1070 1566 mentionem.
1120 1508 1306 1564 Nonne
1333 1515 1512 1564 autem
1543 1507 1612 1562 ibi
1641 1522 1733 1562 eos
1764 1507 2078 1573 nominavit,

488 1606 611 1676 quia
644 1606 779 1676 ipse,
829 1604 967 1658 sicut
1004 1603 1093 1657 alii
1125 1601 1328 1673 plures,
1361 1599 1497 1656 alibi
1541 1615 1570 1654 a
1629 1600 1784 1655 nobis
1830 1600 2081 1670 appellati

489 1697 788 1770 (Dissertat.
822 1695 872 1749 in
905 1694 1166 1763 Lactant.,
1216 1713 1332 1766 cap.
1363 1695 1454 1762 21,
1487 1703 1588 1748 art.
1648 1693 1726 1763 6),
1760 1693 1814 1747 in
1844 1693 2080 1748 atiimum

484 1790 804 1847 induxerant
833 1788 1011 1844 nullos
1039 1803 1163 1844 esse
1193 1803 1350 1859 posse
1387 1786 1692 1858 antipodes,
1737 1786 1841 1840 nisi
1891 1785 2084 1842 adver-

487 1886 584 1947 sis,
617 1881 692 1938 uti
722 1882 961 1945 aiebant,
1003 1881 1240 1951 vestigiis
1285 1873 1678 1935 annbulareut?’
1704 1877 1889 1948 Neque
1934 1887 2084 1933 certe

487 1975 644 2030 aliter
669 1989 828 2044 quam
859 1981 1120 2039 monstra,
1155 1981 1209 2026 et
1238 1971 1354 2026 falsi
1387 1973 1602 2041 fictique
1633 1969 1878 2024 homines
1905 1969 2081 2025 abillo
2109 1979 2159 2042 Β

487 2068 636 2124 hisce
665 2067 845 2123 verbis
873 2065 1236 2138 exploduntur
1266 2083 1280 2120 :
1323 2063 1414 2120 Vel
1441 2064 1600 2134 aliqui
1649 2063 1712 2117 de
1757 2063 2084 2118 subterranea

489 2172 646 2229 terra,
677 2161 846 2216 instar
877 2158 1160 2230 fungorutn
1190 2157 1386 2222 exorti,
1411 2157 1502 2228 qui
1523 2156 1704 2222 aliam,
1736 2169 1895 2226 quam
1926 2163 2085 2210 terra:

489 2265 686 2310 nostrae
720 2253 988 2315 homines,
1020 2261 1260 2306 naturam
1290 2249 1746 2306 habeant.Verum
1777 2249 1845 2304 ab
1883 2247 2083 2303 horum

489 2348 822 2418 aliorumque
851 2354 1213 2400 monstrorum
1234 2343 1442 2400 feritate
1463 2343 1623 2413 longe
1648 2341 1870 2396 aberant
1893 2337 2092 2395 Chris—

492 2441 644 2506 tiani,
669 2441 761 2511 qui
787 2439 906 2494 aliis
933 2438 1240 2493 hominibus
1263 2436 1460 2494 nostris
1481 2450 1549 2492 eo
1568 2446 1772 2490 tantum
1799 2432 2088 2489 dissimiles

490 2543 666 2600 erant,
695 2532 838 2603 quod
867 2531 986 2588 illos
1019 2531 1349 2586 humanitate
1377 2539 1433 2586 et
1458 2529 1719 2586 charitate
1747 2535 2086 2598 superarent.

493 2627 778 2698 Nunquam
801 2641 931 2697 ergo
972 2627 1090 2696 cogi
1122 2633 1430 2696 potuerunt,
1461 2631 1518 2678 ut
1537 2621 1777 2694 qualibet
1807 2619 2018 2691 pietatis
2037 2627 2092 2674 et

491 2720 768 2790 religionis
793 2719 978 2790 specie
1009 2717 1226 2772 inlautis
1255 2731 1284 2770 a
1312 2732 1372 2772 se
1410 2714 1574 2770 occisi
1623 2713 1942 2770 manderent
1967 2726 2090 2768 car-

494 2827 612 2878 nes,
645 2826 708 2866 ac
738 2819 922 2882 postea
967 2809 1190 2881 stupris,
1219 2808 1519 2873 adulteriis,
1570 2816 1626 2862 et
1651 2807 1871 2863 incestis
1898 2815 2087 2861 conta-

493 2907 846 2962 minarentur.

563 2995 716 3053 Caeca
765 3004 943 3052 tamen
992 2995 1354 3052 obstinatione
1397 2987 1632 3068 perculsi
1660 2993 1901 3066 fgentiles
1932 3007 2092 3066 urge-

492 3093 624 3150 bant
652 3091 876 3147 nimium
903 3089 1136 3147 credulis
1162 3098 1254 3146 aut
1283 3088 1624 3158 Christianis,
1657 3099 1750 3143 aut
1791 3088 1982 3142 saltem
2031 3088 2083 3142 in

493 3202 681 3244 eorum
712 3185 973 3258 religione
1001 3186 1281 3258 tyronihus
1311 3174 1623 3257 impositum
1645 3195 1699 3240 et
1720 3183 1958 3239 illusum.
1987 3181 2096 3240 Sed

494 3279 626 3338 nihil
657 3278 891 3351 ineptius
933 3278 1329 3350 absurdiusque
1353 3278 1480 3350 tingi
1509 3286 1740 3365 poterat.
1771 3277 2098 3334 Christianis

495 3373 760 3447 siquidem
790 3388 908 3430 mos
946 3383 1086 3444 erat,
1120 3383 1177 3429 ut
1205 3373 1446 3429 initiandi
1473 3389 1506 3426 a
1535 3382 1676 3444 patre
1702 3389 1990 3442 sacrorum,
2039 3370 2092 3426 id
2119 3383 2165 3447 ρ

500 3477 610 3539 est,
643 3468 920 3540 episcopo,
970 3477 1062 3524 aut
1101 3468 1284 3540 aliquo
1333 3467 1447 3539 ejus
1475 3467 1696 3535 vicario,
1741 3482 1804 3522 ea
1833 3467 2094 3524 doceren-

497 3575 608 3634 tur,
649 3565 843 3636 quibus
872 3548 940 3620 ad
985 3564 1174 3622 eadem
1219 3579 1370 3622 sacra
1419 3564 1732 3636 praeparari,
1765 3563 1850 3620 vel
1878 3579 1998 3635 quin
2041 3563 2098 3620 in

498 3659 608 3716 illis
635 3659 718 3732 agi
749 3659 1031 3716 deberent.
1075 3659 1190 3728 Qua
1221 3668 1398 3715 autem
1429 3658 1610 3714 fronte
1653 3657 1958 3729 episcopus,
2008 3666 2102 3712 aut

501 3753 677 3826 quivis
698 3753 838 3809 alius
883 3753 1061 3826 tyroni
1092 3753 1174 3809 vel
1213 3753 1510 3808 christiano
1554 3750 1818 3806 dixisset:
1850 3749 1983 3805 Cum
2033 3749 2102 3804 ad

501 3860 690 3904 sacras
719 3860 957 3918 synaxes
984 3845 1233 3916 ,veneris,
1264 3847 1439 3918 infans
1489 3843 1583 3900 tibi
1621 3841 1978 3909 necessarius,
2008 3841 2104 3896 ad-

505 3939 604 3994 huc
627 3947 786 4005 tener,
817 3939 906 4010 qui
933 3939 1128 3994 nesciat
1155 3948 1389 4004 mortem,
1419 3937 1504 4008 qui
1532 3935 1625 3991 sub
1665 3935 1828 3990 cultro
1857 3943 1965 4004 tuo,
1995 3948 2104 4005 quo

503 4032 658 4089 illum
683 4031 978 4104 jugulabis,
1011 4030 1175 4086 rideat
1205 4047 1225 4085 :
1252 4032 1370 4085 item
1396 4030 1568 4102 panis,
1597 4045 1696 4100 quo
1725 4027 1990 4100 sanguinis
2016 4028 2102 4097 iu-

505 4124 802 4191 rulentiam,
834 4124 915 4180 vel
947 4123 1142 4179 melius
1161 4122 1268 4176 alio
1306 4124 1362 4177 in
1389 4123 1549 4186 libro,
1576 4122 1760 4178 rudem
1801 4121 2102 4193 sanguinem

507 4216 718 4289 colligas
765 4216 1141 4290 (Tertullian.,
1175 4216 1469 4288 Apologet.,
1498 4229 1614 4287 cap.
1647 4214 1703 4284 8,
1737 4230 1858 4286 pag.
1891 4213 2020 4282 515,
2053 4222 2100 4270 et

511 4311 626 4368 libr.
655 4310 700 4380 l,
730 4311 800 4366 ad
829 4310 1069 4378 Nation.,
1099 4326 1216 4383 cap.
1249 4307 1301 4377 7,
1334 4327 1388 4383 p.
1413 4307 1563 4382 569);
1612 4309 1913 4367 Necessarii
1957 4325 2096 4382 quo-

509 4420 616 4479 que
641 4421 824 4478 canes,
857 4408 946 4480 qui
971 4421 1096 4502 post
1123 4411 1396 4483 obiectam
1435 4410 1654 4468 offulam
1684 4406 1886 4465 lumina
1931 4409 2110 4466 extin-

511 4513 698 4578 guant,
727 4520 793 4561 ac
819 4506 1033 4562 tandem
1061 4507 1367 4563 necessaria
1407 4522 1562 4564 soror
1581 4514 1636 4564 et
1653 4515 1825 4564 mater
1851 4513 1960 4575 tua,
1993 4506 2110 4578 quia

511 4597 612 4654 bus
658 4597 848 4654 mediis
894 4599 949 4654 in
999 4598 1236 4655 tenebris
1283 4609 1527 4671 stuprum
1580 4599 1817 4657 aﬂ'eras?
1871 4598 1978 4658 Sed
2025 4600 2111 4656 dic

512 4694 692 4764 nobis,
725 4709 928 4767 quaeso,
983 4694 1175 4765 quibus
1218 4694 1438 4750 auribus
1481 4695 1708 4766 quilibet
1757 4691 2109 4762 Christianus,

2176 673 2224 720 et
2251 665 2337 721 lib.
2370 667 2390 722 1
2415 668 2484 722 ad
2513 645 2754 735 Notium,
2777 685 2893 740 cap.
2939 671 2994 738 7,
3037 645 3184 742 pag;
3207 645 3356 743 500).
3383 645 3590 744 Negare
3627 645 3780 730 enim

2177 776 2284 816 non
2316 771 2567 833 poterant
2607 776 2796 820 verum
2836 778 2978 832 esse,
3030 765 3173 836 quod
3203 767 3586 824 celeberrimus
3615 777 3781 840 poeta

2176 855 2370 913 cecinit
2401 875 2414 910 :

2300 969 2446 1024 Fama
2472 972 2666 1035 malum,
2700 985 2798 1038 quo
2828 985 2925 1024 non
2946 973 3075 1025 aliud
3094 973 3314 1026 velocius
3338 975 3533 1026 ullum.-

2707 1056 2935 1126 (Virgil.,
2962 1057 3046 1111 lib.
3073 1067 3124 1110 tv
3151 1060 3366 1126 λΕηίδὶιίἿ
3383 1073 3428 1112 υ.
3460 1061 3589 1128 174.)

2179 1163 2342 1220 Fama
2388 1164 2530 1220 enim
2562 1165 2637 1220 rei
2687 1174 2890 1222 tantum
2931 1169 3152 1224 incerta:
3199 1185 3398 1226 nomen
3443 1181 3559 1242 est,
3607 1187 3789 1245 eaque

2180 1256 2483 1326 Stepissime
2511 1258 2704 1324 oritur,
2731 1269 2821 1313 aut
2849 1261 3054 1332 ingenio
3099 1263 3459 1332 wmulationis,
3493 1265 3606 1322 sive
3649 1265 3792 1322 iuvi-

2181 1347 2288 1412 dia,
2343 1359 2432 1403 aut
2484 1349 2694 1405 arbitrio
2737 1353 3060 1422 suspicionis,
3117 1367 3215 1410 seu
3263 1357 3566 1427 suSpicione
3613 1359 3791 1430 gratis

2181 1442 2430 1508 conﬁcta,
2457 1456 2546 1498 aut
2575 1446 2849 1501 mentiendi
2874 1450 3148 1520 voluptate.
3179 1449 3312 1507 Tam
3343 1453 3485 1508 malo
3528 1453 3688 1524 igitur
3710 1469 3792 1510 ex

2183 1539 2473 1610 principio,
2505 1550 2670 1610 atque
2699 1556 2772 1596 ex
2814 1543 2974 1596 unius
3002 1541 3260 1598 duntaxat
3299 1560 3393 1600 ore
3423 1557 3633 1614 exorta,
3666 1547 3794 1616 ple-

2183 1646 2409 1702 rumque
2439 1633 2713 1698 mentitur,
2747 1645 2837 1689 aut
2867 1635 2908 1689 si
2963 1635 3090 1706 quid
3133 1637 3248 1692 veri
3310 1654 3542 1709 unquam
3586 1656 3795 1696 renun—

2187 1721 2301 1788 tiat,
2334 1724 2418 1779 vel
2449 1735 2561 1779 tum
2590 1725 2638 1779 al
2663 1725 2792 1796 quid
2841 1725 3046 1796 adjicit,
3079 1727 3161 1782 vel
3190 1727 3450 1799 detrahit,
3477 1730 3562 1786 vel
3595 1731 3799 1787 imum-

2186 1823 2281 1870 tat.
2313 1815 2541 1872 Tamdiu
2571 1833 2699 1872 vero
2743 1819 2907 1888 viget,
2940 1820 3196 1889 quamdiu
3245 1821 3378 1876 nihil
3422 1823 3630 1894 probat.
3685 1825 3798 1882 Ubi

2187 1909 2330 1964 enim
2359 1925 2447 1964 res
2479 1911 2700 1981 probata
2723 1921 2827 1979 est,
2863 1921 2990 1968 tunc
3018 1927 3086 1968 eo
3114 1915 3232 1985 ipso
3260 1915 3346 1971 illa
3377 1927 3572 1984 cessat,
3606 1928 3659 1975 et
3687 1935 3796 1974 ex-

2185 2002 2334 2058 cidit.
2365 2001 2552 2059 Merito
2579 2003 2740 2075 igitur
2766 2004 2848 2058 vir
2873 2005 3092 2076 sapiens
3123 2007 3323 2092 nullam
3374 2008 3450 2064 illi
3495 2007 3654 2066 [idem
3687 2009 3794 2068 ha-

2158 2095 2296 2162 bet,
2327 2097 2502 2152 multo
2533 2097 2701 2168 magis
2729 2113 2850 2152 cum
2884 2099 2996 2168 ipsa
3019 2099 3132 2154 sola
3160 2099 3323 2156 index
3382 2111 3439 2156 et
3467 2102 3657 2158 nuntia
3707 2115 3798 2162 est

2188 2191 2454 2247 scelerum
2483 2206 2702 2262 prorsus
2731 2191 3087 2262 occultorum,
3120 2211 3238 2266 quae
3271 2212 3429 2254 nemo
3457 2191 3652 2254 mentis
3674 2214 3797 2256 sua:

2149 2336 2158 2345 ,
2192 2298 2418 2356 compos
2441 2283 2602 2340 homo
2638 2294 2730 2340 aut
2759 2293 3071 2356 perpetrare
3111 2287 3294 2354 audet,
3321 2298 3415 2344 aut
3454 2300 3650 2361 potest.
3685 2291 3798 2349 Nos

2191 2392 2322 2432 vero
2344 2377 2472 2432 alibi
2519 2377 3002 2434 animadvertimus
3051 2379 3190 2436 hanc
3219 2379 3536 2439 Tertulliani
3565 2401 3800 2458 reSpun-

2191 2469 2455 2526 sionetna
2499 2469 2724 2526 Miuutio
2783 2469 2968 2527 Felice
3018 2473 3362 2543 paucioribus
3410 2465 3650 2548 quidem,
3699 2481 3798 2536 sed

2201 2579 2313 2618 non
2343 2563 2523 2618 minus
2551 2562 2860 2618 efﬁcacibus
2889 2565 3065 2620 verbis
3113 2567 3272 2638 plane
3302 2569 3609 2626 conﬁrmari
3644 2571 3798 2641 (Dis-

2193 2670 2316 2716 seri.
2339 2660 2391 2714 in
2416 2658 2604 2714 Minut.
2633 2658 2815 2714 Octav.
2850 2677 2968 2732 cap.
3016 2661 3072 2728 8,
3116 2673 3218 2717 art.
3249 2663 3329 2736 2).
3378 2666 3617 2740 Denique
3656 2669 3800 2725 Ter-

2195 2750 2446 2806 tullianus
2465 2749 2665 2806 addidit
2698 2750 2854 2806 fama:
2911 2760 3018 2807 tam
3062 2755 3256 2823 veloci,
3317 2773 3476 2828 quam
3527 2760 3797 2830 mendaci,

2196 2857 2302 2898 non
2334 2839 2684 2910 credendum,
2713 2840 2806 2898 sed
2842 2842 3120 2899 veritatem
3167 2846 3622 2921 investigandam;
3662 2867 3802 2923 quo-

2197 2933 2366 3003 niam,
2406 2935 2481 2991 uti
2509 2935 2716 2992 ferebat
2746 2938 3015 3008 vulgatum
3045 2937 3114 2992 ab
3157 2940 3387 2996 ethnicis
3433 2943 3800 3014 proverbium,

2202 3026 2387 3082 Omnia
2412 3039 2608 3098 tempus
2635 3027 3184 3100 revelat(Tertullian.,
3206 3032 3356 3100 ibid.,
3383 3051 3435 3102 p.
3465 3033 3620 3108 510).
3643 3036 3801 3106 Quod

2199 3124 2413 3196 quidem
2441 3113 2687 3194 addgium
2712 3121 2880 3177 Aulus
2906 3121 3112 3178 Gellius
3145 3121 3329 3196 (Gell.,
3363 3123 3452 3180 lib.
3509 3126 3606 3182 ΧΠ
3639 3127 3800 3183 Noct.

2199 3217 2352 3286 Atti.,
2384 3233 2504 3288 cap.
2533 3213 2624 3288 11)
2658 3213 2742 3270 his
2773 3213 3060 3287 Sophoclis
3092 3215 3336 3274 versibus
3353 3218 3697 3277 decantatum
3719 3223 3802 3279 ci-

2202 3313 2332 3370 tavit
2355 3330 2369 3368 :

2417 3439 2512 3492 Πρὸς
2534 3441 2666 3484 ταῦτα,
2683 3437 2815 3490 ιρῦκει
2839 3433 2967 3488 harsh,
2981 3439 3030 3486 ὥς
3050 3439 3182 3478 ἅπανθ’
3199 3439 3288 3492 δρῦν

2419 3501 2497 3554 Καὶ
2517 3503 2624 3554 scd-af
2647 3501 2798 3554 duobus»,
2819 3502 2926 3554 stde
2949 3502 3174 3541 ἂναπτὺσσιι
3196 3505 3334 3554 χρόνος.

2419 3553 2498 3620 _A_.d
2518 3553 2630 3620 base
2648 3551 3401 3620 nihit_occulta,quaudoquidem
3423 3556 3584 3605 omnia
3608 3555 3805 3620 videns,

2419 3613 2480 3665 Et
2502 3614 2664 3664 omnia
2686 3614 2910 3677 audiens,
2928 3613 3102 3665 cuncta
3128 3613 3319 3668 revelat
3335 3625 3545 3681 tempus.

2205 3725 2410 3783 Seneca
2441 3738 2610 3803 vero:
2648 3723 2920 3792 Quadam,
2953 3723 3145 3795 inquit,
3176 3723 3312 3796 falsa
3340 3725 3446 3779 ueri
3478 3725 3694 3796 speciem
3713 3727 3809 3781 ha-

2207 3817 2340 3875 bent.
2368 3815 2612 3870 Dandum
2635 3832 2834 3886 semper
2853 3825 2926 3871 est
2954 3825 3150 3884 tempus
3175 3833 3194 3872 :
3223 3817 3483 3872 ueritatem
3507 3819 3614 3873 dies
3633 3821 3806 3890 aperit

2207 3911 2446 3981 (Scaea,
2471 3908 2562 3963 lib.
2600 3906 2642 3962 ll
2668 3908 2732 3962 de
2773 3906 2890 3976 Ira,
2918 3923 3034 3988 cap.
3068 3907 3218 3982 540),.
3261 3908 3368 3965 Sed
3419 3911 3569 3980 plura
3610 3911 3676 3966 de
3703 3910 3810 3968 hoc

2209 4001 2496 4075 proverbio
2525 4001 2768 4074 congerit
2789 4001 3072 4071 Erasmus,
3105 4018 3266 4073 quem
3292 4005 3576 4061 consulere
3603 4008 3813 4076 puteris

2208 4095 2461 4167 (Emam,
2493 4096 2686 4168 Adag.,
2729 4094 2853 4149 cltil.
2885 4094 2944 4161 2,
2985 4105 3185 4150 centur.
3245 4095 3300 4160 4,
3349 4097 3503 4168 adag.
3533 4097 3644 4168 l7).
3679 4098 3814 4168 Quis

2209 4199 2391 4246 autem
2419 4188 2553 4245 falsa
2582 4189 2683 4248 sub
2703 4189 2821 4244 veri
2843 4189 3025 4259 specie
3051 4187 3316 4254 crebrius,
3353 4205 3511 4260 quam
3541 4189 3682 4245 fama
3711 4191 3812 4248 ad-

2211 4284 2458 4340 nuntiat?
2481 4281 2611 4338 Solo
2639 4283 2820 4354 igitur,
2851 4281 2902 4336 si
2921 4297 3028 4336 non
3053 4281 3214 4350 falso,
3248 4283 3442 4339 saltem
3465 4285 3669 4340 incerto
3689 4283 3812 4357 ejus

2211 4375 2522 4434 testimonio
2548 4375 2774 4448 gentiles
2803 4374 2871 4430 ad
2897 4373 3172 4431 vexandos
3197 4375 3533 4434 Christianos
3561 4379 3661 4434 niti
3703 4395 3812 4435 non

2213 4473 2510 4540 debebant;
2541 4471 2639 4529 sed
2665 4486 2862 4543 capere
2894 4480 3125 4543 tempus,
3149 4486 3258 4544 quo
3287 4473 3591 4528 examinata
3619 4487 3808 4529 eorum

2214 4579 2424 4636 caussa,
2459 4566 2657 4624 veritas
2677 4573 3113 4637 cognosceretur.

2816 4719 3112 4761 ABTICULUS
3151 4721 3208 4760 11.

513 4787 1416 4902 ἷξεΨΪἿΑξῗῨΑῆιἮΙΪΫ--Ρ
2134 4797 2189 4859 D
2221 4832 2388 4902 Quam
2423 4831 2605 4884 invicte
2657 4825 3002 4880 Tertullianus
3027 4822 3261 4878 ostendat
3291 4823 3502 4894 gentiles
3529 4822 3812 4887 homicidii,

513 4883 704 4940 Nonne
731 4883 919 4939 saltem
945 4883 1092 4954 leges
1113 4882 1285 4958 vereri
1314 4881 1566 4952 debebat,
1598 4883 1813 4954 quibus,
1845 4891 1904 4938 ut
1932 4891 2116 4938 monet

515 4973 732 5045 Cicero,
765 4986 983 5034 cantum
1039 4985 1204 5032 erat:
1254 4975 1516 5031 Incestum
1567 4977 1831 5048 pontiﬁces
1876 4991 2114 5047 supremo

517 5072 774 5142 supplicio
801 5071 1070 5125 sanciunto
1101 5070 1118 5140 (
1145 5069 1334 5138 (ἥσθη,
1366 5070 1454 5125 lib.
1490 5069 1531 5124 ll
1562 5069 1624 5124 de
1675 5069 1876 5141 Legib.,
1908 5088 1961 5142 ρ.
1987 5069 2113 5134 535,

519 5165 613 5220 lin.
647 5163 773 5237 15)?
802 5165 857 5220 Si
888 5179 1016 5220 vero
1046 5163 1193 5219 hanc
1217 5178 1428 5236 pinnam
1461 5161 1648 5218 fraude
1683 5163 1769 5219 vel
1796 5152 2118 5220 auctoritate

519 5256 941 5313 Christianorum
975 5257 1126 5312 vitari
1159 5272 1320 5328 posse
1342 5256 1720 5322 arbitrabatur,
1749 5256 2020 5327 quomodo
2048 5257 2116 5311 ab

520 5349 751 5406 ethnicis
801 5349 1074 5420 judicihus
1129 5351 1508 5421 interrogatus,
1566 5348 1960 5404 crudelioribus
2007 5357 2118 5404 tor-

520 5449 718 5504 mentis
745 5445 973 5502 cruciari
1001 5454 1056 5502 et
1085 5431 1258 5501 occidi
1319 5445 1572 5514 malebat,
1617 5459 1776 5515 quam
1809 5443 1946 5510 lucc,
1997 5444 2116 5514 qui-

521 5543 625 5598 bus
677 5540 1009 5597 conscientia
1053 5540 1268 5610 pcuitus
1323 5540 1865 5612 repugnat,crimiua
1929 5538 2119 5594 fateri?

521 5632 732 5690 Nemini
789 5632 950 5704 plane
979 5633 1098 5688 sani
1152 5632 1344 5702 capitis
1399 5631 1601 5688 homini
1657 5631 1773 5688 haec
1843 5631 2113 5687 credibilia

521 5734 669 5792 sunt,
695 5734 786 5780 aut
812 5721 930 5781 ﬁeri
960 5739 1192 5796 unquam
1223 5723 1462 5795 potuisse
1499 5725 1930 5796 persuadebitur.

597 5817 877 5876 Instabam
910 5817 1135 5892 gentiles
1183 5833 1245 5874 se
1295 5816 1438 5874 fatua
1484 5819 1736 5876 didicisse
1785 5818 2121 5875 Christianos

524 5928 648 5972 esse
674 5929 862 5970 revera
911 5913 1259 5986 praefatorum
1309 5915 1575 5972 scelerum
1603 5915 1872 5972 conscios.
1917 5914 1986 5970 At
2034 5915 2120 5971 in-

523 6007 668 6066 sulsa
691 6021 932 6080 prorsus,
973 6008 1270 6082 respondet
1314 6007 1708 6080 Tertullianus,
1750 6016 1806 6068 et
1834 6007 2003 6067 futilis
2033 6017 2117 6066 est

2290 4925 2436 4993 cuius
2464 4921 2779 4978 Christianos
2800 4918 2932 4990 falso
2954 4917 3282 4977 accusabant,
3310 4932 3418 4971 esse
3466 4933 3576 4972 reos
3598 4959 3613 4986 ,
3641 4925 3819 4986 utpote

2290 5019 2376 5088 qui
2405 5018 2457 5071 in
2484 5015 2662 5087 Africa
2685 5015 2906 5084 infantes
2935 5009 3184 5075 Saturno,
3213 5023 3382 5080 usque
3421 5009 3486 5066 ad
3532 5023 3822 5079 proconsu-

2291 5113 2460 5167 latum
2487 5107 2710 5173 Tiberii,
2759 5103 3114 5167 immolabant,
3145 5104 3376 5174 Ituncque
3400 5119 3590 5157 morem
3628 5113 3820 5157 secreto

2295 5215 2674 5278 perseverasse;
2723 5197 2921 5252 (antetsi
2971 5195 3186 5252 Saturni
3214 5195 3501 5252 sacerdotes
3539 5195 3593 5248 in
3617 5195 3822 5250 arbori-

2295 5301 2385 5356 bus
2429 5295 2604 5366 templi
2645 5295 2755 5363 ejus
2809 5289 3462 5356 obumbratricibus,teste
3506 5287 3694 5345 militia
3729 5303 3824 5360 pa-

2292 5397 2414 5453 triae
2433 5401 2657 5459 nostris,
2677 5388 2934 5460 suspensi,
2963 5403 3144 5460 pinnas
3167 5396 3326 5442 morte
3351 5385 3604 5443 dederint.

2295 5536 2439 5594 Nihil
2489 5549 2619 5590 sane
2660 5531 3030 5604 impudentius
3069 5529 3362 5603 excogitari
3397 5537 3600 5602 potest,
3657 5545 3822 5600 quam

2224 5629 2390 5686 alium
2427 5625 2727 5700 gravissimi
2755 5625 2996 5681 criminis
3021 5623 3154 5678 falso
3182 5638 3462 5686 accusare,
3491 5621 3646 5694 eujus
3673 5623 3825 5694 ipse-

2230 5729 2340 5780 met
2368 5728 2653 5777 accusator
2679 5735 2803 5776 reus
2832 5733 2954 5776 esse
2982 5717 3157 5790 pulum
3180 5714 3540 5773 convincitur.
3572 5713 3642 5770 At
3690 5714 3826 5770 tales
3874 5717 3885 5729 °

2227 5826 2404 5873 tamen
2431 5803 2588 5872 erant
2623 5815 2846 5884 ethnici,
2897 5813 2990 5886 qui
3035 5811 3370 5868 Christianos
3411 5805 3725 5896 infanticidii
3755 5813 3821 5901 Et
3886 5841 3892 5848 ι-

2225 5912 2463 5969 incestus
2493 5908 2956 5982 impudentissiine
2985 5906 3397 5980 redarguebant.
3430 5907 3562 5964 Nam
3607 5894 3711 5961 hoc

2225 6022 2345 6068 sum
2375 6016 2478 6078 εει,
2512 6004 2673 6064 sicuti
2713 6002 2936 6064 eosdem
2973 6001 3348 6077 compellando
3395 6003 3470 6060 ait
3533 5997 3827 6060 Tertullia-
