4050 6350
397 503 536 564 1021

1533 501 1992 569 DISSERTATIO
2026 499 2091 560 D.
2131 496 2222 559 LE
2260 501 2568 561 NOURRY.

3566 510 3709 568 1022

398 637 523 686 nus,
557 636 654 693 per
681 619 821 694 quod
853 620 1069 694 forsitan
1091 621 1154 677 de
1187 620 1330 676 nobis
1366 621 1650 678 credidistis
1695 621 1798 676 alia
1843 619 1994 698 (Ter-
2025 623 2070 682 Λ
2099 619 2190 674 illo
2211 619 2368 676 Isidis
2417 620 2616 692 templo
2639 618 2794 676 malis
2848 621 3188 678 sacerdotum
3239 623 3445 681 artibus
3489 637 3709 686 constu-

399 715 629 781 tullian.,
659 714 907 789 ΛροιοριἸ
936 731 1052 788 cap.
1075 715 1130 781 9,
1156 733 1210 785 p.
1253 713 1405 787 3M),
1451 731 1570 787 qua:
1607 715 1994 778 recensuimns,

401 808 563 880 longe
593 791 838 879 graxiora
893 809 1098 863 scelera
1127 823 1157 863 a
1189 807 1346 863 nobis
1374 808 1692 880 perpetrari.
1723 807 1830 864 Sed
1870 823 1998 862 cnn-

397 901 543 957 sulto
597 899 669 957 ibi
711 894 906 972 adjecit
951 902 1206 974 forsitan;
1256 901 1378 971 quia
1408 903 1567 973 paulo
1615 912 1738 958 ante
1791 901 1998 956 dixerat

395 995 534 1052 adeo
563 994 769 1050 atrocia
811 979 934 1050 esse
961 995 1053 1050 illa
1109 995 1336 1063 scelera,
1386 1010 1615 1066 quorum
1662 995 1996 1050 Christianos

397 1087 712 1160 arguebant,
758 1097 815 1142 ut
846 1087 934 1142 vix
967 1088 1036 1144 ab
1079 1088 1190 1143 ullo
1231 1087 1448 1144 homine
1501 1088 1646 1144 credi
1699 1088 1990 1158 potuerint,

397 1185 502 1241 nisi
527 1183 771 1255 quatdam
811 1183 1004 1257 simijia
1062 1183 1336 1240 fecissent.
1369 1183 1610 1240 Primum
1654 1193 1833 1240 autem
1875 1181 1996 1239 illos

395 1278 546 1334 vario
575 1275 737 1334 modo
762 1279 1056 1334 homicidas
1081 1279 1242 1334 fuisse
1269 1279 1551 1353 .ostendit,
1589 1280 1712 1350 quia
1752 1279 1993 1353 infantes,

395 1373 553 1429 siculi
582 1373 838 1444 loquitur,
885 1387 1035 1444 penes
1065 1374 1294 1446 Africam
1337 1374 1562 1430 Saturno
1603 1373 1998 1428 immolabantur

396 1464 571 1537 palam
613 1481 769 1536 usque
793 1465 860 1518 ad
906 1465 1320 1536 proconsulatum
1355 1463 1559 1530 Tiberii,
1595 1466 1680 1537 qui
1728 1467 1866 1538 ipsos
1906 1483 1994 1520 sa-

396 1560 622 1615 cerdotes
647 1561 698 1614 in
730 1560 918 1614 eisdem
946 1559 1212 1614 arboribus
1245 1559 1422 1631 templi
1446 1561 1526 1614 sui
1542 1559 1996 1616 obumbratricibus

395 1654 642 1708 scelerum
663 1671 870 1708 suorum
899 1655 1076 1709 votivis
1107 1653 1339 1709 crucibus
1367 1655 1617 1725 exposuit,
1652 1664 1774 1709 teste
1813 1655 1998 1729 militia

395 1748 580 1820 patrita
631 1735 971 1818 aestumque:
1019 1748 1074 1802 id
1122 1749 1292 1819 ipsum
1342 1765 1525 1802 munus
1573 1747 1652 1802 illi
1701 1747 1994 1820 proconsuli

397 1844 576 1914 functa
615 1851 688 1896 est
714 1841 899 1915 (Ibid.,
950 1853 996 1898 et
1039 1843 1188 1916 seq.).
1227 1843 1302 1898 De
1333 1844 1432 1898 hac
1457 1851 1636 1898 autem
1669 1843 1991 1911 dcte:~tabili,

393 1945 450 1991 et.
488 1944 674 1990 contra
705 1937 884 1990 omnia
914 1947 1116 1992 natura:
1145 1937 1309 2009 ipsius
1331 1939 1474 2007 jura,
1518 1937 1882 1992 immolatione
1913 1937 1993 1993 in-

2101 721 2251 787 prata
2274 715 2478 769 fuisset.
2525 713 2634 769 Cur
2691 731 2820 787 ergo
2877 718 3047 787 magis
3099 717 3343 774 horribili
3399 713 3702 790 infantium,

2100 804 2330 862 Saturno
2391 807 2808 874 innuolatorum,
2864 810 3132 864 sacrificio
3185 812 3363 881 potius
3397 813 3450 868 in
3504 815 3705 885 Africa,

2099 912 2258 968 quam
2306 899 2359 954 in
2415 898 2610 969 Gallia,
2645 901 2720 956 uti
2768 900 3032 970 diximus,
3069 911 3120 959 et
3155 889 3278 960 aliis
3303 905 3355 960 in
3399 907 3708 979 regionibus

2103 992 2438 1063 pepercisset
2457 993 2480 1048 ’ἒ
2946 1003 2953 1016 '

2171 1085 2276 1142 Sed
2305 1104 2407 1159 qua
2429 1130 2443 1156 ,
2480 1087 2686 1157 inquies
2707 1131 2722 1156 ,
2779 1089 2988 1144 ratione
3043 1089 3246 1146 dictum
3298 1108 3326 1146 a
3355 1093 3706 1165 Tertulliano,

2097 1195 2256 1250 usque
2279 1180 2348 1234 ad
2377 1181 2793 1254 proconsulatum
2843 1181 3075 1237 Tiberii?
3125 1183 3396 1256 Numquid
3439 1187 3706 1256 Tiberius,

2099 1281 2397 1344 antequam
2449 1275 2656 1330 romani
2727 1275 2938 1346 imperii
2991 1277 3414 1346 gubernaculum
3481 1289 3710 1348 teneret,

2100 1367 2384 1438 prot‘onsul
2433 1368 2488 1423 in
2557 1366 2738 1424 Africa
2813 1368 3026 1426 fuerat?
3067 1370 3171 1426 Sed
3203 1371 3352 1442 quid,
3393 1374 3584 1428 amabo
3635 1383 3706 1443 te,

2097 1468 2243 1514 vetat.
2282 1461 2568 1531 quominus
2619 1461 2745 1516 illuc
2793 1461 2860 1518 ab
2892 1462 3129 1534 Augusto
3156 1463 3391 1530 Caesare,
3421 1473 3512 1518 aut
3537 1475 3694 1520 antea

2098 1553 2434 1607 renuntiatus
2458 1551 2528 1605 sit
2556 1551 2748 1608 Africa:
2768 1555 3090 1623 procuthul?
3118 1554 3170 1610 Si
3193 1555 3312 1625 quis
3340 1564 3515 1610 tamen
3546 1566 3700 1613 recte

2099 1644 2403 1716 probaverit
2445 1626 2832 1700 Tertulliauum
2885 1647 2953 1702 de
2981 1647 3084 1700 alio
3144 1639 3553 1718 intelligendum
3588 1667 3708 1706 esse

2097 1735 2312 1792 Tiberio
2355 1738 2548 1794 Africa:
2579 1739 2920 1808 proconsule,
2954 1739 3076 1795 huic
3108 1740 3261 1796 facile
3301 1743 3682 1798 assentiemur.

2172 1831 2464 1902 Snbjunxit
2499 1841 2675 1887 autem
2710 1833 2796 1887 ille
2837 1833 3243 1890 crudelissimos
3273 1833 3492 1890 Saturni
3521 1851 3704 1892 sacer-

2098 1923 2254 1988 dotes
2285 1923 2437 1994 jussu
2471 1926 2714 1994 ejusdem
2747 1925 2942 1980 Tiberii
2973 1927 3250 1996 ettpnsilos
3285 1926 3449 1982 fuisse
3488 1929 3538 1982 in
3569 1929 3711 1986 illius

392 2025 621 2082 fumium
679 2029 734 2082 ίιι
805 2029 1176 2099 superioribus
1240 2028 1440 2083 ιιοςιιιίς,
1521 2017 2280 2096 dissormimjibusBtempli
2307 2017 2604 2083 arboribus,
2632 2020 3181 2076 tantorumscelerutn
3205 2021 3708 2096 obumbratricibus.

392 2118 544 2190 plura
617 2118 1025 2174 observavimus
1086 2117 1399 2194 (Dissertat.
1450 2121 1502 2175 in
1551 2119 1740 2175 Minut.
1787 2121 1990 2189 Octav.,

393 2227 512 2282 cap.
537 2211 594 2277 9,
622 2221 724 2268 art.
743 2211 798 2290 2,
831 2222 877 2266 et
899 2211 1116 2267 Dissert.
1141 2213 1194 2268 in
1225 2211 1485 2278 Lactant.,
1524 2230 1642 2284 cap.
1667 2213 1756 2281 54,
1785 2224 1884 2268 art.
1912 2217 1990 2295 5).

395 2306 657 2376 Superest
687 2307 848 2377 igitur
877 2315 1043 2374 utea,
1073 2322 1194 2376 quae
1223 2306 1556 2361 Tertulliano
1594 2317 1781 2362 nostro
1827 2323 1992 2378 pecu-

393 2399 543 2457 liaria
575 2409 722 2468 sunt,
759 2417 900 2456 nunc
927 2389 1196 2472 sigillatim
1225 2399 1612 2470 expendamus.

469 2496 663 2552 Narrat
719 2497 899 2568 itaque
943 2497 1120 2568 primo
1153 2497 1295 2553 hunc
1321 2513 1525 2552 morem
1558 2498 1992 2576 crudelissimum

397 2606 775 2663 perseverasse
826 2609 983 2664 usque
1032 2593 1101 2647 ad
1139 2593 1554 2663 proconsulatum
1606 2593 1814 2650 Tiberii.
1867 2595 1996 2664 Qui-

397 2684 521 2741 dam
551 2697 728 2741 autem
786 2687 1044 2758 suSpicati
1082 2695 1208 2743 sunt
1237 2687 1308 2742 ibi
1362 2687 1674 2759 legendum,
1727 2707 1883 2761 usque
1926 2691 1996 2744 ad

401 2779 756 2849 proconsulem
786 2778 996 2846 Tiberii,
1029 2779 1082 2835 id
1113 2787 1216 2847 est,
1251 2763 1626 2858 proconsulem
1665 2782 1990 2852 quempiam,

396 2879 540 2926 auta
581 2871 797 2926 Tiberio
844 2871 1169 2942 imperatore
1209 2873 1456 2941 missurn,
1511 2885 1598 2930 aut
1648 2875 1732 2930 cui
1780 2875 1996 2932 Tiberio

397 2979 718 3034 cognomen,
763 2948 816 3030 et
841 2966 978 3040 alius
1006 2967 1228 3022 omnino
1251 2976 1389 3036 erat,
1423 2983 1581 3040 quam
1621 2968 1706 3024 hic
1749 2969 1995 3026 Tiberius

398 3055 712 3128 imperator,
743 3038 945 3128 illoque
974 3059 1260 3128 posterior.
1313 3058 1416 3115 Sed
1457 3038 1580 3130 quia
1639 3059 1756 3138 huic
1797 3061 1998 3132 qualis-

397 3165 629 3222 cumque
645 3150 954 3216 emendatio
977 3166 1086 3206 non
1112 3150 1432 3218 sufﬁciebat,
1463 3153 1686 3208 alteram
1718 3154 1993 3222 addidere,

397 3260 461 3301 ac
487 3253 670 3315 postea
729 3223 1014 3314 leg‘endum
1046 3253 1386 3314 putaverunt,
1435 3255 1556 3300 teste
1609 3247 1791 3300 militia
1837 3249 1998 3316 patris

397 3337 582 3400 nostri,
615 3337 720 3392 hoc
748 3346 851 3403 est,
882 3336 1021 3390 sicut
1052 3336 1127 3390 illi
1153 3336 1551 3401 ominabantur,
1582 3339 1746 3408 patris
1789 3339 1998 3396 Tertul-

2095 2111 2250 2166 Circa
2287 2111 2564 2181 gentilium
2604 2113 2747 2168 enim
2773 2115 2969 2184 templa
3007 2114 3260 2184 plantat-.c
3283 2125 3436 2170 erant
3465 2116 3708 2184 arbores,

2097 2206 2350 2277 singulari
2385 2207 2644 2278 cujusque
2675 2209 2854 2278 templi
2887 2209 2996 2264 Deo
3025 2221 3374 2276 consecratm,
3423 2211 3489 2266 de
3518 2212 3711 2282 quibus

2103 2310 2160 2357 ut
2211 2303 2346 2358 alios
2395 2304 2726 2369 omittamus,
2757 2303 2872 2360 haec
2897 2305 3156 2376 Apuleius
3207 2306 3274 2360 de
3299 2307 3530 2378 quodam
3585 2307 3712 2364 fano

2099 2396 2296 2458 litteris
2322 2397 2626 2452 mandavit:
2661 2396 2806 2453 Videt
2834 2399 2968 2454 dona
2995 2401 3245 2469 speciosa,
3272 2410 3319 2454 et
3341 2400 3555 2455 lacinias
3584 2417 3712 2456 auro

2099 2485 2360 2554 lnteratas,
2391 2491 2550 2546 ramis
2593 2491 2832 2546 arborum
2861 2493 3186 2563 postibusque
3210 2495 3436 2566 stt/lixas,
3459 2511 3575 2566 qua:
3595 2513 3709 2550 cum

2096 2589 2266 2656 gratia
2287 2584 2414 2657 facti
2451 2601 2631 2639 nomen
2658 2584 2766 2640 deat
2825 2586 2906 2639 cui
2955 2587 3356 2658 fuerantdicata:
3401 2589 3714 2643 testabantur
3776 2627 3780 2632 ι

2099 2676 2317 2750 (Apulei
2336 2677 2711 2750 Metamorph.,
2734 2679 2822 2736 lib.
2851 2679 2940 2739 Vl.
2964 2681 3117 2753 paulo
3147 2691 3261 2754 post
3301 2683 3410 2738 init.
3433 2701 3553 2755 pag.
3579 2684 3696 2754 92).

2101 2768 2262 2828 Vides
2306 2770 2465 2842 igitur
2496 2771 2548 2825 in
2597 2771 2680 2839 his
2734 2773 3015 2828 arboribus
3054 2789 3292 2845 appensa
3344 2773 3510 2832 fuisse
3547 2779 3709 2846 dona,

2101 2864 2274 2934 iisque
2305 2865 2585 2935 praefixum
2613 2881 2808 2921 nomen
2839 2865 2961 2935 dei,
2989 2867 3073 2922 cui
3116 2869 3372 2938 templum
3406 2869 3532 2926 illud
3571 2888 3710 2926 unn-

2099 2969 2347 3031 cujtatttm
2374 2970 2512 3015 erat.
2545 2961 2615 3016 At
2639 2961 2806 3016 exhis
2827 2963 3141 3030 arboribus,
3173 2966 3430 3034 templum
3468 2965 3706 3033 Saturni,

2099 3051 2174 3108 ait
2199 3053 2398 3108 Auctor
2425 3063 2632 3120 uoster,
2659 3053 3124 3123 obumbrantibus,
3159 3056 3309 3113 factm
3340 3067 3466 3113 sunt
3517 3060 3711 3116 votiva:

2099 3161 2166 3212 ac
2197 3147 2386 3205 dicatae
2429 3163 2639 3216 cruces,
2667 3149 2862 3219 quibus
2893 3149 3323 3206 inhumanissimi
3353 3151 3426 3204 illi
3453 3153 3706 3207 sacerdo-

2103 3251 2186 3298 tes
2219 3242 2487 3311 suspensi,
2522 3242 2713 3313 laqueo
2740 3243 2901 3298 vitam
2933 3243 3086 3300 linire
3126 3242 3300 3298 coacti
3343 3253 3488 3299 sunt.
3519 3244 3710 3305 Utrum

2101 3343 2282 3388 autem
2309 3333 2499 3388 horum
2529 3334 2843 3390 Tertulliani
2868 3336 3190 3402 verborum,
3222 3352 3342 3408 qua:
3378 3338 3710 3395 eruditorum

398 3434 550 3500 liani,
579 3433 672 3513 qui
697 3431 982 3502 proconsul
1013 3430 1112 3485 fuit
1150 3417 1280 3502 post
1320 3431 1525 3486 Tiberii
1571 3433 1799 3488 Cazsaris
1848 3449 1996 3490 mor-
2023 3447 2068 3510 ρ
2103 3425 2370 3499 ingenium
2400 3426 2540 3482 haud
2573 3443 2758 3497 parum
2787 3437 3159 3496 exercuerunt,
3197 3444 3360 3486 verus
3388 3429 3458 3485 sit
3483 3445 3700 3500 sensus,

400 3534 534 3581 tem.
561 3525 632 3581 At
659 3525 892 3596 probare
922 3524 1070 3595 prius
1113 3522 1378 3580 debebant
1432 3534 1636 3594 patrem
1679 3525 1996 3582 Tertulliani

398 3617 620 3688 proprio
679 3615 882 3672 Tiberii
940 3615 1157 3670 nomine
1199 3614 1367 3670 fuisse
1401 3617 1748 3687 appellatum.
1797 3617 1998 3674 Deinde

398 3724 528 3765 vero
557 3709 681 3764 huic
720 3690 1044 3784 conjectura:
1088 3706 1424 3778 refragantur
1445 3723 1633 3764 omnes
1657 3751 1672 3776 ,
1699 3724 1820 3765 cum
1843 3710 1994 3779 editi,

399 3808 510 3856 tum
542 3800 892 3876 manuscripti
919 3799 1152 3856 codices.

473 3885 612 3963 Quid
655 3879 789 3966 vero
841 3893 1062 3964 impedit
1091 3895 1380 3966 quominus
1410 3893 1656 3951 Tiberius
1682 3895 1994 3966 imperator,

399 3964 727 4043 dirissimuin
755 3985 885 4042 illud
909 3986 1190 4042 infantium
1219 3986 1541 4043 sacriﬁcium
1576 3987 1631 4043 in
1673 3987 1848 4044 Africa
1877 4006 2000 4061 pro-

399 4075 677 4134 hibuerit?
729 4079 916 4134 Nonne
972 4079 1175 4136 Plinius
1218 4080 1498 4136 memoriae
1557 4081 1791 4154 prodidit
1854 4099 2000 4139 anno

401 4171 504 4229 647
545 4171 707 4229 Urbis
757 4173 986 4229 condita:
1011 4215 1026 4242 ,
1060 4190 1123 4230 ac
1191 4173 1291 4230 Cn.
1351 4175 1584 4232 Lentulo
1608 4220 1622 4244 ,
1676 4186 1730 4234 et
1762 4178 1821 4234 P.
1853 4178 1997 4236 Lici-

397 4264 717 4336 nio-Crasso
755 4267 1080 4335 consulibus,
1134 4267 1475 4324 interdictum
1536 4269 1701 4326 fuisse
1754 4282 1999 4328 senatus-

397 4360 664 4436 consulto,
693 4376 762 4416 ne
783 4359 944 4416 homo
965 4361 1334 4418 immolaretur
1359 4381 1372 4417 :
1401 4363 1495 4420 sed
1519 4365 1642 4436 quia
1667 4365 1783 4422 haec
1804 4367 1996 4422 innua-

398 4433 619 4507 nissima
691 4452 1024 4508 consuetudo
1091 4445 1274 4524 postea
1349 4433 1552 4511 adhue
1603 4457 1745 4527 apud
1811 4459 1994 4517 Gallos

398 4545 819 4621 perseverabat:
874 4544 1062 4601 Tiberii
1113 4545 1368 4617 Caesaris,
1433 4550 1625 4622 inquit,
1670 4551 2000 4624 Iprincipatus

398 4637 599 4692 sustulit
651 4637 878 4716 Druides
929 4654 1122 4694 eorum.
1169 4681 1182 4695 .
1227 4676 1242 4694 .
1289 4681 1301 4693 .
1347 4679 1361 4694 .
1406 4679 1422 4694 .
1471 4659 1561 4696 nec
1599 4643 1721 4698 satis
1758 4645 1998 4700 a'stimari

400 4739 562 4802 potest
587 4741 833 4802 quantum
862 4731 1110 4787 Romanis
1136 4733 1396 4802 debeatur,
1431 4737 1517 4806 qui
1541 4739 1787 4794 sustulere
1839 4757 1998 4809 mpn-

2103 3517 2382 3588 QXpendas
2412 3517 2592 3584 velim,
2621 3517 2706 3572 vel
2735 3519 2894 3574 alium
2943 3520 3100 3576 nobis
3139 3521 3378 3590 proferas
3409 3521 3706 3579 meliorem.

2102 3613 2170 3668 At
2196 3611 2474 3667 nobiscum
2503 3612 2858 3682 proculdubio
2880 3613 3140 3670 fateberis
3167 3613 3292 3670 huic
3335 3613 3456 3672 loco
3478 3615 3710 3687 aliquam

2102 3705 2276 3762 lucem
2321 3704 2498 3761 alierri
2551 3721 2710 3776 posse
2767 3705 2850 3761 his
2899 3707 3146 3763 versibus
3186 3707 3412 3764 Ausonii
3447 3749 3462 3776 ,
3519 3709 3711 3780 quibus

2102 3801 2355 3856 Amorem
2377 3799 2544 3870 stipiti
2566 3799 2725 3870 myrti
2753 3814 3076 3870 suspensum
3119 3799 3350 3858 cecinit:

2287 3912 2496 3980 Eligitur
2520 3921 2694 3980 mmsto
2715 3923 2903 3980 myrtus
2925 3916 3172 3980 notissima
3195 3915 3310 3980 luco
3327 3953 3342 3976 ,

2289 3976 2536 4040 Invidiosa
2553 3979 2702 4026 deum
2728 3976 2900 4040 ptienis.
2927 3979 3242 4029 Cruciaverat
3264 3977 3364 4029 illic

2287 4037 2475 4104 Spreta
2495 4039 2611 4088 olim
2638 4037 2910 4104 tner'norem
2935 4040 3150 4090 Veneris
3171 4041 3465 4104 Proserpina
3483 4042 3708 4094 Adonim.

2285 4101 2446 4168 [lujus
2467 4104 2518 4152 in
2539 4101 2746 4153 excelso
2765 4117 3062 4168 suspensum
3085 4104 3255 4166 stipite
3273 4101 3526 4168 Amorem,

2287 4164 2584 4234 Qevinctum
2609 4174 2719 4230 post
2743 4164 2883 4230 terga
2923 4181 3124 4234 manus,_
3147 4164 3521 4234 substrictaque
3537 4169 3713 4234 plantis

2288 4225 2497 4295 Vincula
2519 4225 2991 4292 mcerentemfnullo
3015 4229 3352 4295 moderamine
3375 4225 3535 4295 poena)

2289 4289 2552 4343 Adliciunt.
2816 4289 2824 4292 ⁷
3032 4290 3044 4304 ⁵

2598 4353 2798 4418 (Απωοη.
2822 4349 2965 4418 idyll.
2998 4355 3046 4417 Ξ,
3073 4369 3116 4406 υ.
3144 4357 3206 4407 55
3231 4362 3275 4406 et
3296 4358 3458 4424 seqq.)

2175 4463 2252 4521 Ne
2279 4464 2399 4536 quis
2426 4479 2589 4536 porro
2613 4463 2882 4522 dubitaret
2909 4465 2978 4522 de
3004 4474 3216 4536 sumpta
3241 4466 3310 4520 ab
3341 4466 3448 4521 illis
3490 4466 3715 4526 Saturni

2098 4556 2468 4616 sacerdotibus
2506 4573 2683 4628 poena,
2711 4567 2902 4614 testem
2923 4557 3124 4625 Auctor
3150 4569 3334 4615 noster
3360 4559 3590 4630 appellat
3608 4561 3712 4616 mi-

2101 4649 2272 4706 litiam
2319 4651 2502 4726 patrita
2554 4667 2686 4718 suae,
2747 4652 3148 4732 quieidipsum,
3184 4653 3376 4724 inquit,
3405 4654 3608 4725 munus;
3631 4653 3715 4708 illi

2099 4747 2392 4816 proconsuli
2434 4746 2654 4803 Tiberio
2696 4751 2871 4818 functa
2913 4759 2984 4802 est
3027 4747 3382 4818 (Tertullian.
3413 4749 3710 4820 Apologet.,

397 4832 524 4891 stra,
555 4825 609 4880 in
635 4826 819 4906 quibus
849 4826 1106 4882 hominem
1149 4829 1838 4906 occidereIreligiosissinttutt
1865 4836 1999 4910 uidc-
2025 4860 2079 4921 D
2104 4856 2218 4912 cap.
2265 4842 2320 4907 9,
2353 4857 2468 4912 pag.
2495 4843 2604 4898 515
2629 4842 2668 4910 ),
2701 4842 2890 4912 quibus
2936 4841 3075 4898 haud
3123 4842 3282 4898 dubie
3327 4843 3504 4900 verbis
3544 4843 3713 4914 signi-

399 4915 562 4984 batur,
581 4917 755 4974 mandi
785 4935 902 4975 vero
921 4921 1076 4975 etiam
1104 4920 1494 4978 saluberrimum
1513 4923 1680 5002 (Plin.
1706 4926 1792 4980 lib.
1825 4926 1996 4983 XXX.

400 5019 573 5066 natur.
603 5008 768 5079 Hist.,
799 5029 916 5084 cap.
946 5014 1000 5079 1,
1033 5031 1156 5086 pag.
1200 5013 1302 5069 728
1329 5013 1372 5088 ).
1407 5015 1644 5074 Audisne
1683 5019 2000 5090 impiissinto

399 5103 668 5160 sacrificio
709 5121 816 5161 non
870 5108 1046 5164 solum
1093 5109 1305 5166 occisos
1333 5125 1362 5164 a
1391 5111 1686 5188 gentilibus,
1733 5111 2002 5182 homines,

299 5253 310 5260 ,
399 5198 494 5254 sed
549 5214 796 5256 comesas
845 5202 1006 5257 etiam
1059 5203 1276 5259 illorum
1333 5205 1568 5260 carnes?
1627 5207 1697 5290 Alt
1754 5206 2001 5264 Tiberius

401 5291 734 5349 Caesarillnd
785 5293 836 5348 in
878 5293 1046 5350 Gallia
1073 5306 1128 5352 et
1173 5297 1297 5351 alibi
1349 5299 1626 5354 sustulisse
1665 5300 1998 5370 perhibetur.

405 5385 600 5454 Quidni
632 5398 685 5442 et
715 5385 770 5441 in
800 5385 1001 5452 Africa,
1047 5388 1206 5443 sicuti
1237 5388 1603 5445 Tertullianus
1645 5397 1752 5446 tam
1805 5391 2004 5449 diserte

401 5481 749 5552 pronuntiat?
778 5481 832 5535 Si
877 5479 1002 5552 quid
1029 5488 1205 5536 autem
1229 5482 1282 5538 in
1322 5483 1480 5554 hujus
1514 5463 1784 5556 opinionis
1811 5486 2004 5542 contir-

401 5573 692 5628 mationem
747 5575 1050 5644 exemplum
1073 5575 1250 5630 simile
1268 5576 1514 5633 conferre
1541 5578 1735 5644 valeat,
1757 5577 1885 5634 illud
1915 5578 2006 5634 .fo-

399 5667 600 5740 sepltus
631 5666 786 5722 nobis
827 5677 1075 5739 suggeret
1101 5667 1366 5744 (Joseplt.,
1397 5672 1566 5745 Antiq.
1585 5671 1711 5728 Jud.
1749 5674 1786 5730 ι.
1810 5674 2000 5730 XVIII.

401 5777 518 5832 cap.
547 5761 604 5826 4,
629 5779 752 5834 pag.
793 5761 961 5836 622).
995 5763 1268 5820 Testatum
1314 5766 1511 5838 quippe
1548 5767 1674 5824 facit.
1718 5769 1787 5826 ab
1811 5769 2002 5826 eodem

403 5850 620 5908 Tiberio
647 5855 880 5911 dirutum
916 5854 1069 5912 Isidis
1099 5857 1384 5935 templum,
1404 5859 1804 5936 projectamque
1834 5864 1888 5920 in
1911 5863 2008 5934 Ti-

401 5941 575 6000 berim
625 5945 744 6018 ejus
767 5955 1020 6019 statuam,
1049 5965 1114 6008 eo
1147 5951 1292 6023 quod
1320 5952 1540 6009 Paulina
1564 5955 1758 6013 nobilis
1807 5957 2002 6015 mulier

403 6049 437 6092 a
473 6037 635 6100 Decio
663 6039 859 6100 Mundo
882 6043 1102 6116 juvene,
1134 6044 1294 6106 deum
1320 6047 1534 6126 Anubin
1582 6049 1870 6112 simulante
1891 6093 1905 6122 ,
1938 6053 1994 6114 in

2106 4934 2227 4990 licat
2278 4933 2474 4988 milites
2535 4935 2772 5002 Africae,
2830 4935 2920 5005 qui
2971 4943 3094 4988 tunc
3143 4935 3243 4990 sub
3305 4936 3522 4992 Tiberio
3585 4952 3708 5007 pro-

2105 5029 2326 5084 consule
2385 5027 2686 5096 merebant,
2739 5029 2865 5082 dum
2919 5038 3019 5083 suo
3070 5045 3292 5085 munere
3341 5031 3710 5100 fungerentur,

2106 5121 2304 5178 vidisse
2329 5121 2642 5178 sacerdotes
2665 5121 2716 5176 in
2743 5121 2852 5176 illis
2879 5120 3162 5177 arboribus
3182 5124 3436 5193 suspendi
3458 5133 3512 5180 et
3533 5135 3711 5180 stran-

2101 5217 2296 5288 gulari.
2321 5217 2520 5272 Verum
2550 5216 2775 5288 gentiles
2804 5232 2991 5272 eorum
3018 5218 3266 5288 exetnplo
3296 5220 3467 5274 territi
3487 5219 3707 5288 quidem

2101 5309 2337 5378 fuerunt,
2364 5309 2458 5366 sed
2504 5327 2610 5365 non
2641 5311 2850 5380 penitus
2879 5313 3189 5382 expugnati.
3248 5311 3365 5368 Non
3407 5314 3551 5369 enim
3594 5329 3713 5368 am-

2103 5403 2244 5474 plius
2307 5401 2575 5458 audebant
2621 5401 2850 5458 infantes
2901 5403 3134 5460 Saturno
3191 5405 3368 5476 palam
3413 5406 3708 5473 immolare;

2106 5511 2290 5550 verum
2323 5511 2458 5550 nunc
2483 5495 2537 5549 in
2566 5495 2785 5561 occulto,
2815 5495 2890 5550 ait
2935 5496 3294 5554 Tertullianus
3315 5540 3328 5564 ,
3369 5510 3717 5570 perseveratur

2107 5587 2202 5644 hoc
2226 5604 2426 5642 sacrum
2457 5589 2660 5662 facinus
2691 5587 2886 5659 (Idem,
2909 5589 3032 5645 ibid.
3060 5589 3100 5660 ).
3128 5590 3300 5645 Falsa:
3347 5589 3508 5662 igitur
3544 5592 3716 5663 pietao

2107 5679 2178 5736 tis
2207 5681 2389 5752 specie
2420 5680 2681 5736 adversus
2710 5681 3026 5738 innocentes
3051 5682 3190 5736 ﬁlios
3219 5697 3344 5738 suos
3360 5685 3571 5750 armati,
3596 5686 3716 5741 illos

2109 5781 2319 5829 secreto
2341 5783 2396 5828 et
2438 5774 2667 5842 occulte,
2694 5791 2757 5832 ac
2781 5775 2976 5846 spretis
2991 5774 3375 5846 imperatorum
3395 5793 3614 5832 suorum
3634 5777 3713 5834 le-

2103 5867 2294 5940 gibus,
2332 5877 2574 5925 mactare
2619 5884 2726 5926 non
2775 5868 3117 5925 destiterunt.
3158 5868 3334 5941 Atque
3381 5869 3452 5926 ita
3488 5870 3710 5942 quidem

2103 5963 2388 6034 Saturnus,
2419 5963 2509 6036 qui
2537 5963 2659 6020 liliis
2683 5963 2816 6032 suis,
2856 5973 2913 6018 ut
2930 5963 3006 6018 ait
3037 5963 3238 6020 Auctor
3269 5971 3471 6034 noster,
3512 5975 3566 6022 et
3600 5980 3700 6021 nos

2101 6054 2230 6120 alibi
2259 6055 2504 6132 _vidimus
2527 6056 2769 6131 (Ibidem.
2803 6067 2851 6115 et
2883 6057 3085 6115 dissert.
3135 6058 3192 6114 in
3238 6055 3429 6115 Minut.
3480 6055 3656 6114 Oetae.
3684 6099 3704 6130 ,
