4076 6356
386 364 535 427 1023
1452 356 1524 420 IN
1564 350 1998 419 TERTULLIAN

2106 349 2611 416 .POLOGETICUM
3547 346 3761 410 1024

387 503 505 559 cap.
529 485 586 553 9,
617 488 716 539 art.
744 478 826 555 ἓ),
856 493 964 538 non
993 476 1258 553 pepercit,
1283 476 1568 551 pristinam
1608 492 1715 533 non
1740 474 1989 546 deposuit
2012 475 2066 535 A
2093 489 2236 541 nem,
2260 473 2353 528 sed
2383 473 2659 528 hominum
2718 475 2813 527 aut
2853 467 3256 537 bestiariorum,
3285 473 3378 524 aut
3423 468 3759 524 noxios-rens

387 579 790 643 crudelitatem;
820 577 1097 648 voluitque
1126 574 1357 631 aliorum
1386 573 1663 629 hominum
1695 580 1885 643 gnatos
1910 568 1988 624 si-
2082 569 2439 641 jugulatorunr
2466 566 2807 639 (Tertullian.
2833 565 3128 638 Apologet.,
3147 582 3269 636 cap.
3286 565 3341 629 9,
3373 580 3493 637 pag.
3522 563 3637 622 Si!
3672 564 3733 635 ).

390 673 440 728 bi
471 672 645 726 adhuc
672 668 957 725 immolari.
2093 661 2252 733 Atqui
2283 661 2462 732 primi,
2495 660 2652 717 sicuti
2681 660 2915 728 aiebant,
2965 659 3206 716 vilissimi
3235 667 3391 716 erant
3420 659 3741 725 homines,

458 763 715 833 Quamvis
753 776 884 833 ergo
934 759 1215 817 christiani
1266 758 1523 816 infantem
1567 758 1823 830 aliquem,
1848 755 1991 826 quod
2094 755 2182 826 qui
2214 755 2365 809 lucro
2393 753 2671 820 conducti,
2702 768 2923 825 operam
2953 752 3145 809 bestiis
3185 750 3523 809 trucidandis
3553 750 3753 805 ultro

386 855 731 914 falsissimum
751 863 929 909 tamen
955 862 1092 921 erat,
1121 853 1172 907 in
1195 852 1485 925 synaxibus
1512 851 1625 906 suis
1645 850 1989 918 occidissent,
2093 844 2360 901 locabant.
2422 843 2654 901 Secundi
2707 858 2838 899 vero
2893 860 2989 901 sua
3041 852 3264 915 propter
3291 842 3519 910 scelera,
3560 843 3755 897 sicut

388 962 495 1004 non
511 946 777 1002 debebant
801 946 870 1001 ab
897 946 1128 1003 ethnicis
1150 944 1350 1000 idcirco
1364 944 1514 1015 argui
1542 954 1595 998 ct
1621 942 1990 1010 condemnari,
2097 936 2233 992 infra
2264 936 2573 1003 dicendum,
2603 936 2864 992 adversus
2916 936 3148 1001 bestias,
3176 936 3284 990 lata
3306 930 3547 1004 judictim
3569 948 3749 989 sen—

387 1038 479 1110 qui
511 1038 757 1109 proprios
812 1036 950 1093 ﬁlios
999 1051 1127 1093 suos
1167 1035 1553 1091 immanissima
1607 1034 1995 1090 inhumanitate
2098 1027 2557 1099 tentia,pugnare
2603 1028 2959 1099 cogebantur.
2986 1025 3134 1082 Nihil
3178 1041 3330 1097 ergo,
3386 1025 3751 1097 inquiebant

389 1130 597 1186 hostias
625 1131 880 1198 Saturno,
914 1131 989 1185 uti
1019 1129 1409 1200 opinabantur,
1438 1126 1774 1201 gratissimas
1827 1127 1997 1182 sacri-
2096 1123 2319 1189 ethnici,
2346 1123 2601 1179 horumce
2632 1123 2910 1179 hominum
2940 1123 3117 1180 aedes
3146 1123 3272 1178 mali
3320 1121 3572 1179 habebat.

390 1221 648 1279 ﬁcabant.
2169 1215 2277 1273 Sed
2302 1216 2666 1272 Tertullianus
2697 1232 2892 1271 vanum
2933 1217 3064 1272 illud
3103 1217 3357 1289 eﬂ'ugium
3387 1215 3545 1273 facile
3570 1216 3747 1272 cito-

2107 1325 2213 1382 que
2242 1311 2439 1366 evertit
2490 1308 2663 1383 (Ibid.
2690 1310 2730 1381 ).
2763 1310 3060 1366 Bestiarius
3090 1311 3260 1376 etiim,
3309 1309 3746 1381 quantumlibet

2100 1403 2246 1469 vilis,
2280 1405 2487 1475 ftquue
2525 1403 2707 1458 intima
2733 1402 2990 1467 civitatis,
3025 1417 3130 1458 non
3165 1401 3366 1458 idcirco
3395 1391 3573 1456 tamen
3604 1400 3744 1456 mi-

2100 1511 2202 1551 nus
2235 1496 2396 1552 homo
2423 1504 2525 1561 est,
2555 1502 2779 1568 parique
2804 1495 3094 1551 homicidio
3140 1495 3244 1550 vita
3265 1495 3361 1559 illi,
3383 1494 3524 1549 sicut
3545 1494 3742 1549 ditio—

2101 1589 2168 1655 ri,
2201 1587 2453 1659 eripitur.
2489 1589 2547 1644 Si
2582 1604 2713 1643 vero
2749 1588 3050 1643 sceleratus
3075 1596 3250 1642 morte
3278 1586 3563 1641 damnatus
3611 1586 3735 1652 sit,

2102 1680 2148 1736 is
2170 1690 2318 1735 certe
2345 1696 2454 1751 quo
2475 1680 2729 1751 iniquior,
2757 1694 2823 1736 eo
2852 1679 3120 1750 indignior
3140 1720 3156 1746 ,
3187 1679 3278 1751 qui
3306 1677 3426 1734 Jovi
3455 1676 3736 1732 immola-

987 1374 1280 1418 ARTICULUS
1317 1374 1394 1415 Ill.

402 1475 707 1532 Ostenditur
732 1477 993 1533 homicidii
1019 1493 1216 1549 quoque
1236 1493 1348 1532 reos
1368 1476 1523 1547 fuisse
1543 1474 1830 1547 Gallos,qni
1850 1474 1995 1532 Her-

464 1574 643 1638 curio;
665 1570 883 1637 Tauros,
915 1572 1001 1643 qui
1026 1571 1210 1627 Dium:
1236 1571 1462 1626 homines
1482 1569 1810 1625 immolabant
1835 1587 1853 1624 :
1880 1570 1998 1625 item

466 1664 748 1733 Romanos,
780 1667 865 1736 qui
892 1668 946 1720 in
974 1665 1341 1721 Enendarum
1375 1666 1506 1720 urbe
1525 1664 1705 1719 Jovem
1735 1665 1870 1721 ludis
1892 1667 1998 1721 suis

463 1758 686 1812 Immano
738 1758 1032 1829 proluebant
1080 1759 1371 1829 sanguine;
1424 1768 1572 1828 atque
1634 1758 1777 1829 alios:
1804 1759 1890 1829 qui
1917 1756 1999 1813 'li-

2102 1782 2272 1840 retur,
2299 1774 2416 1829 sive
2446 1782 2501 1827 ut
2533 1773 2817 1841 ipsiusmet
2857 1771 3173 1828 Tertulliani
3224 1769 3404 1826 verbis
3452 1779 3684 1824 utamur
3711 1786 3731 1824 :

464 1857 695 1911 berorum
749 1870 957 1908 suorum
1008 1869 1181 1907 recens
1226 1861 1462 1906 natorum
1482 1852 1721 1922 spiritum
1767 1853 1820 1905 in
1866 1867 2001 1923 aqua
2030 1877 2080 1937 Β
2111 1865 2225 1922 Hoc
2275 1867 2492 1938 turpius,
2537 1866 2674 1939 quod
2727 1867 2851 1921 ntali
2904 1866 3124 1920 hominis
3153 1862 3366 1938 (Ibid.),
3398 1863 3618 1934 sanguis
3658 1862 3730 1918 in

464 1945 844 2016 exlorqucbant,
870 1947 949 2000 vel
967 1962 1049 2001 eos
1076 1945 1392 2016 exponebant
1433 1945 1585 1999 morti
1611 1944 1752 1999 haud
1777 1962 1988 2016 prorsus

2106 1960 2310 2028 summi,
2335 1962 2504 2017 veluti
2532 1960 2775 2026 aiebant,
2809 1959 2895 2015 dei
2926 1959 3185 2015 honorem
3226 1956 3726 2026 funditur.Quam-

462 2044 669 2097 iucertw
685 2059 704 2107 ;
730 2051 976 2110 quantum
1002 2055 1118 2094 vero
1157 2038 1432 2094 Christiani
1458 2037 1522 2092 ab
1550 2038 1690 2092 omni
1712 2038 1989 2094 homicidio

2106 2052 2278 2108 )lirem
2311 2052 2381 2107 ibi
2427 2051 2520 2109 ille
2569 2051 2635 2107 de
2687 2051 2939 2116 ethniciS,
2970 2060 3025 2108 et
3052 2047 3555 2107 eorumJovehaud
3582 2047 3728 2103 ille-

464 2135 811 2200 abhorrerent,
844 2132 1025 2199 quibus
1056 2146 1153 2187 nec
1182 2131 1235 2186 in
1267 2140 1418 2187 utero
1447 2142 1766 2202 conceptum
1799 2131 1993 2186 dissol-

463 2242 593 2353 ὕετο
622 2226 758 2294 licet,
788 2226 915 2281 dum
944 2224 1119 2280 adhuc
1146 2225 1363 2296 sanguis
1416 2224 1469 2279 in
1525 2222 1801 2279 hominem
1855 2223 1991 2281 deli-

502 2308 643 2353 atur.

502 2308 643 2353 atur.

463 2419 814 2491 Prosequitur
859 2419 1252 2489 Tertullianus,
1293 2436 1356 2477 ac
1383 2421 1613 2493 gentiles
1640 2419 1912 2491 parricidii
1940 2425 1996 2475 et

395 2510 668 2567 homicidii
711 2528 834 2569 reos
863 2528 985 2570 esse
1013 2512 1367 2569 demonSIrat.
1398 2513 1531 2569 Nam
1586 2515 1784 2585 major,.
1833 2526 1992 2583 quam

395 2601 678 2659 infantium
706 2613 860 2670 celas,
920 2606 1110 2676 inquit,
1156 2606 1298 2676 apud
1336 2604 1511 2661 Gallos
1557 2606 1609 2660 in
1653 2606 1758 2660 suis
1799 2620 1997 2677 quoque

395 2696 555 2749 sacris
574 2694 831 2750 Mercurio
848 2696 1209 2765 prosecabatur
1231 2712 1250 2760 ;
1275 2707 1328 2752 et
1350 2696 1401 2752 id
1432 2696 1645 2766 quidem
1665 2697 1770 2753 alio
1786 2698 1838 2750 in
1858 2696 1997 2752 libro

397 2785 591 2853 repetit
643 2784 1017 2859 (Tertullian.,
1075 2789 1341 2859 Apologet.
1384 2804 1502 2844 can.
1559 2789 1615 2853 9,
1648 2805 1767 2859 pag.
1799 2787 1999 2852 316,“

398 2875 640 2946 Scorpia.
708 2894 819 2947 cap.
861 2878 967 2949 7).
1030 2879 1138 2934 Nos
1200 2895 1327 2934 vero
1383 2880 1452 2935 de
1495 2879 1595 2934 hoc
1643 2890 1864 2949 prorsus
1911 2893 2002 2935 ex-

398 2970 668 3026 secrando
716 2972 980 3026 sacriﬁcio
1033 2972 1179 3041 plura
1226 2972 1349 3028 alibi
1402 2961 1779 3027 annovatimus
1826 2969 1998 3044 (Dis-

395 3072 568 3118 sertal.
617 3064 671 3117 in
702 3062 889 3118 Minui.
918 3063 1125 3127 Oetam,
1155 3081 1273 3135 cap.
1310 3066 1365 3120 9.
1423 3074 1519 3119 art.
1551 3065 1634 3137 ἓ),
1668 3064 1758 3120 ubi
1788 3078 2001 3135 quoque

394 3154 677 3211 enodatius
731 3172 792 3210 ea
849 3157 1255 3226 exlilicavimus.
1289 3173 1408 3227 qua:
1437 3157 1527 3212 ille
1569 3157 1825 3213 continuo
1873 3155 2003 3212 sub-

2095 2143 2218 2216 pide
2242 2143 2471 2215 iocando
2491 2142 2823 2199 exclamabat
2844 2161 2855 2195 :
2882 2143 2927 2197 0
2948 2143 3127 2197 Jovem
3142 2138 3650 2212 christianum(lbid.
3664 2139 3721 2210 )!

2093 2239 2194 2307 Qui
2225 2237 2519 2304 homicidii,
2546 2237 2698 2308 cujus
2741 2236 3027 2292 Christiani
3055 2236 3190 2291 falso
3232 2234 3717 2303 insimulabantur,

2095 2344 2284 2388 caussa
2315 2339 2607 2401 auctorque
2629 2330 2743 2396 fuit,
2769 2339 2825 2386 et
2846 2344 2912 2384 eo
2943 2329 3096 2384 titulo
3119 2329 3287 2385 solum
3309 2329 3470 2400 patris
3495 2328 3577 2382 sui
3601 2327 3720 2383 Sa-

2098 2424 2261 2493 turni,
2295 2425 2383 2496 qui
2413 2425 2552 2480 tilios
2573 2438 2700 2480 suos
2743 2420 3052 2490 v'oraverat,
3084 2424 3251 2493 ﬁlium
3277 2423 3343 2479 de
3381 2422 3713 2489 crudelitate,

2102 2533 2206 2589 qua
2237 2517 2489 2574 videlicet
2511 2517 2588 2572 illi
2613 2517 2714 2572 fuit
2740 2516 2955 2572 similis.

2176 2610 2337 2683 Urget
2364 2611 2745 2681 Tertullianus,
2779 2626 2842 2668 ac
2866 2611 3041 2683 majus
3067 2610 3157 2667 illo
3185 2610 3478 2667 homicidio
3499 2609 3714 2666 crimen

2098 2719 2286 2761 eorum
2326 2719 2447 2759 esse
2490 2705 2720 2769 asserit,
2748 2705 2834 2775 qui
2860 2714 3007 2759 natos
3031 2704 3127 2759 sibi
3166 2705 3350 2759 liberos
3386 2703 3710 2760 enecahant.

2103 2796 2267 2852 Visne
2294 2797 2439 2851 illum
2491 2797 2737 2854 etlmicos
2788 2807 3066 2870 urgentem
3096 2807 3152 2853 et
3197 2798 3559 2871 alloqucntem
3610 2813 3715 2853 au-

2102 2890 2255 2946 dire?
2285 2891 2424 2947 Ecce
2451 2875 2822 2963 ipsamet’ejus
2868 2893 3028 2949 verba
3063 2911 3077 2947 :
3132 2892 3316 2965 Utique
3353 2894 3608 2949 crudelius
3651 2894 3714 2947 in

2103 3001 2239 3055 aqua
2261 2986 2499 3058 spiritum
2539 2988 2867 3058 extorquetis,
2913 2996 3000 3042 aut
3049 2988 3252 3060 frigori,
3282 2997 3331 3044 et
3357 2989 3507 3060 fami,
3539 2997 3587 3043 et
3611 3004 3709 3042 ca-

2103 3078 2251 3135 nibus
2296 3080 2565 3151 exponitis.
2619 3077 2727 3135 Sed
2773 3080 3012 3151 inquires
3056 3097 3152 3137 cur
3193 3080 3465 3137 crudelius
3516 3082 3712 3138 mortis

2103 3185 2274 3242 genus
2321 3172 2391 3227 ab
2431 3160 2524 3226 illo
2582 3170 2793 3227 dicatur
2846 3171 3128 3228 infantium
3178 3174 3427 3244 Spiritum
3481 3173 3533 3229 in
3569 3188 3712 3243 aqua

397 3249 593 3304 nectit:
628 3248 848 3305 Remitto
880 3249 1127 3306 Tauricas
1156 3251 1359 3321 fabulas
1387 3252 1595 3307 theatris
1644 3252 1751 3307 suis
1784 3249 1996 3323 (ibid);

2106 3263 2367 3335 extingui.
2404 3264 2754 3335 Respondent
2809 3266 3052 3321 nonnulli
3097 3265 3482 3337 philosophos,
3512 3268 3713 3337 quibus

396 3343 512 3399 sive
566 3344 1022 3414 quemadmodum
1079 3346 1195 3415 ipse
1248 3346 1301 3400 in
1356 3345 1464 3401 alio
1519 3345 1661 3402 libro
1716 3344 1996 3413 loquitur:

398 3432 550 3489 Nihil
592 3435 702 3490 illic
747 3437 845 3492 nisi
896 3440 1070 3508 feritas
1124 3438 1273 3503 calet,
1324 3438 1415 3492 illa
1462 3438 1667 3504 scilicet,
1702 3451 1818 3510 quia
1846 3433 1993 3508 [abu-

399 3526 476 3582 las
503 3527 640 3582 dedit
670 3529 734 3583 de
747 3529 1016 3600 sacriﬁciis
1044 3529 1333 3585 Taurorum
1380 3528 1747 3602 (Tertullian,
1775 3531 1874 3584 loc.
1906 3530 1993 3583 cit.

395 3630 443 3676 et
494 3621 582 3675 lib.
624 3621 875 3677 ladvers.
927 3621 1204 3689 Marciam,
1232 3639 1349 3694 cap.
1390 3622 1512 3695 1),
1587 3622 1677 3694 qui
1746 3622 1995 3678 videlicet

396 3712 581 3769 Dianae
611 3717 849 3786 hospites
876 3728 1005 3772 suos
1036 3716 1407 3772 immolabant.

469 3805 650 3878 Pergit
712 3814 936 3863 autem:
988 3807 1121 3864 Ecce
1172 3810 1225 3864 in
1275 3809 1369 3864 illa
1435 3808 1819 3880 religiosissima
1879 3805 2000 3861 urbe

399 3898 473 3955 1E
479 3900 756 3954 neadarum
782 3901 986 3971 piorum
1012 3911 1086 3957 est
1114 3900 1323 3973 Jupiter
1345 3902 1572 3973 quidem,
1610 3901 1860 3957 nimirum
1889 3899 1997 3956 La-

400 3989 574 4055 tiaris,
631 4007 779 4060 quem
831 3990 965 4048 ludis
1005 3993 1112 4047 suis
1148 3994 1501 4058 circensibus,
1555 4000 1611 4047 et
1672 3991 1999 4062 gladiatoriis

403 4086 630 4142 humano
678 4089 921 4159 proluunt
967 4073 1237 4161 sanguine.
1269 4089 1408 4144 Alibi
1450 4103 1579 4144 vero
1619 4089 1878 4158 scriptum
1930 4086 2000 4144 ab

399 4198 466 4239 eo
501 4183 728 4255 legimus
756 4203 769 4240 :
820 4185 971 4241 Latio
1003 4188 1071 4241 ad
1098 4189 1404 4242 hodiernum
1428 4186 1548 4242 lori
1576 4188 1743 4241 media
1772 4188 1825 4240 in
1863 4186 2000 4243 Urbe

400 4279 655 4332 humanus
680 4281 891 4351 sanguis
922 4282 1254 4351 inguslalur;
1286 4298 1376 4336 nec
1413 4282 1683 4355 quisquam
1728 4291 1994 4349 retractat,

397 4381 486 4427 aut
508 4388 608 4426 non
635 4374 887 4430 rationem
911 4379 1173 4446 pra'sumit
1202 4378 1445 4448 aliquam,
1478 4388 1565 4432 aut
1595 4377 1999 4434 inaestimabilem

397 4464 479 4518 dei
508 4466 587 4520 sui
614 4466 923 4522 voluntatem
951 4467 1143 4539 (Idem.
1169 4470 1436 4544 Apologet.
1466 4488 1583 4544 cap.
1613 4471 1667 4527 9.
1704 4488 1825 4543 pag.
1857 4471 1995 4537 5H;

399 4556 668 4629 Scorpiac.
695 4576 811 4632 cap.
835 4559 924 4633 7).
972 4561 1102 4631 Quis
1130 4573 1309 4619 autem
1342 4582 1444 4619 non
1476 4564 1620 4620 videt
1647 4565 1715 4620 ab
1759 4564 1851 4619 illo
1875 4564 1999 4620 reli-

2100 3357 2333 3412 accessit
2379 3356 2624 3424 Servius,
2672 3357 2923 3414 docuisse
2965 3358 3199 3417 animam
3234 3359 3466 3415 hominis
3496 3361 3711 3430 igneam

2100 3462 2241 3512 esse,
2266 3463 2387 3519 qua:
2415 3448 2617 3504 idcirco
2667 3449 2720 3503 in
2748 3464 2882 3516 aqua
2932 3448 3207 3505 difﬁcilius
3232 3451 3587 3520 extinguitur,
3617 3462 3713 3508 aut

2100 3540 2363 3611 redigitur
2390 3541 2444 3596 in
2473 3540 2696 3595 nihilum
2729 3541 2922 3612 (Serv.
2966 3542 3020 3596 in
3049 3543 3141 3597 lib.
3190 3541 3212 3597 Ι
3266 3541 3481 3599 Αῑηεὸᾱ.
3522 3542 3710 3615 Virgil.

2100 3648 2150 3687 υ.
2191 3632 2322 3704 95).
2367 3633 2618 3689 Omnium
2648 3643 2827 3688 autem
2874 3633 3012 3690 hanc
3054 3648 3240 3690 revera
3274 3635 3711 3693 crudelissimam

2100 3740 2223 3781 esse
2263 3735 2491 3781 mortem
2523 3725 2732 3796 probari
2765 3742 2928 3799 posse
2963 3736 3153 3798 putant
3190 3728 3274 3786 his
3310 3729 3484 3786 Ovidii
3510 3731 3714 3787 carmi-

2101 3818 2280 3874 nibus.

2226 3909 2334 3975 Non
2359 3909 2547 3961 lethum
2571 3912 2744 3975 timeo.
2769 3925 2931 3975 genus
2954 3921 3030 3964 est
3056 3914 3339 3965 miserabile
3362 3917 3566 3967 mortis:

2287 3972 2492 4024 Demite
2509 3972 2813 4037 naufragium
2832 4014 2847 4037 ,
2875 3990 3008 4025 mors
3030 3978 3147 4026 mihi
3173 3991 3353 4027 munus
3364 3980 3476 4028 erit.

2410 4053 2572 4117 (Ovid.
2600 4054 2686 4109 lib.
2711 4065 2727 4107 ι
2752 4058 2897 4111 Trist.
2919 4056 3043 4125 eleg.
3062 4059 3110 4122 Ξ,
3134 4074 3181 4111 υ.
3203 4061 3262 4112 57
3282 4068 3328 4113 et
3348 4061 3503 4125 seqq.)

2105 4186 2304 4243 Verum
2329 4186 2445 4244 haec
2465 4191 2691 4245 canebat
2729 4200 2885 4262 poeta
2916 4207 3101 4250 amore
3142 4195 3394 4266 sepulcri,
3425 4211 3533 4268 quo
3558 4210 3697 4253 nau-

2102 4278 2286 4350 fragus
2310 4282 2591 4338 caruisset.
2623 4283 2702 4337 Ad
2731 4283 3076 4356 philosophos
3102 4296 3279 4341 autem
3302 4288 3442 4359 quod
3462 4289 3695 4357 attinet,

2102 4373 2146 4430 si
2176 4373 2585 4442 aliquianimam
2616 4374 2850 4431 liorninis
2876 4377 3074 4448 ignem,
3098 4379 3185 4433 alii
3206 4388 3352 4434 certe
3366 4394 3579 4451 aquam,
3606 4380 3701 4435 alii

2108 4470 2421 4541 corpus,a|ii
2445 4471 2717 4543 spiritum,
2744 4471 2833 4526 alii
2857 4472 3025 4538 aliud,
3048 4474 3183 4528 sicut
3206 4474 3331 4530 alibi
3351 4475 3713 4544 ostendimus,

2102 4561 2407 4636 (Dissertat.
2436 4568 2489 4619 in
2515 4562 2752 4620 Lactant.
2782 4581 2897 4634 cap.
2924 4565 3017 4621 25.
3048 4575 3150 4620 art.
3172 4567 3253 4638 2),
3284 4582 3404 4622 esse
3434 4567 3715 4622 existima-

397 4654 698 4725 giosissima:
749 4657 888 4712 urbis
916 4646 972 4713 et
998 4657 1357 4712 ZEneadarum
1388 4659 1585 4728 piorum
1618 4659 1856 4725 nomine,
1883 4674 1987 4713 non
2020 4668 2076 4730 1)
2101 4667 2310 4713 verunt.
2343 4657 2707 4714 Tertullianus
2736 4673 2902 4729 porro
2922 4673 3028 4714 non
3067 4659 3224 4715 unius
3257 4657 3566 4731 phil050phi
3608 4672 3711 4730 po-

398 4763 589 4818 magna
642 4750 759 4805 sine
828 4751 998 4807 ironia
1065 4752 1321 4822 appellari
1404 4752 1707 4815 Romanos.
1762 4752 1855 4823 qui
1927 4752 1997 4808 ab

388 4842 594 4912 JEnea,
635 4861 794 4916 quem
844 4848 1042 4919 ubique
1072 4847 1269 4919 passim
1299 4847 1553 4918 Virgilius
1606 4850 1752 4920 pium
1786 4860 1992 4921 patrem

282 4966 291 4971 -
394 4948 577 5007 vocat,
625 4954 776 4995 suam
807 4956 864 4996 se
912 4942 1172 5013 originem
1202 4942 1422 4997 duxisse
1448 4941 1853 5013 gloriabantur?
1891 4942 1993 5010 Qui

399 5044 578 5089 autem
608 5036 777 5103 magis
803 5036 971 5106 impii,
1005 5046 1059 5092 et
1092 5036 1267 5092 minus
1299 5037 1531 5108 religiOSi
1559 5051 1682 5092 esse
1726 5046 1995 5107 poterant,

401 5143 560 5199 quam
591 5129 643 5183 hi
700 5129 947 5196 Burrieni,
979 5130 1073 5201 qui
1121 5132 1171 5185 in
1230 5130 1369 5185 ludis
1407 5139 1460 5184 et
1513 5130 1828 5186 muneribus
1883 5129 2004 5185 Jovi

403 5222 623 5288 Latiari,
641 5220 744 5278 deo
766 5238 865 5277 suo
882 5225 1085 5294 Optimo
1101 5232 1156 5278 et
1181 5224 1416 5278 maximo
1436 5223 1786 5288 consecratis,
1813 5220 2006 5292 gladia-

401 5326 551 5371 tores
602 5331 723 5373 sese
778 5327 966 5372 mutuo
1013 5316 1417 5381 interficientes,
1471 5323 1564 5370 aut
1612 5331 1641 5368 a
1670 5314 1856 5371 bestiis
1883 5314 2003 5386 qui-

406 5412 634 5468 buscum
666 5411 994 5483 pugnabant,
1025 5410 1352 5466 horrendum
1384 5410 1436 5465 in
1467 5408 1706 5474 modum,
1742 5408 2007 5463 laceratos

405 5514 459 5562 et
482 5505 714 5571 occisos,
736 5520 842 5559 non
873 5503 1030 5560 siccis
1077 5512 1304 5569 tantum,
1336 5502 1429 5559 sed
1463 5502 1601 5557 laetis
1629 5501 1799 5556 oculis
1826 5500 2004 5555 intue-

406 5598 637 5655 bantur?
691 5598 798 5655 Sed
844 5597 912 5653 de
956 5597 1058 5653 hoc
1102 5598 1329 5666 crudeli,
1356 5612 1480 5653 cum
1534 5595 1841 5659 homicidio,
1891 5604 2003 5650 tum

406 5694 715 5765 Spectaculo
760 5692 860 5748 alia
916 5692 968 5749 in
1004 5691 1387 5765 dissertatione
1427 5690 1633 5762 egimus
1689 5687 2004 5759 (Dissertat.

408 5787 462 5841 in
490 5785 680 5840 Minut.
708 5784 885 5840 Octnu.
914 5802 1030 5856 cap.
1059 5785 1115 5851 8,
1142 5793 1241 5838 art.
1269 5783 1306 5838 2
1326 5783 1371 5856 ).

483 5877 906 5948 Respondebant
934 5876 1136 5932 ethnici
1169 5887 1278 5932 tum
1310 5873 1526 5948 quidem
1559 5873 1760 5933 edundi
1785 5875 2005 5947 sangui-

2104 4752 2229 4815 tius,
2258 4767 2416 4822 quam
2444 4753 2684 4818 alterius,
2715 4754 3022 4824 opinionem
3045 4753 3269 4809 notavit.

2174 4843 2340 4900 Nobis
2370 4844 2547 4915 itaque
2576 4859 2761 4925 paru’m
2793 4844 3081 4900 soliditatis
3118 4834 3334 4900 videtur
3354 4843 3558 4901 habere
3583 4842 3706 4900 illo-

2105 4953 2222 4993 rum
2271 4939 2700 5008 responsio,qui
2742 4938 2868 4993 dum
2896 4939 3185 5005 curiosius,
3235 4954 3394 5010 quam
3438 4955 3535 5010 par
3570 4948 3710 5006 erat,

2107 5030 2392 5086 verborum
2438 5029 2755 5087 Tertulliani
2805 5030 3068 5085 rationem
3123 5032 3440 5100 perscrutati
3475 5038 3623 5094 sunt,
3656 5031 3710 5085 in

2108 5126 2286 5194 scirpo
2313 5124 2509 5179 nodum
2543 5124 2827 5194 quaesiere.
2853 5123 2970 5179 Non
2996 5124 3102 5179 alio
3136 5122 3405 5180 enimille
3437 5126 3599 5180 modo
3625 5126 3710 5179 lo~

2107 5218 2289 5288 quitur
2330 5216 2398 5271 de
2428 5216 2742 5284 infantibus,
2772 5232 2998 5288 quorum
3023 5216 3244 5288 spiritus
3282 5216 3335 5273 in
3361 5233 3498 5288 aqua
3528 5219 3711 5274 extin-

2108 5311 2307 5383 guitur,
2339 5325 2497 5381 quam
2552 5310 2619 5364 de
2662 5310 2801 5377 aliis,
2829 5310 2919 5381 qui
2948 5310 3359 5380 exponebantur
3403 5310 3608 5382 frigori,
3634 5309 3712 5365 fa-

2112 5405 2183 5458 mi
2217 5412 2271 5459 ct
2296 5404 2537 5459 canibus.
2581 5404 2650 5459 At
2700 5403 2890 5459 horum
2919 5405 3160 5460 omnium
3192 5404 3475 5460 infantium
3514 5406 3712 5461 crude-

2108 5498 2323 5561 liorem,
2345 5513 2504 5567 quam
2523 5498 2749 5552 aliorum
2768 5498 3045 5554 hominum
3066 5515 3253 5555 necem
3269 5515 3388 5556 esse
3405 5511 3713 5569 asseverat;

2109 5591 2232 5663 quia
2262 5590 2493 5646 infantes
2539 5599 2701 5647 certa:
2763 5592 2920 5647 morti
2951 5592 3212 5664 expositi,
3272 5594 3419 5648 omni
3466 5602 3725 5665 prorsus;

2109 5700 2216 5756 quo
2258 5683 2348 5738 alii
2381 5697 2440 5738 se
2468 5684 2602 5739 tueri
2656 5692 2925 5752 poterant,
2965 5684 3204 5740 destituti
3255 5693 3413 5741 erant
3464 5687 3704 5755 auxilio,

2110 5787 2270 5847 atque
2299 5775 2499 5832 idcirco
2540 5775 2812 5830 crudelius
2866 5790 3030 5847 quam
3073 5783 3201 5831 natu
3247 5775 3568 5848 grandiores
3607 5789 3709 5833 ne-

2110 5871 2391 5928 cabantur.
2450 5870 2519 5925 At
2570 5867 2714 5925 hunc
2753 5883 2875 5925 esse
2923 5866 3238 5926 Tertulliani
3279 5883 3498 5927 sensum
3525 5909 3541 5938 ,
3597 5881 3709 5926 non
