4076 6356
303 229 447 290 1025

1436 217 1885 303 οιεεΕηΤΑΤιο
1923 213 1987 273 D.
2027 215 2116 275 LE
2154 215 2462 277 NOURRY.

3464 216 3605 311 i026

302 344 533 403 obscure
577 341 876 415 signiticant
915 339 1292 412 subsequentia
1337 337 1454 408 ejus
1481 337 1643 394 verba
1678 355 1693 393 :
1735 334 1899 391 Ferro
1926 335 1984 394 Α
2012 348 2127 387 rum
2159 334 2521 406 jugulatorum
2549 332 2847 405 sanguinem
2873 340 3120 388 recentem
3163 332 3314 388 avida
3340 332 3426 388 siti
3449 333 3606 388 comi-

305 438 441 496 enim
468 436 596 493 mori
641 444 767 490 tetas
790 448 987 505 quoque
1033 433 1200 503 maior
1246 430 1491 511 optauerit
1535 429 1555 501 (
1598 427 1641 483 Τ
1640 428 1903 484 ertullian.

307 533 579 604 Apologet.
605 546 721 601 cap.
753 527 809 594 9,
839 544 959 599 pag.
991 526 1147 599 519).
1182 523 1627 595 malebatquippe
1655 536 1763 577 uno
1790 520 1903 592 gla-

305 624 381 681 dii
412 625 541 688 ictu,
571 637 732 693 quam
796 618 1059 675 diuturno
1094 632 1157 672 ac
1183 614 1436 687 languido
1478 611 1905 669 miserandorum

313 718 597 776 infantium
646 713 807 770 modo
835 711 1083 769 interfici.
1140 711 1215 766 De
1266 710 1367 765 hac
1415 723 1577 780 porro
1628 705 1906 763 infantium

308 811 677 884 espositione,
733 807 998 879 hujusque
1076 802 1555 877 argumentationis
1613 799 1846 864 viribus,
1878 811 1908 852 a

308 904 467 961 nobis
502 904 555 958 in
582 911 765 959 nostra
811 901 879 956 de
922 899 1126 954 Minutii
1154 897 1349 975 Felicis
1377 894 1599 951 Octavio
1648 892 1907 949 disserta-

319 995 486 1062 tione,
518 1006 573 1051 et
629 994 763 1050 locis
787 992 986 1048 ibidem
1011 989 1204 1060 Qcitatis
1240 989 1568 1060 disputatum
1613 993 1697 1042 est
1748 982 1911 1057 (Dis-

321 1096 495 1144 sertat.
524 1088 579 1143 in
609 1086 799 1142 Minui.
836 1084 1014 1140 Octav.
1043 1099 1160 1154 cap.
1189 1080 1245 1138 9.
1278 1090 1378 1135 art.
1410 1070 1539 1149 12).

397 1184 569 1243 Omne
615 1193 777 1251 porro
823 1176 1096 1233 homicidii
1122 1189 1292 1246 genus
1337 1174 1417 1230 sic
1457 1169 1776 1228 Christianis
1828 1168 1912 1223 in-

315 1279 709 1343 terdicebatur;
740 1283 793 1329 ut
821 1274 948 1346 ipsis
989 1272 1143 1327 etiam
1165 1278 1462 1341 conceptum
1498 1278 1665 1337 utero,
1698 1265 1911 1322 Tertul-

314 1373 445 1431 liani
497 1368 662 1427 verba
706 1374 850 1434 sunt,
883 1365 1007 1419 dum
1063 1362 1233 1418 adhuc
1287 1361 1497 1434 sanguis
1552 1361 1604 1414 in
1657 1358 1913 1414 hominem

318 1465 597 1532 delibatur,
675 1460 949 1517 dissolvere
1014 1475 1116 1514 non
1177 1457 1347 1512 liceret
1406 1453 1749 1525 (Tertullian.
1810 1451 1909 1507 loc.

313 1563 404 1619 cit.
430 1561 475 1634 ),
504 1561 559 1616 id
608 1566 713 1622 est,
764 1554 892 1611 dum
945 1553 1105 1610 foetus
1145 1552 1198 1608 in
1251 1550 1440 1607 matris
1483 1557 1636 1604 utero
1673 1545 1911 1603 nondum

309 1655 597 1714 humanam
644 1653 865 1724 ﬁguram
903 1657 1204 1719 acceperat.
1236 1645 1355 1702 Non
1400 1645 1543 1707 enim
1589 1641 1770 1698 omnia
1815 1640 1914 1695 ho-

2012 426 2123 481 tiali
2169 426 2344 482 morbo
2411 426 2667 481 medentes
2714 426 2950 495 auferunt
2998 422 3367 498 (Tertullian.,
3412 426 3607 497 Apolo-

2011 530 2133 590 get.,
2153 535 2197 573 c.
2221 518 2277 585 9,
2294 536 2346 587 p.
2371 514 2521 590 521).
2542 518 2673 583 Quis
2694 527 2893 584 antem,
2926 517 3027 573 nisi
3057 517 3305 573 immanis
3325 533 3387 573 ac
3402 516 3608 574 ferreus

2013 609 2198 676 homo,
2228 610 2323 665 tali
2351 609 2613 676 remedio,
2643 625 2705 665 ac
2732 609 2959 665 aliorum
2987 610 3262 665 hominum
3286 609 3491 667 crudeli
3520 611 3608 667 itt-

2013 702 2195 768 teritu,
2227 704 2351 757 vine
2370 716 2482 758 suae
2517 702 2798 758 consulere
2821 717 2930 757 non
2962 702 3216 758 horreat?

2082 793 2166 849 Ab
2192 792 2383 849 horum
2410 808 2540 849 vero
2570 792 2962 850 inhumanitate
3000 808 3108 848 non
3159 794 3347 865 procul
3383 794 3610 852 aberant

2013 885 2142 943 ferae
2193 885 2301 941 illa:
2346 894 2557 956 gentes,
2609 900 2747 953 quur
2770 885 3076 955 sanguinis,
3107 900 3172 940 ex
3206 886 3463 942 membris
3493 887 3608 943 suis

2014 980 2197 1047 eliciti,
2232 987 2360 1051 potu
2385 978 2590 1037 foedera
2620 979 2764 1035 inter
2811 994 2869 1034 se
2905 977 3171 1034 feriebant
3218 987 3273 1034 et
3320 979 3610 1035 confirma-

2013 1075 2161 1132 bant.
2195 1075 2266 1130 At
2306 1073 2465 1146 hujus
2496 1075 2653 1145 plane
2682 1073 2897 1130 barbari
2928 1074 3097 1131 moris
3139 1083 3331 1131 testem
3366 1075 3611 1133 Herodo-

2017 1175 2129 1221 tum
2157 1164 2243 1222 his
2267 1164 2634 1223 Tertullianus
2658 1166 2789 1222 citat
2833 1150 3012 1222 verbis
3046 1185 3058 1221 :
3093 1166 3269 1237 Legite
3308 1170 3487 1224 necubi
3528 1186 3612 1225 re-

2015 1258 2176 1314 latum
2197 1259 2263 1315 sit
2289 1256 2384 1331 (est
2410 1258 2550 1329 apud
2591 1257 2908 1314 Herodotum
2953 1260 3156 1337 apinpr)
3208 1259 3443 1333 defusum
3493 1263 3612 1317 bra-

2016 1351 2145 1406 chiis
2216 1352 2518 1423 sanguinem
2590 1367 2655 1406 ea:
2701 1350 2948 1405 alterutro
3013 1351 3334 1421 degustatum
3384 1354 3613 1409 nationes

2015 1446 2263 1517 quasdam
2290 1445 2471 1516 foederi
2499 1461 2822 1517 comparasse
2841 1443 2889 1517 (Ι
2897 1444 3003 1500 bid.
3025 1454 3074 1499 et
3102 1444 3285 1516 seqq.).
3313 1447 3384 1501 At
3412 1446 3495 1501 his
3526 1445 3616 1501 ille

2019 1539 2223 1607 verbis,
2252 1540 2394 1611 apud
2423 1538 2741 1594 Herodotum
2788 1540 2991 1610 opinor,
3038 1539 3168 1594 satis
3215 1547 3402 1609 aperte
3452 1539 3616 1611 signi-

2017 1633 2142 1689 ficat
2179 1649 2241 1690 se
2278 1632 2464 1689 isthmc
2494 1649 2558 1689 ex
2592 1635 2848 1688 memoria
2879 1634 2950 1688 ita
2994 1635 3281 1699 recitasse;
3315 1644 3371 1688 ut
3395 1635 3617 1690 omnino

307 1748 473 1805 minis
517 1745 758 1802 membra
790 1741 951 1798 simul
999 1740 1320 1807 formantur,
1369 1751 1472 1794 nec
1499 1735 1678 1792 anima
1729 1734 1911 1790 statim
1940 1732 1991 1794 B
2018 1741 2242 1784 securus
2269 1742 2377 1782 non
2406 1727 2568 1782 fuerit
2592 1741 2659 1782 an
2694 1726 2783 1781 illa
2814 1726 2882 1781 ab
2914 1728 3030 1797 ipso
3063 1725 3335 1781 Herodoto
3386 1727 3471 1781 vel
3510 1726 3617 1781 alio

309 1839 466 1898 ἰωιυί
495 1836 812 1901 infunditur,
868 1833 962 1890 sed
1010 1842 1132 1904 post
1160 1831 1412 1888 multosa
1462 1838 1726 1900 conceptu
1769 1826 1907 1893 dies,

307 1934 384 1991 uti
411 1940 598 2004 putant
629 1928 955 2001 philosophi,
980 1941 1184 1996 nosque
1212 1924 1337 1980 alibi
1360 1922 1695 1980 ostendimus
1741 1918 1761 1994 (
1787 1920 1910 1975 Dis-

312 2035 493 2084 sertat.
515 2027 568 2079 in
609 2021 872 2085 Lactant.,
927 2036 1043 2092 cap.
1083 2017 1177 2086 27,
1218 2027 1318 2072 art.
1360 2016 1417 2083 2,
1458 2026 1505 2071 et
1541 2015 1635 2072 40.
1678 2025 1777 2068 art.
1808 2015 1908 2085 6).

318 2119 480 2191 Atqui
534 2116 581 2173 si
609 2114 875 2188 ejusmodi
912 2112 1221 2169 abnrtiones
1251 2125 1544 2182 provocare
1593 2107 1913 2167 Christianis

315 2214 468 2274 nefas
492 2223 631 2281 erat,
663 2222 863 2284 quanto
887 2209 1056 2280 magis
1070 2206 1338 2280 quoslibet
1360 2204 1606 2261 occidere
1628 2202 1908 2258 homines!

310 2310 441 2379 Quis
485 2308 648 2381 igitur
697 2321 804 2361 non
849 2302 1065 2375 indigne
1115 2302 1249 2357 ferat
1301 2300 1423 2355 illos
1474 2297 1745 2353 homicidii
1805 2306 1911 2351 tam

309 2414 517 2463 temere
565 2400 822 2475 postulari
880 2399 947 2454 ab
985 2396 1251 2462 ethnicis,
1288 2394 1377 2464 qui
1428 2403 1537 2448 tam
1598 2391 1908 2462 frequenter

314 2476 452 2556 alios
492 2496 738 2552 homines
782 2489 1154 2548 crudelissime
1180 2485 1519 2555 occidebant,
1571 2492 1629 2540 ut
1662 2482 1772 2554 jam
1803 2480 1915 2539 dic-

312 2601 427 2653 tum
454 2602 510 2649 et
532 2589 706 2645 adhuc
732 2584 1017 2644 dicendum
1048 2584 1166 2640 est?

910 2718 1204 2764 ARTICULUS
1258 2718 1337 2760 IV.

318 2827 496 2897 Quam
541 2834 678 2880 certo
718 2821 1066 2879 Tertullianus
1108 2826 1304 2874 asserat
1357 2825 1562 2888 epotum
1590 2815 1654 2869 ab
1703 2812 1917 2897 ethnicis

390 2920 670 2973 humanum
698 2910 1240 2985 sunguinem‘publicis
1273 2909 1327 2963 in
1370 2907 1507 2962 ludis
1549 2905 1669 2961 Ioui
1696 2905 1916 2973 dicatis,

386 3020 435 3067 et
464 3012 526 3066 ab
558 3010 636 3066 Itis
661 3010 751 3080 qui
809 3006 1052 3063 comitiali
1084 3004 1257 3059 morbo
1289 3002 1566 3057 remedium
1602 2997 1916 3071 qutvrebant,

387 3115 539 3175 atque
565 3102 628 3156 ab
657 3102 790 3166 aliis,
811 3101 899 3172 qui
941 3099 1068 3155 sicut
1096 3097 1318 3153 Catilina
1347 3097 1644 3168 [adustum
1664 3094 1915 3166 aliquibus

387 3199 581 3254 inibant
612 3197 774 3252 :item
825 3195 878 3249 in
906 3193 1084 3264 Africa
1122 3190 1355 3247 Bellona:
1383 3200 1609 3245 sacratos
1639 3189 1915 3243 ltaustusi-

390 3298 572 3362 gnatos
602 3288 757 3358 fuisse
780 3285 1048 3356 sanguine,
1079 3292 1229 3354 atque
1258 3282 1321 3336 ab
1349 3281 1467 3336 aliis
1495 3281 1688 3336 crimen
1708 3280 1788 3333 his
1805 3294 1920 3333 ma—

393 3384 474 3456 gis
499 3379 866 3438 exsecrandum
891 3376 1196 3449 perpetrari.

395 3498 512 3568 Qua
537 3495 898 3554 Tertullianus
926 3494 1191 3550 evidentia
1214 3493 1604 3549 demonstravit
1643 3489 1774 3546 nihil
1802 3503 1924 3546 esse

318 3594 504 3651 falsius
522 3634 538 3661 ,
566 3608 734 3663 quam
762 3590 982 3646 infantis
1007 3605 1036 3643 a
1063 3587 1384 3645 Christianis
1412 3601 1566 3642 sacra
1595 3601 1688 3641 sua
1718 3592 1924 3657 myste-

321 3687 403 3744 ria
427 3683 826 3742 celebrantibus
881 3682 1045 3739 occisi
1101 3682 1416 3751 sanguinem
1470 3679 1639 3750 pctari
1666 3721 1682 3746 ,
1734 3678 1923 3735 eadem

322 3778 644 3836 certitudiue
694 3775 933 3832 ostendit
1003 3776 1136 3830 tanti
1193 3773 1378 3844 ﬂagitii
1441 3772 1687 3828 conscios
1747 3772 1926 3849 reipsa

322 3888 448 3931 esse
495 3871 745 3944 gentiles.
799 3869 857 3926 In
897 3869 1035 3925 ludis
1087 3869 1286 3926 etenim
1340 3858 1663 3935 Latiaribus,
1713 3865 1781 3923 de
1810 3866 1928 3938 qui-

324 3967 428 4026 bus
475 3967 529 4022 in
577 3966 838 4037 superiori
894 3964 1120 4020 articulo
1160 3963 1388 4036 egimus,
1418 3964 1661 4030 humano,
1691 3961 1767 4016 ait
1795 3960 1928 4016 Ter-

323 4059 615 4124 tullianus,
666 4057 907 4130 proluunt
952 4057 1198 4128 sanguine
1223 4054 1587 4128 (Tertullian.‘,
1630 4053 1923 4127 Apologet.,

325 4168 446 4225 cap.
470 4152 527 4218 9,
549 4171 602 4225 p.
623 4151 787 4223 3H);
820 4150 903 4207 vel
943 4152 1080 4206 sicut
1104 4151 1157 4205 in
1192 4150 1297 4206 alio
1325 4150 1496 4205 libro:
1542 4147 1692 4203 Latio
1719 4147 1787 4202 ad
1831 4147 1926 4201 lto-

328 4246 564 4300 diernum
607 4242 727 4299 Iovi
779 4243 946 4298 media
990 4244 1043 4296 in
1096 4240 1218 4297 urbe
1274 4239 1442 4297 Roma
1491 4241 1744 4295 humanus
1802 4256 1927 4295 san-

327 4337 441 4408 guis
504 4337 792 4407 ingustatur
855 4337 874 4406 (
915 4335 1153 4405 Scorpio.
1202 4350 1317 4405 cap.
1355 4332 1465 4405 7).
1535 4331 1753 4405 Ignotus
1804 4347 1932 4389 vero

328 4425 451 4486 libri
502 4426 570 4483 de
622 4426 953 4496 Spectaculis
981 4467 997 4489 ,
1052 4438 1172 4496 post
1225 4425 1477 4499 Cypriani
1543 4440 1708 4496 opera
1777 4425 1930 4494 editi,

2013 1823 2277 1893 scriptore
2304 1820 2497 1877 litteris
2523 1821 2773 1877 mandata
2801 1819 2928 1876 sint.
2963 1820 3340 1876 Verumtamen
3369 1821 3616 1877 eumdem

2017 1917 2345 1977 llerodotum
2391 1928 2542 1975 certo
2577 1918 2747 1973 citare
2790 1922 3040 1986 poterat;
3083 1929 3206 1968 nam
3236 1915 3285 1968 in
3317 1912 3492 1984 primo
3521 1928 3620 1969 suo

2014 2012 2153 2068 libro
2180 2012 2294 2066 llth
2320 2020 2505 2066 narrat
2531 2009 2599 2066 de
2625 2007 2793 2081 Lydis
2823 2026 2836 2062 :
2897 1996 3051 2079 ὅρκια
3087 2011 3136 2062 δὲ
3187 2014 3404 2062 ποιέεται
3458 2014 3619 2063 ταῦτα.

2012 2108 2080 2159 τὰ.
2125 2112 2273 2171 ἔθνεα,
2329 2111 2392 2160 τὰ
2440 2112 2527 2176 πέρ
2559 2126 2613 2159 τι
2654 2108 2856 2167 nam“,
2909 2111 2994 2154 usti
3061 2111 3173 2172 πρὸς
3223 2109 3439 2157 τούτοισι
3481 2109 3623 2157 ἴοι-εὰν

2013 2206 2124 2259 τοὺς
2148 2208 2411 2270 βραχίονας
2438 2203 2771 2266 ὶπιτὰμωνται
2816 2202 2861 2257 ἐς
2896 2205 2988 2254 στὶν
3033 2198 3332 2267 αἱμορῥοίην,
3384 2205 3443 2251 tri
3496 2196 3623 2267 αἷμα

2015 2291 2315 2359 ἀναλείχουσι
2395 2292 2621 2352 ἀλλήλων.
2706 2286 2895 2341 Ineunt
3000 2296 3170 2342 autem
3274 2287 3356 2342 lue
3451 2299 3622 2360 gentes

2017 2386 2211 2456 foedera
2267 2399 2384 2439 cum
2430 2392 2633 2451 ca‘tera,
2694 2382 2797 2437 ritu
2825 2379 3143 2448 Grtccorum,
3176 2390 3283 2436 tum
3308 2381 3622 2436 cruentando

2018 2477 2228 2531 brachia
2310 2475 2603 2537 vulneribus
2673 2483 2852 2545 sponte
2920 2475 3171 2544 susceptis
3197 2514 3215 2539 ,
3269 2484 3317 2529 et
3390 2462 3656 2529 mutuum'

2018 2568 2319 2639 sanguinem
2338 2566 2641 2639 delingendo
2661 2564 2960 2639 (HerodoL,
2997 2564 3086 2620 lib.
3110 2562 3155 2629 Ι,
3189 2564 3354 2637 ξπ).
3385 2566 3457 2620 De
3486 2564 3622 2639 Scy-

2021 2659 2127 2716 this
2154 2671 2329 2716 autem
2357 2662 2464 2717 alio
2492 2661 2544 2715 in
2575 2660 2711 2715 libro
2740 2678 2753 2714 :
2780 2645 2933 2731 ὁριια
2976 2663 3062 2727 3t,
3126 2660 3321 2731 inquit,
3373 2683 3623 2716 σοιεονται

2021 2760 2193 2811 Σκῦθσιι
2223 2758 2309 2809 ὧδε
2336 2764 2449 2825 πρὸς
2466 2764 2559 2808 τῶν
2582 2754 2640 2807 ἂν
2662 2761 2942 2808 ποιέωνταιΐ
2974 2759 3020 2814 δι’
3040 2756 3212 2808 abluta
3246 2756 3455 2824 μεγάλην
3481 2775 3625 2825 nepet-

2020 2858 2158 2916 μένην
2179 2847 2298 2901 οἶνον
2322 2853 2583 2917 ἐγχέαντος.
2617 2844 2743 2915 αἷμα.
2771 2856 3082 2916 συμμὶηουσι
3110 2861 3201 2901 τῶν
3221 2849 3289 2900 τὰ
3327 2851 3467 2917 ὅρκια
3489 2868 3622 2914 tres/s-

2021 2946 2463 3010 νομὲνων,τύψαντες
2490 2944 2688 3001 basiat,
2715 2948 2744 3000 ἣ
2761 2941 3069 3007 ἱπιτιιμὸντις
3080 2949 3304 3009 μαχαίρῃ
3321 2961 3461 3009 σμικρ
3470 2949 3516 2992 ὂν
3541 2944 3626 2993 τοῦ

2023 3043 2262 3105 σὼμιτος’
2293 3036 2377 3088 καὶ
2406 3042 2575 3088 ειη-εντα.
2599 3036 2928 3101 ἀποϐάψαντες
2958 3039 3002 3094 ἒς
3030 3046 3120 3093 τὴν
3143 3039 3317 3088 κύλικα.
3370 3035 3624 3099 ἀκινάκεα,

1942 3128 1988 3193 C
2019 3140 2103 3182 καὶ
2127 3130 2327 3193 uincire,
2353 3131 2437 3180 noti
2467 3134 2685 3198 σάγαριν,
2704 3129 2786 3180 καὶ
2807 3128 3038 3181 ἀκόντιον·
3055 3130 3194 3180 ἐπεὰν
3224 3128 3272 3179 δὶ
3298 3132 3455 3181 satirae:
3479 3136 3629 3187 ποιή-

2025 3243 2159 3284 σωσι,
2191 3227 2506 3288 κατεύχονηι
2540 3221 2716 3285 πόλλα,
2746 3222 2832 3272 καὶ
2861 3227 3030 3274 ἔπειτα
3076 3222 3354 3275 ἀποπίνουσι
3400 3222 3541 3274 αὐτοί
3575 3242 3629 3274 τι

2027 3321 2072 3368 ei
2098 3311 2335 3385 τόίὸριιιον
2360 3320 2651 3382 ποιουμένη,
2681 3316 2766 3366 nati
2791 3324 2885 3367 τῶν
2909 3319 3139 3381 ἑπομένων
3163 3320 3207 3366 οἱ
3231 3322 3451 3369 πλείστου
3473 3319 3627 3379 ἄξιοι.

2027 3402 2247 3461 Foedera
2274 3420 2390 3460 cum
2414 3404 2809 3476 quibuscumque
2851 3404 3061 3475 Scythae
3086 3405 3182 3459 hoc
3236 3405 3387 3459 modo
3416 3404 3623 3470 ineunt;

2024 3496 2198 3568 infuso
2227 3499 2279 3553 in
2311 3498 2559 3570 grandem
2605 3498 2814 3552 calicem
2863 3496 3074 3567 ﬁctilem
3119 3499 3256 3564 vino,
3307 3499 3630 3553 commiscent

2028 3605 2202 3646 eorum
2233 3592 2532 3662 sanguinem
2579 3599 2667 3662 qui
2697 3591 2887 3661 feriunt
2912 3590 3099 3661 (ludus,
3144 3593 3483 3661 percutientes
3512 3590 3626 3645 cul-

2029 3682 2172 3751 tello,
2218 3692 2310 3737 aut
2355 3682 2636 3737 incidentes
2699 3682 2875 3754 gladio
2926 3682 3304 3754 aliquantulum
3375 3685 3624 3754 corporis.

2030 3775 2229 3831 Deinde
2255 3778 2308 3832 in
2349 3778 2510 3832 calice
2552 3776 2751 3846 tingunt
2776 3777 3057 3845 acinacem,
3090 3780 3322 3848 sagittas,
3367 3780 3624 3846 securim,

2020 3872 2280 3944 jaculum.
2306 3870 2434 3926 Haec
2455 3872 2538 3926 ubi
2557 3870 2805 3941 fecerunt,
2838 3887 2946 3927 sese
2997 3872 3172 3925 multis
3192 3872 3352 3927 verbis
3367 3873 3626 3937 devovent,

2032 3973 2209 4036 postea
2229 3966 2403 4019 vinum
2432 3975 2636 4035 epotant
2664 3980 2766 4019 non
2794 3963 2947 4018 modo
2970 3963 3043 4031 ii,
3071 3963 3158 4032 qui
3187 3962 3353 4034 [trdus
3380 3962 3628 4034 fecerunt,

2034 4057 2122 4112 sed
2171 4057 2325 4111 etiam
2376 4057 2582 4111 comites
2634 4057 2709 4132 ii,
2759 4057 2847 4128 qui
2888 4065 3008 4112 sunt
3058 4057 3298 4112 maxime:
3368 4056 3634 4128 dignitatis

2033 4146 2231 4219 (Idem,
2251 4149 2341 4203 lib.
2360 4147 2448 4205 iV.
2473 4147 2502 4221 §
2525 4147 2637 4222 70).

2108 4244 2474 4314 Poteratergo
2499 4243 2864 4299 Tertullianus
2906 4243 3052 4299 hunc
3086 4243 3370 4315 antiquum
3399 4243 3632 4312 scripto-

2035 4351 2150 4392 rem
2179 4336 2317 4392 haud
2344 4335 2653 4391 dubitanter
2699 4336 2967 4405 opinionis
3019 4351 3131 4392 suzn
3181 4348 3513 4393 assertorem
3537 4336 3634 4392 ad-

2038 4445 2254 4495 vocare,
2296 4439 2457 4498 atque
2501 4444 2568 4484 eo
2612 4429 2802 4498 potiori
2844 4429 2987 4499 jure,
3035 4429 3179 4500 quod
3226 4429 3632 4501 sulfragatorem

328 4527 519 4575 auctor
563 4516 820 4573 describit
863 4518 1132 4587 quomodo
1171 4518 1392 4587 impium
1422 4517 1549 4572 illud
1594 4517 1922 4574 sacrificium
1952 4523 2009 4590 Ι)
2034 4522 2229 4578 habeat
2256 4521 2548 4577 Lucianum
2576 4519 2816 4593 (Lucian.
2842 4521 3053 4594 Dialog.
3082 4521 3272 4578 Testor.
3306 4539 3396 4578 seu
3415 4522 3479 4577 de
3494 4523 3628 4577 ami-

330 4609 447 4671 ﬂeri
473 4608 683 4666 solebat
711 4625 726 4663 :
760 4606 945 4673 Plura,
977 4608 1181 4678 inquit,
1211 4610 1445 4679 prosequi
1470 4609 1593 4678 quid
1616 4620 1687 4664 est
1709 4625 1928 4676 necesse,

331 4705 410 4760 vel
438 4702 811 4772 sacriﬁciorum
834 4702 889 4756 in
915 4701 1054 4757 ludis
1080 4717 1267 4772 genera
1298 4711 1583 4757 monstrosa
1613 4703 1893 4757 describere
1910 4704 1936 4758 ἵ

331 4795 479 4855 Inter
503 4811 617 4867 qua:
642 4810 1007 4865 nonnunquam
1050 4802 1099 4849 et
1143 4793 1295 4848 homo
1346 4794 1403 4864 ﬁt
1448 4795 1615 4849 hostia
1666 4794 1935 4849 latrocinio

334 4888 635 4951 sacerdotis,
669 4888 790 4941 dum
819 4902 972 4941 cruor
999 4886 1152 4941 etiam
1173 4886 1236 4940 de
1256 4886 1443 4958 jugulo
1473 4886 1674 4942 calidus
1700 4898 1939 4958 acceptus

333 4992 534 5054 patera,
564 4980 690 5035 dum
716 4978 887 5034 adhuc
930 4983 1106 5051 feruet,
1133 4988 1182 5035 et
1206 4978 1353 5049 quasi
1377 4978 1566 5033 sitienti
1594 4979 1733 5034 idolo
1778 4980 1830 5034 in
1851 4983 1937 5051 [a-

252 5106 257 5111 ι
339 5074 470 5129 ciem
503 5078 733 5145 jactatus
763 5114 778 5140 ,
829 5070 1101 5128 crudeliter
1149 5073 1456 5144 prapinatur
1506 5072 1697 5140 (Auct.
1743 5074 1833 5129 lib.
1877 5073 1941 5128 de

337 5165 643 5237 Spectac.).
694 5164 804 5220 Nos
858 5180 988 5222 vero
1049 5164 1118 5221 de
1184 5164 1287 5220 hoc
1328 5173 1436 5221 tam
1486 5164 1743 5234 absurdo,
1776 5181 1936 5237 quam

338 5257 549 5315 crudeli
578 5256 844 5315 Sacrificio
871 5256 1268 5328 disputavimus
1316 5258 1370 5312 in
1403 5267 1583 5313 nostra
1621 5258 1689 5314 de
1726 5258 1937 5314 Minutii

336 5348 546 5408 Octavii
592 5347 1310 5421 dissertatione(Dissertat.
1356 5351 1411 5404 in
1461 5348 1677 5416 Minut.,
1731 5366 1849 5421 cap.
1878 5349 1933 5407 9.

339 5454 439 5502 art.
470 5445 505 5501 ’ὅ
549 5453 597 5499 et
635 5442 728 5516 4),
774 5443 865 5499 ubi
888 5443 1052 5499 etiam
1079 5442 1289 5514 egimus
1311 5442 1382 5501 de
1429 5444 1514 5509 iis,
1560 5444 1650 5517 qui
1680 5445 1938 5501 comitiali

340 5537 536 5597 morbo
556 5537 884 5604 laborantes,
920 5546 1103 5607 putato
1122 5535 1485 5607 jugulatorum
1509 5538 1563 5593 in
1591 5538 1678 5594 his
1721 5548 1938 5610 Specta-

336 5630 475 5688 culis
546 5630 823 5687 hominum
899 5629 1156 5702 sanguine
1226 5630 1547 5688 medicinam
1604 5634 1935 5705 quaerebant.

340 5722 476 5789 Nam
504 5722 583 5799 hi,
606 5723 686 5787 uti
711 5722 790 5786 ait
813 5720 1200 5798 Tertullianus,
1237 5738 1446 5786 munere
1467 5725 1524 5785 in
1547 5741 1706 5790 arena
1747 5731 1939 5807 nocio-

2036 4614 2124 4668 cit.
2154 4630 2273 4685 pag.
2318 4612 2468 4684 630).
2517 4612 2650 4668 Nam
2703 4623 2954 4670 testatum
2998 4614 3086 4670 hic
3133 4614 3258 4669 facit
3296 4612 3531 4686 Scythas
3580 4614 3636 4669 in

2038 4705 2261 4761 calicem
2304 4722 2367 4761 ex
2397 4705 2583 4761 incisis
2619 4705 2803 4793 digitis
2852 4707 3169 4777 sanguinem
3215 4705 3529 4773 distillasse,
3571 4719 3636 4761 ac

2039 4799 2259 4855 intincta
2296 4798 2598 4871 gladiorum
2640 4816 2865 4855 suorum
2901 4798 3144 4869 cuspide,
3190 4798 3352 4854 simul
3394 4799 3593 4856 bibisse
3617 4840 3633 4865 ,

2040 4900 2202 4962 atque
2227 4891 2299 4947 ita
2323 4893 2590 4963 pepigisse
2626 4891 2825 4959 fwdus,
2853 4892 2996 4964 quod
3040 4903 3224 4962 postea
3254 4892 3511 4949 dirimere
3538 4910 3637 4950 ne-

2043 4984 2172 5039 mini
2196 4983 2409 5039 licebat.
2432 4980 2515 5039 De
2536 4983 2854 5055 quibusdam
2885 4998 3013 5039 vero
3053 4982 3286 5053 populis,
3317 4986 3635 5041 Axiacarum

2039 5075 2254 5141 vicinis,
2298 5077 2415 5132 haec
2460 5076 2787 5146 Pomponius
2840 5074 2976 5131 Mela
3025 5075 3301 5131 memoria:
3356 5077 3636 5147 prodidit:

2040 5167 2192 5225 Bella
2220 5169 2480 5241 caedesque
2520 5178 2730 5234 amant;
2756 5184 2960 5241 mosque
2980 5178 3055 5224 est
3079 5167 3382 5224 bellantibus
3404 5186 3638 5224 cruorem

2040 5262 2175 5333 ejus,
2218 5278 2366 5333 quem
2413 5263 2635 5331 primum
2683 5263 3062 5329 interemerunt,
3113 5261 3241 5332 ipsis
3283 5279 3312 5317 e
3350 5261 3639 5317 vulneribus

2040 5355 2376 5413 ebibere......
2407 5352 2491 5410 Ne
2520 5355 2711 5427 [tedera
2756 5354 2959 5427 quidem
2998 5356 3264 5411 incruenta
3307 5338 3449 5412 sunt.
3494 5355 3637 5412 Sau-

2041 5450 2180 5504 ciant
2203 5465 2277 5517 se,
2301 5449 2391 5519 qui
2421 5448 2764 5519 paciscuntur,
2799 5458 3187 5522 exemptumque
3222 5450 3524 5521 sanguinem
3554 5449 3641 5503 ubi

2043 5545 2400 5615 permiscuere,
2424 5542 2711 5615 degustant.
2727 5540 2797 5594 Id
2817 5551 2999 5612 putant
3028 5557 3283 5597 mansura
3309 5542 3430 5612 ﬁdei
3455 5541 3641 5614 pignus
3666 5584 3685 5596 ρ

2041 5639 2374 5695 certissimum
2416 5635 2718 5711 (Pompon.
2747 5633 2875 5696 Mel.
2903 5637 2991 5697 lib.
3022 5635 3068 5699 ll
3093 5636 3157 5695 de
3190 5634 3329 5703 Situ
3363 5635 3475 5693 orb.
3510 5652 3556 5693 c.
3584 5635 3635 5693 ι.

2042 5746 2167 5806 pag.
2196 5727 2317 5804 27).
