4076 6356
482 138 622 196 1027

483 351 625 408 inter
652 348 1062 406 Rhadamistum
1091 353 1148 402 et
1189 342 1548 399 Mithridatem
1575 341 1726 420 :M_os
1755 349 1848 408 est,
1881 339 2077 411 inquit,

482 445 704 518 regibus,
733 441 928 514 quoties
955 439 1007 494 in
1036 439 1324 496 societatem
1355 444 1554 502 coeunt,
1572 434 1835 506 implicare
1851 433 2075 498 dextras,

485 519 792 612 pollicesque
815 539 944 592 inter
967 553 1021 591 se
1045 535 1252 602 vincire,
1285 531 1520 604 nodoque
1545 533 1920 603 prtestringere.
1953 528 2008 584 Μ
2016 545 2083 584 ο.τ

487 632 574 688 ubi
603 631 809 703 sanguis
861 630 914 683 in
961 637 1105 684 artus
1157 636 1407 682 extremos
1443 641 1495 681 se
1537 623 1796 692 e/fuderit,
1831 623 1926 676 levi
1979 622 2084 676 ictu

487 739 722 780 cruorem
752 721 986 788 eliciunt,
1019 730 1170 791 atque
1194 719 1404 773 invicem
1436 715 1682 771 lambunt.
1713 713 1782 770 Id
1803 713 1968 786 {trdus
1993 729 2082 767 ar-

489 836 674 874 canum
705 819 937 883 habetur,
970 817 1115 887 quasi
1157 824 1328 870 mutuo
1371 829 1550 868 cruore
1601 821 1856 882 sacratum
1899 811 2081 883 (Corn.

486 909 653 966 Tacit.
683 909 772 966 lib.
807 909 900 964 Xll
942 910 1133 963 Annal.
1165 917 1276 978 post
1299 906 1481 979 metl.).
2035 901 2038 904 ’

559 1003 696 1072 Quid
734 1003 918 1074 plura?
977 1000 1224 1059 Valerius
1266 1000 1528 1056 Maximus
1578 999 1646 1058 de
1673 999 1960 1066 Sariastre,
1991 1013 2086 1056 seu

488 1096 720 1166 Tigrane
775 1095 999 1157 Minore.
1055 1095 1145 1166 qui
1189 1093 1376 1148 relicto
1425 1103 1574 1162 patre
1623 1108 1760 1160 suo,
1810 1092 1876 1148 ad
1930 1091 2088 1162 [hum-

489 1191 669 1262 peium
730 1190 976 1260 Magnum
1009 1230 1022 1252 ,
1054 1204 1118 1244 ac
1159 1186 1354 1243 deinde
1393 1187 1461 1244 ab
1519 1187 1707 1244 eodem
1737 1187 1994 1257 Pompeio
2020 1185 2088 1244 ad

488 1296 695 1357 patrem
724 1298 878 1338 suum
910 1279 1199 1347 defecerat,
1254 1281 1370 1337 lucc
1419 1277 1606 1337 scribit
1639 1301 1651 1337 :
1687 1282 1948 1338 Sariaster
1997 1282 2092 1338 ad-

489 1394 664 1434 versus
722 1386 919 1448 patrem
959 1393 1106 1432 snum
1165 1374 1457 1447 Tigranem,
1501 1376 1756 1431 Armenia:
1797 1392 1985 1445 regem,
2017 1376 2091 1430 ita

491 1487 607 1526 cum
635 1471 810 1524 amicis
833 1469 1084 1524 consensit
1175 1479 1229 1522 ut
1278 1485 1451 1524 omnes
1499 1469 1688 1523 dextris
1716 1467 1945 1522 manibus
1964 1484 2089 1524 san-

492 1566 696 1637 guinem
744 1565 1015 1644 mitterent,
1055 1572 1206 1636 atque
1241 1579 1352 1616 eum
1393 1563 1609 1618 invicem
1651 1562 1908 1618 sorberent
1939 1560 2085 1634 (Val.

495 1655 642 1734 Max.
675 1645 878 1731 lib.
911 1672 1026 1725 cap.
1063 1656 1153 1712 11.
1183 1666 1340 1710 exter.
1373 1655 1400 1727 ᾗ
1431 1653 1507 1727 5).

571 1751 754 1823 Neque
784 1749 1130 1808 humaniores
1159 1750 1388 1806 Romani
1445 1750 1513 1808 ab
1584 1753 1684 1806 hac
1741 1748 2092 1808 harbaricl’e-

491 1845 676 1916 risque
704 1843 945 1899 moribus
993 1842 1151 1914 longe
1199 1843 1446 1900 aberant.
1489 1843 1699 1902 Etenim
1734 1845 1901 1899 nescio
1929 1845 2084 1914 quid,

502 1937 573 1992 ait
605 1937 989 2002 'l‘crtullianus,
1029 1948 1076 1990 et
1125 1937 1217 1992 sub
1259 1935 1482 1991 Catilina
1528 1936 1632 1995 tale
1675 1930 2004 2008 degustatum
2025 1946 2096 1992 est

507 2027 835 2109 (Tertullian.
875 2028 1142 2101 Apologet.
1195 2045 1314 2098 cap.
1373 2029 1429 2084 9.
1477 2045 1600 2100 pag.
1629 2027 1784 2100 ⁸521),
1842 2028 2094 2084 nimirum

493 2121 705 2193 quando
754 2132 940 2177 contra
997 2121 1406 2194 Rempublicam
1462 2122 1794 2191 cottjuravit,
1855 2132 1912 2177 ut
1968 2122 2096 2178 alibi

492 2213 824 2270 ostendimus
861 2213 1156 2286 (Dissertat.
1185 2215 1237 2288 in
1261 2213 1453 2288 illinut.
1501 2213 1681 2270 Octav.
1709 2231 1754 2269 c.
1779 2213 1835 2272 9.
1861 2223 1959 2268 art.
2050 2211 2092 2287 ).

567 2307 683 2363 Mos
724 2323 885 2376 porro
924 2307 1048 2374 ille,
1083 2307 1432 2363 humanitatis
1463 2307 1621 2379 plane
1658 2323 1885 2379 expers,
1931 2307 2097 2378 viguit

501 2415 606 2456 non
643 2399 804 2456 modo
854 2401 904 2456 in
970 2399 1208 2470 profanis
1234 2443 1250 2467 ,
1289 2401 1385 2456 sed
1426 2401 1596 2456 sacris
1625 2401 1784 2455 etiam
1815 2399 2095 2468 gentilium

497 2477 748 2558 ctetibus,
795 2508 894 2547 nec
941 2501 1144 2548 tantum
1197 2492 1250 2546 in
1290 2493 1514 2549 remotis
1549 2508 1578 2546 a
1619 2491 1950 2551 Tertulliano
1975 2492 2098 2547 bar-

491 2587 639 2642 baris
667 2587 943 2662 gentibus,
985 2585 1081 2642 sed
1123 2586 1174 2640 in
1227 2586 1342 2656 ipsa
1398 2600 1612 2657 quoque
1662 2586 1871 2654 Africa,
1924 2601 2098 2656 eaque

495 2679 616 2759 ipso
649 2664 916 2748 tempore,
947 2695 1052 2748 quo
1084 2678 1225 2733 hunc
1258 2677 1670 2749 Apologeticnm
1700 2679 1988 2734 scribebat.
2025 2679 2098 2734 De

494 2772 559 2827 iis
587 2772 886 2837 enimvero,
909 2771 994 2848 qui
1019 2771 1252 2846 Bellona:
1277 2780 1466 2844 mystea
1483 2771 1548 2844 iis
1572 2771 1938 2835 initiabantur,
1957 2771 2099 2827 hunc

497 2867 736 2940 loquitur
765 2867 816 2920 in
850 2865 1064 2939 modum
1101 2883 1114 2920 :
1150 2863 1320 2938 Hodie
1343 2865 1455 2918 istic
1479 2863 1710 2938 Bellona:
1735 2874 1960 2932 sacratos
1981 2882 2099 2923 san-

495 2961 606 3040 guis
636 2960 698 3013 de
723 2963 914 3034 femore
939 2948 1188 3032 proscisso
1236 2959 1290 3014 in
1334 2957 1618 3028 palmulam
1671 2969 1931 3026 exceptus,
1993 2959 2100 3025 esui

1566 126 1635 186 ΙΝ
1671 123 2138 185 TERTULLIANI
2178 121 2715 184 APOLOGETICUM

555 255 635 315 Ad
666 254 781 310 haec
821 265 950 309 vero
999 248 1290 308 Cornelius
1333 246 1570 314 Tacitus,
1633 245 1722 310 ubi
1773 244 1843 307 de
1881 241 2086 306 laedere
2111 241 2167 306 Α

3645 121 3806 186 1098

2799 251 3092 296 Αιιτιευωε
3129 253 3182 295 ν.

2186 333 2484 418 Ostenditur
2510 334 2766 408 quomodo
2792 335 3030 390 humanis
3061 331 3298 392 carnibus
3325 339 3645 390 uescerentur
3670 335 3806 409 gla-

2269 427 2513 494 diatores,
2561 427 2791 503 Segthte,
2831 426 3152 500 Messagettm
3189 437 3236 483 et
3275 423 3532 493 Derbices,
3561 429 3646 500 qui
3668 445 3802 484 sus-

2254 534 2400 595 cepta
2443 523 2688 596 religione
2731 522 3032 593 christiana,
3083 520 3144 576 ab
3185 522 3262 577 his
3304 521 3642 578 discesserunt
3667 523 3804 596 [eris

2257 619 2502 675 moribus.

2257 716 2437 787 Pergit
2507 714 2912 782 Tertullianus,
2981 715 3306 788 planumque
3358 713 3612 772 omnibus
3661 713 3802 772 facit

2186 810 2432 884 ethnicos
2459 826 2566 865 non
2597 809 2770 866 solum
2801 809 2998 866 bibisse
3026 809 3302 864 hominum
3323 809 3664 882 sanguinem,
3693 809 3803 866 sed

2188 906 2406 962 illorum
2452 905 2617 960 etiam
2654 914 2839 977 pastos
2866 919 2987 962 esse
3013 904 3288 963 carnibus.
3338 905 3580 962 Primum
3634 906 3794 962 enim

2189 1000 2534 1072 gladiatores,
2569 1009 2692 1072 post
2721 999 2870 1056 ﬁnita
2924 999 3252 1072 spectacula,
3301 1000 3367 1056 de
3388 1018 3564 1068 arena,
3594 1000 3799 1073 inquit,

2191 1092 2369 1162 ferinis
2395 1091 2617 1147 obsoniis
2669 1101 2872 1148 ccenant
2925 1091 3254 1165 (Tertullian.
3285 1091 3556 1164 Apologet.
3583 1109 3700 1163 cap.
3733 1093 3801 1150 9.

2193 1201 2313 1256 pag.
2341 1183 2493 1255 322),
2526 1184 2580 1240 id
2618 1194 2722 1253 est,
2753 1194 3030 1243 etenantes
3055 1195 3344 1244 vescuntur
3368 1185 3624 1242 carnibus
3651 1185 3804 1242 tera-

2193 1294 2334 1346 rtun,
2383 1293 2518 1350 quas
2565 1279 2722 1349 paulo
2759 1289 2885 1336 ante
2915 1279 2965 1334 in
3007 1279 3154 1336 circo
3197 1279 3597 1337 interfecerant.
3629 1281 3803 1352 Atqui

2195 1371 2321 1427 ῐονέυ
2363 1369 2469 1427 illa:
2498 1372 2697 1428 crudas
2727 1372 3029 1442 hominum,
3069 1389 3099 1428 a
3139 1389 3200 1430 se
3243 1374 3298 1429 in
3348 1374 3538 1430 iisdem
3577 1384 3804 1445 specta—

2194 1465 2330 1534 culis
2359 1467 2772 1534 trucidatorum,
2801 1482 2994 1524 carnes
3037 1468 3287 1538 proxime
3325 1467 3629 1536 devoratus,
3658 1483 3808 1525 non-

2195 1557 2320 1614 dum
2353 1558 2597 1630 digerere
2625 1569 2932 1630 potuerant.
2957 1560 3040 1616 Ab
3084 1559 3166 1616 his
3198 1559 3378 1632 itaque
3405 1557 3830 1616 crudelissimis

2120 1655 2169 1714 B
2196 1649 2578 1721 gladiatoribus
2628 1652 2856 1724 ipsorum
2899 1667 3156 1718 ursorum,
3188 1653 3328 1710 sicut
3357 1655 3563 1710 Auctor
3607 1661 3805 1710 noster

2197 1743 2453 1814 loquitur,
2487 1743 2620 1798 alvei
2648 1756 2982 1817 appetuntur,
3007 1749 3318 1802 cruditantes
3355 1747 3525 1802 adhuc
3549 1747 3615 1802 de
3639 1747 3806 1804 visce-

2195 1835 2334 1890 ribus
2382 1836 2618 1891 Immanis
2649 1834 2858 1908 (Ibid.).
2889 1837 2958 1894 Et
2984 1839 3054 1896 ita
3096 1837 3314 1910 quidem
3349 1839 3402 1894 in
3428 1838 3648 1911 Rigaltii
3673 1837 3801 1894 edi-

2198 1928 2387 1984 tione:
2421 1928 2517 1985 scd
2567 1930 2620 1984 in
2665 1931 3058 2000 antiquioribus
3097 1947 3194 2002 pro
3234 1932 3399 1988 verbo
3449 1931 3804 2000 cruditantes,

2197 2021 2424 2092 legimus
2480 2023 2896 2090 truridantibus;
2937 2023 3193 2080 mendose
3218 2025 3442 2080 atnnino
3475 2040 3491 2080 :
3523 2025 3577 2084 in
3606 2039 3804 2078 manu-

2199 2117 2417 2186 scriptis
2439 2131 2570 2172 vero
2610 2118 2810 2172 nostris
2833 2125 2889 2171 et
2911 2118 3032 2173 aliis
3053 2117 3330 2174 codicibus
3359 2125 3668 2174 constanter
3696 2113 3804 2170 ha-

2199 2207 2374 2275 betur,
2407 2209 2777 2264 cruditantibus
2801 2209 2970 2264 adhuc
3003 2211 3066 2266 de
3103 2209 3376 2265 visceribus
3405 2210 3661 2274 humanis,
3685 2208 3808 2265 sive

2201 2301 2378 2356 adhuc
2406 2302 2611 2370 crudis,
2643 2302 2990 2374 nondumque
3031 2303 3084 2358 iu
3135 2319 3404 2370 ursorum,
3435 2302 3525 2373 qui
3554 2279 3618 2356 ἕω
3645 2317 3808 2357 vora-

2199 2403 2410 2463 vcrant,
2457 2395 2576 2450 alvo
2627 2404 2682 2451 et
2737 2405 2927 2451 ventre
2959 2395 3415 2466 digestis.Uu-um
3461 2406 3642 2452 autem
3683 2394 3810 2451 haec

2201 2505 2325 2545 vera
2353 2489 2423 2544 sit
2451 2489 2630 2555 lectio,
2673 2489 2794 2560 quis
2837 2497 2986 2546 certo
3026 2489 3145 2546 sine
3191 2488 3536 2562 correctioris
3573 2487 3808 2559 alicujus

2199 2580 2403 2636 codicis
2456 2595 2560 2652 ope
2593 2579 2818 2636 delinire
2898 2580 3130 2637 audeat?
3179 2582 3248 2638 At
3292 2595 3647 2652 qumcumqne
3703 2581 3806 2646 sit,

2201 2675 2330 2728 satis
2371 2680 2517 2744 patet
2567 2673 2959 2729 'l‘ertullianum
3015 2673 3146 2729 nihil
3223 2674 3368 2730 aliud
3419 2673 3803 2744 signiﬁcasse,

2201 2769 2302 2824 nisi
2322 2783 2351 2822 a
2372 2768 2760 2839 gladiatoribus
2782 2769 2958 2840 appeti
2989 2784 3051 2824 ac
3086 2768 3266 2824 mandi
3311 2784 3503 2825 carnes
3526 2783 3800 2836 ursorum,

2201 2863 2290 2932 qui
2321 2863 2481 2932 paulo
2513 2871 2637 2918 ante
2672 2863 2948 2918 hominum
2980 2863 3183 2919 viscera
3211 2871 3266 2918 et
3295 2877 3487 2919 carnes
3509 2862 3806 2918 devorave-

2201 2966 2344 3022 rant,
2379 2969 2432 3012 et
2460 2955 2661 3014 idcirco
2693 2959 2746 3014 in
2779 2974 2968 3015 eorum
2998 2957 3277 3015 stomacho
3322 2967 3478 3015 erant
3503 2957 3679 3014 adhuc
3719 2955 3806 3012 in-

496 3052 645 3132 dutus
673 3053 841 3124 signat
870 3051 1204 3134 (Tertulliau.
1234 3051 1409 3125 ibid).
1436 3055 1504 3108 At
1535 3055 1586 3107 in
1618 3053 1868 3108 omnibus
1894 3053 2100 3112 nostris
2127 3053 2172 3118 C
2207 3049 2436 3121 digesta.

496 3147 897 3226 exemplaribus
938 3147 1322 3220 manuscriptis
1373 3161 1472 3217 pro
1523 3155 1846 3201 sacratos....
1875 3147 1984 3203 esui
2022 3147 2097 3202 le-

495 3242 670 3322 gimus
695 3251 1023 3316 sacratus...
1055 3251 1102 3296 et
1125 3241 1223 3296 sui.
1255 3240 1362 3297 Sed
1393 3240 1778 3298 nullushorum
1809 3240 2096 3298 verborum

496 3349 708 3413 sensus.
745 3335 800 3392 ln
832 3335 1158 3410 editionilnts
1188 3335 1423 3409 Bigaltio
1474 3337 1889 3402 vetustioribus,
1919 3353 2098 3395 sacra-

496 3436 693 3484 tus.....
729 3430 906 3485 etsuis
937 3429 1090 3484 datus
1132 3431 1367 3502 signatis.
1401 3430 1506 3486 Sed
1542 3431 1632 3486 vix
1662 3431 1941 3488 meliorem
1972 3429 2100 3488 inde

497 3537 716 3579 sensum
753 3522 975 3590 efﬁcias.
1009 3521 1309 3594 Corruptus
1341 3524 1503 3596 igitur
1533 3523 1634 3580 fuit
1665 3525 1751 3582 hic
1779 3525 2100 3602 Tertulliani

499 3621 672 3684 locus,
702 3632 757 3678 et
785 3622 850 3677 ad
881 3623 1026 3678 illum
1067 3622 1366 3678 sanandum
1407 3621 1624 3694 quidam
1668 3636 1767 3691 pro
1807 3629 1854 3675 et
1884 3620 1986 3687 sui,
2016 3620 2102 3676 vel

513 3725 559 3771 et
587 3716 712 3782 suis,
737 3716 852 3772 sive
877 3717 1005 3779 esui,
1033 3715 1134 3786 legi
1165 3715 1351 3770 volunt
1381 3713 1697 3772 haustuixEt
1719 3712 1772 3770 id
1789 3713 2004 3784 quidem
2033 3712 2102 3769 de

500 3810 757 3882 sanguine
796 3811 848 3866 in
888 3811 1179 3881 palmulam
1235 3820 1482 3882 excepto,
1537 3811 1728 3894 melius
1777 3823 1935 3880 quam
1995 3809 2103 3864 esui

501 3904 604 3959 dici
641 3915 834 3975 potest.
876 3905 1060 3976 Neque
1087 3921 1185 3960 nos
1211 3905 1429 3976 quidem
1459 3905 1584 3960 huic
1611 3903 1940 3974 conjectura:
1966 3901 2105 3958 mul-

505 4008 615 4053 tum
657 4000 1108 4070 repugnahimus,
1151 4001 1196 4055 si
1234 3999 1412 4055 adhuc
1438 4010 1666 4055 sacratos
1706 4015 1802 4068 pro
1826 4005 2054 4054 sacratus
2084 4038 2101 4066 ,

505 4091 898 4146 emendandum
961 4108 1083 4150 esse
1136 4091 1411 4148 ostendas.
1463 4091 1597 4147 Nam
1651 4089 2103 4159 MinutiusFelix

511 4185 756 4254 (Minut.
838 4187 1014 4242 Octav.
1048 4185 1102 4259 ),
1137 4187 1224 4256 qui
1288 4185 1436 4256 plura
1496 4201 1564 4240 ex
1624 4184 1726 4252 hoc
1780 4183 1918 4240 libro
1963 4183 2104 4238 deli-

504 4277 677 4345 bavit,
736 4278 1049 4356 Tertulliani
1118 4294 1334 4336 sensum
1409 4278 1492 4334 his
1567 4277 1836 4349 expressit
1889 4277 2101 4345 verbis,

505 4371 593 4427 ubi
650 4371 787 4427 sicut
844 4371 934 4428 ille
981 4370 1208 4428 ethnicis
1258 4371 1491 4443 objectat
1531 4389 1545 4427 :
1601 4369 1871 4426 Bellonam
1901 4385 2104 4425 sacrum

2275 3147 2344 3199 At
2373 3159 2570 3207 nonne,
2607 3145 2837 3217 inquies,
2870 3155 3182 3218 corruptum
3222 3161 3435 3218 quoque
3478 3153 3563 3202 est
3605 3159 3804 3202 nomen

2203 3237 2354 3302 alvei,
2393 3254 2456 3294 ac
2503 3239 2849 3296 scribendum
2894 3241 3074 3311 potius
3103 3241 3224 3306 alvi,
3265 3241 3355 3312 qui
3401 3239 3644 3296 ciborum
3677 3247 3805 3294 sunt

2203 3333 2566 3402 receptacula.
2608 3331 2725 3388 Non
2767 3333 2998 3390 absurde
3039 3332 3278 3404 quidem,
3309 3333 3354 3388 si
3381 3331 3584 3390 dixeris
3612 3331 3804 3389 melio-

2204 3443 2318 3483 rem
2344 3438 2551 3499 partem
2589 3444 2688 3500 pro
2727 3437 2842 3485 toto
2887 3445 2918 3484 a
2965 3427 3297 3485 Tertulliano
3322 3429 3529 3500 accipi,
3560 3427 3807 3498 hancque

2204 3521 2637 3578 emendationem
2689 3522 2920 3595 quodam
2971 3523 3160 3578 saltem
3225 3523 3412 3578 codice
3470 3521 3805 3594 probaveris.

2204 3614 2321 3671 Non
2375 3617 2519 3671 enim
2573 3631 2819 3672 ursorum
2885 3616 3144 3672 duntaxat
3186 3615 3310 3684 alvi,
3352 3615 3448 3672 sed
3499 3616 3618 3671 alite
3644 3615 3808 3671 etiam

2205 3711 2421 3767 illorum
2471 3727 2661 3769 carnes
2710 3711 2921 3768 comedi
2989 3711 3238 3767 solebant
3274 3751 3289 3776 ,
3351 3708 3806 3780 quemadmodum

2206 3806 2380 3877 colligi
2427 3815 2607 3876 potest
2639 3821 2706 3862 ex
2749 3805 2962 3876 Apuleii
2993 3805 3207 3870 verbis,
3236 3803 3430 3874 quibus
3460 3802 3809 3872 magniﬁcen-

2209 3898 2476 3954 tissimum
2515 3898 2818 3970 gladiatorii
2863 3897 2972 3954 ludi
3017 3906 3334 3969 apparatum
3366 3897 3621 3952 describit
3654 3913 3670 3954 :
3701 3893 3807 3950 Ur-

2206 4007 2339 4057 sam,
2373 3991 2566 4060 inquit,
2594 4005 2708 4062 qua:
2742 3991 2935 4046 cteteris
2979 3991 3185 4045 sarcina
3211 3989 3438 4062 corporis
3459 3987 3765 4061 prtcvalebat
3787 4027 3803 4055 ,

2208 4084 2358 4156 quasi
2385 4083 2498 4138 cibo
2518 4085 2838 4156 parandam,
2862 4093 3124 4156 portamus
3165 4083 3234 4137 ad
3263 4093 3489 4137 nostrum
3513 4093 3809 4150 receptacu-

2214 4177 2324 4232 lum
2372 4176 2604 4249 (Apuleii
2651 4178 2740 4234 lib.
2787 4177 2856 4234 IV
2887 4176 3160 4232 Metamor.
3205 4193 3324 4248 pag.
3357 4171 3471 4244 59).
3503 4173 3640 4240 Quid
3675 4185 3808 4243 ergo

2207 4279 2355 4326 vetat
2391 4271 2680 4342 quominus
2728 4283 3071 4327 communem
3111 4269 3350 4324 omnium
3389 4265 3634 4323 codicum
3677 4265 3812 4320 retin

2213 4379 2438 4420 neamus
2477 4379 2665 4420 vocem
2722 4362 2892 4433 alvei,
2957 4378 3061 4436 qua
3111 4364 3483 4435 signiﬁcentur
3545 4375 3699 4425 vasa,
3758 4359 3811 4414 in

504 4481 651 4521 suum
715 4465 898 4520 haustu
939 4466 1150 4521 humani
1202 4466 1397 4520 cruoris
1443 4465 1684 4520 imbuere.
1715 4463 1929 4520 Videsis
1984 4465 2184 4534 qurel)
2211 4457 2409 4528 quibus
2459 4457 2765 4514 semicocta‘.
2807 4464 3014 4514 tantum
3061 4466 3216 4513 erant
3269 4469 3518 4512 ursorum
3569 4467 3764 4508 carnes
3793 4493 3811 4520 ,

504 4557 558 4613 in
593 4565 774 4614 nostra
815 4557 884 4616 de
927 4556 1086 4628 hujus
1113 4557 1252 4613 libro
1302 4557 1684 4614 dissertatione
1729 4557 2106 4612 annaotavimus
2142 4563 2150 4571 '

505 4653 814 4726 (Dissertat.
873 4653 927 4708 in
958 4651 1150 4708 Minut.
1201 4651 1381 4709 Octav.
1411 4669 1528 4725 cap.
1595 4653 1651 4710 9.
1681 4664 1783 4709 art.
1809 4653 1864 4709 4.
1907 4663 1955 4708 et
1985 4671 2098 4726 cap.

503 4745 576 4804 20
604 4754 702 4804 art.
733 4745 811 4820 5).

579 4839 838 4898 Ethnicos
875 4855 1060 4910 porro,
1092 4849 1149 4896 ut
1193 4838 1312 4896 falsi
1359 4839 1602 4896 criminis
1651 4855 1907 4896 accusare
1949 4839 2107 4897 Chri-

507 4930 712 4988 stianos
757 4935 958 5006 magis,
1002 4935 1048 4990 si
1095 4949 1327 5006 unquam
1380 4933 1496 4990 ﬁeri
1543 4945 1793 5005 poterat,
1829 4935 2106 5008 magisque

508 5025 753 5096 puderet,
787 5027 850 5083 iis
883 5027 1212 5085 horrendum
1239 5027 1389 5086 aliud
1417 5029 1910 5099 crimen'honestis,
1941 5039 2104 5102 prout

508 5132 596 5174 res
626 5121 946 5190 postulabat,
981 5123 1162 5179 verbis
1187 5124 1552 5194 exprobravit.
1599 5125 1708 5181 Sed
1759 5125 1887 5180 illud
1930 5141 2030 5182 nec
2071 5139 2102 5182 a

509 5210 668 5266 nobis
722 5214 1105 5270 nominandum
1137 5257 1153 5284 ,
1207 5217 1390 5273 multo’
1436 5219 1612 5274 minus
1681 5215 2104 5289 explicandum,

507 5304 654 5373 quod
683 5305 899 5376 satyrici
931 5318 1108 5364 tamen
1136 5319 1310 5380 poeta:
1351 5312 1694 5368 manilestum
1724 5313 1856 5367 satis
1882 5312 2104 5383 faciunt,

509 5404 563 5450 et
616 5397 811 5467 passim
858 5401 1188 5458 insectantur
1219 5403 1557 5478 (Tertullian.
1591 5406 1860 5478 Apologet.
1893 5419 2012 5479 cap.
2046 5405 2106 5464 9.

511 5504 631 5561 pag.
660 5491 789 5550 525.
821 5499 866 5547 et
894 5491 982 5548 lib.
1013 5492 1126 5549 [ad
1157 5493 1372 5554 Nation.
1395 5512 1514 5568 cap.
1541 5497 1629 5555 l5.
1650 5514 1770 5572 pag.
1801 5497 1954 5570 580).

2208 4567 2344 4623 quas
2387 4550 2716 4623 gladiatores
2745 4559 2891 4606 tanta
2939 4549 3198 4606 aviditate
3249 4548 3516 4620 appetitus
3558 4544 3814 4601 comede-

2208 4646 2380 4703 bant?
2449 4647 2814 4714 Quamobrem
2873 4643 3240 4701 Tertullianus
3307 4642 3433 4700 inde
3499 4639 3811 4696 concludit:

2210 4739 2464 4795 Ructatur
2499 4739 2716 4811 proinde
2756 4738 2819 4793 ab
2865 4739 3068 4794 homine
3096 4753 3217 4792 caro
3259 4727 3396 4804 ursi,
3430 4743 3577 4808 pasta
3605 4734 3670 4788 de
3719 4732 3816 4788 ho-

2209 4834 2345 4889 mine
2383 4831 2714 4905 (Tertullian.
2743 4831 3012 4904 Apologet.
3067 4847 3183 4902 cap.
3218 4830 3271 4888 9.
3309 4845 3430 4902 pag.
3461 4827 3613 4899 325),
3644 4839 3677 4882 a
3707 4839 3816 4898 quo

2211 4929 2372 5000 paulo
2403 4934 2557 4982 antea
2593 4926 2806 4982 occisus
2836 4924 3034 4982 fuerat.

2284 5021 2486 5078 Verum
2531 5018 2682 5076 hisce
2725 5017 3112 5090 gladiatoribus
3158 5015 3315 5088 longe
3354 5012 3702 5070 immaniores
3723 5011 3818 5069 alii

2209 5117 2398 5189 procul
2437 5115 2598 5171 dubio
2624 5123 2775 5170 erant
2802 5155 2817 5182 ,
2871 5113 2938 5169 de
2974 5113 3168 5184 quibus
3208 5111 3297 5166 ille
3332 5125 3439 5166 non
3477 5109 3548 5164 ita
3593 5107 3819 5180 quidem

2211 5211 2498 5274 afﬁrmate,
2539 5207 2634 5264 sed
2683 5205 2826 5262 hunc
2876 5204 3135 5260 duntaxat
3185 5204 3238 5259 in
3288 5202 3504 5258 modum
3527 5199 3772 5272 loquitur
3791 5193 3818 5254 ’τ

2209 5305 2372 5361 Aiunt
2416 5313 2464 5358 et
2488 5301 2626 5375 apud
2654 5300 2901 5372 quosdam
2926 5297 3137 5370 gentiles
3167 5297 3476 5370 Scytharum
3513 5295 3820 5380 defunctum

2213 5413 2458 5471 quemque
2496 5413 2529 5451 a
2565 5395 2671 5450 suis
2723 5393 2920 5447 comedi
2958 5391 3172 5465 (ΗΜ).
3218 5395 3288 5447 At
3311 5407 3442 5448 sane
3484 5388 3624 5447 istud
3670 5383 3820 5446 haud

2215 5493 2524 5549 dubitanter
2568 5487 2920 5562 pronuntiare
2960 5495 3188 5559 poterat.
3211 5485 3298 5542 Ex
3324 5487 3587 5544 Strabone
3634 5485 3817 5540 enima

2217 5599 2348 5642 vero
2393 5585 2653 5640 discimus
2707 5579 2948 5654 hospites
2997 5579 3300 5637 immolatos
3331 5574 3544 5636 fuisses
3573 5574 3819 5660 Scythis,

2219 5677 2315 5752 qui
2349 5675 2571 5738 illorum
2613 5685 2810 5737 carnes
2862 5671 3207 5780 maudpbant,
3251 5686 3315 5734 ac
3349 5671 3670 5774 poculorum
3696 5666 3835 5734 loco
