4050 6350
324 204 464 262 1029

1386 205 1837 265 DISSERTATIO
1875 209 1939 266 D.
1980 207 2070 266 LE
2110 204 2414 264 NOUBRY.

3482 201 3635 260 1050

320 304 609 393 uicbantur
634 337 822 379 eorum
850 322 1097 379 calvariis
1129 322 1329 395 (Strab.
1361 324 1448 379 lib.
1484 322 1577 380 VII
1620 322 1804 397 Geogr.
1854 344 1909 398 p.
1939 327 1992 388 Α
2019 323 2040 398 (
2070 324 2317 395 Athenag.
2397 322 2496 394 leg.
2563 335 2654 390 pro
2733 315 3041 392 Christian.)
3112 315 3312 391 aliique
3364 317 3626 376 Ecclesia:

320 414 477 489 298).
509 416 643 472 Tum
674 418 830 487 paulo
860 426 978 488 post
1003 417 1070 475 de
1091 417 1423 490 Massagetis,
1468 418 1789 491 Scytharum
1828 427 1922 474 aut

322 509 656 580 pepulis,aul
684 510 1018 577 \‘iCitIlSJltIBC
1044 522 1308 567 memorat
1330 529 1343 565 2
1372 518 1571 573 θάνιιτος
1601 516 1649 567 δὲ
1674 517 1920 581 νομίζεται

322 601 442 675 παρ’
465 608 629 664 αὐτοῖς
650 611 863 676 ἄριστος,
897 612 1011 661 ὃταν
1033 614 1322 679 γηρᾶσιντις
1341 623 1648 663 κιτικοοπῶσι
1669 611 1796 675 μετὰ
1830 623 1925 662 τῶν

324 705 615 768 «poemata-iv
634 716 774 769 apem
803 701 882 752 καὶ
908 705 1090 767 iuet/.415
1114 707 1331 772 βρωθῶσι
1360 716 1373 752 ε
1400 697 1583 753 Mortis
1604 678 1769 769 genus
1793 697 1925 766 Opti-

324 806 465 843 mum
514 799 734 858 censent,
792 791 836 847 si
878 791 1016 846 senio
1068 792 1284 861 confecti
1337 808 1453 845 cum
1498 790 1733 845 carnibus
1781 791 1925 845 ovilis

326 884 680 949 concidantur,
734 900 935 954 unaque
967 884 1266 939 decorentur
1325 882 1514 955 (Ibid.
1572 901 1693 955 pag.
1748 884 1855 939 513
1882 883 1925 954 ).

330 976 656 1033 Strabonem
689 993 818 1032 vero
846 979 1089 1048 sequitur
1115 978 1418 1042 Eusebius,
1471 977 1560 1048 qui
1615 976 1930 1048 Massagetis

329 1072 574 1142 adiunxit
600 1072 874 1144 Derbices,
904 1072 1227 1144 tradiditque
1254 1072 1322 1127 ab
1340 1071 1579 1141 utrisque
1600 1072 1927 1137 immolatos,

330 1180 469 1236 quos
521 1142 767 1219 cariores
788 1164 1075 1231 habebant,
1113 1142 1397 1234 :etatejam
1423 1162 1630 1219 effcetos
1659 1174 1929 1234 parentes,

330 1273 626 1328 eorumque
658 1272 786 1312 usos
813 1257 1066 1312 carnibus
1092 1298 1106 1322 ,
1139 1266 1391 1328 tauquam
1424 1257 1596 1326 epulis
1623 1256 1932 1311 lautissimis

341 1348 553 1421 (Euseb.
613 1350 701 1406 lib.
734 1347 801 1404 ΙΙΙ
833 1348 1069 1420 Prwpar.
1118 1348 1318 1423 Erang.
1350 1366 1464 1423 cap.
1495 1350 1549 1406 4.
1582 1366 1703 1425 pag.
1732 1348 1843 1420 11).
1877 1347 1934 1401 Si

337 1444 466 1514 quid
512 1459 639 1499 vero
682 1443 879 1499 clarius
917 1457 1231 1514 expressum
1255 1442 1555 1508 desideras,
1583 1442 1671 1497 adi
1706 1441 1933 1496 Plinium

344 1535 512 1607 (Plin.
544 1528 632 1591 lib.
656 1535 724 1592 Vl
760 1545 929 1591 natur.
976 1534 1117 1591 Hist.
1146 1553 1264 1607 cap.
1293 1536 1360 1592 17
1391 1536 1432 1608 ),
1461 1544 1515 1591 et
1554 1535 1645 1603 qui
1686 1550 1806 1590 eum
1847 1548 1937 1589 se-

343 1631 546 1703 quitur,
598 1631 839 1687 Solinum
883 1630 1077 1703 (Solin.
1122 1646 1238 1701 cap.
1276 1630 1362 1685 15.
1409 1646 1529 1700 pag.
1558 1628 1628 1685 54
1654 1626 1698 1698 ),
1729 1627 1818 1700 qui
1851 1627 1937 1682 di-

2024 420 2208 475 Patrcs
2255 416 2445 473 iisdem
2493 413 2723 472 ctlmicis
2774 412 3093 484 objecerint,
3139 412 3281 484 quod
3312 411 3380 469 ab
3408 412 3621 468 illorum

2023 509 2376 581 scriptoribus
2404 510 2576 580 palam
2604 507 3017 578 prtedicabatur,
3048 506 3192 562 hunc
3221 508 3395 578 ipsum
3434 506 3624 563 Jovem

2025 620 2090 659 ex
2111 612 2284 659 matre
2305 618 2424 670 sua,
2448 610 2502 657 et
2524 601 2631 656 filia
2662 600 2824 667 Core,
2857 615 2953 655 seu
2976 599 3298 671 Proserpina
3326 603 3630 672 suscepisse

2026 698 2251 753 liberas?
2268 697 2397 764 Quis
2423 695 2582 751 etiam
2610 694 2695 749 vel
2719 694 3045 764 primoribus
3074 694 3238 750 labris
3259 696 3433 751 editos
3460 710 3486 748 a
3506 710 3628 766 pro-

2029 790 2169 846 fanis
2218 789 2390 859 paetis
2446 787 2613 843 libros
2649 789 2845 859 attigit,
2895 803 2993 843 nec
3047 789 3191 844 illico
3232 788 3513 845 exhorruit
3561 788 3629 845 ab

2030 888 2137 944 illis
2166 886 2431 943 Junoncm
2460 883 2660 948 induci,
2701 900 2820 957 qua:
2851 900 2910 940 se
2942 884 3182 955 ejusdem
3220 883 3369 939 Jovis
3393 897 3634 939 sororem

2033 988 2086 1035 et
2142 993 2364 1035 uxorem
2411 992 2532 1033 esse
2574 976 2892 1047 jactitabat?
2943 976 3106 1048 Atqui
3155 982 3374 1046 μιμητὰς
3400 986 3529 1043 θεῶν,
3560 976 3639 1030 ait

2033 1073 2274 1128 Justinus
2325 1080 2547 1144 martyr,
2595 1080 2737 1127 καλὸν
2783 1071 3104 1131 tinearum;
3148 1078 3371 1142 ἡγοῦνται
3405 1089 3417 1124 ;
3454 1069 3641 1124 Omnes

2036 1166 2305 1239 pulchrum
2334 1175 2601 1220 autumant
2638 1182 2690 1219 se
2719 1165 2932 1218 deorum
2972 1181 3078 1218 esse
3106 1164 3386 1219 imitatores
3417 1161 3638 1233 (Justin.

2038 1262 2305 1333 Apologet.
2344 1259 2408 1333 l).
2437 1260 2689 1329 Quamvis
2718 1269 2895 1314 autem
2922 1257 3121 1312 ethnici
3144 1273 3203 1312 se
3254 1257 3401 1312 illum
3456 1270 3645 1312 revera

2041 1357 2276 1411 imitatos
2318 1354 2481 1409 fuisse
2521 1361 2853 1422 negassent,
2907 1352 3039 1404 vitio
3096 1361 3274 1405 tamen
3328 1348 3648 1404 Christianis

2042 1449 2170 1505 dare
2211 1465 2315 1503 non
2358 1455 2633 1519 poterant,
2673 1445 2813 1515 quod
2842 1460 2872 1499 a
2897 1443 3030 1500 Jove
3072 1458 3303 1509 summo,
3330 1450 3386 1497 ut
3413 1441 3646 1510 aiebant,

2045 1543 2365 1606 deo,actum
2385 1541 2710 1620 fatebantur.
2744 1539 2819 1593 De
2843 1538 2925 1592 his
2945 1552 3108 1608 porro
3164 1537 3307 1591 illius
3355 1534 3653 1591 sceleribus

2044 1653 2146 1693 nos
2175 1637 2308 1692 satis
2337 1650 2604 1707 superque
2654 1635 2707 1690 in
2736 1632 3106 1705 superioribus
3152 1633 3348 1688 nostris
3400 1631 3655 1688 disserta-

336 1736 481 1781 SCI‘lC
520 1724 788 1780 afﬁrmant
822 1724 1296 1797 antltrOpOphagos
1331 1738 1451 1779 esse
1481 1722 1730 1795 Scythas,
1763 1723 1944 1777 ltuma-
1972 1734 2020 1793 B
2056 1732 2290 1788 tionibus
2324 1731 2735 1801 disurtulavimus.

337 1820 416 1872 nis
480 1818 776 1889 corporibus
860 1828 1126 1873 vescentes.
1224 1818 1307 1872 Ab
1380 1816 1655 1873 Herodoto
1728 1830 1941 1887 quoque

341 1911 517 1965 disces
547 1909 962 1978 Melanchmnos,
983 1925 1013 1964 a
1042 1910 1189 1981 nigra
1224 1917 1374 1965 veste
1401 1909 1480 1964 sic
1500 1909 1692 1976 dictos,
1728 1908 1943 1981 Scytbi-

242 2034 247 2039 -
341 2008 419 2061 eis
449 2006 653 2061 vixisse
677 2007 952 2075 institutis,
986 2007 1278 2079 solitosque
1321 2021 1484 2062 carne
1524 2008 1671 2061 vesci
1710 2006 1944 2061 humana

342 2098 619 2173 (IIerodot.
656 2100 744 2154 lib.
777 2098 866 2154 Ν.
930 2099 959 2171 §
1010 2099 1156 2171 107).
1218 2099 1335 2155 lluc
1360 2100 1571 2156 accedit
1596 2100 1751 2165 Mela,
1783 2112 1943 2170 quem

347 2195 532 2251 audire
560 2196 766 2267 puteris
797 2194 913 2250 lucc
947 2203 1257 2249 narrantem
1288 2212 1299 2247 :
1335 2193 1534 2249 Pocula
1563 2203 1614 2247 nt
1658 2193 1946 2249 Essedones

347 2300 659 2363 parentum,
707 2289 778 2342 ita
846 2287 1315 2342 ininticissimorum
1346 2287 1616 2358 .capitibus
1662 2286 1946 2357 expoliunt.

347 2384 503 2457 Apud
543 2373 958 2454 antropOphagos
1015 2382 1141 2451 ipsa:
1181 2381 1332 2435 etiam
1370 2381 1534 2452 epulo:
1564 2381 1831 2435 visceribus
1857 2379 1952 2434 hu-

350 2481 515 2534 manis
565 2489 882 2552 apparantur
930 2475 1080 2549 (Mel.
1126 2476 1214 2532 lib.
1268 2476 1313 2533 ll
1358 2476 1423 2531 de
1473 2477 1574 2532 Sit.
1616 2476 1724 2532 arb.
1748 2493 1865 2548 cap.
1896 2477 1949 2533 1.

352 2590 471 2644 pag.
505 2570 625 2644 Ξῖ).

354 2650 361 2661 ⁸
402 2663 666 2719 Eusebius
686 2676 870 2735 porro,
888 2661 997 2732 jam
1016 2677 1044 2716 a
1061 2661 1217 2717 nobis
1233 2660 1704 2725 laudatus,ibidem
1724 2659 1957 2716 asseruit

355 2755 681 2827 Massagetas
726 2769 789 2809 ac
840 2754 1113 2819 Derbices,
1150 2756 1237 2810 ubi
1266 2754 1499 2825 primum
1536 2753 1846 2809 christiana:
1871 2767 1956 2808 re-

357 2848 540 2920 ligioni
569 2862 763 2903 nomen
790 2846 1076 2914 dederunt,
1105 2847 1172 2902 ab
1193 2846 1277 2902 his
1298 2847 1613 2904 discessisse
1642 2847 1767 2901 feris
1800 2846 1956 2900 inhu-

359 2941 637 3012 manisque
706 2940 944 2996 moribus
998 2939 1212 3009 (Euseb.
1267 2940 1365 2994 loc.
1423 2938 1860 3010 cit.).Caeterum
1900 2940 1957 2994 in

360 3045 544 3092 nostra
563 3034 627 3090 de
645 3033 852 3089 .‘llinutii
879 3033 1071 3089 Felicis
1101 3035 1235 3089 libro
1257 3033 1635 3090 dissertatione
1657 3031 1953 3103 (Dissertat.

2122 1826 2402 1880 Summqu
2440 1839 2627 1893 porro,
2659 1822 2741 1877 vel
2786 1822 2960 1893 potius
2999 1834 3208 1876 summe
3250 1820 3471 1891 impium
3503 1818 3653 1874 illum

2054 1920 2246 1976 Jovem
2278 1917 2622 1973 imitabantur
2656 1917 2836 1972 Persm
2856 1958 2869 1981 ,
2900 1933 3034 1987 quos
3057 1932 3170 1969 cum
3198 1915 3331 1979 suis,
3360 1915 3433 1969 ait
3460 1916 3661 1969 Auctor

2058 2021 2239 2069 noster
2259 2055 2272 2079 ,
2304 2011 2549 2066 matribus
2594 2011 2794 2065 misceri
2833 2009 3022 2064 Ctesias
3058 2008 3369 2064 testiﬁcatur
3399 2006 3661 2079 (Tertul-

2064 2107 2188 2161 lian.
2211 2148 2227 2173 ,
2258 2106 2547 2177 Apologet.,
2577 2120 2692 2174 cap.
2742 2102 2795 2170 9,
2830 2120 2949 2174 pag.
2982 2100 3134 2173 525).
3180 2100 3523 2171 Antiquiores
3550 2115 3664 2155 ma-

2062 2199 2319 2268 nuscripti
2351 2198 2516 2253 nostri
2545 2197 2761 2252 codices
2807 2194 3065 2262 Clitescas,
3120 2194 3171 2248 iu
3219 2194 3359 2248 libro
3388 2194 3452 2246 ad
3476 2192 3664 2248 Natio-

2056 2309 2152 2357 nes
2193 2292 2399 2346 Tltesias
2450 2291 2704 2360 scriptum
2753 2285 3189 2355 cxhibent(Lib.
3228 2285 3249 2340 I
3291 2286 3359 2340 ad
3407 2285 3660 2353 Nation.,

2056 2404 2173 2456 cap.
2212 2386 2278 2442 16
2299 2428 2313 2453 ,
2348 2403 2465 2457 pag.
2499 2385 2653 2456 581).
2686 2385 2760 2440 De
2781 2383 2883 2439 hoc
2910 2391 3086 2438 autem
3115 2382 3331 2437 nomine
3356 2379 3581 2447 Ctesias,
3614 2388 3670 2435 ct

2060 2479 2288 2536 nefando
2323 2479 2413 2534 illo
2454 2479 2741 2534 Persarum
2771 2476 2976 2533 scelere
2999 2477 3051 2530 in
3083 2476 3202 2530 aliis
3232 2472 3429 2530 nostris
3460 2473 3664 2529 disser-

2058 2574 2346 2630 tationibus
2375 2573 2581 2644 egimus
2642 2571 2831 2645 (Tom.
2874 2571 2892 2625 1
2926 2571 3179 2641 Apparet.
3201 2611 3217 2637 ,
3251 2586 3369 2641 pag.
3420 2568 3557 2624 1259
3582 2611 3594 2635 ,
3624 2577 3672 2624 et

2060 2668 2302 2734 Dissert.,
2335 2669 2388 2722 in
2414 2666 2630 2735 Arnob,
2653 2684 2770 2738 cap.
2794 2666 2887 2733 24,
2913 2674 3011 2721 art.
3042 2664 3098 2730 2;
3129 2675 3251 2719 tam.
3302 2664 3326 2719 Ι
3374 2666 3626 2737 Apparat.
3653 2705 3669 2733 ,

2061 2778 2180 2832 pag.
2215 2759 2374 2825 1239,
2412 2769 2456 2814 et
2487 2759 2688 2814 dissert.
2721 2761 2776 2812 in
2809 2757 3024 2822 Minnt.,
3051 2775 3168 2827 cap.
3198 2756 3290 2823 ΞΟ,
3324 2767 3421 2811 art.
3451 2756 3530 2829 2).

2133 2854 2268 2909 Τυηι
2292 2852 2485 2908 dehinc
2511 2851 2872 2907 'l‘ertullianus
2894 2849 3213 2905 Macedones
3242 2851 3291 2903 iu
3321 2863 3565 2920 magnam
3596 2849 3677 2903 in-

2062 2956 2241 3003 cestus
2276 2945 2635 3015 suspicionem
2663 2987 2677 3009 ,
2720 2953 2812 2998 aut
2849 2953 2997 2998 certe
3037 2941 3536 3011 comprobatiuncm
3582 2958 3715 2997 ven

2065 3040 2209 3094 uisse
2238 3037 2364 3093 hinc
2400 3037 2603 3108 colligit
2633 3052 2647 3089 :
2682 3033 2816 3101 Quia
2842 3050 2955 3088 cum
2982 3035 3235 3103 primum,
3269 3033 3472 3102 inquit,
3506 3030 3675 3088 Mdi-

361 3128 415 3183 iu
468 3118 684 3183 Minut.’
713 3125 898 3183 Octav.
939 3144 1057 3199 cap.
1107 3127 1163 3184 9.
1214 3137 1315 3181 art.
1371 3126 1453 3198 2),
1493 3135 1547 3182 et
1588 3126 1707 3183 aliis
1734 3125 1867 3181 locis
1890 3126 1958 3181 ibi
1989 3134 2034 3198 ρ
2069 3148 2191 3202 pum
2246 3128 2543 3200 tragtediam
2593 3126 2892 3190 audissent,
2944 3124 3165 3179 videntes
3219 3125 3396 3179 incesti
3449 3121 3678 3179 dolorem

364 3222 539 3279 citatis
562 3264 578 3288 ,
623 3220 960 3277 ostendimus
988 3221 1323 3276 Christianos
1353 3236 1622 3289 nunquam
1656 3218 1813 3290 hujus
1860 3233 1959 3272 an-

366 3314 756 3387 tr0puphagiae,
785 3314 881 3370 sed
907 3314 1053 3370 solos
1078 3314 1306 3384 gentiles
1328 3314 1504 3384 reipsa
1529 3311 1777 3370 conscios
1802 3311 1967 3368 fuisse

367 3421 423 3468 et
447 3424 591 3467 reos.

968 3514 1266 3555 ABTICULUS
1302 3515 1377 3554 Vl.

375 3595 543 3666 Quam
560 3593 821 3667 perspicue
841 3590 1188 3648 Tertullianus
1214 3592 1446 3648 ostendat
1464 3592 1780 3649 Christianos
1796 3591 1972 3647 secreti

446 3690 499 3744 in
528 3689 685 3743 sacris
707 3689 811 3743 suis
840 3686 1120 3759 synaxibus
1151 3687 1328 3742 incesti
1363 3686 1497 3757 falso
1514 3687 1697 3755 falsius
1718 3686 1970 3754 accusari,

447 3799 545 3854 quo
572 3782 782 3855 gentiles
804 3783 950 3837 Jovis
991 3781 1224 3853 exemplo
1277 3782 1452 3853 palam
1502 3799 1562 3837 ac
1586 3782 1772 3853 swpius
1799 3790 1977 3835 conta-

449 3874 798 3929 minabantur.

450 3967 787 4023 Manifestum
811 3965 1098 4036 unicuique
1120 3966 1228 4037 jam
1254 3966 1480 4023 fecimus
1500 3968 1715 4039 quibus,
1738 3984 1801 4024 ac
1816 3984 1977 4041 quam

380 4062 570 4118 validis
622 4064 888 4117 rationum
929 4064 1215 4117 ammentis
1264 4061 1624 4119 Tertullianus
1670 4073 1851 4118 noster
1890 4080 1981 4133 pe-

383 4156 529 4212 nitus
577 4155 860 4213 obtriverit
900 4156 1154 4212 insulsam
1209 4155 1364 4227 plane
1408 4155 1744 4235 ethnicorum
1774 4157 1979 4212 calum-

384 4252 551 4317 niam,
571 4266 676 4323 qua
694 4251 890 4307 ethnici
917 4251 1250 4308 Christianos
1281 4252 1461 4307 infami
1483 4253 1591 4307 suis
1619 4252 1670 4306 in
1694 4252 1985 4325 synaxihns

386 4346 594 4403 incestu
654 4347 1010 4403 contaminari
1092 4347 1558 4416 impudentissime
1646 4346 1983 4401 mentieban-

387 4448 498 4495 tur.
544 4440 662 4508 Quo
710 4440 854 4496 enim
914 4449 1071 4512 pacto
1126 4439 1200 4495 illi
1252 4455 1404 4495 sacra
1458 4454 1554 4495 sua
1595 4440 1850 4511 mysteria
1906 4439 1987 4493 in-

2068 3233 2231 3278 uam
2252 3222 2483 3277 dicebant
2508 3225 2574 3281 εἰς
2594 3234 2678 3283 τήν
2720 3226 2910 3289 μητερα
2938 3215 3284 3291 (Tertullian.
3312 3260 3326 3285 ,
3370 3218 3637 3289 Apologet.
3660 3260 3675 3284 ,

2070 3334 2185 3387 cap.
2217 3318 2283 3380 9,
2330 3332 2450 3385 pag.
2481 3312 2633 3384 525).
2664 3312 2853 3366 Mirum
2900 3319 3079 3365 autem
3123 3325 3282 3381 quam
3330 3321 3581 3381 corrupte
3626 3319 3683 3367 et

2072 3408 2222 3464 varie
2257 3407 2370 3461 bt‘ec
2398 3421 2571 3477 graeca
2590 3405 2753 3460 verba
2781 3405 2837 3459 in
2863 3402 3242 3474 manuscriptis
3264 3404 3460 3460 nostris
3472 3404 3679 3460 codici-

2074 3504 2197 3570 bus,
2221 3513 2273 3559 cl
2296 3502 2415 3556 aliis
2435 3500 2597 3557 editis
2616 3500 2817 3568 scripta
2843 3498 2969 3553 sint.
2992 3498 3045 3553 ln
3067 3497 3234 3552 tribus
3260 3500 3402 3553 enim
3423 3498 3681 3554 vetuSIio-

2076 3598 2225 3652 ribus
2253 3597 2445 3666 legitur
2473 3601 2731 3648 eAATNe
2777 3601 2877 3649 etc
2904 3598 3037 3646 ΤΗΝ
3071 3597 3382 3648 atumem
3422 3592 3509 3646 vel
3547 3596 3681 3644 ΤΗΝ

2078 3698 2359 3746 ΛΛῐΓρΡΛ
2379 3688 2431 3743 in
2454 3689 2575 3743 aliis
2593 3689 2803 3744 duobus
2834 3688 2990 3743 elline
3006 3690 3193 3742 cistena
3216 3686 3374 3759 ligera
3393 3702 3410 3739 :
3430 3684 3481 3740 in
3512 3686 3684 3756 prima

2080 3785 2315 3841 editione
2338 3782 2558 3838 Basilca:
2584 3781 3059 3852 3111101512,1¹μεεν
3088 3785 3154 3841 εὶς
3174 3793 3260 3843 τὴν
3280 3788 3483 3853 μητέρα.
3513 3778 3567 3833 1η
3600 3793 3686 3833 se-

2082 3878 2255 3936 cunda
2285 3893 2426 3932 anno
2459 3876 2599 3933 1528
2625 3919 2638 3943 ,
2674 3877 2866 3949 legitur
2903 3877 3216 3933 charactere
3272 3875 3438 3930 latino
3478 3882 3685 3929 tantum

2083 3989 2286 4038 emene,
2336 3980 2390 4026 ct
2430 3969 2543 4035 alia
2575 3970 2736 4026 verba
2768 3971 2968 4025 omissa
3004 3980 3148 4025 sunt.
3197 3969 3436 4039 Denique
3464 3971 3518 4025 in
3550 3968 3686 4023 libro

2088 4069 2153 4124 ad
2211 4067 2465 4123 Nationes
2514 4065 2691 4121 latinis
2728 4066 2890 4121 etiam
2946 4065 3141 4121 litteris
3187 4044 3456 4120 habetur':
3486 4063 3688 4119 Elaune

2087 4171 2169 4215 ten
2232 4172 2438 4215 metera.
2485 4160 2529 4215 A
2575 4158 2807 4214 librariis
2868 4158 3028 4230 igitur
3082 4173 3259 4229 grurce
3328 4158 3689 4213 nescientibus

2089 4264 2339 4325 corrupta
2385 4254 2602 4310 fuerunt
2626 4270 2797 4325 graeca
2841 4253 2931 4308 illa
2962 4254 3123 4309 verba
3151 4296 3164 4319 ,
3202 4269 3302 4310 nec
3332 4252 3492 4310 facile
3537 4253 3689 4310 dixe-

2092 4348 2165 4403 ris
2190 4389 2204 4412 ,
2250 4362 2369 4418 qua:
2409 4362 2597 4417 reapse
2636 4364 2665 4401 a
2719 4346 3052 4403 Tcrtulliano
3081 4346 3278 4416 scripta
3305 4346 3431 4402 sint.

2164 4439 2527 4497 Gothofredus
2557 4448 2731 4508 tamen
2757 4482 2771 4503 ,
2808 4440 2895 4509 qui
2925 4441 3127 4510 primus
3157 4438 3321 4495 hosce
3361 4440 3525 4494 libros
3555 4439 3693 4511 typis

390 4544 541 4592 cestu
602 4546 711 4589 tam
760 4549 905 4604 saepe
978 4535 1205 4605 repetito
1256 4535 1603 4605 coinquinare
1650 4534 1982 4600 voluissent,
2010 4534 2330 4607 Dcdendos
2380 4535 2623 4601 curavit,
2670 4534 2847 4590 nullus
2892 4535 3047 4604 plane
3092 4533 3299 4615 dubitat
3344 4549 3524 4589 veram
3572 4550 3694 4590 esse

391 4630 485 4701 qui
530 4641 853 4701 praeceptam
878 4628 979 4683 sibi
1008 4644 1035 4683 a
1067 4629 1281 4685 ChriSIo
1320 4632 1607 4702 conjugum
1658 4632 1982 4696 castitatem,

392 4734 485 4779 aut
510 4736 824 4796 perpetuam
856 4722 1243 4794 virginitatem,
1276 4725 1488 4781 tametsi
1516 4739 1624 4781 non
1647 4724 1984 4795 imperatam,

395 4832 643 4884 summo,
691 4819 831 4873 sicut
860 4817 988 4873 alibi
1023 4817 1390 4888 patefecimus,
1440 4818 1617 4874 studio
1663 4816 1989 4874 servabant?

397 4908 599 4967 Verum
628 4927 690 4967 ea
723 4921 898 4965 tamen
925 4909 1026 4966 fuit
1057 4910 1395 4967 ethnicorum
1434 4910 1762 4981 impudentia
1786 4952 1800 4975 ,
1836 4918 1892 4966 ut
1912 4910 1991 4965 eis

399 5004 689 5062 falsissime
730 5004 1067 5075 obiectarent
1096 5004 1288 5061 secreti
1318 5005 1554 5059 incestus
1592 5006 1821 5070 crimen,
1849 5003 1993 5075 quod

402 5102 579 5171 reipsa
608 5099 676 5159 ab
703 5100 805 5155 illis
832 5099 963 5170 ipsis
989 5114 1095 5156 non
1120 5099 1293 5154 solum
1321 5096 1549 5164 occulte,
1579 5096 1677 5154 sed
1706 5098 1815 5152 luce
1831 5097 1990 5164 omni,

404 5205 464 5250 ut
507 5195 583 5250 ait
627 5180 993 5251 Tertullianus
1013 5234 1031 5261 ,
1090 5202 1136 5249 et
1175 5204 1318 5248 nocte
1369 5194 1528 5259 omni,
1563 5209 1624 5247 ac
1654 5201 1757 5247 toto
1797 5192 2000 5249 conscia

407 5290 533 5345 ctelo
580 5287 930 5363 (Tertullian.
962 5288 1051 5344 lib.
1080 5287 1120 5345 1.
1153 5290 1221 5343 ad
1251 5288 1424 5354 Nati.,
1457 5304 1572 5359 cap.
1605 5286 1694 5343 16.
1732 5305 1784 5359 p.
1819 5287 1946 5357 581)
1978 5329 1993 5355 ,

412 5391 517 5439 tam
558 5383 775 5453 impune
822 5399 982 5455 quam
1024 5384 1280 5439 audacter
1323 5382 1751 5454 perpetrabatur.
1802 5380 2000 5449 Quidni

411 5489 540 5535 vero
577 5485 782 5532 tantum
810 5475 987 5532 scelus
1013 5485 1449 5546 perpetrassent,
1486 5490 1643 5547 quos,
1687 5484 1742 5529 ut
1770 5473 2001 5544 illejnre

413 5584 633 5641 prorsus
661 5569 853 5625 merito
875 5578 1049 5640 urget,
1079 5566 1283 5640 Jupiter
1310 5571 1418 5641 ipse
1444 5569 1614 5623 docuit
1645 5568 1837 5641 (Idem,
1866 5567 2003 5638 Apo-

416 5662 569 5736 loget.
598 5680 712 5735 cap.
743 5663 797 5720 9.
827 5681 947 5735 pag.
970 5663 1123 5736 525),
1149 5679 1247 5721 suo
1273 5663 1524 5721 videlicet
1559 5662 1804 5735 exemplo
1827 5664 2004 5719 inces-

416 5761 503 5816 tus
528 5754 742 5816 facere?
768 5754 898 5827 Quis
921 5756 1065 5816 enim
1094 5754 1265 5817 nescit
1291 5772 1451 5830 quam
1477 5771 1604 5819 vere
1627 5754 2004 5829 Athenagoras

2095 4628 2232 4684 hanc
2299 4629 2652 4700 posteriorem
2709 4626 3033 4699 Agabardini
3104 4627 3307 4683 codicis
3366 4629 3689 4697 lectionem,

2095 4734 2252 4794 atque
2293 4724 2363 4778 ab
2404 4722 2593 4779 eodem
2621 4722 2949 4777 Tertulliano
2974 4724 3165 4794 gt'tccis
3195 4723 3385 4779 litteris
3414 4722 3692 4794 scriptum,

2096 4827 2253 4873 ἔλαυνε
2295 4822 2361 4880 εὶς
2392 4831 2476 4879 τὴν
2505 4826 2693 4889 ματέρα.
2725 4835 2737 4870 :
2768 4816 3031 4888 Rigaltins
3087 4832 3214 4872 vero
3265 4812 3325 4873 in'
3347 4818 3578 4889 antiquis
3606 4833 3697 4874 co—

2097 4912 2305 4968 dicibus
2354 4912 2613 4982 scriptum
2663 4911 2876 4976 asserit,
2915 4917 3077 4964 tamen
3116 4913 3182 4971 εἰς
3215 4921 3300 4967 Th
3339 4920 3541 4983 μητέρα.
3590 4910 3697 4968 Sed

2098 5008 2189 5079 qui
2220 5004 2271 5061 hi
2301 5005 2513 5061 codices
2537 5047 2552 5070 ,
2580 5013 2635 5059 et
2666 5011 2841 5058 utrum
2871 5017 2900 5057 a
2931 5002 3128 5057 nostris
3158 5001 3355 5059 diversi
3387 5002 3495 5058 sint
3517 5047 3531 5071 ,
3561 5002 3699 5059 indi-

2100 5116 2223 5158 care
2264 5099 2509 5156 debebat.
2543 5097 2675 5152 Nam
2718 5104 2916 5167 prazter
2955 5093 3066 5167 jam
3117 5104 3348 5162 notatos,
3392 5105 3446 5152 et
3485 5111 3514 5150 a
3546 5095 3698 5152 nobis

2100 5196 2271 5251 lectos
2300 5193 2515 5249 codices
2548 5190 2751 5245 nullum
2771 5188 2931 5242 alium
2963 5187 3167 5256 habuit,
3189 5189 3280 5245 sed
3306 5190 3563 5262 quasdam
3589 5198 3701 5246 tan-

2106 5299 2213 5344 tum
2242 5303 2348 5343 non
2378 5285 2597 5340 munino
2620 5294 2797 5339 certas
2814 5281 3108 5338 Fuldenses
3141 5283 3416 5340 lectiones.
3445 5277 3546 5340 Sed
3574 5285 3702 5357 quid

2107 5382 2172 5437 de
2213 5395 2511 5451 gimcorum
2555 5377 2840 5432 verbormn
2872 5418 2885 5442 ,
2933 5392 2962 5432 a
3013 5375 3245 5433 librariis
3288 5388 3698 5449 corruptorum,

2106 5490 2231 5528 vera
2273 5472 2498 5527 lectione
2537 5479 2774 5524 statuere
2810 5468 3032 5539 poteris,
3066 5468 3166 5525 nisi
3200 5485 3360 5526 sanos
3388 5471 3602 5527 codices
3630 5470 3700 5527 ad

2109 5584 2325 5624 manum
2370 5564 2615 5620 habeas?
2657 5563 2915 5635 Expende
2953 5573 3133 5620 tamen
3171 5573 3344 5620 utrum
3390 5564 3703 5622 Tertulliani

2110 5676 2302 5718 sensus
2331 5658 2668 5731 exprimatur
2694 5640 2778 5712 his
2804 5655 2981 5714 latinis
3012 5657 3191 5714 verbis
3222 5676 3234 5712 :
3260 5658 3365 5732 Age
3390 5658 3487 5714 duc
3513 5658 3566 5715 in
3594 5677 3705 5716 nias

2111 5760 2255 5813 trem.
2286 5750 2419 5812 Nam
2452 5749 2788 5813 introductus
2816 5748 2872 5811 ia
2901 5765 3117 5812 scenam
3147 5748 3386 5828 tEdipus
3413 5766 3510 5813 rex
3539 5750 3704 5813 bella-
