4076 6356
388 250 525 321 1031

1452 250 1519 320 ΙΝ
1557 261 2024 321 TERTULLIANI
2062 265 2594 326 APOLOGETICUM

3566 259 3613 327 4
3626 262 3793 327 032

387 392 476 439 tor
505 398 628 439 cum
657 382 948 454 ﬁngeretur
976 380 1107 437 ﬁere
1139 381 1396 437 incestum
1417 423 1432 448 ,
1466 398 1625 453 quem
1656 398 1780 439 eum
1814 394 1986 440 matre
2016 387 2067 445 A
2098 387 2215 451 iter,
2249 387 2666 457 prtetereuntibus
2693 396 2903 454 tractus,
2927 388 3079 445 domo
3106 390 3310 446 excidit.
3338 390 3444 460 Qui
3462 408 3608 447 eum
3640 406 3789 443 nas-

389 475 594 533 inscius
638 476 868 537 fecerat,
905 482 1015 530 tum
1044 473 1360 530 Macedones
1390 474 1531 547 hunc
1570 475 1813 531 bellicosi
1843 477 1986 548 regis

388 566 575 624 ﬂetum
623 567 965 630 deridentes,
1013 566 1114 621 hoc
1162 566 1388 622 dicterio
1432 576 1773 639 pupugerunt
1818 586 1831 622 :
1882 570 1987 641 Age

389 660 488 715 duc
531 662 584 715 in
615 669 860 724 matrem,
891 660 1042 729 quasi
1073 659 1416 729 mctropolim
1460 659 1745 730 quamdam
1765 696 1769 699 -
1792 660 1986 717 subac-

391 764 560 810 turus.
595 753 748 809 llunc
770 762 951 809 autem
974 768 1096 809 esse
1124 755 1371 809 Auctoris
1400 754 1566 808 nostri
1599 768 1815 809 sensum
1847 754 1985 831 haud

388 846 571 918 inepte
600 846 781 901 forsan
810 846 985 916 colligi
1013 855 1189 916 potest
1208 862 1272 901 ex
1301 845 1442 900 illius
1459 846 1527 899 ad
1550 844 1798 902 Nationes
1826 847 1983 915 libro,

389 941 478 997 ubi
508 942 624 997 haec
653 940 870 996 uberius
897 926 1088 1011 hisque
1118 939 1297 996 verbis
1326 939 1564 1010 explicat
1595 956 1607 992 :
1639 938 1765 993 Cum
1794 940 1987 1009 primus

386 1050 593 1090 scenam
633 1050 808 1088 eorum
854 1032 1202 1089 Macedonum
1252 1031 1503 1103 OEdipus
1540 1033 1746 1086 intravit
1772 1073 1787 1099 ,
1829 1033 1986 1086 truci-

389 1126 544 1182 datus
570 1126 764 1193 oculos,
794 1126 900 1180 risit
926 1142 987 1179 ac
1012 1125 1180 1180 derisu
1212 1134 1527 1196 exceperant.
1563 1124 1840 1197 Tragtedus
1868 1142 1989 1179 con-

388 1230 680 1287 sternatus,
718 1229 939 1275 retracta
980 1234 1233 1289 persona,
1284 1217 1563 1287 numquid,
1608 1218 1715 1285 ait,
1757 1216 1985 1285 domini,

390 1311 632 1382 displicui
679 1311 862 1368 vobis?
911 1309 1299 1380 Responderunt
1370 1308 1678 1365 Macedones
1716 1325 1734 1364 :
1771 1308 1887 1364 Ima
1934 1321 1986 1363 tu

390 1406 594 1477 quidem
609 1405 821 1476 pulchre
841 1404 1262 1475 (tuanuscriptus
1306 1404 1477 1461 codex
1526 1405 1803 1476 pulcher).
1862 1403 1988 1460 Inde

391 1490 572 1555 autem
602 1501 681 1554 sic
717 1506 1121 1568 argumentatur
1153 1516 1166 1552 :
1195 1499 1296 1552 Aut
1324 1501 1543 1568 scriptor
1570 1500 1874 1554 vanissimas
1897 1543 1912 1567 ,
1945 1501 1989 1554 si

391 1594 581 1665 ﬁnxit;
609 1604 694 1648 aut
722 1592 955 1665 αἰώρας
1000 1593 1404 1648 dementissimus
1422 1636 1437 1660 ,
1466 1594 1509 1649 si
1538 1596 1609 1649 ita
1648 1597 1766 1666 fecit
1797 1610 1815 1649 :
1840 1604 1990 1666 atque

393 1687 576 1741 exinde
610 1686 740 1741 alter
779 1687 848 1740 ad
884 1687 1100 1741 alterunt
1124 1728 1139 1753 ,
1183 1687 1361 1742 elaune
1404 1698 1485 1743 ten
1520 1698 1711 1743 matera
1751 1688 1990 1743 dicebatis

2094 481 2267 535 trierat
2288 482 2559 550 graculus,
2603 481 2681 536 uel
2709 498 2741 535 a
2770 482 2959 544 limine,
2988 482 3212 554 gra'culo
3240 499 3378 538 more
3402 489 3787 556 captavero!

2091 572 2307 628 intrans.
2333 572 2469 628 Inde
2493 583 2715 628 mutatus
2737 572 2928 647 (Ibid.,
2950 577 3097 643 etc.).
3119 574 3223 643 Sed
3244 574 3390 646 plura
3414 575 3485 631 ibi
3509 574 3782 631 redar—

2089 676 2323 734 guuntur
2362 664 2563 719 librarii
2607 675 2807 721 errata.
2840 665 3076 721 Primum
3118 666 3262 721 enim
3294 666 3530 737 Rigaltio
3582 681 3778 737 per-

2090 770 2308 811 suasum
2338 755 2476 811 adeo
2497 754 2613 823 fuit,
2641 772 2735 827 pro
2758 766 2981 823 senatus,
3009 756 3080 812 ibi
3109 756 3393 829 legendum
3421 768 3655 821 reatus,
3696 766 3780 812 ut

2092 852 2224 907 illud
2258 853 2556 924 reposuerit
2592 855 2643 909 in
2682 856 2799 925 ipso
2838 854 3149 911 Tertulliani
3180 863 3349 911 textu.
3395 854 3627 911 Deinde
3669 869 3773 910 ex

2091 960 2158 1002 eo
2186 950 2452 1003 resecavit
2488 948 2603 1004 hsce
2629 950 2790 1004 verba
2823 969 2837 1006 :
2877 949 2976 1016 Qui
3005 967 3119 1004 eum
3149 950 3397 1005 nutrierat
3418 991 3435 1017 ,
3478 958 3535 1006 et
3592 948 3768 1005 hac

2091 1042 2168 1095 uel
2192 1056 2223 1093 a
2243 1040 2417 1097 limine
2441 1061 2454 1094 :
2484 1058 2549 1098 ac
2569 1055 2827 1113 praeterea
2856 1061 2873 1094 ι
2887 1044 3078 1099 erbum
3098 1044 3319 1109 intrans,
3341 1042 3761 1099 auferendum

2092 1133 2267 1190 adhuc
2309 1136 2618 1192 arbitratur.
2659 1137 2852 1193 Prinne
2891 1148 3068 1192 autem
3116 1136 3510 1193 emendationis
3555 1135 3764 1191 hanc

2098 1227 2255 1283 affert
2287 1229 2582 1295 rationem;
2613 1230 2734 1299 quia
2762 1229 2876 1286 lucc
2899 1245 3086 1287 caussa
3114 1232 3157 1285 si
3189 1247 3216 1283 a
3240 1241 3429 1286 senatu
3453 1230 3755 1302 jndicata

2093 1320 2314 1388 fuisset,
2345 1339 2378 1380 a
2404 1323 2671 1380 Fusciano
2696 1340 2800 1380 non
2831 1324 3014 1381 debuit
3042 1325 3271 1393 amplius
3292 1324 3543 1395 judicari.
3575 1323 3739 1380 Po-

2094 1417 2198 1473 tius
2224 1418 2403 1489 itaque
2433 1418 2714 1489 legendum
2744 1416 3011 1474 Fuseiano
3024 1419 3262 1490 judicata
3278 1408 3552 1488 punitione
3578 1434 3749 1473 rea-

2094 1521 2197 1564 tus.
2228 1508 2339 1565 Nec
2366 1526 2555 1582 parum
2584 1510 2798 1581 quidem
2830 1511 3121 1581 probabilis
3162 1510 3372 1567 videtur
3404 1510 3522 1566 ha'c
3559 1527 3749 1567 con-

2089 1600 2317 1672 jectura.
2350 1601 2489 1671 Quid
2522 1612 2701 1659 tamen
2730 1604 2775 1659 si
2805 1602 3001 1674 aliquid
3025 1603 3095 1659 ibi
3117 1603 3290 1669 desit,
3324 1615 3377 1659 et
3409 1604 3747 1660 Tertullia-

2096 1710 2196 1749 nus
2222 1694 2525 1766 signiﬁcare
2552 1696 2783 1761 voluerit
2806 1697 3126 1751 sententiam
3155 1696 3402 1752 Fusciani
3436 1712 3466 1752 a
3503 1709 3742 1753 senatu

393 1778 414 1850 (
439 1776 676 1846 Tertull.,
710 1778 797 1833 lib.
831 1778 853 1833 Ι
896 1780 965 1833 ad
997 1778 1171 1849 Nati.,
1201 1797 1318 1852 cap.
1350 1781 1417 1836 l6
1440 1825 1454 1848 ,
1486 1800 1604 1853 pag.
1641 1782 1793 1854 581).
1823 1782 1990 1839 Audis
2020 1786 2068 1845 B
2097 1790 2372 1860 probatam
2398 1789 2605 1862 fuisse?
2632 1793 2702 1845 At
2742 1790 2854 1861 ipse
2880 1789 3144 1861 Rigaltius
3175 1791 3328 1847 nobis
3355 1805 3461 1845 non
3488 1789 3686 1846 edixit
3710 1832 3735 1862 ,

392 1887 523 1928 sane
562 1871 947 1928 Tertullianum
990 1884 1296 1930 narrantem
1328 1890 1356 1927 a
1387 1873 1765 1930 Macedonibus
1815 1876 1988 1945 primo

392 1965 606 2036 quidem
649 1966 761 2021 risu
806 1980 870 2021 ac
902 1964 1083 2021 derisu
1123 1976 1405 2037 exceptum
1442 1965 1607 2022 fuisse
1642 1976 1985 2037 personatum

392 2055 656 2127 (Edipum
684 2098 700 2125 ,
744 2072 904 2128 quem
954 2067 1131 2113 tamen
1179 2057 1279 2113 sibi
1326 2074 1432 2114 non
1478 2059 1763 2130 displicere
1806 2069 1988 2129 postea

392 2150 629 2208 confessi
669 2163 793 2207 sunt
821 2169 835 2207 :
868 2161 977 2206 tum
1002 2150 1199 2207 deinde
1237 2167 1421 2208 secum
1464 2154 1834 2224 colloquentes
1875 2153 1990 2208 lucc

391 2247 627 2303 vicissim
679 2247 963 2319 protulisse
1004 2249 1167 2304 verba
1212 2247 1416 2303 Elaune
1473 2260 1554 2304 ten
1599 2258 1806 2304 metera.
1859 2248 1989 2317 Quae

392 2339 607 2411 quidem
635 2341 678 2394 si
707 2341 937 2411 genuina
965 2340 1070 2395 sint
1091 2381 1108 2407 ,
1142 2340 1224 2396 his
1250 2341 1601 2413 signiﬁcatur,
1628 2341 1854 2395 alterum
1877 2357 1991 2396 ma-

392 2432 654 2487 eedouem
685 2432 886 2487 dixisse
916 2431 1073 2487 alteri
1101 2450 1113 2487 :
1144 2432 1320 2501 Agite,
1354 2431 1545 2504 instiga
1566 2475 1581 2501 ,
1608 2432 1823 2490 stimulo
1846 2473 1862 2500 ,
1894 2434 1992 2488 im-

393 2525 532 2595 pelle
561 2535 786 2581 matrem
813 2567 827 2591 ,
860 2535 913 2581 et
945 2525 1152 2581 imitare
1183 2526 1477 2597 (Edipum.
1521 2527 1601 2584 Eo
1644 2535 1786 2585 enim
1827 2544 1991 2586 sensu

394 2618 616 2673 verbum
673 2624 847 2673 ἰλαῦνω
897 2618 966 2674 ab
995 2619 1355 2689 Aristophane
1394 2620 1699 2693 (Aristoph.
1723 2663 1737 2687 ,
1770 2620 1989 2690 Electr.,

394 2725 447 2767 ν.
498 2712 603 2767 755
627 2721 675 2766 et
706 2711 813 2767 740
833 2711 875 2784 ),
909 2713 1161 2779 llomero,
1193 2723 1249 2769 et
1274 2713 1397 2769 aliis
1424 2715 1615 2785 graecis
1643 2715 1994 2786 scriptoribus

396 2804 679 2874 accipitur.
696 2806 925 2875 Quoquo
952 2814 1130 2861 autem
1163 2806 1329 2861 verbo
1356 2821 1484 2862 usus
1512 2807 1581 2861 sit
1610 2805 1992 2877 Tertullianus,

395 2912 463 2954 eo
501 2899 658 2969 plane
698 2897 884 2954 incesti
932 2899 1070 2954 haud
1119 2900 1391 2956 immerito
1429 2901 1602 2972 arguit
1639 2899 1988 2968 Macedones,

397 2993 489 3064 qui
518 2992 643 3048 illud
670 3001 761 3048 aut
791 2992 845 3048 in
875 2991 1089 3065 (Edipo
1111 2994 1500 3061 laudaverunt,
1553 3005 1645 3050 aut
1669 2996 1785 3066 ejus
1812 3010 1996 3051 exem-

397 3087 490 3160 plo
517 3088 581 3143 ad
614 3088 1023 3163 perpetrandum
1050 3103 1169 3144 sese
1192 3089 1416 3145 invicem
1444 3089 1827 3161 provocabunt.

2091 1896 2189 1938 cur
2214 1899 2277 1939 ex
2324 1883 2571 1938 Auctoris
2601 1884 2769 1938 nostri
2816 1894 2959 1939 textu
3004 1884 3212 1954 penitus
3250 1883 3529 1940 abstulerit
3571 1883 3724 1940 hsce

2093 1979 2254 2034 verba
2284 1996 2296 2031 ε
2332 1978 2433 2046 Qui
2464 1995 2580 2033 eum
2622 1978 2886 2033 nutrierat.
2928 1977 3196 2048 Numquid
3243 1978 3313 2032 ibi
3347 1987 3452 2033 tam
3488 1978 3732 2035 inutilia

2092 2080 2220 2128 sunt
2242 2112 2258 2139 ,
2291 2080 2349 2126 ut
2378 2070 2593 2125 nemine
2630 2072 2836 2125 monito
2856 2111 2870 2135 ,
2912 2069 3173 2140 amputari
3200 2067 3523 2126 debuerint?
3545 2068 3729 2125 Non-

2094 2179 2162 2219 ne
2191 2172 2377 2234 postea
2404 2161 2540 2218 dixit
2573 2177 2589 2217 ε
2625 2162 2876 2217 Alumnns
2911 2161 2962 2215 in
2995 2160 3260 2229 pueritia?
3290 2161 3528 2231 Denique
3554 2159 3678 2215 ista
3702 2202 3723 2225 ,

2093 2256 2171 2312 vel
2195 2272 2227 2310 a
2256 2255 2430 2310 limine
2449 2298 2463 2322 ,
2490 2264 2543 2311 et
2573 2255 2769 2309 intrans
2788 2297 2803 2321 ,
2831 2254 3162 2320 detrahenda
3189 2254 3492 2323 suspicatur
3515 2294 3531 2318 ,
3572 2254 3723 2324 quia

2095 2349 2363 2420 posterius
2394 2348 2587 2418 prioris
2618 2348 2982 2415 interpretatio
3007 2354 3112 2404 est.
3142 2347 3250 2403 Sed
3276 2347 3345 2403 de
3376 2347 3460 2402 his
3486 2347 3579 2402 alii
3602 2346 3721 2419 ju-

2093 2440 2292 2497 dicent.
2324 2438 2487 2497 Nobis
2514 2449 2691 2494 autem
2720 2440 2765 2494 si
2792 2438 3110 2509 conjiciendi
3135 2439 3285 2495 locus
3311 2439 3531 2495 daretur
3548 2481 3565 2508 ,
3598 2454 3718 2511 pro

2096 2531 2183 2588 his
2209 2531 2390 2588 verbis
2433 2548 2726 2603 progressus
2768 2532 2893 2590 iter.
2934 2531 3213 2601 legendum
3256 2531 3715 2602 suspicarentur,

2097 2640 2395 2696 progressus
2424 2640 2579 2695 puer,
2610 2623 2678 2679 de
2706 2640 2815 2694 quo
2837 2624 3087 2678 nimirum
3119 2622 3189 2678 ibi
3219 2624 3427 2696 agitur,
3458 2634 3514 2680 et
3540 2624 3711 2697 cujus

2096 2718 2324 2790 pueritia
2352 2718 2512 2789 paulo
2543 2726 2664 2787 post
2693 2725 3044 2772 memoratur.

2169 2811 2518 2881 Quantumvis
2547 2818 2727 2865 autem
2764 2809 3084 2879 depravatus
3120 2809 3189 2864 sit
3235 2808 3321 2864 hic
3363 2807 3545 2876 locus,
3586 2824 3707 2864 non

2099 2912 2277 2959 tamen
2302 2905 2477 2958 minus
2496 2911 2641 2957 certa
2667 2911 2750 2957 est
2782 2901 2937 2972 hujus
2966 2901 3149 2956 nefarii
3181 2902 3414 2957 incestus
3442 2901 3703 2957 historia.

2101 2996 2268 3051 Recte
2310 3010 2439 3066 ergo
2482 2995 2752 3051 concludit
2806 2994 2931 3049 inde
2961 2994 3323 3049 Tcrtulliauus
3354 2994 3534 3064 plures
3561 2995 3707 3050 alios

2100 3089 2266 3145 fuisse
2294 3100 2541 3159 parentes
2566 3088 2808 3157 ejusdem
2842 3102 2963 3144 reos
2994 3089 3254 3154 criminis,
3285 3089 3424 3159 quod
3477 3088 3706 3160 quidem

473 3180 710 3251 Denique
740 3195 846 3236 non
886 3181 1032 3235 solos
1058 3179 1374 3236 Macedones
1394 3221 1408 3244 ,
1438 3182 1532 3238 sed
1561 3182 1832 3252 quoslibet
1858 3181 1993 3237 alios
2020 3184 2066 3247 C
2099 3184 2221 3254 quia
2248 3182 2515 3238 occultum
2548 3183 2676 3245 fuit,
2710 3180 2916 3235 debitas
2943 3182 3115 3251 culpa:
3154 3181 3481 3251 graviSsimrc
3511 3194 3706 3251 poenas

397 3273 559 3330 etiam
586 3274 831 3329 ethnicos
872 3272 1030 3344 hujus
1058 3271 1241 3345 ﬂagitii
1272 3273 1522 3332 conscios
1550 3287 1671 3328 esse
1717 3274 1840 3329 inde
1866 3288 1997 3330 con-

401 3368 599 3432 vincit,
628 3367 771 3439 quod
800 3366 961 3434 ﬁlios,
995 3366 1069 3421 uti
1105 3367 1341 3423 diximus
1363 3408 1379 3435 ,
1423 3382 1615 3423 recens
1644 3375 1799 3422 natos
1826 3358 2013 3437 espo-_

399 3472 610 3519 nerant.
643 3462 899 3518 Parentes
924 3460 1186 3532 siquidem
1226 3461 1347 3515 illos
1385 3460 1574 3515 aliena:
1614 3459 1998 3515 misericordia:

398 3562 556 3610 antea
587 3553 880 3623 expositos.
909 3565 1092 3623 postea
1125 3567 1229 3607 non
1259 3551 1645 3622 agnoscebant,
1666 3566 1763 3605 nec
1791 3549 1861 3604 ab
1890 3551 1995 3604 illis

398 3647 849 3721 agnoscebautor.
879 3646 1202 3717 Plerumque
1234 3646 1392 3717 igitur
1419 3644 1784 3716 contingebat,
1815 3654 1872 3699 ut
1899 3643 1999 3699 hac

399 3736 743 3814 ignoratione
784 3738 1053 3797 libidinosi
1108 3738 1179 3793 illi
1231 3748 1480 3808 parentes
1524 3748 1768 3808 stuprum
1819 3737 1997 3791 inces-

400 3846 621 3908 tumque
660 3835 784 3892 ﬁliis
827 3834 941 3889 suis
983 3832 1243 3889 inferrent
1270 3832 1290 3903 (
1321 3831 1619 3888 Tertullian.
1642 3873 1658 3897 ,
1684 3831 1954 3904 Apologet.
1978 3873 1995 3901 ,

308 3952 323 3969 ί
399 3947 516 4002 cap.
548 3930 604 3994 9,
631 3944 752 4001 pag.
780 3928 912 3990 526s
958 3937 1006 3982 et
1033 3927 1120 3982 lib.
1153 3925 1176 3982 Ι
1211 3926 1279 3981 ad
1307 3924 1547 3990 Nation.,
1575 3943 1691 3997 cap.
1723 3925 1813 3993 16,
1870 3943 1997 3998 pag.

401 4023 509 4080 582
542 4025 583 4093 ).
627 4004 1019 4078 lufaustiss‘l'l'no
1070 4032 1247 4077 autem
1286 4019 1340 4075 id
1392 4020 1754 4076 Tertulliauus
1808 4020 2000 4089 probat

401 4115 650 4186 exetuplo
676 4157 692 4181 ,
728 4115 868 4185 quod
916 4115 1073 4183 paulo
1112 4123 1395 4183 antequam
1438 4114 1608 4169 libros
1645 4113 1715 4167 ad
1747 4111 1999 4169 Nationes

400 4209 807 4274 conscriberet,
854 4195 1139 4278 atque,\uti
1188 4206 1437 4271 videtur,
1490 4205 1789 4276 imperante
1830 4204 1995 4260 Com-

403 4302 584 4367 modo,
621 4299 805 4355 Roma:
834 4298 1126 4355 acciderat.
1159 4298 1293 4354 Tum
1323 4298 1466 4354 enim
1497 4298 1795 4354 Fuscianus
1815 4337 1830 4361 ,
1861 4298 2002 4352 sicut

402 4395 493 4450 ille
541 4394 652 4459 ait,
688 4391 817 4449 Urbi
863 4391 1146 4463 przefectus
1183 4401 1334 4460 erat,
1376 4407 1497 4448 cum
1528 4408 1659 4464 puer
1686 4391 1901 4462 quidam
1931 4407 2000 4447 ex

402 4501 641 4562 paterna:
675 4489 870 4546 domus
912 4488 1095 4543 limine
1146 4503 1417 4559 egressus,
1467 4491 1671 4558 rapitur
1698 4503 1728 4542 a
1763 4487 2000 4559 grteculo

2099 3273 2419 3344 eﬂ‘ugcrunt.
2452 3273 2583 3342 Quis
2626 3288 2784 3341 porro
2824 3270 3141 3326 difﬁtelntur
3180 3288 3285 3327 non
3323 3288 3389 3328 ex
3433 3274 3533 3326 hac
3574 3280 3706 3327 tan-

2103 3374 2214 3421 tum
2247 3365 2465 3430 historia
2487 3406 2502 3431 ,
2527 3358 2620 3419 sed
2644 3364 2888 3434 plurimis
2936 3363 3057 3417 aliis
3087 3364 3345 3432 exemplis
3363 3403 3380 3430 ,
3404 3377 3525 3434 qum
3550 3373 3705 3419 retu-

2102 3457 2262 3512 limus
2290 3456 2580 3528 (Dissertat.
2636 3456 2689 3509 in
2736 3454 2926 3509 Minnt.
2972 3453 3177 3522 0c!au.,
3210 3471 3328 3527 cap.
3356 3454 3443 3519 10,
3471 3464 3571 3509 art.
3591 3453 3652 3525 ἓ)
3681 3497 3697 3522 ,

2103 3551 2334 3622 gentiles
2376 3549 2712 3620 apertissime
2749 3549 2991 3603 convinci
3040 3549 3272 3603 incestus
3297 3591 3311 3613 ,
3345 3548 3498 3618 cujus
3537 3547 3703 3603 Chri-

2102 3645 2305 3698 stianos
2352 3640 2820 3712 impudentissimo
2868 3640 3147 3696 mendacio
3192 3641 3532 3696 accusabant.
3576 3640 3700 3696 iam

2102 3736 2283 3806 itaque
2308 3733 2374 3789 ad
2404 3734 2536 3791 alias
2563 3726 2679 3791 non
2696 3732 2872 3793 minus
2898 3732 3058 3790 falsas
3081 3747 3266 3790 eorum
3298 3733 3704 3792 criminationes

2104 3844 2401 3887 veniamus.

2686 3981 2977 4023 nuncusos
3025 3967 3115 4023 ru.

2107 4079 2276 4148 Quam
2298 4080 2515 4136 absurde
2557 4081 3058 4153 ethnicigobieceriut
3094 4098 3127 4134 ιι
3153 4078 3452 4135 Christianis
3488 4079 3705 4134 adorari

2177 4182 2330 4242 caput
2356 4172 2531 4226 asini:
2566 4172 2679 4242 quis
2719 4173 2836 4226 huic
2877 4172 3064 4243 fabula:
3103 4173 3417 4226 occasionem
3456 4172 3651 4226 dederit
3682 4188 3703 4227 :

2175 4273 2369 4336 quanta
2386 4262 2700 4330 impudentia
2718 4263 2906 4318 nebulo
2925 4265 3133 4334 quidam
3179 4263 3379 4331 iudwus
3408 4264 3547 4318 illius
3561 4263 3706 4318 asini

2178 4373 2294 4411 cum
2316 4355 2532 4411 ridicula
2560 4372 2766 4426 prorsus
2791 4356 3116 4426 inscriptione
3145 4357 3398 4429 picturam
3425 4358 3703 4411 circumtu~

2178 4449 2290 4504 lerit
2313 4466 2331 4513 ;
2360 4466 2420 4503 ac
2445 4465 2598 4521 quam
2626 4465 2740 4504 cere
2764 4449 2918 4505 iidem
2942 4449 3129 4503 ethnici
3157 4449 3327 4523 asinos
3354 4460 3515 4515 totos,
3537 4450 3703 4504 alias-

402 4542 636 4657 quodam
662 4627 678 4649 ,
709 4592 764 4639 et
807 4583 861 4638 in
894 4582 1074 4637 Asiam
1106 4542 1341 4661 ducitur.
1372 4582 1510 4637 Puer
1532 4542 1717 4639 autem
1745 4542 2001 4654 grandior
2028 4583 2082 4647 D
2155 4550 2274 4615 {qua
2296 4542 2488 4598 bellum
2508 4585 2522 4611 ’
2550 4552 2638 4597 aut
2663 4557 2799 4597 mm
2821 4583 2837 4612 ’
2861 4552 2947 4596 aut
2968 4542 3192 4614 demam
3221 4542 3563 4598 θάπαυθηηί·

404 4680 610 4746 factus,
642 4678 867 4733 Romam
906 4675 1209 4742 reducitur,
1255 4675 1343 4730 ubi
1391 4692 1419 4729 a
1469 4688 1619 4746 patre
1662 4690 1800 4742 suo,
1845 4674 1997 4730 illum

404 4771 634 4843 amplius
676 4785 784 4824 non
829 4778 1182 4841 agnoscente,
1228 4775 1609 4836 constupratus
1654 4775 1756 4822 est.
1805 4766 1997 4822 Postea

405 4863 557 4919 illum
590 4870 838 4934 parentes
869 4860 1189 4933 quibusdam
1218 4859 1462 4929 corporis
1491 4859 1714 4914 maculis
1741 4872 1999 4929 recogno-

404 4970 622 5024 verunt,
650 4972 709 5012 ac
732 4957 936 5027 laqueo,
970 4955 1142 5025 inquit
1162 4952 1519 5009 'l‘ertullianus
1543 4992 1558 5018 ,
1591 4952 1687 5006 sibi
1714 4950 1997 5007 medentur.

404 5051 700 5108 Fuseianus
729 5066 855 5106 vero
882 5050 1071 5106 horum
1104 5050 1239 5105 bona
1271 5062 1439 5119 puero
1465 5044 1770 5115 adscripsit,
1802 5060 1903 5100 non
1932 5044 2001 5099 ad

404 5132 750 5201 [nereditatem
770 5185 784 5208 ,
816 5146 891 5199 uti
924 5145 997 5200 ait
1025 5144 1113 5199 ille
1135 5187 1150 5209 ,
1198 5144 1287 5199 sed
1317 5142 1384 5197 ad
1412 5141 1721 5212 stipendium
1752 5140 1915 5211 stupri
1958 5149 2008 5194 et

399 5240 577 5296 incesti
608 5238 797 5312 (Idem.
831 5238 918 5293 lib.
950 5239 971 5295 Ι
1001 5238 1069 5294 ad
1092 5236 1269 5309 Nati.,
1321 5254 1439 5307 cap.
1466 5234 1556 5303 16,
1590 5252 1711 5305 pag.
1745 5233 1895 5305 582).

480 5330 770 5387 Dubitandi
802 5345 962 5400 porro
998 5330 1148 5386 locus
1192 5330 1307 5385 dari
1344 5329 1554 5384 videtur
1590 5334 1770 5381 utrum
1798 5326 2000 5396 impro-

402 5423 506 5479 bus
539 5425 625 5480 ille
653 5435 803 5494 pater
838 5439 944 5478 non
971 5423 1144 5478 solum
1174 5439 1204 5478 a
1232 5422 1498 5479 Fusciano
1522 5461 1537 5485 ,
1575 5420 1668 5475 sed
1708 5420 1869 5475 etiam
1908 5432 1997 5473 se-

405 5529 534 5575 natu
562 5519 843 5573 damnatus
874 5516 1052 5573 fuerit.
1084 5515 1218 5572 Nam
1252 5517 1487 5573 iliSlOl‘isB
1520 5514 1682 5586 hujus
1710 5514 1916 5569 initium
1946 5515 1999 5568 in

403 5613 673 5686 Agubardi
712 5612 899 5669 codice
931 5613 1009 5666 sic
1049 5611 1239 5680 legitur
1271 5628 1284 5664 :
1314 5606 1456 5664 Talis
1494 5608 1744 5679 tragtzdia
1787 5605 1955 5676 erupit
1980 5646 1996 5674 ,

404 5704 665 5763 Fusciano
706 5708 942 5778 praefecto
990 5701 1154 5767 Urbi,
1187 5703 1423 5774 judicata
1463 5701 1727 5771 punitione
1770 5708 1992 5754 senatus.

407 5796 649 5857 Fortuita
673 5796 980 5869 negligentia
1007 5795 1245 5854 comitum
1283 5793 1419 5852 ultra
1450 5792 1671 5866 januam
1701 5807 2005 5865 progressus

2180 4679 2296 4735 Alia
2324 4678 2556 4745 ethnici,
2585 4692 2684 4733 nec
2707 4677 2919 4733 caeteris
2953 4678 3161 4732 minore
3181 4718 3196 4742 ,
3236 4676 3499 4732 calumnia
3532 4673 3697 4732 Chri-

2107 4772 2313 4828 stianos
2336 4771 2456 4825 ideo
2478 4768 2738 4825 infamare
2764 4769 2962 4825 frustra
2988 4769 3154 4824 moliti
3180 4778 3325 4836 sunt,
3351 4768 3503 4840 quasi
3524 4776 3703 4838 caput,

2108 4867 2183 4921 uti
2211 4864 2285 4919 ait
2307 4861 2705 4930 Tertulliauus,
2732 4863 2992 4917 asininum
3018 4904 3032 4928 ,
3078 4872 3323 4933 tanquam
3368 4860 3525 4915 deum
3564 4858 3704 4913 ado-

2111 4965 2313 5013 rarent.
2361 4953 2467 5010 Sed
2498 4952 2624 5008 illud
2651 4995 2666 5020 ,
2710 4952 2918 5023 inquit,
2963 4967 3172 5008 merum
3222 4959 3340 5006 erat
3377 4949 3708 5020 vigilantium

2111 5058 2163 5105 et
2215 5045 2515 5102 invidorum
2563 5044 2841 5099 hominum
2893 5046 3197 5107 somnium,
3239 5044 3327 5113 qui
3369 5041 3707 5096 conabantur

2111 5154 2326 5212 quoquo
2366 5137 2527 5192 modo
2567 5135 2900 5191 Christianos
2930 5133 3264 5191 calumniari.
3291 5131 3407 5188 Non
3450 5132 3707 5187 diffitetur

2114 5242 2294 5289 tamen
2321 5230 2470 5284 falsa:
2499 5228 2624 5283 huic
2650 5228 3011 5283 criminationi
3047 5228 3225 5284 datam
3251 5242 3282 5283 a
3307 5225 3560 5283 Cornelio
3594 5225 3706 5280 Ta-

2108 5326 2219 5381 cito
2245 5322 2604 5379 occasionem.
2628 5318 2760 5375 Tam
2800 5328 3001 5377 temere
3036 5321 3337 5386 enimvero,
3378 5333 3540 5391 quam
3570 5317 3707 5374 falso

2102 5416 2216 5471 suis
2247 5416 2299 5470 in
2328 5412 2566 5468 historiis
2600 5413 2887 5482 scripserat
2923 5410 3153 5477 iudicis,
3184 5412 3273 5483 qui
3301 5411 3355 5466 in
3380 5410 3705 5466 vastissimis

2103 5506 2325 5563 Arabiae
2355 5502 2585 5559 desertis
2616 5511 2894 5572 errantes,
2926 5504 3015 5560 siti
3054 5502 3403 5569 laborabant,
3444 5501 3707 5558 indicatos

2104 5601 2278 5657 fuisse
2320 5610 2351 5650 a
2390 5591 2707 5665 quibusdam
2743 5597 2957 5668 onagris
2994 5609 3251 5667 aquarum
3292 5593 3486 5660 fontes,
3514 5593 3709 5664 quibus

2106 5710 2226 5753 eam
2266 5688 2631 5766 sedaverunt;
2673 5697 2999 5760 quapmpter
3026 5689 3080 5744 in
3106 5687 3241 5758 grati
3265 5685 3431 5741 animi
3459 5682 3710 5741 testiﬁca-

2109 5789 2333 5858 tioncm,
2364 5776 2532 5840 sicuti
2556 5775 2854 5855 inquiebat,
2881 5780 3019 5840 asini
3043 5787 3495 5838 consecraverunt
3521 5777 3714 5851 imagi-

4007 1473 4009 1541 ι

4006 1804 4009 1909 l

4008 2012 4009 2051 ι

3994 2404 4009 2717 l
