4076 6356
315 348 458 435 i053

1454 347 1904 415 DlSSEBTATlO
1943 347 2006 403 Ι).
2045 344 2134 401 LE
2173 343 2475 402 NOURBY.

3473 335 3612 391 1054

312 513 460 557 nem.
520 491 655 564 Quia
705 498 883 547 autem
908 556 924 564 _
950 483 1141 556 religio
1188 481 1478 539 christiana
1525 477 1753 549 judaicte
1800 478 1914 529 erat
1939 469 1994 531 Α
2017 467 2136 523 aliis
2170 467 2451 532 Onocltitis,
2481 466 2532 521 in
2552 463 2673 520 aliis
2697 458 3065 525 Onochorsitis,
3092 454 3175 512 vel
3201 430 3598 521 Onocltortissis,

308 556 577 665 proxima,
607 585 735 640 hinc
760 556 1031 638 linxei'unt
1056 576 1284 650 gentiles
1309 591 1337 629 a
1362 570 1675 629 Christianis
1701 576 1913 639 quoque

315 655 453 739 asini
492 685 652 750 caput
679 673 892 732 adorari
922 670 1295 747 (Tertullian.,
1326 665 1620 738 Apologet.,
1652 676 1767 730 cap.
1799 655 1869 712 16
1893 697 1909 723 ,

317 793 440 850 pag.
470 749 577 829 563
624 781 669 826 et
698 784 862 840 seqq.,
909 775 957 821 ct
1000 762 1089 819 lib.
1163 761 1182 817 l
1227 752 1295 816 ad
1343 756 1584 818 Nation.,
1634 769 1750 821 cup.
1802 749 1908 815 11,

479 866 632 938 577).
691 861 891 918 Verum
938 873 1038 915 nos
1103 854 1229 911 alibi
1300 854 1437 907 hanc
1503 844 1911 905 insulsissimam

327 959 757 1019 criminationem
783 1003 798 1024 ,
858 968 964 1011 non
994 951 1169 1008 solum
1220 955 1483 1021 quatenus
1531 941 1780 1005 Judteos,
1817 933 1912 992 sed

331 1057 493 1111 etiam
518 1050 855 1109 Christianos
898 1052 1144 1117 spectat,
1190 1040 1429 1098 funditus
1458 1034 1747 1091 evertimus
1769 1027 1914 1101 (Dis-

318 1156 495 1204 sertat.
518 1145 568 1199 in
603 1142 793 1197 Minui.
828 1137 1030 1205 0ctau.,
1061 1151 1174 1207 cap.
1202 1133 1290 1199 ll,
1321 1140 1419 1185 art.
1450 1127 1528 1200 1).

384 1237 667 1306 Reliquum
709 1233 889 1303 itaque
927 1236 1013 1285 est
1036 1270 1051 1297 ,
1083 1236 1139 1281 ut
1165 1223 1435 1295 singulare
1465 1216 1678 1290 aliquod
1710 1215 1909 1270 factum

309 1328 674 1402 expendamus
700 1367 716 1395 ,
763 1322 904 1396 quod
950 1336 980 1377 a
1022 1316 1354 1376 Tertulliano
1394 1321 1581 1370 nostro
1621 1309 1827 1366 duobus
1859 1307 1911 1362 in

310 1425 465 1482 libris
510 1422 590 1479 sic
631 1417 995 1476 describitur:
1029 1413 1178 1469 Noua
1220 1415 1336 1484 jam
1377 1409 1475 1465 Dei
1519 1406 1678 1463 nostri
1716 1408 1771 1459 in
1813 1402 1914 1457 ista

310 1520 542 1591 proxime
586 1514 788 1571 ciuitate
831 1510 984 1566 editio
1024 1508 1282 1580 publicata
1325 1513 1434 1571 est,
1477 1517 1541 1557 ea:
1568 1515 1668 1572 quo
1706 1497 1913 1569 quidam

311 1607 626 1684 frustrandis
673 1605 841 1661 bestiis
883 1599 1227 1658 mercenarius
1264 1596 1449 1651 noxius
1469 1636 1483 1658 ,
1513 1593 1765 1664 picturam
1795 1604 1914 1659 pro-

311 1704 514 1777 posuit,
560 1717 677 1756 cum
717 1696 973 1767 ejusmodi
995 1693 1297 1763 incriptione
1332 1708 1345 1745 :
1376 1689 1521 1744 Deus
1556 1684 1913 1743 CHRISTIANO-

318 1775 427 1854 sust
453 1797 822 1852 Ottocaarrss.
848 1789 909 1845 Is
956 1796 1063 1844 erat
1086 1785 1295 1842 auribus
1323 1781 1537 1837 asininis
1555 1822 1571 1847 ,
1603 1779 1763 1833 altera
1791 1775 1917 1847 pede

2018 569 2108 616 aut
2151 557 2488 614 Onocltotasis
2510 574 2531 624 ;
2571 556 2623 612 in
2667 552 2898 625 antiquis
2928 548 3253 607 cditionibus
3284 546 3595 618 Onycltites,

2018 655 2070 710 in
2103 653 2415 723 quibusdam
2449 649 2663 707 tandem
2692 642 2951 718 ὸνοχῆλθς.
2972 645 3028 700 In
3056 642 3174 698 libri
3206 649 3383 719 autem
3409 639 3475 694 ad
3492 637 3611 693 Na-

2017 748 2178 803 tiones
2218 746 2420 801 inedito
2462 741 2757 813 exemplari
2793 749 2847 795 et
2894 737 3012 792 aliis
3054 734 3235 813 editis
3267 722 3368 786 hoc
3409 744 3608 785 nomen

2016 841 2268 898 scribitur
2295 836 2486 909 triplici
2519 807 2700 902 modo,
2725 849 2789 889 ac
2820 831 2991 903 primo
3019 807 3254 899 quideni
3268 822 3607 889 Onacholtes;

2017 934 2275 1002 secundo,
2306 930 2636 995 Onochaites;
2687 927 2873 993 tertio,
2906 923 3181 979 Onochazte
3225 918 3431 992 (Idem.
3462 916 3551 972 lib.
3582 916 3609 972 Ι

2015 1028 2085 1083 ad
2116 1027 2286 1095 Nati.,
2317 1041 2433 1097 cap.
2470 1023 2557 1087 14,
2589 1038 2709 1095 pag.
2742 1019 2905 1092 579).
2934 1019 3003 1074 At
3033 1032 3194 1088 quam
3216 1012 3376 1068 varice
3406 1011 3611 1068 discre-

2017 1128 2310 1193 pantesque
2349 1126 2472 1173 sunt
2513 1115 2673 1186 hujus
2702 1114 2864 1168 unius
2902 1109 3134 1166 nominis
3162 1104 3460 1170 lectiones,
3499 1108 3605 1157 tam

2015 1215 2160 1271 clare
2198 1220 2347 1284 patet
2377 1208 2507 1266 illud
2536 1224 2656 1266 esse
2694 1214 3028 1276 corruptum.
3077 1198 3440 1271 Quamobrem
3481 1210 3609 1251 eru-

2016 1306 2113 1362 diti
2142 1306 2321 1377 plures
2344 1303 2444 1359 viri
2472 1304 2523 1357 in
2552 1317 2618 1357 eo
2648 1297 2886 1355 sanando
2931 1311 3038 1351 non
3082 1306 3269 1364 parum
3311 1287 3607 1345 desudave-

1936 1402 1939 1403 ⁷
2016 1407 2160 1455 runt.
2203 1397 2431 1467 Quidam
2480 1395 2622 1453 enim
2678 1400 2863 1464 putant
2932 1386 3215 1460 legendum
3269 1383 3603 1444 Onocltcctes,

2022 1493 2097 1549 ita
2120 1501 2177 1548 ut
2198 1492 2299 1546 hac
2322 1506 2453 1546 voce
2474 1487 2802 1560 signiﬁcetur
2828 1484 3012 1539 asinus
3033 1493 3306 1536 sacrorum
3330 1475 3610 1546 magister,

2017 1596 2066 1643 et
2099 1585 2390 1651 sacerdos,
2428 1599 2455 1637 a
2500 1595 2607 1652 quo
2649 1579 2738 1634 alii
2780 1575 3021 1633 initiandi
3065 1580 3237 1629 erant.
3269 1570 3469 1625 Malunt
3516 1565 3607 1621 alii
3672 1586 3675 1593 ⁴

2018 1679 2275 1749 scriptum
2307 1674 2686 1739 Onochorsites,
2713 1672 2781 1726 ab
2805 1669 3017 1725 asinino
3065 1666 3256 1737 capite,
3304 1664 3392 1719 alii
3450 1662 3594 1718 Ona-

2018 1771 2210 1851 coites,
2258 1769 2310 1824 id
2358 1777 2473 1833 est,
2532 1765 2752 1821 asinina:
2789 1762 3012 1833 originis
3055 1770 3110 1816 et
3165 1758 3445 1829 prosapiae.
3505 1755 3613 1811 Alii

319 1887 621 1962 ungulatus,
653 1885 836 1940 librant
860 1891 1083 1955 gestans,
1108 1888 1153 1935 et
1182 1887 1383 1949 togatus
1400 1873 1750 1950 (Tertullian.,
1777 1846 1915 1941 Apo-
1942 1872 1990 1932 B
2023 1846 2182 1918 etiam
2208 1861 2593 1924 Unotacoustes,
2630 1869 2804 1928 grmce
2836 1848 3218 1914 timentes-rm.
3245 1847 3352 1905 Sed
3382 1846 3506 1919 quid
3551 1847 3603 1902 in

2186 1952 2198 1962 .
2261 1952 2271 1962 .
2414 1950 2425 1962 .
2558 1948 2570 1961 .
2618 1950 2648 1962 -.
2730 1948 2741 1958 .
2886 1960 2894 1962 _
3033 1958 3046 1962 λ
3096 1939 3410 1962 εψηεηλ,
3467 1938 3586 1962 μμ,

319 1982 452 2053 log,
481 1995 598 2051 cap.
632 1976 702 2033 16
721 2018 737 2044 ,
771 1993 826 2047 p.
875 1972 1042 2046 372).
1068 1970 1188 2027 Alio
1214 1977 1391 2025 autem
1419 1967 1473 2023 in
1502 1966 1640 2022 libro
1670 1964 1722 2019 id
1750 1963 1912 2036 paulo

310 2075 482 2132 fusius
514 2072 747 2144 explicat
780 2089 794 2126 :
822 2069 944 2124 Jan:
967 2066 1046 2137 Ide
1086 2075 1261 2121 nostra
1298 2062 1407 2118 Deo
1457 2065 1599 2134 {antu
1637 2058 1909 2131 suggessit.

317 2169 460 2223 Adeo
484 2181 648 2237 nuper
673 2162 883 2236 quidam
911 2158 1284 2231 perditissimus
1311 2155 1365 2210 in
1394 2154 1492 2208 ista
1516 2153 1734 2216 civitate,
1757 2150 1912 2206 etiam

326 2278 433 2318 stus
461 2258 719 2330 religionis
746 2256 972 2312 desertor
995 2295 1011 2321 ,
1054 2253 1163 2308 solo
1193 2251 1490 2307 detrimento
1519 2248 1647 2302 cutis
1663 2246 1871 2316 judwus
1895 2287 1910 2312 ,

311 2356 484 2425 utique
520 2352 703 2422 magis,
736 2347 873 2422 quod
901 2346 1175 2403 bestiarum
1214 2335 1450 2419 morsus,
1493 2340 1559 2394 ad
1587 2355 1715 2411 quas
1749 2354 1803 2392 se
1840 2337 1914 2391 lo-

311 2447 475 2504 cando
504 2443 728 2522 quotidie
768 2452 871 2498 toto
903 2443 1019 2513 jam
1058 2454 1270 2510 corpore
1297 2434 1523 2502 decutit,
1552 2448 1666 2487 cum
1693 2431 1912 2498 incedit,

317 2545 573 2615 picturam
601 2540 656 2594 in
686 2554 778 2594 nos
809 2537 1073 2610 prapasuit
1103 2536 1194 2590 sub
1218 2534 1317 2587 ista
1344 2529 1715 2604 proscriptione
1738 2545 1751 2581 :
1774 2527 1916 2582 0N0-

315 2649 565 2691 cntn'rns.
596 2631 655 2687 Is
702 2640 807 2687 erat
846 2629 1054 2683 auribus
1093 2625 1432 2680 canteriorum
1453 2663 1469 2689 ,
1500 2630 1548 2677 et
1577 2622 1629 2676 in
1658 2631 1775 2691 toga
1801 2635 1916 2673 cum

316 2726 483 2791 libro,
512 2724 672 2780 altera
712 2724 840 2796 pede
878 2720 1126 2794 angulata
1165 2716 1380 2790 (Idem,
1429 2716 1519 2772 lib.
1552 2716 1567 2771 Ι
1615 2715 1683 2769 ad
1737 2712 1913 2780 Nati,

318 2835 435 2890 cap.
470 2817 560 2886 14,
593 2836 714 2889 pag.
746 2815 895 2887 579).

392 2910 628 2966 Primum
671 2924 800 2980 ergo
840 2906 976 2963 dixit
1014 2904 1117 2961 hoc
1155 2903 1354 2960 factum
1394 2916 1516 2958 esse
1551 2917 1748 2972 nuper,
1804 2899 1918 2955 sive

315 3004 474 3078 paulo
501 3013 655 3060 antea
681 3018 841 3075 quam
865 3009 1154 3072 utrumque
1183 2999 1378 3053 librum
1405 2996 1726 3066 composuit,
1755 3001 1918 3064 atque

315 3097 544 3169 proxime
583 3096 638 3151 in
682 3096 782 3151 ista
815 3093 1066 3160 civitate,
1110 3092 1162 3146 in
1207 3106 1313 3163 qua
1354 3088 1806 3147 commorabatur.
1841 3088 1917 3143 De

314 3188 476 3260 lmjns
532 3189 692 3259 igitur
744 3187 867 3243 lacti
904 3185 1127 3241 veritate
1188 3184 1367 3238 nullus
1412 3178 1688 3237 dubitandi
1768 3180 1917 3235 locus

328 3293 430 3339 est.
456 3282 671 3338 Deinde
693 3280 836 3337 illius
865 3290 1138 3335 auctorem
1168 3277 1332 3333 fuisse
1353 3275 1589 3346 judtenm
1611 3274 1915 3345 quemdam,

317 3390 457 3441 sum,
488 3372 544 3429 id
583 3382 698 3436 est,
749 3370 975 3443 judaica:
1013 3367 1289 3440 religionis
1323 3367 1685 3433 desertorem,
1722 3366 1917 3436 quique

323 3479 449 3524 tunc
485 3466 934 3526 sola.detrimento
963 3465 1124 3532 cutis,
1168 3463 1271 3517 hoc
1308 3470 1429 3527 est,
1473 3460 1588 3516 sola
1632 3459 1913 3514 circumci-

325 3565 479 3618 sione
496 3560 729 3632 judarus,
773 3559 965 3629 impios
984 3556 1321 3613 ethnicorum
1343 3554 1519 3610 cultus
1534 3552 1914 3625 proﬁtebatur:

319 3654 413 3711 sed
444 3653 586 3709 hunc
614 3651 781 3728 fuisse
808 3650 1080 3705 hominem
1110 3646 1529 3720 perditissimum
1550 3687 1564 3711 ,
1594 3660 1657 3699 ac
1686 3645 1918 3715 plurium

321 3748 606 3805 criminum
637 3744 854 3817 publico
877 3742 1080 3813 judicio
1108 3742 1436 3804 convictum,
1464 3747 1519 3794 et
1544 3747 1824 3809 pmpterea
1853 3736 1917 3791 ad

324 3840 523 3897 bestias
566 3838 875 3895 damnatum
900 3879 914 3904 ,
952 3845 1008 3890 ut
1036 3850 1156 3889 cum
1188 3833 1268 3889 eis
1310 3832 1563 3887 nimirum
1603 3846 1701 3885 suo
1731 3828 1919 3883 ordine

323 3940 604 4003 pugnaret.
635 3930 838 3987 Verum
870 3929 992 3999 quia
1024 3925 1104 3981 fas
1127 3925 1196 3980 illi
1225 3932 1341 3980 erat
1367 3923 1435 3980 ab
1463 3924 1561 3979 hac
1603 3936 1778 3993 pugna
1822 3919 1919 3975 ali-

284 4020 301 4031 “
322 4023 537 4096 quando
563 4038 785 4088 vacare,
818 4030 877 4076 ut
911 4020 1116 4075 lucrum
1169 4017 1342 4087 majus
1372 4015 1573 4071 faceret
1597 4056 1612 4081 ,
1644 4030 1765 4070 sese
1791 4029 1920 4086 quo-

324 4117 446 4170 tidie
473 4114 780 4187 frustrandis
809 4112 980 4167 bestiis
1004 4154 1018 4177 ,
1053 4112 1155 4166 hoc
1194 4118 1277 4165 est
1297 4152 1312 4176 ,
1340 4108 1407 4164 ad
1435 4108 1647 4163 illarum
1688 4106 1919 4175 impetus

324 4224 386 4264 ac
404 4224 616 4264 morsus
637 4205 942 4263 dimicando
967 4202 1316 4261 declinandos
1346 4203 1487 4258 ultro
1524 4202 1754 4256 locabat.
1785 4197 1918 4252 Nam

332 4309 389 4354 ut
416 4299 657 4366 adprime
683 4297 1041 4354 Cassiodorus
1071 4295 1320 4350 observat
1356 4312 1369 4348 :
1401 4294 1556 4347 Actus
1587 4291 1915 4357 detestabilis,

326 4400 575 4445 certamen
602 4392 802 4462 infelix,
833 4406 948 4443 cum
979 4389 1102 4460 [eris
1151 4387 1279 4442 velle
1308 4387 1626 4452 contendere,
1652 4402 1778 4454 quas
1809 4384 1920 4454 for-

328 4483 478 4537 tiores
505 4498 560 4536 se
580 4498 681 4536 non
708 4482 903 4535 dubitat
944 4482 1190 4535 invenire.
1221 4480 1347 4536 Sola
1368 4490 1439 4534 est
1467 4497 1586 4550 ergo
1612 4481 1667 4533 in
1692 4477 1921 4551 fallendo

328 4575 690 4644 prtusumptio,
742 4573 949 4626 unicum
992 4573 1046 4625 in
1088 4571 1379 4641 deceptione
1425 4572 1684 4625 solatium.
1735 4570 1834 4635 Qui
1877 4570 1926 4623 si

2016 1968 2123 2009 uno
2186 1952 2342 2023 hujus
2414 1948 2772 2020 inscriptionis
2804 1944 3054 2021 ~nomine
3096 1939 3416 1998 inveniendo
3467 1938 3617 1994 labo-

2014 2045 2260 2110 randum,
2293 2046 2379 2100 cui
2433 2043 2547 2097 haec
2615 2040 2718 2095 duo
2770 2038 2968 2101 latina,
3027 2035 3167 2092 Deus
3203 2032 3609 2091 Christianorum

2020 2137 2311 2208 praeposita
2335 2135 2389 2189 in
2409 2132 2756 2204 Apologetico
2778 2131 2916 2186 libro
2941 2126 3280 2184 indicantur?
3299 2125 3435 2195 Quid
3462 2126 3607 2182 enim

2017 2229 2062 2284 si
2089 2227 2365 2299 posterius
2396 2224 2523 2280 illud
2553 2239 2747 2279 nomen
2775 2238 2803 2275 a
2833 2221 3095 2278 scelerato
3125 2228 3382 2291 nugatore
3410 2218 3610 2275 conﬁc-

2018 2330 2150 2388 tum,
2199 2330 2253 2376 et
2289 2335 2318 2374 a
2356 2317 2592 2373 librariis
2632 2315 2828 2372 deinde
2872 2325 3182 2383 corruptum
3224 2311 3418 2368 fuerit?
3460 2311 3600 2380 Quid

2019 2417 2203 2481 etiam,
2234 2413 2277 2469 si
2306 2412 2523 2484 vulgare
2548 2409 2813 2482 quoddam
2842 2407 3091 2478 punicum
3119 2420 3316 2462 nomen
3347 2405 3435 2473 sit,
3460 2405 3608 2475 jam-

2022 2524 2128 2581 que
2156 2507 2369 2578 penitus
2393 2502 2737 2561 obsoletum?
2763 2500 2951 2556 Nonne
2983 2499 3136 2554 nobis
3166 2496 3411 2553 sufﬁcere
3440 2495 3605 2552 debet

2017 2601 2140 2657 data
2169 2599 2237 2655 ab
2268 2600 2497 2654 Auctore
2523 2604 2708 2651 nostro
2740 2593 2895 2665 hujus
2925 2592 3154 2648 nominis
3190 2600 3243 2647 et
3269 2591 3488 2661 pictura:
3512 2604 3611 2645 ex-

2019 2694 2235 2767 plicatio
2263 2711 2276 2747 :
2304 2691 2390 2758 1s,
2422 2690 2628 2763 inquit,
2656 2697 2765 2744 erat
2792 2685 2998 2742 auribus
3027 2687 3261 2752 asininis,
3288 2672 3455 2740 altera
3492 2683 3620 2756 pede

2019 2787 2325 2860 ungulatus,
2371 2784 2555 2839 librant
2595 2791 2831 2855 gestans,
2879 2789 2924 2833 et
2958 2789 3177 2850 togatus.
3211 2777 3363 2847 Quod
3404 2775 3618 2847 quidem

2020 2882 2136 2938 aliis
2156 2880 2336 2937 verbis
2362 2879 2414 2934 in
2442 2877 2579 2950 libro
2599 2877 2668 2931 ad
2689 2874 2943 2931 Nationes
2964 2915 2977 2940 ,
3005 2872 3100 2929 sed
3127 2870 3266 2928 idem
3291 2870 3513 2927 omnino
3541 2870 3618 2925 si-

2018 2973 2393 3049 gniﬁcantibus
2421 2971 2608 3027 edixit.

2096 3070 2273 3125 Pictus
2316 3074 2493 3123 autem
2542 3063 2727 3120 asinus
2766 3062 2857 3117 ille
2905 3070 3021 3117 erat
3064 3069 3297 3132 togatus,
3330 3058 3445 3114 sive
3492 3065 3618 3129 toga

2021 3167 2332 3225 contectus,
2366 3167 2421 3212 et
2476 3155 2661 3211 librum
2717 3164 2921 3225 gestans
2974 3152 3027 3207 in
3076 3150 3314 3206 derisum
3352 3148 3623 3205 ‘videlicet

1946 3269 1990 3332 ο
2024 3252 2466 3315 Christianorum,
2512 3247 2603 3318 qtti
2649 3261 2801 3302 sacra
2849 3242 3141 3314 Evangelia
3188 3257 3401 3297 summo
3458 3240 3622 3298 habe-

2019 3348 2147 3404 bant
2169 3346 2222 3400 in
2251 3344 2488 3407 honore,
2515 3355 2683 3411 eaque
2721 3352 2903 3393 secum
2938 3336 3080 3391 ferre
3099 3378 3114 3404 ,
3143 3350 3208 3390 ac
3248 3334 3359 3389 suis
3406 3334 3460 3389 in
3488 3348 3616 3405 syn-

2019 3439 2208 3494 axibus
2232 3436 2406 3509 palam
2437 3434 2617 3505 legere
2646 3438 3057 3487 consueverant.

2105 3555 2174 3608 At
2243 3548 2533 3605 Christiani
2600 3555 2655 3602 et
2706 3544 3071 3601 Tertullianus
3124 3542 3255 3597 illud
3319 3542 3609 3598 divinitatis

2021 3652 2361 3705 monstrum,
2394 3657 2462 3695 ex
2509 3638 2657 3709 impii
2708 3638 2989 3693 nebulonis
3032 3635 3256 3690 cerebro
3298 3646 3473 3689 ortum
3499 3676 3513 3699 ,
3546 3649 3610 3691 ac

2022 3752 2214 3795 nomen
2270 3735 2386 3805 ejus
2436 3743 2490 3790 et
2536 3732 2760 3788 fortnam
2818 3731 3071 3785 riserunt.
3127 3728 3321 3796 Quidni
3366 3728 3616 3782 risissent

2022 3832 2153 3888 illud
2194 3830 2496 3885 auctoritate
2542 3827 2781 3896 temporis
2806 3867 2819 3889 ,
2848 3834 2905 3880 ut
2943 3823 3033 3878 ille
3071 3823 3183 3886 ait,
3211 3822 3541 3887 destitutum,
3570 3832 3618 3874 et

2020 3926 2266 3997 qualitate
2285 3921 2506 3976 auctoris
2526 3920 2784 3988 inﬁrmum
2807 3916 2995 3988 (Idem,
3022 3915 3319 3997 Apolgget.,
3362 3930 3470 3984 cap.
3524 3913 3615 3979 l6,

2024 3975 2427 4090 ἷῖέῆέῑειιὶὁ.
2460 3975 2856 4076 1αά1Ναιὶοηῖ,
2890 3975 3007 4079 cap.
3036 3975 3355 4087 1Σιςίῗδτέ)
3385 4008 3408 4061 ?

2099 4111 2209 4167 Nec
2235 4119 2316 4166 est
2344 4122 2474 4164 sane
2499 4105 2639 4176 quod
2663 4105 2817 4159 nobis
2862 4102 3053 4173 aliquis
3099 4099 3461 4169 objiciat.non
3504 4108 3612 4154 tam

2023 4205 2181 4273 longe
2206 4201 2492 4259 Gnostieos
2521 4199 2647 4254 hinc
2672 4196 2961 4252 recessisse
2981 4237 2994 4261 ,
3022 4193 3112 4263 qui
3146 4192 3312 4246 multo
3337 4202 3515 4252 antea,
3541 4192 3619 4245 si-

2026 4307 2114 4352 cut
2146 4306 2263 4366 post
2284 4291 2643 4362 Epiphanium
2688 4287 2904 4360 (Epiph.
2936 4285 3059 4339 liter.
3089 4284 3158 4339 9.6
3178 4326 3191 4350 ,
3219 4302 3269 4354 ρ.
3301 4282 3391 4353 91)
3434 4283 3624 4339 obsera

2024 4389 2266 4445 vavitnus
2296 4384 2469 4455 (Tom.
2504 4383 2521 4437 l
2550 4383 2825 4451 Apparat.,
2857 4396 2907 4448 p.
2935 4377 3095 4441 2M“;
3131 4376 3392 4432 Dissertat.
3432 4377 3484 4429 in
3515 4374 3621 4429 Mi-

2026 4488 2140 4534 nut.
2163 4520 2178 4540 ,
2206 4494 2320 4548 cap.
2353 4476 2415 4529 H
2436 4516 2451 4541 ,
2482 4483 2583 4529 art.
2615 4472 2703 4542 1),
2752 4470 3017 4526 ﬁnxerant
3056 4468 3288 4525 Sabaoth
3329 4468 3616 4537 septimum

2028 4571 2261 4627 Eanum
2284 4610 2299 4635 ,
2332 4568 2453 4623 οωιί
2483 4576 2531 4622 et
2566 4574 2721 4620 terra:
2763 4579 2884 4620 esse
2929 4562 3261 4618 conditorem
3284 4602 3296 4623 ,
3327 4575 3486 4630 quem
3526 4559 3614 4613 alii

328 4667 491 4736 feram
517 4682 617 4719 non
646 4675 898 4719 uterentur
924 4662 1174 4734 e/Tugere,
1206 4662 1460 4716 interdum
1492 4679 1583 4717 nec
1610 4663 1920 4733 sepulturam
1946 4662 2001 4728 D
2026 4663 2161 4718 asini
2184 4703 2197 4724 ,
2221 4660 2309 4715 alii
2337 4659 2480 4729 porci
2504 4657 2723 4730 ﬁguram
2752 4673 2861 4729 pra:
2881 4672 2941 4712 se
2969 4656 3107 4712 ferre
3128 4652 3457 4709 ell‘utiebant.
3480 4650 3615 4706 Nam

338 4758 519 4829 poterit
582 4756 802 4811 inuenire
850 4754 1149 4827 (Cassiod.,
1179 4754 1266 4808 lib.
1303 4752 1348 4809 V
1409 4752 1608 4808 Variar.
1648 4754 1796 4824 epist.
1828 4753 1921 4822 42,

331 4867 449 4922 pag.
479 4849 605 4920 94).
631 4848 777 4903 Talis
814 4856 931 4903 erat
954 4846 1163 4917 judmus
1193 4846 1281 4900 ille
1308 4846 1585 4911 recutitus,
1617 4846 1699 4900 cui
1731 4856 1925 4915 prreter

328 4942 794 5001 circumcisionem
815 4983 829 5008 ,
859 4941 1111 5013 quotidie,
1141 4940 1212 4995 ait
1242 4939 1607 4996 Tertullianus
1631 4982 1645 5004 ,
1682 4949 1792 4993 toto
1810 4938 1921 5009 jam

328 5053 538 5107 corpore
565 5035 788 5102 decutit,
822 5035 874 5090 id
899 5043 1010 5100 est,
1043 5033 1225 5103 plures
1254 5031 1480 5103 singulis
1516 5031 1701 5085 diebus
1741 5031 1924 5100 plagas

335 5126 604 5182 morsibus
630 5126 927 5182 bestiarum
954 5124 1271 5196 accipiebat.
1292 5126 1361 5178 At
1383 5122 1435 5177 id
1459 5136 1629 5194 genus
1648 5120 1924 5176 hominum

331 5218 571 5274 bestiarii
599 5212 1135 5289 cognomittabantur,
1164 5215 1233 5273 de
1252 5212 1449 5286 quibus
1477 5213 1633 5285 paulo
1660 5222 1785 5269 ante
1806 5210 1921 5268 dis-

331 5311 602 5367 seruimus
628 5309 815 5382 (Supr.
842 5311 983 5384 cap.)

414 5404 468 5458 In
499 5402 637 5459 ludis
666 5403 845 5474 itaque
873 5403 1101 5474 publicis
1129 5401 1327 5458 nebulo
1353 5400 1442 5456 ille
1485 5397 1933 5471 pseudo-judreus

335 5506 393 5554 ut
434 5496 783 5553 christianum
824 5495 1139 5566 religionem
1181 5493 1547 5549 ludiﬁcaretur
1573 5534 1589 5559 ,
1635 5492 1784 5547 illam
1826 5492 1928 5547 cir-

333 5591 580 5648 cumtulit
621 5589 947 5660 descriptam
1007 5605 1038 5644 a
1072 5587 1406 5645 Tertulliano
1449 5587 1726 5643 ridiculam
1772 5588 1930 5658 plane

340 5683 652 5754 imaginem,
676 5682 829 5751 cujus
854 5682 971 5737 haec
997 5690 1114 5736 erat
1139 5682 1416 5753 inscriptio
1442 5699 1457 5736 :
1485 5682 1630 5737 Deus
1646 5683 1933 5737 CHRISTIA-

336 5791 518 5833 nouunt
547 5775 890 5833 Ouocumrns
921 5773 941 5846 (
971 5771 1273 5830 Tertullian.
1293 5815 1308 5840 ,
1341 5776 1609 5846 Apologet.
1633 5816 1646 5842 ,
1676 5791 1792 5846 cap.
1828 5772 1895 5829 16
1918 5816 1932 5842 ,

336 5886 393 5942 p.
426 5866 585 5940 δη),
641 5869 754 5922 sive
786 5875 841 5920 ttt
870 5867 923 5920 in
951 5867 1223 5923 codicibus
1248 5866 1451 5923 nostris
1474 5866 1851 5938 tnanuscriptis
1879 5874 1937 5921 et

625 5961 1064 6023 Turonum
1132 5960 1185 6022 Ι.

2028 4755 2144 4811 hazc
2172 4752 2391 4809 ridicula
2422 4750 2654 4806 Sabaoth
2696 4752 2872 4821 imago
2911 4748 3129 4804 omnino
3167 4746 3372 4800 diversa
3413 4753 3528 4799 erat
3553 4745 3622 4799 ab

2030 4845 2245 4902 horrida
2276 4845 2368 4900 Dei
2399 4843 2823 4900 Christianorum
2856 4843 3043 4911 ﬁgura.
3071 4853 3226 4917 quam
3252 4830 3635 4907 nequissimus

2030 4949 2085 4997 et
2115 4938 2560 5010 ﬂagitiosissimos
2591 4932 2820 5007 juda'ica:
2857 4932 3127 5003 religionis
3166 4928 3405 5001 proditor
3436 4928 3619 4983 insul-

2029 5032 2243 5090 sissime
2272 5032 2685 5101 excogitaverat.
3549 5016 3555 5023 ’
3602 5014 3609 5020 ’

2096 5123 2184 5196 Μ
2212 5138 2329 5178 eam
2373 5121 2598 5178 fortasse
2627 5119 2844 5190 propius
2882 5116 3172 5173 accedebat
3215 5116 3397 5172 asinus
3426 5117 3579 5172 albus
3606 5159 3620 5182 ,

2032 5235 2193 5291 quem
2238 5219 2313 5273 uti
2361 5216 2554 5274 Suidas
2610 5222 2791 5270 narrat
2835 5211 3043 5282 (Suid.
3095 5211 3164 5266 ad
3218 5229 3266 5266 υ.
3323 5211 3538 5284 Ζτςνων),
3571 5223 3627 5266 et

2033 5328 2133 5369 nos
2152 5312 2279 5369 alibi
2308 5307 2676 5366 annotavimus
2706 5304 3000 5377 (Dissertat.
3035 5304 3092 5358 in
3116 5303 3301 5359 Miuut.
3332 5305 3431 5359 loc.
3469 5292 3631 5376 cit.).”

2034 5405 2182 5463 Zeno
2224 5402 2439 5477 quidam
2484 5397 2915 5466 Alexandrinus,
2942 5397 3170 5469 judaiea:
3212 5397 3487 5470 religienis
3525 5379 3631 5453 de;

2031 5507 2238 5562 sertor,
2272 5512 2368 5567 per
2410 5492 2705 5564 judaeorum
2754 5504 3080 5564 synagogam
3130 5489 3218 5546 die
3269 5489 3482 5545 sabbati.
3518 5496 3630 5544 tm-

2035 5590 2252 5649 duxisse
2297 5586 2623 5658 perhibetur.
2672 5583 2872 5639 Verum
2922 5581 3132 5637 tametsi
3174 5581 3223 5636 id
3264 5586 3387 5636 ante
3416 5580 3631 5636 Tertul-

2036 5682 2163 5738 liani
2191 5692 2399 5749 tempus
2423 5686 2600 5732 actum
2632 5675 2795 5731 fuisse
2822 5676 3157 5747 probaretur,
3186 5673 3412 5727 multum
3444 5682 3624 5726 tamen

2036 5774 2105 5831 ab
2133 5774 2219 5828 illa
2262 5772 2468 5842 pictura
2497 5769 2835 5841 discrepabat
2859 5811 2875 5837 ,
2900 5783 3058 5839 quam
3107 5763 3546 5837 pseudo-judmus
3576 5764 3631 5842 in

2040 5866 2464 5925 Christianorum
2492 5864 2582 5923 Dei
2605 5850 2927 5921 derisiOnem
2954 5903 2968 5923 .
2997 5875 3101 5916 non
3131 5858 3181 5913 in
3214 5872 3501 5930 synagoga,
3528 5840 3636 5913 sed“

2878 5960 3259 6041 (Trentcutra
3269 5957 3371 6039 is.)
