4076 6356
550 416 691 477 1039

544 546 748 595 norum,

544 637 724 682 tamen
754 631 872 675 eam
917 611 1111 677 fuisse,
1137 605 1262 678 quia
1302 602 1356 657 iu
1383 597 1520 654 libro
1548 593 1614 650 ad
1649 588 1896 645 Nationes
1925 579 2140 643 eadem,

541 717 641 775 sed
662 712 861 771 omisso
889 705 981 763 illo
1010 702 1360 758 Romanorum
1385 689 1623 752 nomine,
1656 684 1737 739 his
1769 678 1947 737 verbis
1975 688 2143 745 repe-

541 812 642 869 tit:
670 805 736 862 In
762 799 984 859 victoriis
1010 804 1056 851 ct
1082 807 1254 855 cruces
1278 786 1398 843 colit
1443 780 1711 839 castrensis
1756 770 1956 845 religio,
1994 768 2144 838 signa

542 860 747 968 delerat,
786 899 933 969 signa
959 891 1172 963 dejerat,
1203 885 1350 956 signa
1376 877 1476 949 ipsi
1497 874 1615 930 Jovi
1643 868 1878 943 prtefert:
1924 863 2012 919 sed
2056 860 2145 916 ille

539 952 857 1067 imaginum"
886 952 1171 1058 suggestus,
1226 952 1273 1033 et
1329 982 1464 1029 totus
1520 966 1632 1021 auri
1693 962 1862 1017 cultus
1924 952 2140 1011 monilia

540 1050 748 1145 cruc‘um
780 1092 899 1139 sunt
927 1050 1148 1152 (vident,
1187 1069 1274 1125 lib.
1321 1066 1348 1121 ι
1386 1065 1454 1119 ad
1496 1060 1668 1125 Nati.,
1710 1073 1826 1127 cap.
1875 1050 1966 1118 η,
2012 1065 2134 1120 pag.

731 1178 799 1233 At
844 1142 1104 1244 Rigaltius
1134 1142 1592 1220 animadvertisse
1637 1151 1768 1209 satis
1828 1162 1932 1203 non
1982 1142 2137 1198 vide-

539 1284 630 1330 tur
655 1266 787 1327 illud
818 1266 1168 1321 Romanorum
1189 1267 1385 1311 nomen
1412 1247 1651 1323 potuisse
1679 1244 1731 1297 in
1759 1241 1862 1295 hoc
1886 1237 2044 1302 libro,
2068 1231 2136 1289 ad

541 1378 735 1423 omnes
762 1355 1058 1432 generatim
1091 1351 1334 1408 nationes
1358 1345 1587 1407 directo,
1616 1331 1969 1410 prietermitti,
2019 1343 2126 1384 non

541 1469 724 1517 autem
741 1455 794 1510 in
821 1446 1191 1523 Apologetico,
1218 1439 1308 1513 qui
1336 1436 1405 1493 ad
1432 1447 1620 1492 omnes
1644 1427 1911 1485 antistites
1940 1436 2003 1478 ac
2031 1421 2133 1475 im-

539 1550 737 1627 primis
782 1556 1033 1602 romanos
1060 1537 1257 1594 missus
1280 1531 1400 1587 fuit.
1430 1527 1545 1583 Mos
1570 1530 1749 1579 autem
1779 1513 2031 1573 militaria
2056 1511 2135 1567 si-

541 1608 647 1719 gna
671 1637 925 1697 adorandi
948 1631 1086 1705 apud
1113 1632 1244 1686 istos
1267 1626 1339 1681 ita
1367 1619 1687 1682 invaluerat,
1725 1622 1783 1669 ut
1822 1608 2138 1666 Artabanus

540 1702 865 1797 iamborum
893 1702 1099 1786 rex—ad-
1124 1718 1399 1793 Caligulm,
1433 1712 1603 1785 inquit
1637 1705 1942 1768 Suetonius,
1991 1702 2137 1770 lega-

539 1842 657 1890 tum
693 1829 954 1885 veniens:
998 1817 1208 1890 Aquilus
1258 1821 1304 1869 et
1348 1810 1496 1882 signa
1522 1817 1736 1859 romana
1776 1798 2137 1862 Cwsarumque

538 1883 786 1994 imagines
813 1883 1099 1972 adoraverit
1124 1907 1367 1980 (Sueten.
1395 1900 1431 1956 ι.
1462 1896 1550 1963 lV,
1570 1896 1624 1949 in
1644 1885 2002 1960 Vit.(.'alig.,§
2026 1883 2143 1955 M).

613 2015 722 2071 Cur
746 2023 923 2068 autem
950 2005 1141 2076 religio
1166 1994 1458 2056 castrensis
1489 1995 1726 2047 vocetur,
1758 1998 1821 2040 ac
1850 1982 2012 2052 signa
2041 1991 2136 2032 sua

539 2112 767 2185 juraret,
797 2104 884 2159 his
918 2072 1217 2169 intelligere
1259 2099 1345 2147 est
1385 2086 1607 2143 Seneca:
1644 2076 1866 2136 verbis:
1902 2072 2136 2129 Primum

539 2161 617 2185 ον’
633 2161 680 2164 η
701 2161 716 2164 ν
732 2161 742 2163 -
754 2161 766 2173 ι
1090 2161 1117 2169 ν

539 2201 739 2257 militia:
757 2192 1014 2251 vinculum
1043 2197 1113 2244 est
1141 2184 1339 2257 religio,
1366 2188 1412 2234 et
1439 2178 1701 2248 signorum
1727 2183 1893 2235 amor,
1921 2174 1964 2219 et
1993 2161 2139 2216 dese-

537 2291 687 2348 randi
710 2290 893 2360 nefas;
920 2294 1040 2338 tunc
1066 2276 1247 2333 deinde
1275 2271 1427 2343 facile
1451 2278 1633 2323 caetera
1669 2261 1959 2332 exiguntur,
1986 2270 2137 2308 man-

538 2345 824 2449 danturque
851 2345 919 2432 ad
937 2367 1308 2447 jusjurandum
1337 2361 1533 2417 adactis
1579 2355 1808 2431 (Senec.
1845 2351 1993 2420 epist.
2036 2345 2131 2411 95,

541 2437 668 2549 in...
698 2437 852 2543 365).
883 2437 1121 2524 Primum
1154 2462 1334 2531 itaque
1365 2452 1495 2510 illud
1542 2456 1659 2506 erat
1700 2444 1927 2501 militum
1968 2437 2139 2510 jusju-

532 2532 949 2635 rr'aiidiim,'quo
990 2574 1049 2615 se
1093 2555 1295 2612 militiae
1337 2547 1693 2607 addicebant,
1725 2538 1793 2595 de
1833 2549 1941 2607 quo
1980 2532 2137 2603 plura

536 2623 791 2721 schelius,
812 2623 876 2711 in.
894 2654 1005 2710 suis
1032 2650 1096 2706 ad
1126 2645 1406 2718 Polybium
1451 2638 1591 2694 notis
1638 2630 1926 2704 (Schelius,
1957 2642 2073 2696 cap.
2104 2623 2131 2677 1

625 2766 910 2809 sacranten.
933 2745 974 2818 ),
1004 2739 1347 2799 Brissonnius
1397 2731 1654 2805 (Brisson.
1683 2726 1797 2781 init.
1829 2722 1919 2778 lib.
1941 2720 2031 2776 Ν.
2071 2718 2135 2772 de

540 2843 827 2912 Formul.),
856 2816 1038 2895 JuStus
1061 2833 1272 2904 Lipsius
1297 2827 1466 2898 (Lips.
1512 2823 1549 2876 ι.
1582 2820 1608 2875 1
1638 2820 1701 2875 de
1729 2816 1884 2872 Milit.
1910 2828 2136 2878 roman.,

537 2939 732 3013 dialog.
762 2934 841 2999 6.,
870 2947 993 3003 pag.
1022 2925 1135 2996 26),
1167 2933 1222 2980 et
1247 2922 1358 2977 alii.
1382 2921 1453 2975 At
1477 2923 1671 2988 przeter
1694 2912 1797 2966 hoc
1818 2918 2136 2964 sacramen-

538 3045 656 3092 tum
680 3000 884 3108 inilites
909 3000 1071 3082 etiam
1095 3034 1190 3075 sua
1218 3032 1314 3090 per
1337 3015 1486 3085 signa
1517 3002 1781 3081 iurabant.
1807 3003 1940 3060 Nam
1962 3000 2135 3075 Luca-

542 3139 650 3183 nus
675 3104 1044 3181 centurionem
1074 3110 1271 3172 Caesari
1311 3123 1406 3180 per
1435 3120 1496 3161 ea
1541 3103 1813 3175 jurantem
1859 3095 1939 3151 sic
1985 3090 2140 3148 indu-

546 3220 626 3276 xit
657 3235 672 3275 :

700 3368 712 3381 .
783 3365 795 3377 .
863 3363 878 3377 .
943 3323 1046 3374 Per
1066 3320 1207 3381 signa
1230 3316 1408 3365 decem
1425 3309 1590 3362 felicia
1606 3305 1798 3381 castris,

695 3363 899 3454 i’erque
1066 3360 1209 3446 "iiii?
1234 3360 1560 3454 quocum—que
1586 3385 1663 3454 (εξ
1675 3360 1813 3454 hoste
1848 3360 2142 3454 ggmpbos.

1377 3422 1578 3503 (inim.
1597 3431 1680 3484 lib.
1702 3438 1754 3492 ιι,
1778 3441 1826 3478 υ.
1851 3422 1990 3487 278.)

542 3572 654 3631 Nec
667 3569 862 3627 mirum
884 3577 1034 3630 sane;
1052 3553 1479 3633 quandoquidem
1498 3549 1721 3621 (Lucan.
1741 3545 1830 3601 lib.
1853 3541 1918 3608 ιι,
1940 3555 1988 3594 υ.
2011 3534 2145 3604 370)

541 3667 693 3737 signa
723 3676 819 3717 sua
854 3667 910 3715 et
937 3630 1144 3727 aquilas
1174 3648 1450 3720 putabant,
1479 3650 1536 3697 ut
1563 3656 1627 3696 ex
1655 3635 1908 3695 Cornelio
1955 3630 2143 3687 Tacito

541 3720 821 3819 discimus,
851 3720 1062 3823 prapria
1078 3747 1334 3818 legionum
1362 3750 1481 3794 esse
1502 3732 1713 3788 numina
1753 3726 1943 3802 (Tacit.
1967 3725 2057 3780 lib.
2084 3720 2132 3777 II

541 3852 733 3909 Annal.
765 3817 874 3922 post
902 3817 1011 3899 init.
1047 3858 1169 3914 pag.
1198 3835 1314 3898 20).
1336 3833 1473 3889 Alibi
1494 3844 1620 3886 vero
1642 3827 1707 3882 de
1738 3821 1968 3880 Antonio
1999 3817 2141 3875 sedi-

541 3947 746 4002 tionem
767 3941 1171 4009 compesceute:
1196 3927 1320 3982 Mox
1339 3937 1627 3986 conversus,
1661 3916 1860 3987 inquit,
1902 3912 1972 3968 ad
2001 3910 2149 3981 signa

544 4046 593 4093 et
623 4035 868 4090 bellorum
896 4004 1036 4091 deos,
1071 4022 1302 4078 hostium
1335 4017 1501 4084 potius
1528 4007 1832 4067 exercitibus
1859 4004 2014 4059 illum
2048 4005 2141 4073 fu-

546 4142 736 4191 rorem,
783 4122 929 4177 illam
953 4114 1260 4172 discordiam
1295 4109 1580 4181 injicerent,
1604 4102 1802 4169 orabat,
1863 4099 2021 4154 donec
2069 4098 2150 4168 fa-

550 4188 748 4275 tisceret
773 4213 952 4270 seditio
974 4208 1167 4279 (Idem,
1192 4205 1279 4261 lib.
1311 4201 1380 4256 lll
1424 4197 1620 4253 Hister.
1652 4204 1761 4263 post
1779 4193 1892 4247 init.
1918 4188 2144 4263 p.180).

550 4316 625 4370 At
662 4308 860 4366 clarius
909 4315 1055 4360 certe
1106 4297 1390 4370 Dionysius
1443 4291 1919 4347 Halicarnasseus:
1966 4286 2149 4352 Σημεῖα.

549 4413 832 4477 τιμιώτατα.
850 4388 1095 4466 limpidior;
1124 4400 1280 4449 τιῧτα.
1310 4393 1388 4445 ἐπὶ
1426 4392 1677 4459 στρατείαις
1720 4384 1802 4436 καὶ
1834 4386 1981 4449 ὥσπερ
2028 4380 2155 4446 ὶδρὺ·

528 4520 693 4570 "me.
738 4504 850 4550 θεῶν
904 4495 1007 4561 ἱερὰ,
1039 4490 1331 4555 νομίζονται.
1387 4479 1535 4534 Nihil
1591 4478 1643 4531 in
1694 4489 1909 4530 romana
1965 4467 2152 4523 militia

557 4587 939 4665 signishabetur
965 4577 1320 4641 venerabilius,
1346 4590 1434 4628 nec
1462 4572 1631 4625 minus
1659 4583 1804 4623 sacra
1824 4564 2151 4637 judicantur,

556 4651 712 4757 quam
763 4681 976 4734 deorum
1042 4670 1337 4727 simulacra.
1386 4662 1650 4737 (Dionys.
1707 4658 1878 4713 llalic.
1932 4655 2022 4710 lib.
2086 4651 2234 4729 Ἧι)

558 4774 811 4845 Antiquit.
840 4784 1063 4834 romam,
1088 4780 1209 4836 pag.
1235 4758 1384 4829 375).

630 4842 968 4940 QuaprOpter
997 4858 1191 4931 adjecit
1213 4851 1595 4917 Tertulliauus,
1613 4848 1757 4920 signa
1779 4846 2011 4901 omnibus
2055 4842 2155 4896 diis

562 4937 813 5035 prteponit
865 4952 1173 5028 (Tertullian
1228 4947 1493 5018 Apologet.
1547 4959 1664 5013 cap.
1716 4938 1805 5007 16,
1845 4957 1965 5012 pag.
1997 4937 2148 5007 368),

564 5051 815 5109 videlicet
845 5043 1136 5103 castrensis
1155 5041 1245 5098 illa
1276 5038 1496 5110 religio;
1528 5033 1653 5105 quia
1674 5032 1871 5087 milites
1899 5045 2153 5101 ea,-que-

560 5141 904 5203 madmodum
935 5136 1149 5203 vexilla,
1180 5132 1371 5204 majori
1420 5128 1567 5186 cultu
1594 5140 1754 5198 quam
1784 5124 1921 5179 alios
1961 5137 2152 5177 omnes

574 5237 706 5294 deos
734 5250 860 5291 suos
888 5229 1298 5286 venerabantur.
1328 5221 1445 5278 Non
1476 5219 1648 5276 deerit
1677 5216 1904 5272 fortasse
1932 5214 2021 5286 qui
2050 5228 2154 5269 ex-

575 5332 778 5388 istimet
827 5327 912 5383 bis
961 5324 1139 5381 verbis
1184 5316 1570 5377 Tertulliauum
1616 5309 1948 5383 signiﬁcasse
1999 5307 2151 5379 signa

563 5421 815 5481 militaria
859 5418 912 5472 in
954 5414 1193 5472 exercitu
1222 5419 1276 5468 et
1302 5409 1416 5465 acie
1443 5414 1567 5464 ante
1594 5403 1818 5460 deorum
1864 5399 2150 5457 simulacra

565 5524 623 5570 et
650 5510 907 5582 imagines
953 5505 1021 5560 ab
1071 5500 1433 5572 antesignanis
1481 5496 1642 5552 luisse
1669 5493 2007 5564 adsportata;
2038 5491 2135 5548 sed

562 5605 709 5678 prior
738 5614 929 5658 sensus
977 5595 1133 5652 dictis
1162 5593 1303 5649 illius
1331 5606 1394 5647 ac
1423 5587 1589 5645 menti
1633 5585 1801 5659 magis
1850 5597 2149 5655 congruere

556 5676 788 5754 videtur.
827 5690 887 5747 In
916 5689 1022 5746 alio
1050 5685 1192 5743 enim
1224 5683 1361 5739 libro
1389 5682 1559 5763 dixit;
1601 5679 1766 5752 Signa
1792 5678 1894 5750 ipsi
1921 5676 2061 5745 Iovi,
2092 5684 2150 5732 et
2250 5717 2258 5725 .

554 5791 603 5847 si
632 5788 858 5844 deorum
889 5795 1107 5840 suorum
1135 5777 1390 5844 maximo,
1422 5774 1628 5849 praefert
1656 5771 1847 5848 (Idem,
1878 5770 2031 5846 lib._I
2080 5768 2150 5824 ad

557 5879 712 5951 Nat.,
745 5895 859 5949 cap.
894 5874 984 5943 12,
1014 5891 1137 5946 pug.
1171 5868 1323 5941 579).

1620 383 1685 440 ΙΝ
1726 365 2188 437 TER'I‘ULLIANI
2226 358 2751 423 APOLOGETICUM

790 521 931 581 nulla
977 514 1182 575 reddita
1224 508 1455 573 ratione,
1502 498 1738 558 sustulit.
1787 482 2220 562 SuspieamurA

3708 327 3845 386 ιοω

2319 479 2476 549 Atqui
2499 492 2668 534 omnes
2682 475 2761 530 illi
2787 471 3088 544 imaginum,
3115 459 3307 537 inquit,
3331 462 3598 532 suggestus
3618 449 3843 521 insignes

2246 574 2456 631 monilia
2482 588 2693 628 crucum
2719 577 2856 625 sunt.
2889 565 2996 622 Nos
3024 572 3201 618 autem
3231 557 3302 613 ibi
3356 551 3576 626 quidam
3606 544 3841 601 monitos

2248 682 2369 724 esse
2393 665 2683 721 voluerunt
2703 662 2756 717 in
2778 657 3048 716 nonnullis
3068 646 3451 718 manuscriptis
3478 641 3583 712 legi
3606 640 3658 692 in
3685 634 3842 706 signis

2246 776 2357 819 non
2385 761 2629 832 insignes,
2660 769 2761 813 nec
2788 764 3013 826 prorsus
3057 745 3272 819 quidem
3305 736 3562 795 absurde.
3592 733 3669 788 De
3697 727 3835 785 mili-

2206 898 2217 905 -
2247 864 2362 912 tum
2387 823 2583 925 quippe
2602 850 2769 922 signis
2791 823 2993 903 ibidem
3018 840 3210 913 agitur.
3234 833 3431 891 Verum
3452 829 3575 899 quia
3604 827 3657 881 in
3681 823 3837 891 longe

2250 915 2495 1023 pluribus
2519 915 2867 1014 meliorisque
2893 945 3033 995 nota:
3066 926 3468 1000 exemplaribus
3485 920 3746 997 _habetur
3772 915 3844 968 in-

2245 1047 2436 1117 signes.
2469 1041 2609 1097 lianc
2638 1037 2919 1095 let-tionem
2963 1026 3255 1101 explodere
3286 1036 3393 1077 non
3421 1015 3704 1072 audemus.
3736 1006 3830 1063 Ni-

2250 1139 2321 1195 hil
2352 1152 2482 1212 vero
2501 1134 2568 1190 ad
2599 1131 2755 1203 hujus
2780 1128 2976 1200 potius,
3006 1136 3170 1196 quam
3192 1115 3417 1173 alterius
3439 1106 3687 1167 lectionis
3712 1117 3838 1159 con-

2245 1208 2603 1286 ﬁrmationem
2631 1195 2744 1281 erui
2773 1195 2950 1294 potest
2965 1195 3034 1272 ex,
3057 1214 3195 1269 libro
3222 1208 3290 1264 ad
3319 1205 3590 1265 Nationes,
3618 1198 3708 1254 ubi
3740 1195 3834 1251 hoc

2244 1337 2439 1379 nomen
2479 1289 2836 1377 Tertullianus
2864 1306 3229 1385 praetermisit,
3261 1302 3487 1371 tuncque
3516 1293 3682 1351 verba
3709 1289 3837 1346 sub-

2238 1423 2460 1497 junxit:
2492 1416 2593 1473 Ille
2617 1410 2899 1482 imaginum
2952 1409 3212 1475 suggestus
3240 1405 3284 1451 et
3315 1394 3467 1449 totius
3508 1389 3627 1444 auri
3674 1385 3835 1440 cultus

2243 1480 2454 1575 iuonilia
2481 1526 2689 1568 crucum
2714 1480 2831 1562 sunt
2860 1489 3331 1576 (lbid.).Nonnulli
3358 1485 3578 1559 quidem
3606 1480 3827 1553 opinan-

2243 1622 2328 1669 tur
2354 1620 2550 1664 nomen
2605 1606 2872 1672 suggestus
2918 1591 2992 1647 ibi
3034 1586 3204 1655 accipi
3233 1596 3330 1655 pro
3354 1577 3633 1643 restituet
3675 1585 3832 1628 orna-

2250 1711 2468 1768 mento;
2492 1696 2586 1754 sed
2620 1665 2931 1764 id'probare
2955 1681 3288 1740 debuissent.
3316 1672 3457 1742 Quid
3504 1668 3651 1725 enim
3680 1665 3724 1721 si
3752 1678 3835 1719 su-

2243 1807 2416 1856 matur
2457 1805 2555 1866 pro
2581 1756 2847 1861 ipso-actu
2877 1772 3219 1851 suggerendi,
3252 1784 3348 1826 seu
3380 1765 3568 1821 subtus
3605 1756 3823 1832 gerendi

2174 1880 2223 1941 Β
2253 1896 2412 1950 hasce
2432 1852 2713 1958 imagines,
2745 1893 2863 1951 quae
2890 1870 3191 1947 pendebant
3219 1880 3286 1921 ex
3310 1860 3484 1917 altiori
3516 1857 3704 1921 hastae,
3724 1852 3833 1908 sive

2245 1989 2370 2061 ligni
2397 1956 2611 2052 oblongi
2642 1986 2814 2049 parte,
2844 1980 2898 2029 et
2924 1980 3142 2031 crucum
3175 1959 3396 2017 monilia
3426 1966 3481 2011 ct
3518 1956 3826 2008 ornamenta

3219 2055 3229 2061 -
3263 2052 3274 2061 -
3401 2049 3413 2061 -
3454 2047 3466 2061 -
3565 2054 3576 2061 .
3622 2059 3645 2061 _
3672 2054 3717 2061 _-
3748 2039 3804 2061 λ,

2242 2039 2431 2145 εἴπω
2464 2039 2590 2146 quid
2614 2039 2684 2127 ab
2709 2067 2814 2124 illis
2843 2076 3003 2133 supra
3033 2073 3093 2115 se
3120 2052 3307 2128 positis
3335 2047 3723 2106 relabanturet
3743 2039 3830 2094 de-

2244 2132 2591 2232 corabanlur.
2623 2164 2892 2220 Cieterum
2913 2132 2982 2210 de
3013 2151 3095 2206 bis
3122 2146 3372 2204 omnibus
3397 2142 3509 2212 jam
3534 2132 3824 2206 disputavi-

2256 2281 2379 2324 mus
2418 2265 2472 2319 in
2520 2265 2701 2316 nostra
2747 2253 2815 2309 de
2844 2245 3051 2305 Minutii
3081 2238 3276 2299 Felicis
3313 2232 3534 2292 Octavio
3577 2228 3828 2284 disserta-

2246 2316 2399 2417 tione
2419 2316 2668 2426 (liissert.
2699 2348 2754 2402 in
2786 2343 2998 2405 Minut.,
3023 2353 3139 2407 cap.
3165 2332 3250 2398 l2,
3297 2337 3397 2385 art.
3428 2325 3509 2397 ιι),
3533 2319 3625 2377 ubi
3653 2316 3822 2374 adhuc

2243 2447 2580 2507 ostendimus
2596 2438 2867 2500 hominem,
2888 2430 3043 2488 sicuti
3069 2406 3283 2484 tandem
3307 2420 3511 2477 Auctor
3531 2419 3717 2470 noster
3734 2406 3824 2472 ait,

2242 2543 2474 2601 manibus
2500 2534 2757 2611 expansis,
2788 2545 2897 2603 pra:
2928 2541 2988 2582 se
3011 2523 3153 2579 ferre
3172 2515 3349 2574 crucis
3370 2508 3654 2582 imaginem
3680 2501 3751 2574 (Τ
3751 2517 3825 2556 er-

2244 2637 2358 2694 tull.
2387 2634 2474 2690 lib.
2507 2630 2532 2686 1
2565 2605 2635 2685 ad
2667 2624 2818 2689 Nat.,
2848 2636 2963 2691 cap.
2997 2616 3086 2683 η,
3116 2629 3233 2685 pag.
3258 2605 3411 2673 578).

2315 2686 2683 2795 isvedialiquem
2736 2686 2924 2774 audire
2968 2709 3123 2767 nobis
3164 2702 3429 2765 videmur,
3474 2692 3565 2766 qui
3617 2686 3823 2759 objiciet

2241 2824 2512 2880 inﬁrmam
2543 2816 2765 2872 omnino
2801 2822 2923 2865 esse
2968 2804 3107 2859 hanc
3134 2792 3446 2855 Tertulliani
3493 2790 3824 2858 argumenta-

2245 2916 2467 2973 tionem.
2498 2906 2739 2973 Geqtiles
2768 2901 2931 2964 enim,
2967 2894 3191 2966 inquiet,
3222 2888 3446 2944 deorum
3497 2891 3717 2936 suorum
3757 2871 3826 2927 si-

2242 3007 2505 3070 mulacra,
2538 3001 2711 3071 signa,
2751 3006 2972 3064 tropaea,
3016 2983 3286 3047 victorias,
3317 2994 3380 3033 ac
3410 2972 3658 3047 quaalibet
3688 2966 3823 3036 ejus-

2230 3094 2390 3157 ~modi
2416 3096 2517 3150 alia
2547 3056 2856 3152 adorantes,
2889 3056 3022 3138 nihil
3050 3077 3205 3150 plane
3232 3070 3537 3142 cogitabant
3559 3063 3628 3119 de
3651 3056 3823 3116 cruci-

2244 3194 2362 3259 bus,
2391 3205 2513 3261 quie
2542 3186 2646 3242 illis
2673 3150 3176 3247 erant-supposita,
3209 3174 3299 3221 aut
3325 3177 3417 3219 cas
3440 3157 3704 3232 velabant.
3735 3150 3827 3206 Ve-

2168 3271 2214 3335 C
2246 3299 2367 3343 rum
2393 3277 2822 3337 animadvertere
2867 3271 2912 3325 is
2931 3244 3104 3323 debet
3142 3258 3285 3317 haud
3315 3249 3650 3313 Tertulliani,
3695 3244 3822 3300 alio-

2247 3388 2474 3445 rumque
2500 3364 2773 3440 religionis
2797 3357 3106 3417 christianm
3132 3350 3476 3408 defensorum
3501 3332 3825 3412 argumenta-

2256 3470 2453 3524 tionem
2477 3503 2492 3527 ,
2539 3459 2626 3515 illa
2654 3455 2750 3512 uiti
2779 3450 3112 3509 ethnicorum
3141 3441 3413 3514 opinione,
3462 3448 3566 3505 qua
3615 3429 3827 3484 deorum

2249 3571 2467 3616 suorum
2510 3550 2794 3607 simulacra
2823 3553 2877 3600 et
2906 3542 3054 3612 signa
3085 3551 3242 3592 veros
3265 3532 3396 3588 deos
3426 3541 3547 3583 esse
3595 3520 3819 3577 arbitra-

2249 3655 2463 3712 bantur.
2486 3647 2562 3703 Ezi
2589 3645 2746 3717 igitur
2778 3621 2991 3705 tota,.et
3014 3643 3202 3690 omnes
3226 3628 3438 3682 illorum
3467 3626 3667 3691 partes,
3695 3625 3821 3684 qua-

2250 3763 2369 3808 rum
2399 3742 2679 3817 praecipuae
2703 3747 2892 3791 cruces
2931 3736 3103 3791 erant,
3148 3722 3320 3791 reipsa
3351 3713 3666 3772 adorabant.
3711 3704 3821 3761 Non

3173 3815 3182 3817 μ
3434 3806 3455 3817 η
3650 3799 3662 3817 ι

2226 3872 2230 3876 -
2250 3841 2395 3899 enim
2426 3828 2803 3892 existimabant
2825 3838 2893 3880 ex
2919 3815 3186 3877 simulacri
3206 3821 3406 3867 tantum
3434 3806 3624 3866 forma,
3650 3797 3824 3854 habitu

2252 3951 2307 3998 et
2350 3937 2625 4011 qualitate,
2658 3929 2752 3986 sed
2782 3942 2849 3983 ex
2876 3923 2992 3994 ejus
3020 3918 3180 3977 etiam
3211 3909 3433 3969 materia
3478 3892 3672 3961 factum
3712 3909 3825 3954 esse

2254 3988 2307 3998 ν-
2354 3988 2513 4011 TW,
2584 3988 2624 3998 ,,
2906 3988 2922 3994 ν

2252 4032 2434 4097 deum,
2479 4041 2636 4099 quem
2668 4021 2912 4078 solebant
2939 4025 3132 4078 tutum,
3160 4004 3513 4072 omnibusque
3533 3997 3644 4053 suis
3668 3988 3827 4065 parti-

2252 4124 2351 4181 bus
2371 4117 2725 4190 compositum
2746 4106 3009 4168 venerari.
3038 4099 3332 4159 Dicendum
3362 4108 3491 4165 ergo
3517 4101 3622 4147 tam
3646 4097 3826 4143 cruces

2255 4217 2386 4274 velis
2417 4224 2473 4270 et
2515 4208 2801 4266 monilibus
2831 4204 3105 4274 signorum
3158 4190 3475 4249 militariuxn‘
3507 4178 3824 4253 suppositas,

2253 4325 2412 4385 quam
2441 4306 2573 4361 alias
2601 4297 2910 4359 earumdem
2959 4294 3231 4364 signorum
3277 4291 3480 4356 partes,
3530 4277 3596 4333 de
3644 4272 3830 4345 quibus

3216 4380 3226 4385 -
3289 4378 3302 4385 -
3404 4384 3407 4385 ν
3522 4371 3535 4385 .
3709 4361 3801 4385 ηπ

2253 4361 2480 4462 fbrtasse
2512 4407 2623 4454 tum
2671 4393 2801 4450 nihil
2828 4361 3084 4461 expresse
3113 4378 3436 4453 cogitabant,
3487 4371 3556 4428 ab
3599 4369 3664 4425 iis
3709 4361 3832 4421 reli-

2253 4500 2406 4572 gioso
2435 4494 2580 4552 cultu
2607 4491 2917 4547 honoratas.

2845 4618 3072 4679 CAPUT
3113 4613 3258 4672 XXI.

2260 4751 2342 4807 De
2376 4750 2512 4805 (teste
2547 4740 2828 4816 maiestatis
2864 4738 3100 4791 humana:
3124 4726 3440 4790 criminibus,
3475 4735 3685 4797 quorum
3716 4731 3827 4772 reos

2365 4853 2514 4911 agere
2543 4813 2859 4890 Christianos
2888 4826 3072 4883 etlmici
3111 4834 3377 4894 perperam
3403 4813 3740 4872 conabuntur.
3792 4820 3843 4882 Α

2788 4953 3075 5001 Ακτιουιυε
3102 4949 3314 4992 PRIMUS.

2263 5075 2427 5144 Quam
2457 5067 2717 5126 evidentur
2743 5057 3092 5117 Tertullianus
3109 5049 3340 5109 ostendat
3370 5044 3682 5103 Christianos
3715 5041 3848 5096 lusa

2334 5162 2611 5238 majestatis
2639 5160 2874 5214 humana:
2899 5149 3147 5208 immerito
3177 5142 3428 5210 accusari,
3464 5140 3555 5211 qui
3578 5146 3677 5192 toto
3698 5150 3845 5189 nien-

2260 5278 2267 5291 ‘
2334 5263 2397 5317 tis
2445 5256 2632 5325 aﬂ'ectu
2671 5268 2772 5308 non
2806 5248 2963 5320 falsos
2993 5244 3133 5309 deos,
3178 5238 3270 5295 sed
3305 5250 3477 5291 verum
3526 5240 3574 5286 et
3613 5228 3850 5316 omnipo;

2334 5297 2397 5317 ...
2445 5297 2632 5325 ..,,..-...
2671 5297 2771 5308 η-.-
2806 5297 2960 5320 ,ψη
3120 5297 3132 5309 ,

2333 5364 2516 5412 tentem
2555 5350 2718 5404 Deum
2745 5342 2958 5400 orabant
2985 5353 3077 5408 pro
3102 5333 3266 5390 salute
3291 5314 3647 5401 imperatoris,"
3673 5297 3855 5376 illius:

2331 5463 2428 5521 que
2454 5438 2807 5515 prosperitate,
2826 5441 2872 5489 et
2908 5427 3236 5485 diuturnitate
3258 5418 3458 5477 romani
3477 5413 3693 5489 imperii,
3715 5409 3852 5484 quod

2335 5507 2677 5596 i‘ertullianus
2703 5539 2752 5585 et
2778 5526 2870 5582 alii
2899 5524 3069 5596 plures
3096 5512 3214 5574 cum
3240 5524 3346 5573 toto
3374 5509 3564 5568 mundo
3589 5507 3745 5581 ﬁnem
3763 5519 3855 5559 uc-

2331 5640 2598 5704 cepturum
2624 5621 2981 5696 opinabantur.

2327 5768 2519 5829 Omnia
2562 5765 2819 5821 hactenus
2846 5754 3221 5835 exposuimus,
3248 5760 3409 5823 atque
3435 5741 3852 5819 explanavimus

2256 5870 2593 5939 argumenta,
2639 5855 2833 5928 quibus
2869 5832 3231 5907 Tertulliaiius
3273 5837 3692 5901 luculentissima
3744 5830 3850 5888 de-
