4050 6350
342 294 484 356 1041
1419 291 1856 356 DISSERTATIG

1969 310 1996 352 ι.
2065 295 2152 352 LE
2208 296 2517 355 NOURRY.
3511 299 3651 356 10H

325 421 612 497 'moustrat
631 413 967 472 Christianos
993 414 1126 471 false
1156 414 1376 471 omnino
1401 423 1456 470 et
1482 414 1945 486 impudentissime
1970 413 2027 474 Α
2121 412 2230 470 Nec
2252 414 2580 485 reapondere
2599 420 2845 486 poterant
2873 412 3073 470 ethnici
3090 412 3221 470 falsa
3256 429 3381 473 esse
3406 431 3469 472 ac
3490 432 3643 475 men-

342 506 414 561 ab
457 509 689 564 ethnicis
734 509 873 565 lassa:
905 508 1136 565 incusari
1167 508 1363 564 divinae
1414 508 1737 580 majestatis.
1788 508 1941 580 cujus
2048 506 2198 562 dacia
2223 507 2336 562 hazc
2354 506 2782 562 Christianorum
2811 521 2911 576 pro
2934 506 3105 562 salute
3130 508 3472 578 imperatoris
3492 519 3638 577 vota,

338 597 423 654 illi
452 599 666 670 ipsimet
693 611 1035 657 accusatores
1064 602 1248 657 multis
1273 601 1579 658 nominibus
1605 602 1681 659 rei
1715 617 1938 673 prorsus
2043 608 2134 653 aut
2160 597 2378 654 fallaces
2407 598 2623 654 illorum
2654 613 2864 670 preces,
2908 599 2999 672 qui
3034 614 3104 657 ne
3131 599 3344 658 debitos
3372 602 3638 659 cruciatus

330 698 514 746 erant.
546 692 664 747 .Iam
713 693 893 763 itaque
920 695 1333 750 examinandum
1383 704 1467 751 cst.
1493 694 1687 766 quibus
1725 695 1813 750 ille
1850 709 1935 750 ra-
2040 691 2432 761 experirentur,
2467 707 2559 748 eas
2588 707 2683 748 ore
2710 701 2865 749 tenus
2887 692 3202 749 fundebant.
3236 693 3373 750 Nam
3405 695 3507 751 hac
3539 694 3628 751 fu-

327 785 542 842 tionum
575 789 885 858 momentis,
919 791 1186 859 similique
1218 792 1377 847 modo
1412 792 1661 848 ostendat
1688 792 1932 850 ethnicos
2041 783 2118 839 Iili
2151 785 2501 856 responsione
2545 784 2766 854 ethnici.
2795 785 2873 841 uti
2903 786 2977 841 ait
3001 785 3387 856 Tertullinus,
3434 803 3629 846 concc-

324 875 474 933 lcesse
500 878 746 936 humana:
774 882 1066 951 majestatis
1087 898 1206 940 esse
1234 899 1419 940 revera
1442 886 1710 953 conscios,
1737 896 1928 942 tamct-
2033 873 2233 931 debat"-
2256 876 2595 933 (ἶίπίεῑῖπηοε
2648 878 2759 935 Deo
2789 893 2889 934 5"0
2917 893 3015 949 N0
3042 879 3215 937 εθιυίθ
3242 880 3628 954 ίῐηΡθηίοΐυηὶ

317 968 368 1022 si
398 984 608 1026 summa
637 970 816 1028 adhuc
860 974 1160 1031 temeritate
1189 975 1526 1033 Christianos
1558 977 1715 1049 hujus
1743 979 1856 1034 crin

2034 983 2223 1038 preces
2250 984 2438 1026 revera
2469 969 2671 1026 fudisse
2702 968 2895 1043 (Idem,
2923 972 3216 1044 Apologet.,
3237 989 3357 1043 cap.
3383 974 3473 1041 5|,
3500 991 3624 1046 pag.

317 1060 408 1116 nis
456 1062 767 1121 insimulare
809 1082 913 1122 non
942 1077 1273 1124 vererentur.
1320 1068 1451 1125 Nam
1498 1080 1556 1126 ut
1594 1072 1714 1141 ejus
1744 1072 1854 1128 vcrl

2027 1059 2180 1130 446).
2202 1059 2333 1128 Quis
2362 1069 2537 1116 autem
2570 1077 2802 1132 unquam
2832 1062 3139 1132 probaverit
3167 1063 3289 1120 illas
3315 1079 3422 1120 non
3448 1080 3514 1121 ex
3542 1065 3625 1120 iii-

314 1161 570 1212 ulamnr:
606 1155 813 1211 Ventum
846 1167 919 1214 est
947 1160 1016 1213 ad
1042 1159 1319 1215 secundum
1340 1162 1539 1216 titulum
1568 1163 1705 1218 (testu
1730 1181 1921 1233 augus-
2026 1152 2158 1208 limo
2209 1153 2389 1210 cordis
2431 1169 2618 1220 sensu.
2666 1156 2761 1212 θεά
2818 1171 2913 1212 ore
2961 1166 3165 1213 lanlum
3205 1156 3510 1229 proreelas?
3551 1163 3622 1216 At

311 1244 461 1300 tiaris
490 1249 1116 1318 majestatis(Tertullian.
1134 1252 1400 1324 Apologel,
1418 1270 1533 1326 cap.
1554 1254 1647 1324 28,
1689 1256 1910 1328 p.456),
2019 1247 2261 1305 sinceras
2282 1249 2504 1305 omnino
2525 1249 2686 1306 fuisse
2715 1249 2839 1307 hinc
2860 1248 2955 1305 ille
2975 1250 3132 1322 plane
3152 1251 3443 1319 convincit,
3471 1253 3614 1324 quod

306 1337 560 1395 videlicet
602 1343 1011 1414 imperaturum.
1043 1346 1336 1418 Augustior
1362 1356 1540 1404 autem
1572 1364 1757 1404 eorum
1790 1366 1856 1404 in:

2018 1341 2072 1397 in
2095 1342 2282 1409 sacris,
2311 1358 2443 1414 quas
2473 1343 2707 1399 ethnicis
2737 1344 2867 1414 ipsis
2895 1358 3000 1398 non
3041 1358 3162 1399 esse
3201 1343 3496 1415 incognitas
3527 1360 3615 1402 os-

297 1428 478 1499 jestas
508 1432 709 1491 idcirco
741 1447 999 1504 vocatur,
1033 1439 1153 1509 quia
1195 1440 1422 1510 gentiles
1453 1441 1791 1511 imperatoris
1833 1442 1911 1497 vi-
2017 1435 2305 1499 tendimus.
2339 1436 2541 1491 nostris
2569 1436 2867 1506 Scripturis
2898 1437 3241 1507 praecipiatur
3284 1436 3510 1507 singulis
3552 1446 3609 1492 et

301 1523 482 1580 Willis
513 1524 669 1597 longe
702 1529 889 1599 "mgis,
919 1546 1077 1601 quam
1105 1530 1275 1597 Jovis,
1301 1533 1641 1604 aliorumque
1669 1543 1907 1605 mortuo-
2011 1528 2264 1585 omnibus
2291 1527 2614 1585 Christianis
2645 1546 2656 1581 :
2686 1528 2768 1582 Ad
2800 1528 3214 1597 redundantiam,
3246 1530 3437 1600 inquit,
3455 1530 3607 1586 bene-

306 1628 428 1668 ruzn
457 1614 677 1672 deorum
707 1621 1068 1687 majestatem,
1100 1632 1156 1677 ιιι
1187 1625 1341 1693 paulo
1369 1633 1487 1695 post
1512 1624 1772 1693 dicemus,
1805 1627 1903 1682 ιω..
2010 1621 2240 1693 gnitatis,
2268 1621 2421 1676 etiam
2445 1637 2537 1691 pro
2567 1620 2784 1675 inimicis
2822 1618 2986 1675 Deum
3024 1637 3191 1687 orare,
3231 1630 3276 1675 et
3315 1631 3604 1692 persecuto-

313 1705 445 1764 dcre
485 1708 927 1769 reformidabant.
960 1717 1028 1770 At
1055 1714 1346 1772 Christiani
1377 1718 1757 1789 imperatorem
1798 1721 1856 1779 de

2006 1714 2276 1769 ribussuis
2304 1714 2436 1769 bona
2467 1713 2664 1784 precari
2692 1712 2900 1786 (Ibid.).
2923 1712 3054 1782 Quis
3099 1723 3278 1769 autem
3323 1719 3433 1769 non
3460 1713 3604 1772 videt

302 1796 413 1854 bita
444 1805 741 1859 reverentia
770 1806 1031 1875 colentes,
1063 1824 1160 1878 pro
1195 1809 1340 1866 illius
1373 1811 1570 1878 salute,
1606 1829 1711 1869 non
1748 1830 1856 1871 mox

1969 1816 1976 1866 ι
2009 1805 2090 1860 his
2118 1806 2299 1862 verbis
2326 1807 2397 1861 ab
2425 1806 2515 1862 illo
2542 1806 2809 1878 designari
2840 1806 2971 1861 illud
3002 1804 3198 1861 Christi
3227 1814 3592 1877 praeceptum:

304 1898 430 1947 Illos
457 1894 776 1966 liclitiosqne
796 1897 927 1954 deos
952 1901 1333 1971 precabantur,
1357 1905 1450 1960 sed
1475 1921 1663 1963 verum
1687 1908 1894 1965 vivum-
2003 1897 2231 1953 Audistis
2254 1898 2373 1970 quia
2392 1899 2582 1953 dictum
2602 1909 2670 1954 est
2693 1897 2920 1970 :Diliges
2940 1898 3229 1969 proximum
3245 1907 3387 1952 tuum
3413 1909 3460 1954 et
3475 1899 3595 1954 odio

287 1998 398 2053 qtte
422 1985 612 2057 Deum,
640 2004 670 2044 a
701 2006 807 2061 quo
834 1993 991 2049 iidem
1021 1992 1375 2066 imperatores
1398 2013 1703 2071 supremam
1726 2015 1780 2061 ει
1798 2021 1889 2062 se-
1999 1989 2201 2045 habebis
2212 1990 2648 2057 inimii'umtuum;
2671 2006 2762 2062 ego
2786 1999 2954 2044 autent
2970 1990 3084 2044 dico
3101 1988 3588 2061 vobis:Diligiteini-

290 2076 524 2133 cundam
550 2079 619 2136 ab
646 2081 741 2137 illo
765 2094 1107 2155 potestatem,
1137 2088 1270 2145 lucis
1299 2108 1536 2161 usuram,
1559 2104 1613 2151 ej
1632 2096 1887 2168 quidquid
1995 2081 2150 2136 micas
2163 2092 2370 2149 vestros,
2391 2083 2666 2151 benefacite
2691 2083 2770 2137 liis
2792 2082 2879 2151 qui
2907 2083 3119 2138 oderunt
3147 2092 3306 2149 vos,et
3328 2092 3470 2138 orate
3495 2099 3588 2153 pro

284 2167 389 2237 ip8i
416 2178 589 2238 erant,
616 2174 792 2244 rcipsa
818 2190 1138 2249 acceperam
1167 2180 1352 2254 (Ihm,
1380 2201 1497 2257 εαρ,
1531 2186 1621 2253 30,
1649 2207 1700 2259 ρ,
1732 2167 1880 2261 ης),
1991 2174 2405 2245 persequentibus
2424 2184 2470 2228 et
2489 2174 2917 2228 calumniantibus
2935 2189 3021 2229 vos
3051 2171 3264 2245 (Matth.
3301 2172 3420 2239 αν,
3445 2188 3495 2228 ν.
3523 2173 3594 2230 45

359 2262 444 2315 Ah
470 2262 572 2320 hoc
597 2265 739 2321 cnim
769 2270 887 2325 solo
913 2274 1391 2346 onmipotenteque
1419 2278 1529 2335 Deo
1553 2282 1880 2350 quotidianis
1988 2276 2034 2320 ετ
2054 2266 2214 2337 “344)-
2238 2264 2485 2322 ειηίειυε
2511 2267 2655 2321 Citii“
2687 2265 2769 2320 his
2797 2266 2979 2321 verbis
3014 2265 3166 2335 jubel
3206 2275 3263 2319 υι
3299 2264 3584 2320 Christiani

282 2349 575 2412 Christiani
604 2362 850 2429 precibus
875 2364 1236 2436 efﬂagitabant
1259 2371 1412 2424 vitam
1439 2349 1752 2431 earumdem
1781 2378 1882 2434 im.
1985 2358 2234 2414 inimicos
2252 2373 2380 2414 suos
2403 2374 2507 2413 non
2530 2356 2780 2429 amplius,
2812 2355 3157 2423 sicutJudaci,
3181 2354 3306 2412 odio
3327 2354 3581 2421 habeant,

279 2458 545 2515 ratorum,
581 2453 655 2508 uti
682 2455 757 2509 ait
783 2455 1165 2525 Tertullianns,
1195 2465 1471 2531 prolixam,
1504 2468 1773 2537 imperium
1800 2486 1856 2526 se

1982 2450 2076 2506 sed
2104 2452 2172 2503 ad
2209 2450 2602 2505 redundantiam
2632 2448 2954 2521 benignitatis
2980 2447 3285 2503 christiana:
3320 2447 3438 2503 illos
3451 2446 3576 2502 dili-

276 2543 691 2607 curum,domum
718 2556 899 2615 tutam,
923 2553 1171 2606 exercitus
1191 2558 1367 2623 fortes,
1390 2568 1621 2612 senatum
1651 2560 1853 2626 ﬁdelem

1979 2552 2127 2614 gant,
2158 2544 2265 2599 illis
2285 2542 2621 2599 benefaciant
2645 2584 2661 2609 ,
2701 2559 2797 2614 pro
2829 2540 3269 2613 persequentibus
3293 2549 3348 2595 et
3374 2539 3578 2595 calum-

278 2633 526 2700 populum
567 2636 800 2705 probum,
845 2643 1089 2710 quietum,
1114 2655 1160 2698 et
1189 2662 1517 2719 quacumque
1565 2651 1786 2709 Ιιοηιίηί,
1828 2665 1876 2710 σε
1980 2639 2251 2695 niantibus
2271 2639 2460 2696 intimo
2476 2639 2798 2710 sinceroqne
2814 2637 2995 2694 cordis
3011 2636 3205 2692 affectu
3251 2636 3419 2691 Deum
3449 2649 3576 2706 pre-

279 2722 497 2779 Ctesaris
524 2737 638 2781 vota
675 2740 792 2784 sunt
820 2730 1040 2806 (lbid.).'
1070 2734 1174 2790 hoc
1199 2746 1301 2803 est,
1322 2755 1675 2815 quaecumque
1700 2746 1871 2816 impe-
1976 2743 2185 2789 οεηιυτ·

278 2826 486 2874 ratores
512 2834 609 2889 pro
632 2822 835 2891 privata
866 2841 960 2880 sua
983 2827 1108 2893 vita,
1140 2841 1192 2884 et
1215 2830 1476 2900 imperiali
1494 2835 1753 2907 dignitate
1778 2853 1870 2910 po-

278 2917 452 3002 terant
497 2915 789 2970 sccundmn
820 2919 1087 2989 aequitatis
1115 2924 1415 2994 etjustitia:
1462 2928 1607 3000 leges
1646 2940 1853 3002 optare.

276 3001 387 3058 Nec
414 3006 593 3063 minus
620 3022 995 3070 asseveranler
1023 3016 1125 3071 hoc
1165 3022 1521 3087 prmdiearunt
1551 3025 1643 3080 alii
1672 3001 1855 3085 eximii

272 3096 579 3156 christiana:
619 3102 892 3174 religionis
929 3106 1283 3172 defensores:
1322 3122 1438 3169 Θιδν
1468 3126 1554 3185 μὶν
1576 3123 1733 3188 μόνον,
1782 3122 1864 3177 ἰη-

2047 2826 2221 2895 Atqui
2242 2828 2424 2898 magis,
2444 2826 2616 2898 pergit
2637 2827 2950 2892 illc,inimici
2966 2835 3018 2883 et
3031 2834 3404 2899 persecutores
3417 2822 3573 2879 Chri-

1972 2916 2445 2990 stianorum,quam
2469 2917 3128 2991 ituperaturcs,dequorum
3147 2918 3271 2974 lassa
3288 2918 3569 2988 majestate

1972 3014 2322 3069 convenimur
2357 3016 2407 3069 in
2437 3014 2648 3079 crimen,
2676 3013 2725 3068 id
2749 3025 2831 3070 cst
2851 3028 3165 3070 accusantur
3186 3008 3562 3085 (Tertull.,loc.

1971 3104 2113 3176 cit.)?
2130 3105 2271 3162 Alibi
2285 3122 2411 3161 vero
2428 3122 2526 3162 nec
2551 3108 2713 3162 semel
2741 3106 2841 3161 huc
2870 3107 3032 3162 verbo
3057 3103 3562 3175 utitur(lbid.,c.55,

271 3192 489 3260 quiebat
530 3194 771 3253 Justinus
816 3211 1048 3272 martyr,
1092 3214 1469 3276 προσκυνοῦμεν,
1512 3217 1621 3280 ὑμῖν
1665 3220 1715 3269 δὲ
1751 3228 1856 3288 πρὸς

1974 3227 2026 3278 p.
2045 3209 2455 3280 454).Snperius
2481 3211 2679 3282 quippe
2706 3196 2935 3275 diierat,
2962 3205 3564 3279 sacrilegiietmajestatis

267 3290 335 3336 «τὰ
359 3291 482 3341 ἄλλα.
508 3299 743 3360 χιιρυντες
774 3296 1109 3364 ὗπηρετοῧμεν,
1136 3304 1354 3367 βασιλεῖς
1378 3306 1472 3355 ικαὶ
1511 3311 1742 3375 ἄρχοντας
1778 3314 1866 3364 ἆν-

268 3382 460 3445 θρώπων
511 3385 857 3452 ὁμολογοῧινης,
904 3389 987 3438 καὶ
1027 3392 1269 3457 εὖχομένοι
1305 3398 1434 3460 μετὰ
1471 3411 1558 3457 τῖς
1603 3411 1865 3469 βασιλικῆς

271 3472 525 3538 δυνάμεως,
553 3481 636 3527 nasi
663 3484 870 3547 σώφρονι
893 3487 977 3533 τὸν
1002 3489 1221 3552 λογισμὸν
1245 3492 1437 3553 ἔχοντας
1466 3493 1728 3558 εὖρεθῆνιι.
1758 3497 1861 3552 SO-

274 3560 378 3614 lum
422 3560 582 3617 Deum
619 3566 915 3632 adoramus,
962 3580 1008 3625 et
1042 3573 1180 3629 vobis
1219 3576 1271 3630 in
1313 3579 1462 3634 rebus
1500 3582 1616 3638 aliis
1648 3585 1861 3642 inserui-

276 3671 404 3719 mus,
431 3656 760 3726 imperatores
788 3677 871 3715 ac'
900 3665 1154 3734 principes
1184 3667 1446 3725 hominum
1475 3690 1582 3729 esse
1611 3680 1862 3747 proﬁten-

279 3757 370 3815 tes,
403 3759 448 3803 et
477 3751 631 3806 simul
655 3766 935 3825 precantes,
980 3768 1035 3812 ut
1063 3776 1178 3816 cum
1219 3765 1473 3836 imperiali
1500 3781 1745 3841 potestate
1769 3793 1858 3831 sa-

272 3857 384 3895 nam
412 3854 622 3899 mentem
648 3848 870 3906 obtinere
893 3855 1276 3925 comperiamini
1305 3859 1525 3931 (Justin.
1549 3864 1768 3940 Apolog.
1791 3871 1860 3924 ad

272 3936 458 4035 tanton.
490 3956 608 4012 pug.
639 3941 751 4014 64).
797 3945 1166 4021 Athenagoras
1199 3968 1328 4009 vero
1373 3955 1424 4010 in
1459 3958 1566 4014 line
1598 3936 1733 4017 aure
1761 3979 1858 4035 pro

269 4029 579 4089 Christianis
599 4036 876 4107 legationis
899 4043 1069 4111 palam
1093 4044 1330 4102 declarat
1351 4040 1572 4108 eosdem
1593 4029 1856 4115 Christia-

269 4124 559 4224 nospeum
588 4140 833 4199 preeatos
857 4149 977 4190 esse
1005 4152 1100 4206 pro
1126 4141 1350 4212 Augusti
1391 4144 1636 4217 imperio,
1684 4162 1850 4224 utque

270 4215 395 4272 illud
443 4220 608 4292 magis
638 4237 700 4278 ac
730 4226 898 4295 magis
930 4239 1204 4299 augeatur,
1254 4238 1438 4293 omnia
1468 4215 1558 4294 iitli
1603 4215 1856 4302 eveniant

272 4322 335 4364 ex
373 4311 534 4366 animi
580 4318 864 4383 sententia,
894 4334 955 4373 ac
981 4320 1121 4378 ﬁlius
1149 4325 1266 4396 ejus
1316 4339 1371 4384 et
1417 4330 1591 4389 lircrcs
1641 4336 1710 4408 in:
1736 4338 1854 4408 ejus

265 4404 512 4503 suc-cedat
528 4406 700 4463 locum
722 4410 1017 4484 (Athenag.,
1037 4414 1213 4487 Legat.
1236 4436 1326 4488 pro
1341 4421 1640 4496 Christian.,
1658 4402 1711 4499 p.
1730 4402 1849 4503 ιδ).

392 4496 516 4555 huic
543 4514 663 4570 quin
690 4503 941 4560 omnihus
968 4506 1099 4563 satis
1130 4520 1250 4565 nota
1281 4525 1424 4581 sunt,
1456 4494 1635 4573 fusius?
1656 4494 1848 4591 prose-

1971 3303 2044 3356 rei
2069 3303 2410 3357 convenimur.
2443 3302 2585 3358 Infra
2612 3312 2791 3357 autem
2818 3321 2831 3356 :
2864 3302 2940 3356 De
2964 3300 3218 3365 secunda,
3246 3309 3362 3369 post
3392 3298 3557 3352 Deum

1968 3394 2193 3460 scilicet,
2213 3393 2510 3463 majestate,
2530 3396 2581 3449 in
2596 3395 2873 3449 secundum
2883 3393 3558 3465 sacrilegiain:convenimur.

1967 3487 2122 3556 Quod
2147 3487 2652 3559 jnrisconsultorum
2678 3499 2760 3543 est
2790 3488 3033 3552 verbum,
3056 3503 3162 3558 quo
3184 3485 3323 3540 idem
3347 3484 3548 3554 signiﬁ-

1966 3588 2139 3646 catur,
2170 3588 2329 3649 atque
2357 3580 2409 3634 in
2431 3579 2521 3650 jus
2551 3580 2749 3635 vocari.
2782 3580 2907 3634 Lata
2950 3579 3110 3651 igitur
3137 3595 3169 3634 a
3199 3578 3415 3634 Christo
3440 3577 3560 3649 lege

1966 3672 2254 3730 Christiani
2286 3674 2603 3729 tenebantur
2626 3689 2725 3744 pro
2756 3673 3191 3743 imperatoribus,
3216 3670 3546 3743 quantumli-

1963 3768 2055 3823 bet
2076 3767 2327 3834 inimieis,
2372 3782 2435 3823 ac
2467 3768 2899 3838 persecutoribus
2927 3768 3060 3832 suis,
3093 3767 3412 3838 illorumquc
3452 3779 3551 3822 sa-

1949 3861 2074 3917 Jute
2106 3861 2214 3916 Deo
2233 3860 2551 3931 supplicare.
2808 3914 2811 3917 λ

2033 3951 2173 4018 Quid
2195 3966 2341 4017 vero,
2364 3951 2505 4024 quod
2528 3950 2811 4007 Christiani
2837 3951 2945 4007 alia
2975 3951 3149 4008 adhuc
3164 3951 3286 4006 data
3307 3951 3376 4005 ab
3408 3951 3554 4021 Apo-

1963 4045 2106 4100 stolo
2134 4046 2271 4116 lege,
2307 4045 2473 4101 Deum
2505 4060 2696 4117 rogare
2719 4044 2988 4100 debebant
3016 4043 3314 4099 nominatim
3345 4059 3437 4111 pro
3462 4058 3549 4097 re-

1960 4139 2105 4211 gibus
2130 4149 2176 4194 et
2203 4156 2296 4208 pro
2323 4139 2658 4211 principibus.
2682 4149 2728 4192 et
2750 4138 3101 4210 potestatibus,
3129 4145 3182 4190 ut
3211 4137 3381 4190 omnia
3411 4145 3555 4189 tran-

1958 4233 2119 4304 quilla
2144 4233 2244 4286 sint
2275 4230 2438 4302 (Ibid.
2467 4246 2584 4301 cap.
2610 4231 2702 4296 51,
2731 4247 2852 4301 pag.
2880 4227 3032 4299 446).
3062 4228 3251 4283 Paucis
3272 4237 3453 4283 autem
3474 4226 3547 4281 ibi

1958 4325 2157 4389 verbis,
2186 4339 2249 4379 ac
2262 4325 2434 4379 tacito
2459 4322 2699 4394 ejusdem
2731 4321 2879 4376 Pauli
2910 4321 3148 4387 nomine,
3184 4334 3246 4375 ea
3271 4319 3545 4390 complec-

1959 4418 2106 4483 titur,
2132 4433 2253 4489 qua:
2279 4417 2348 4473 ab
2378 4417 2467 4472 illo
2492 4417 2556 4471 ad
2589 4415 2927 4471 Timotheum
2958 4416 3034 4470 sic
3060 4414 3277 4483 scripta,
3309 4424 3361 4468 ct
3385 4429 3415 4467 a
3445 4429 3544 4468 no-

1957 4514 2039 4569 bis
2078 4513 2187 4583 jam
2216 4514 2374 4568 citata
2404 4520 2529 4567 sunt
2557 4512 2766 4583 (Supr.,
2791 4528 2909 4582 cap.
2960 4509 3047 4578 12,
3079 4518 3180 4564 art.
3211 4509 3288 4582 1).
3331 4508 3552 4565 Obsecro

265 4586 350 4679 (ιιιί
394 4589 525 4655 nihil
574 4607 796 4650 necesse
821 4604 925 4651 est.
971 4596 1303 4658 Manifestum
1346 4622 1559 4679 quoque
1587 4586 1840 4673 omnibus
1873 4596 1930 4657 Β
1956 4606 2177 4678 primum
2196 4605 2422 4660 omnium
2453 4605 2563 4673 ﬁeri
2593 4604 2975 4670 obsecrationes,
3004 4603 3284 4675 gratiarum
3314 4606 3543 4662 actiones

268 4678 480 4738 fecimus
498 4684 709 4755 (Supr.,
748 4704 796 4743 c.
849 4689 937 4756 t4,
965 4701 1066 4746 art.
1086 4693 1143 4767 3)
1163 4712 1319 4766 quam
1337 4678 1547 4759 sincero
1564 4708 1760 4763 mentis
1774 4713 1851 4765 al-

263 4771 289 4826 f
315 4782 417 4843 ctu,
448 4790 605 4845 quam
634 4778 918 4837 innocente
945 4783 1143 4853 anima,
1168 4802 1326 4858 quam
1356 4790 1538 4850 humili
1557 4805 1609 4851 et
1637 4798 1851 4869 abjecto

265 4867 499 4960 corporis
527 4878 671 4923 motu
702 4870 816 4928 lucc
846 4873 978 4929 fusis
1001 4887 1052 4932 et
1071 4880 1310 4948 privatis,
1330 4892 1382 4937 et
1416 4884 1642 4952 publicis
1672 4867 1849 4960 preci-

264 4953 356 5009 bus
401 4957 470 5011 ab
501 4961 868 5031 omnipotente
914 4965 1025 5022 Deo
1057 4984 1156 5024 suo
1202 4970 1489 5041 impetrare
1528 4953 1844 5040 niterentur.

263 5046 614 5116 Quamobrem
644 5054 774 5111 nihil
804 5060 1033 5130 amplius
1057 5062 1390 5135 adjiciemus,
1423 5069 1523 5125 nisi
1571 5075 1714 5143 quod
1758 5077 1850 5135 ille

263 5141 323 5195 ad
350 5141 630 5214 Scapulam
649 5146 1234 5222 etlinicum‘prinsidem
1259 5159 1513 5229 scripsit:
1544 5141 1768 5223 colimus
1805 5178 1855 5224 et

264 5234 610 5305 imperatorem
634 5239 728 5306 sic,
755 5244 1008 5311 quomodo
1029 5256 1074 5299 et
1098 5248 1238 5302 nobis
1257 5249 1392 5317 licet,
1424 5262 1470 5307 et
1495 5255 1595 5323 ipsi
1623 5260 1845 5328 expedit,

268 5336 318 5378 ut
344 5327 595 5383 hominem
639 5348 671 5383 a
699 5331 831 5398 Deo,
873 5337 1241 5396 secundum....
1285 5340 1469 5415 Itaque
1500 5350 1850 5418 sacriﬁcamus

202 5432 205 5433 '
265 5433 348 5485 pro
393 5420 558 5475 salute
589 5423 929 5494 imperatoris,
962 5430 1052 5482 sed
1078 5430 1189 5485 Deo
1227 5444 1399 5491 nostro
1443 5448 1492 5493 et
1537 5441 1716 5511 ipsius,
1758 5446 1849 5500 sed

263 5515 500 5607 quomodo
540 5517 782 5587 prwcepit
811 5516 969 5587 Deus,
1012 5538 1147 5589 pura
1191 5543 1355 5595 prece.
1404 5528 1526 5585 Non
1567 5534 1696 5587 enim
1739 5545 1849 5607 eget

265 5599 412 5670 Deus,
440 5606 675 5661 conditor
700 5610 1059 5679 universitatis,
1088 5615 1258 5672 odoris
1288 5630 1375 5673 aut
1398 5624 1661 5693 sanguinis
1689 5599 1849 5682 alicu-

258 5695 512 5790 jus.er
541 5704 676 5758 enim
699 5705 1066 5765 daemoniorum
1097 5713 1287 5782 pabula
1313 5725 1430 5772 sunt
1456 5717 1721 5790 (Tertull.,
1755 5721 1845 5778 lib.
1884 5710 1901 5722 κ

264 5787 325 5843 ad
349 5789 560 5863 Scapul.
594 5811 710 5867 cap.
735 5796 813 5869 2).

1957 4715 2050 4770 pro
2080 4698 2312 4751 onmibus
2339 4696 2645 4761 horninibus,
2675 4714 2766 4767 pro
2788 4697 3008 4768 regibus,
3040 4706 3086 4751 et
3126 4696 3357 4751 omnibus
3370 4697 3455 4767 qui
3492 4697 3550 4751 in

1954 4790 2261 4845 sublimitate
2288 4798 2440 4853 sunt;
2471 4799 2523 4843 ut
2555 4790 2773 4860 quietam
2796 4798 2842 4844 et
2882 4788 3211 4859 tranquillam
3238 4788 3392 4842 vitam
3418 4806 3553 4859 aga-

1954 4901 2067 4939 mus
2110 4886 2162 4938 in
2201 4884 2336 4939 omni
2381 4884 2563 4955 pietate
2613 4892 2660 4938 et
2699 4884 2925 4936 castitate
2982 4881 3158 4953 (Paul.
3220 4881 3389 4951 Epist.
3440 4880 3553 4936 [ad

1954 4978 2204 5045 Timotlt.,
2237 4996 2353 5050 cap.
2379 4978 2442 5047 ll,
2477 4994 2525 5034 ν.
2562 4980 2579 5033 l
2618 4977 2807 5058 etsgq.)

2030 5072 2147 5128 Non
2189 5072 2302 5127 sola
2343 5080 2521 5127 autem
2566 5052 2860 5141 scripturae
2904 5084 3075 5126 sacrae
3118 5071 3457 5135 auctoritate,
3497 5078 3554 5125 ct

1958 5166 2065 5221 lata
2094 5165 2414 5223 Christianis
2440 5165 2579 5235 lege,
2610 5163 2662 5218 id
2709 5163 2901 5234 probat
2929 5163 3310 5230 Tertullianus;
3334 5163 3429 5219 sed
3453 5165 3553 5219 hac

1957 5259 2117 5313 etiam
2164 5258 2391 5321 ratione,
2440 5266 2626 5312 contra
2675 5272 2833 5326 quam
2884 5272 3042 5312 nemo
3070 5272 3199 5312 sane
3239 5272 3308 5312 nc
3359 5256 3552 5311 inutire

1957 5349 2172 5420 quidem
2208 5359 2457 5419 poterat:
2492 5348 2622 5403 Cum
2667 5349 2973 5415 concutitur,
3023 5350 3212 5421 inquit,
3257 5351 3550 5420 imperium,

1956 5444 2212 5497 concussis
2258 5445 2406 5496 etiam
2448 5444 2641 5498 caneris
2681 5444 2917 5498 ntembris
2954 5446 3085 5512 eius,
3136 5451 3303 5513 utique
3350 5454 3398 5499 et
3438 5460 3552 5510 nos,

1954 5534 2070 5588 licet
2096 5534 2322 5587 extranei
2350 5550 2382 5587 (ι
2411 5536 2570 5587 turbis
2595 5536 2920 5599 wstimemur,
2950 5535 3003 5588 in
3045 5536 3217 5605 aliqua
3244 5541 3354 5594 loco
3402 5551 3552 5589 casus

1959 5627 2239 5681 invenimur
2257 5625 2585 5699 (Tertullian.
2618 5628 3013 5701 Apologet.‘_loc.
3049 5631 3184 5698 cit.).
3217 5630 3287 5685 At
3312 5631 3384 5687 ibi
3423 5646 3554 5687 con-

1962 5729 2040 5774 tra
2068 5719 2312 5774 codicum
2344 5730 2645 5776 nostrorum
2675 5731 2729 5777 et
2755 5722 3018 5777 editorum
3050 5721 3207 5777 ﬁdem
3239 5723 3306 5793 in.
3338 5722 3553 5794 Rigaltii

1962 5813 2199 5871 editione
2228 5815 2491 5872 sublatum
2522 5825 2609 5872 est
2638 5816 2856 5873 verbum
2886 5817 3210 5874 tcstimemur.
3234 5818 3347 5885 Qua
3375 5804 3556 5875 autem
