4076 6356
486 331 626 388 10ῑό

1552 326 1620 382 ΙΝ
1658 319 2120 383 TERTULLIANI
2156 314 2694 380 AFOLOGETICUM

3646 327 3814 397 1044

489 466 557 504 an
577 445 858 503 oscitantia
881 441 1354 516 typogmphorum,
1380 440 1465 498 vel
1484 440 1699 513 Rigaltii
1719 439 1937 513 propria
1952 454 2078 495 auc-
2103 437 2160 513 Α
2182 433 2313 497 dum
2334 433 2534 491 ethnici
2560 437 2773 508 propria
2791 437 3119 496 conscientia
3131 446 3469 513 compertum
3493 440 3813 507 habebant,

497 542 731 610 toritate,
764 538 918 595 sicuti
949 538 1237 605 nescimus,
1269 536 1345 592 ita
1387 544 1538 592 certe
1580 534 1715 590 anili
1741 533 2077 601 dubitamus,

489 634 619 693 illud
646 642 792 688 recte
818 632 888 687 ab
900 632 1134 687 Auctore
1163 637 1353 686 nostro
1378 627 1640 685 additum.
1670 628 1831 684 Prius
1848 642 2081 698 namque

487 728 564 782 uti
592 724 844 789 vidimus,
876 724 1105 779 asseruit
1124 721 1461 778 Christianos
1483 735 1607 777 eum
1629 720 1861 777 ethnicis
1884 719 2087 791 ubique

486 818 545 871 in
572 815 737 873 rebus
761 814 987 885 publicis
1016 813 1267 869 omnibus
1289 812 1453 869 fuisse
1479 809 2086 884 permistos.Verumta-

485 925 611 967 men
641 909 1043 965 aestimabantur
1062 908 1293 964 extranei
1311 922 1343 963 a
1365 906 1533 963 turbis
1552 902 1853 977 gentilibus,
1873 907 1996 979 quia
2013 900 2084 964 ab

486 1016 675 1059 eorum
695 1000 985 1073 mysteriis,
1013 1010 1070 1057 et
1116 999 1495 1071 superstitioso
1514 998 1665 1054 cultu
1685 1000 1904 1055 omnino
1929 1010 2085 1057 erant

490 1093 671 1148 alieni.
717 1091 919 1148 Cretera
949 1105 1070 1147 cum
1098 1090 1327 1147 ethnicis
1355 1090 1628 1157 vivebant,
1679 1100 1840 1163 atque
1879 1084 2082 1150 idcirco

484 1199 752 1241 concusso
782 1182 1009 1255 imperio
1038 1191 1094 1239 et
1122 1183 1268 1253 ipsos
1295 1182 1510 1239 concuti
1554 1197 1779 1239 necesse
1805 1193 1943 1241 erat.
1973 1183 2083 1241 Pro

484 1276 697 1348 imperii
727 1276 889 1348 igitur
917 1274 1323 1348 tranquillitate,
1355 1286 1410 1332 et
1438 1275 1808 1332 incolumitate
1845 1276 2080 1347 impera-

482 1381 683 1439 torum,
707 1372 877 1427 Deurn
905 1385 1059 1442 atquo
1088 1377 1306 1441 totoque
1332 1369 1514 1425 animo
1543 1384 1651 1426 non
1697 1369 1875 1427 solum
1901 1370 2084 1441 priva-

497 1464 618 1531 tim,
649 1463 747 1521 sed
774 1463 827 1519 in
873 1464 984 1518 suis
1010 1462 1191 1528 etiam,
1223 1461 1679 1533 quemadmodum
1698 1462 1946 1533 superius
1971 1461 2085 1519 ub-

483 1558 841 1626 servavimus,
882 1556 1175 1629 synsxibus
1225 1556 1438 1627 publice
1479 1554 1841 1628 precabantur
1867 1555 2082 1627 (Supra,

430 1680 437 1685 ι
484 1665 601 1720 cap.
635 1650 725 1716 i5,
756 1658 855 1703 art.
887 1649 963 1721 l).

2182 534 2238 583 et
2280 540 2380 584 nos
2424 526 2561 583 infra
2602 529 2969 587 ostendemus.
2997 529 3289 588 Christiani
3335 534 3494 607 igitur
3522 549 3552 588 a
3583 533 3817 590 neutris

2184 618 2411 677 salutem
2488 620 2871 695 imperatorum
2935 640 3035 698 nec
3086 633 3338 699 poterant
3378 640 3599 701 Sperare
3634 668 3649 693 ,
3689 642 3821 701 neq

2184 722 2369 784 petere
2412 713 2701 773 debebant.
3207 768 3221 779 .

2256 805 2373 875 Quo
2402 806 2546 863 enim
2576 808 2740 865 modo
2786 808 2903 866 falsi
2950 811 3027 868 illi
3076 812 3151 869 dii
3206 827 3326 870 eam
3355 812 3487 870 dare
3515 820 3813 885 poterant,

2186 898 2278 970 qui
2307 914 2577 970 nunquam
2607 912 3013 974 potueruntaut
3036 919 3097 961 se
3121 906 3288 978 ipsos,
3320 915 3410 962 aut
3441 922 3536 963 sua
3587 910 3806 979 templa

2198 1004 2253 1049 et
2282 994 2571 1052 simulacra
2594 1011 2626 1052 a
2656 997 2884 1067 furibus,
2917 1008 3010 1063 aut
3039 1009 3343 1072 temporum
3372 1001 3583 1073 injuriis
3608 1005 3812 1059 tutari?

2187 1082 2525 1156 Quapropter
2554 1086 2620 1143 ad
2649 1102 2713 1143 ea
2760 1090 3021 1147 servanda
3050 1090 3359 1162 indigebant
3409 1093 3662 1162 militum,
3713 1095 3805 1152 uti

2184 1176 2260 1232 ait
2300 1176 2502 1234 Auctor
2529 1187 2735 1247 noster,
2766 1181 3028 1249 excubiis,
3060 1183 3112 1239 id
3140 1192 3244 1250 est,
3275 1183 3467 1241 diurna
3493 1196 3799 1243 nocturna-

2185 1282 2292 1340 que
2320 1268 2535 1331 illorum
2557 1271 2819 1333 custodia.
2846 1274 3180 1333 Tertulliano
3202 1285 3385 1334 autem
3408 1278 3566 1350 plane
3592 1279 3801 1335 suifra—

2185 1370 2343 1433 gatur
2380 1371 2568 1425 auctor
2615 1364 2857 1435 epistola:
2907 1367 2975 1423 ad
3010 1368 3349 1440 Diognetum,
3403 1370 3525 1427 haec
3554 1372 3802 1430 ethnicis

2181 1452 2307 1523 jure
2336 1468 2400 1511 ac
2430 1454 2622 1510 merito
2651 1456 2729 1510 sic
2753 1459 3190 1529 exprobrantem,
3221 1468 3345 1523 Τοὺς
3372 1474 3458 1531 μὲν
3485 1469 3803 1525 tremescat

2192 1550 2493 1617 ὃστριιίνους
2544 1555 2749 1609 σέϐοντες
2787 1551 3082 1622 ἀφυλάκτους
3108 1595 3122 1623 ,
3166 1562 3274 1614 τοὺς
3319 1559 3369 1608 δὲ
3412 1558 3665 1629 ἆργυρὲους
3707 1561 3803 1612 ui

2190 1648 2389 1712 χρυσοῦς
2440 1648 2715 1713 lyristen“;
2755 1635 2865 1707 casia,-
2902 1651 3026 1713 νυξὶ,
3068 1651 3152 1701 nisi
3203 1653 3312 1709 ταῖς
3354 1657 3557 1721 ἡμέραις
3584 1656 3819 1724 ξύλαις.

555 1741 699 1811 Quid
738 1757 889 1809 vero,
934 1740 1083 1813 quod
1114 1741 1286 1812 major
1313 1740 1630 1808 necessitas,
1664 1741 1713 1796 si
1751 1739 2068 1801 Tertulliant

2188 1742 2596 1805 πιμικιθίσιντες
2634 1739 2709 1790 ἵνα
2735 1748 2808 1805 μή
2830 1748 3102 1793 nimam-0:
3133 1738 3267 1795 Deos
3295 1741 3524 1812 lapideos
3567 1744 3800 1814 quidem,

484 1834 775 1901 credimus,
802 1834 1071 1905 ﬂagitabat
1090 1842 1149 1889 ut
1174 1832 1467 1891 Christiani
1488 1832 1585 1889 ltas
1611 1846 1800 1904 preces
1821 1848 1886 1890 ex
1908 1833 2093 1895 annuet
2116 1834 2239 1913 net
2270 1836 2513 1883 testaceos
2535 1830 2866 1899 ueneremini,
2889 1831 3177 1886 custodibus
3207 1842 3465 1899 carentes;
3518 1845 3790 1911 argenteos

479 1927 762 1985 funderent
789 1925 1115 1998 (Tertullian.
1170 1925 1461 1998 Apologia,
1490 1942 1609 1997 cap.
1640 1925 1730 1994 '59,
1763 1942 1885 1999 pag.
1923 1925 2074 1997 ΛΠ),

480 2023 586 2079 Per
613 2038 803 2079 eorum
836 2023 1031 2094 quippe
1054 2024 1264 2079 animos
1287 2023 1470 2095 opinio
1492 2034 1806 2095 pervaserat
1832 2024 2083 2096 prasinae

480 2115 723 2180 futurum
759 2115 942 2173 mundi
974 2116 1137 2188 linem
1187 2116 1350 2173 variis
1381 2118 1645 2188 portentis
1674 2127 1787 2174 tum
1818 2133 2078 2189 petessun—

477 2209 628 2266 tiari:
659 2209 753 2265 sed
770 2223 893 2265 eum
924 2218 1124 2278 tamen,
1146 2210 1283 2265 sicut
1302 2209 1413 2281 jam
1436 2210 1843 2267 observavimus
1864 2211 2079 2283 (sapiu,

474 2322 593 2377 cap.
629 2305 717 2379 l5,
750 2315 849 2359 art.
881 2305 957 2376 1),
994 2320 1099 2360 non
1144 2313 1300 2360 antea
1331 2303 1737 2374 destruendum,
1770 2322 1933 2377 altam
1969 2305 2077 2370 Rw

476 2415 697 2456 manum
732 2399 1015 2470 imperium
1067 2406 1426 2455 everteretur.
1458 2398 1747 2471 Rogabant
1778 2400 1944 2472 igitur
1980 2415 2083 2470 pro

478 2492 639 2565 hujus
682 2491 1053 2557 diuturnitate,
1085 2499 1140 2545 et
1188 2499 1246 2545 ut
1292 2490 1657 2547 retardaretur
1705 2491 1889 2546 mundi
1932 2491 2076 2560 ﬁnis,

475 2600 640 2657 quem
670 2586 904 2660 esperiri
934 2586 1209 2642 nolebant.
1243 2587 1313 2642 At
1360 2586 1611 2658 quamvis
1629 2585 1718 2641 iile
1745 2584 2076 2641 Christiano-

476 2696 599 2736 rum
625 2680 827 2750 0pinio,
873 2688 930 2736 ut
957 2695 1117 2752 supra
1146 2679 1381 2737 vidimus
1415 2680 1711 2751 (Dissertat.
1741 2678 2076 2745 inLaetautt,

478 2791 595 2845 cap.
638 2773 731 2843 29,
765 2784 863 2829 art.
900 2774 926 2829 l
959 2783 1003 2829 et
1032 2775 1190 2848 seqq),
1226 2790 1353 2831 vera
1382 2790 1488 2830 non
1526 2774 1628 2842 sit,
1689 2789 1795 2830 non
1836 2774 1965 2831 inde
1992 2782 2075 2829 ta-

478 2881 606 2922 men
638 2868 813 2925 minus
852 2878 1006 2924 certo
1032 2860 1316 2925 coniicitur
1346 2868 1466 2924 illos
1494 2866 1721 2923 sinceris
1768 2868 2019 2939 precibus
2042 2883 2075 2924 a

480 2959 594 3015 Deo
622 2960 1002 3032 expoposcisse
1032 2970 1087 3018 et
1127 2961 1360 3019 salutem
1391 2962 1800 3032 imperatorum,
1830 2971 1887 3018 et
1929 2971 2074 3018 trsnc

484 3050 703 3123 quillam
730 3053 938 3127 imperii
968 3069 1155 3111 eorum
1183 3054 1608 3113 diuturnitatem.

1114 3189 1407 3232 ARTICULUS
1436 3190 1495 3230 ιι.

480 3291 801 3350 Christianos
827 3293 1078 3351 immerito
1097 3294 1232 3351 taste
1246 3293 1524 3363 maiestatis
1541 3294 1777 3365 Motuum
1801 3295 2033 3350 accusari
2047 3337 2062 3361 ,

561 3388 685 3457 quia
707 3387 945 3445 nolebant
979 3404 1077 3463 pro
1101 3388 1423 3460 imperatoris
1450 3387 1616 3445 salute
1656 3390 1947 3459 sacriﬁcare
1969 3389 2067 3444 diis

463 3530 472 3548 ,
551 3480 840 3553 gentilium,
884 3490 974 3536 aut
1009 3497 1094 3538 eos
1122 3482 1345 3553 precari,
1370 3482 1457 3554 qui
1481 3498 1571 3543 nec
1613 3498 1713 3549 sua
1736 3481 1944 3557 tempta,
1977 3498 2071 3549 nec

544 3589 599 3630 se
626 3574 765 3644 ipsos
794 3574 953 3635 tutari
994 3583 1227 3646 poterant
1250 3618 1265 3642 ,
1309 3591 1399 3632 nec
1446 3576 1768 3647 imperatoris
1814 3575 1938 3639 dare
1981 3583 2071 3630 aut

549 3683 849 3727 conservare
886 3669 1139 3739 salutem,
1166 3669 1257 3726 sed
1294 3670 1437 3727 solus
1480 3669 1621 3735 Deus
1648 3670 1989 3747 armipotens,
2033 3686 2074 3739 ᾳ.

464 3764 468 3771 “
539 3772 641 3830 (μισ
667 3758 950 3825 Christiani
975 3772 1211 3835 poterant
1235 3780 1347 3823 eam
1385 3764 1495 3827 suis
1512 3764 1783 3836 impetrare
1811 3764 2063 3835 precibus.

465 3901 481 3913 ’
546 3923 651 3985 Tot
691 3927 959 3985 rationum
1004 3932 1291 3989 momentis
1331 3932 1461 3995 satis
1507 3930 1940 4003 demonstratum,
1979 3942 2065 3989 est

473 4017 835 4093 Christianos,
867 4024 959 4095 qui
981 4032 1093 4087 toto
1122 4026 1304 4082 animo
1337 4025 1503 4082 Deum
1538 4040 1633 4107 pro
1677 4026 2063 4107 imperatorum

472 4112 649 4168 salute
672 4114 912 4185 quotidie
955 4115 1205 4183 orabant,
1233 4117 1375 4183 besse
1404 4132 1592 4175 eorum
1625 4118 1918 4191 majestatis
1954 4134 2065 4176 non

466 4217 590 4261 esse
610 4220 753 4271 reos.
780 4206 934 4275 Quod
964 4223 1097 4280 ergo
1113 4218 1301 4277 contra
1341 4224 1615 4283 opponere
1643 4194 1892 4287 poterant
1929 4227 2063 4283 gen-

466 4298 613 4365 tiles,
637 4298 738 4357 nisi
763 4299 1049 4356 imbecillia
1074 4316 1298 4372 prorsus
1322 4312 1663 4379 argumenta,
1690 4288 2062 4381 absurdasque

466 4389 857 4463 cavillationes,
886 4408 1004 4461 qua:
1038 4404 1201 4449 ruunt
1252 4409 1311 4453 se
1342 4396 1473 4468 ipsis
1501 4405 1557 4452 ct
1602 4396 1842 4469 funditus
1872 4400 2059 4455 conci-

464 4481 638 4541 dunt?
666 4482 744 4543 Ne
772 4484 901 4555 quid
930 4494 1129 4555 tamen,
1161 4487 1319 4543 sicuti
1350 4489 1714 4547 Tertulliauus
1743 4500 1959 4561 noster,
1982 4494 2061 4548 iu-

465 4582 670 4633 tactum
702 4577 1093 4651 relinquamus,
1144 4595 1207 4636 ea
1234 4582 1589 4653 examinanda
1618 4595 1763 4651 sunt,
1797 4594 1855 4641 ut
1881 4586 2057 4641 mani-

468 4667 663 4729 festiue
689 4670 909 4735 cuilibet
936 4672 1031 4729 ﬁat
1058 4682 1254 4747 quanta
1281 4674 1561 4746 iniquitate
1588 4677 1749 4736 iidem
1768 4678 2061 4749 Christiani

469 4776 624 4819 suam
655 4773 875 4839 propter
898 4764 1213 4838 religionem
1243 4777 1585 4837 vexarentur,
1607 4779 1769 4843 atque
1790 4774 2060 4845 opprime-

455 4866 558 4911 reu
565 4861 671 4910 tur.

533 4947 871 5019 Objiciebant
911 4952 1091 5024 itaque
1140 4953 1338 5011 ethnici
1389 4955 1509 5013 illos
1558 4956 1704 5016 laesa:
1754 4960 2059 5035 majestatis

462 5039 711 5097 humana:
739 5043 1007 5113 convinci,
1030 5045 1155 5121 quia
1178 5062 1276 5119 pro
1297 5047 1682 5123 imperatorum
1704 5052 1879 5109 salute
1903 5054 2052 5112 falsis

2183 1928 2354 1979 autem
2375 1929 2421 1979 et
2454 1937 2636 1983 aureos
2683 1923 2940 1978 includitis
2996 1933 3170 1994 noctu,
3198 1943 3259 1979 ac
3300 1926 3526 1981 interdiu
3556 1930 3799 1987 custodes

2182 2013 2461 2085 apponitis,
2510 2032 2572 2070 ne
2616 2017 2751 2089 furto
2797 2020 3098 2090 auferantur
3131 2017 3320 2091 (Epist.
3369 2018 3438 2074 ad
3486 2019 3639 2093 Diog.
3678 2032 3804 2091 post

2183 2108 2301 2164 init.
2335 2126 2455 2182 pag.
2485 2108 2635 2181 495).
2666 2110 2833 2175 Recte
2880 2126 3010 2183 ergo
3040 2111 3400 2168 Tertullianus
3427 2112 3590 2171 hasce
3617 2129 3788 2170 excu-

2181 2200 2299 2257 bias
2340 2202 2636 2259 christiano
2691 2203 2851 2260 militi
2905 2205 3100 2261 vetitas
3147 2190 3267 2261 esse
3315 2206 3392 2261 sic
3434 2208 3788 2279 pronuntiat:

2182 2294 2466 2359 Excubabit
2513 2314 2606 2369 pro
2651 2299 2850 2371 templis
2897 2299 3076 2370 quibus
3102 2302 3428 2369 renuntiavit,
3479 2310 3526 2356 et
3570 2303 3800 2361 curtabit

2181 2387 2290 2455 illic
2344 2390 2430 2446 ubi
2458 2392 2689 2461 apostolo
2719 2408 2821 2447 non
2848 2392 3034 2463 placet,
3064 2402 3109 2449 et
3135 2410 3261 2465 quos
3286 2395 3508 2451 interdiu
3559 2399 3795 2455 exorcis-

2180 2480 2277 2551 mis
2306 2483 2523 2557 fugavit,
2571 2483 2825 2541 nimirum
2866 2484 3145 2541 daemones
3205 2497 3261 2542 et
3305 2487 3586 2558 gentilium
3631 2489 3790 2560 deos,

2188 2573 2420 2631 noctibus
2442 2575 2726 2651 defensabit
2768 2577 3064 2633 incumbens
3091 2586 3138 2645 et
3166 2579 3483 2651 requiescens
3507 2597 3664 2653 super
3699 2584 3790 2653 pi-

2182 2666 2290 2729 lum
2334 2668 2428 2740 (Τ
2433 2670 2691 2731 ertullian.
2745 2670 2809 2725 de
2859 2669 3045 2728 Coron.
3088 2688 3205 2743 cap.
3245 2673 3300 2728 ll
3341 2670 3383 2747 λ.
3426 2673 3563 2729 Aliae
3601 2675 3792 2732 editio-

2180 2773 2279 2816 nes
2325 2777 2479 2833 super
2534 2760 2718 2817 luncho
2742 2803 2759 2831 ,
2815 2763 2927 2818 sive
2952 2763 3159 2837 lancea,
3182 2780 3283 2835 qua
3308 2769 3595 2836 perfossum
3613 2777 3685 2821 est
3705 2768 3791 2822 la-

2181 2861 2265 2919 tus
2286 2852 2489 2910 Christi.
2517 2853 2707 2911 Cernis
2731 2852 2974 2927 profecto
2995 2871 3099 2927 qua
3122 2855 3319 2912 ethnici
3339 2858 3545 2915 ratione
3567 2874 3662 2931 pro
3681 2859 3789 2916 diis

2178 2943 2293 3000 suis
2309 2945 2638 3003 excubarent
2658 2946 3065 3020 vigilarentque.
3090 2947 3197 3004 Sed
3221 2948 3275 3003 hi
3302 2950 3575 3016 custodes,
3601 2966 3783 3023 quan-

2178 3038 2426 3095 tumlibet
2468 3039 2679 3110 vigiles,
2729 3039 2991 3111 impedire
3022 3057 3130 3099 non
3161 3052 3453 3113 potuerunt
3497 3045 3787 3116 quominus

2178 3131 2394 3188 illorum
2429 3133 2625 3206 templa
2654 3142 2713 3203 et
2736 3132 3020 3199 simulacra
3053 3134 3304 3207 spoliata,
3368 3145 3541 3209 rapta,
3570 3151 3634 3194 ac
3660 3136 3785 3208 plu—

2021 3295 2033 3307 .
2096 3225 2330 3311 Qrimis
2382 3225 2613 3283 ludibrio
2659 3224 3042 3309 despectuique
3106 3228 3321 3300 fuerint.
3391 3227 3779 3299 Verumtamen

2171 3320 2400 3392 gentiles
2430 3336 2748 3393 persuasum
2800 3321 2981 3399 utique
3013 3321 3279 3385 habebant
3311 3323 3424 3378 haec
3472 3323 3769 3385 simulacra

2174 3410 2432 3489 ipsosmet
2459 3412 2589 3468 deos
2616 3425 2743 3469 suos
2763 3422 3004 3485 esse,aut
3028 3429 3215 3469 eorum
3239 3422 3384 3475 certe
3411 3414 3777 3497 domicilium,

2172 3504 2354 3564 sedem
2383 3516 2437 3564 et
2484 3507 2893 3581 habitationem.
2916 3509 3075 3581 Plura
3124 3518 3299 3573 autem
3333 3510 3401 3567 de
3428 3510 3491 3567 iis
3513 3510 3644 3567 alibi
3670 3527 3777 3567 an-

2174 3602 2480 3661 notavimus
2501 3600 2801 3675 (Dissertat.
2833 3603 2884 3656 in
2913 3601 3104 3657 Arnob.
3153 3618 3269 3675 cap.
3299 3600 3391 3670 20,
3428 3613 3530 3658 art.
3559 3604 3617 3668 5,
3658 3605 3783 3677 etin

2171 3691 2442 3766 Laetam,
2471 3710 2588 3765 cap.
2620 3694 2711 3763 55,
2743 3704 2843 3761 art.
2872 3695 2927 3767 5)
2963 3693 3207 3751 etadhuc
3242 3693 3376 3749 infra
3404 3693 3667 3751 dicemus.

2244 3783 2354 3840 Fac
2400 3794 2601 3863 tamen,
2634 3786 2679 3842 si
2706 3786 2863 3854 vclis,
2894 3786 3125 3859 gentiles
3169 3802 3274 3842 non
3316 3787 3614 3851 credidisse
3660 3788 3787 3859 hmo

2164 3876 2462 3945 simulacra
2491 3893 2612 3934 esse
2659 3878 2813 3945 deos,
2862 3877 2959 3934 sed
3005 3879 3069 3933 iis
3120 3887 3324 3935 tantum
3372 3882 3781 3961 repraesentari,

2175 3970 2301 4047 quid
2330 3970 2454 4027 inde
2483 3970 2768 4045 proficies?
2798 3971 3020 4028 Constat
3049 3973 3192 4029 enim
3228 3975 3322 4029 hos
3353 3973 3498 4045 ipsos
3512 3984 3620 4030 met
3644 3991 3777 4048 gen:

2168 4062 2340 4117 tilium
2366 4061 2516 4129 deos,
2537 4063 2860 4137 quicumque
2890 4063 3114 4131 fuerint,
3139 4065 3206 4120 ad
3234 4076 3418 4121 nutum
3450 4067 3763 4123 arbitrium-

2166 4169 2271 4225 que
2300 4154 2621 4226 pependisse
2666 4155 3031 4225 imperatoris.
3062 4155 3130 4211 Et
3160 4155 3211 4211 id
3239 4156 3452 4229 quidem
3483 4157 3657 4224 multi,
3703 4167 3766 4215 ut

2164 4246 2412 4317 superius
2441 4247 2797 4315 ostendimus,
2826 4250 3036 4321 experti
3061 4261 3205 4307 sunt.
3230 4251 3367 4322 Quin
3400 4253 3562 4308 etiam
3587 4253 3775 4324 plures

2166 4339 2259 4407 dii,
2304 4337 2462 4396 sicuti
2519 4340 2695 4398 aiebat
2742 4340 3126 4409 Tertullianus,
3170 4345 3453 4401 habuerunt
3505 4345 3775 4423 Cwsarena

2163 4433 2351 4488 iratum
2390 4432 2721 4505 (Tertullian.
2750 4436 3014 4509 Apologet.
3066 4454 3183 4507 cap,
3215 4437 3307 4505 29,
3340 4456 3457 4511 pag.
3490 4439 3641 4512 439),
3672 4441 3768 4513 qui

2161 4525 2411 4599 videlicet
2438 4542 2544 4583 non
2574 4527 2745 4593 solum
2776 4528 2989 4585 illorum
3006 4529 3126 4586 fana
3146 4541 3200 4587 et
3230 4541 3431 4589 statuas
3462 4533 3716 4592 aedificari
3745 4578 3765 4605 ,

2084 4621 2259 4707 need
2304 4620 2450 4692 ipsos
2478 4635 2575 4699 pro
2619 4620 2721 4691 diis
2749 4620 2939 4683 haberi
2985 4624 3351 4695 prohibuerat.
3402 4624 3547 4683 Nihil
3573 4635 3758 4684 autem

2164 4710 2468 4780 absurdius,
2500 4727 2659 4787 quam
2681 4728 2710 4768 a
2737 4712 2839 4768 diis
2886 4713 3194 4785 imperatori
3243 4716 3498 4789 subjectis
3527 4718 3769 4776 salutem

2162 4802 2307 4858 illius
2336 4812 2542 4873 petere,
2595 4803 2687 4877 qui
2732 4818 2882 4860 suam
2929 4806 3109 4878 potius
3138 4806 3207 4862 ab
3236 4807 3349 4877 illo,
3382 4824 3541 4880 quam
3572 4809 3660 4865 hic
3687 4811 3760 4867 ab

2158 4892 2268 4948 illis
2316 4902 2527 4967 poterat
2554 4894 2818 4953 obtinere.
2849 4895 3184 4969 Quapropter
3210 4898 3465 4955 Tertullia
3479 4915 3579 4957 nus
3622 4915 3759 4958 cos-

2155 4981 2279 5040 dem
2296 4984 2540 5057 ethnicos
2556 4984 2640 5042 bis
2666 4987 2951 5059 compellat
2980 4987 3185 5061 verbis:
3204 4989 3310 5045 Sed
3330 5006 3417 5046 vos
3442 4991 3747 5072 irreligiosi,

2152 5076 2239 5157 qui
2262 5092 2372 5132 eam
2408 5078 2623 5137 salutem
2685 5079 2918 5151 qureritis,
2948 5079 3032 5132 ubi
3055 5097 3157 5139 non
3185 5090 3295 5147 est;
3322 5084 3489 5153 petitis
3513 5101 3544 5138 a
3567 5085 3755 5157 quibus

456 5133 673 5191 illorum
700 5133 807 5199 diis
833 5138 1137 5205 sacriﬁcare
1190 5140 1277 5215 vel
1319 5156 1415 5199 eos
1460 5143 1666 5212 precari
1696 5146 2051 5223 pertinaciter

2174 5133 2273 5239 iam“
2299 5185 2399 5227 non
2429 5133 2589 5240 potest
2616 5133 2779 5241 (ita.
2830 5133 2918 5240 ρξ’
2939 5133 3092 5244 MO):
3122 5133 3202 5227 in
3216 5133 3759 5245 tinfigiiii’JJs'IEi;

454 5228 796 5287 recusabant.
827 5227 935 5305 Sed
960 5232 1303 5309 quibusnam,
1336 5236 1410 5290 ait
1435 5235 1818 5306 Tertullianus,
1859 5240 1934 5295 ita
1965 5256 2051 5297 sa-

446 5319 1236 5397 criﬁcandumestiTertullian.
1256 5329 1523 5403 Apologel.
1541 5348 1659 5403 cap.
1677 5332 1769 5401 29,
1803 5351 1857 5406 p.
1892 5334 2046 5407 4'58).

451 5410 644 5470 Nonne
670 5414 758 5483 iis,
782 5415 872 5489 qui
897 5428 1120 5489 possunt
1142 5420 1369 5476 salutem
1397 5422 1615 5479 cuilibet
1636 5424 1860 5494 homini,
1885 5437 2048 5503 atque

448 5506 613 5563 etiam
665 5506 1079 5578 imperatoribus
1146 5513 1458 5583 impertiri?
1507 5517 1670 5590 Atqui
1718 5522 2041 5587 eorumdem

448 5601 791 5667 ethnicorum
818 5601 917 5670 dii,
946 5619 1121 5677 neque
1149 5606 1561 5680 imperatoribus
1600 5626 1775 5684 neque
1803 5616 1903 5691 ulli
1938 5616 2042 5673 ho-

2157 5261 2450 5339 codicibus,
2483 5273 2537 5319 et
2562 5262 2887 5321 editionibus
2912 5262 3167 5337 antiquis.
3187 5265 3254 5320 At
3280 5265 3539 5338 Rigaltius
3564 5278 3759 5331 contra

2154 5354 2367 5429 illorum
2394 5356 2633 5411 omnium
2666 5355 3037 5431 auctoritatem
3065 5356 3229 5413 scribi
3267 5358 3450 5431 jussit,
3496 5360 3747 5434 religiosi,

2154 5447 2297 5513 haud
2341 5448 2503 5523 dubie
2530 5448 2655 5523 quia
2682 5447 2901 5519 putabat
2941 5448 3059 5505 illos
3098 5448 3171 5505 ibi
3216 5448 3497 5524 religiosos
3544 5437 3756 5513 ironice

2150 5538 2547 5617 appellari.Sed
2570 5538 2762 5613 licetne
2791 5539 2929 5597 hanc
2952 5540 3022 5617 ob
3044 5541 3408 5620 conjecturam
3430 5546 3752 5607 auctoritate

2149 5632 2365 5711 propria
2388 5639 2590 5687 textum
2611 5628 2845 5688 auctoris
2869 5633 3174 5702 immutare,
3198 5643 3358 5706 atque
3381 5647 3490 5697 tum
3512 5639 3751 5717 maxime

442 5694 582 5750 mini
604 5695 753 5761 ilhm
775 5698 1020 5757 coniicere
1041 5711 1279 5771 possunt.
1305 5702 1435 5760 Nam
1455 5703 1508 5761 hi
1544 5706 1618 5763 dii
1660 5709 1744 5764 vel
1765 5709 2045 5787 daemones
2145 5694 2365 5794 quando,
2388 5723 2665 5796 utriusque
2690 5724 2936 5785 lectionis
2965 5724 3107 5781 idem
3136 5694 3221 5783 est
3245 5694 3473 5789 sensus?

432 5798 746 5863 sunt,atque
765 5801 821 5845 ut
836 5794 1083 5863 superius
1100 5794 1326 5861 dictum,
1344 5799 1569 5871 pessimi
1591 5800 2033 5875 spiritus,perdit_i

433 5880 868 5949 acdamnati,vel
898 5888 1074 5956 potius
1119 5889 1317 5947 mortui
1369 5889 1638 5967 homines,
1670 5874 2039 5977 quemadmbf

2216 5813 2423 5869 Rursus
2447 5804 2626 5871 autem
2665 5815 2754 5873 ille
2791 5816 3127 5874 demonstrat
3178 5804 3510 5887 Christianos
3539 5826 3736 5898 magis,

2144 5919 2306 5980 quam
2333 5906 2581 5985 gentiles,
2607 5908 2674 5969 de
2699 5908 3045 5981 imperatoris
3071 5910 3156 5971 sui
3178 5912 3354 5975 salute
3382 5930 3504 5980 esse
3532 5916 3736 5980 sollici-
