4076 6356
507 321 643 378 1047

502 528 765 598 siquidem
802 526 1091 595 Scripturis
1113 523 1347 594 (Genes.,
1381 541 1498 592 cap.
1548 521 1712 585 XLII,
1745 521 1833 585 15,
1868 518 1981 592 I6),
2006 519 2096 575 Jo-

503 621 636 691 seplt
681 618 986 674 I‘atriarcha
1032 634 1127 687 per
1169 618 1391 672 salutem
1433 615 1732 671 Pharaonis
1768 614 1852 669 bis
1886 616 2097 683 jurasse

502 722 770 766 narratur.
820 709 930 765 Nos
976 718 1153 764 tamen
1201 708 1430 763 Basilius
1487 708 1720 762 monitos
1769 721 1889 761 esse
1930 705 2098 760 voluit

498 807 630 863 illud
680 806 892 861 (tiamsi
939 804 1226 875 quamdam
1284 818 1391 873 pne
1448 817 1508 857 se
1563 801 1702 857 ferat
1743 799 2094 872 jurisjurandi

414 912 421 917 ‘
498 899 768 971 speciem,
798 914 904 952 non
940 898 1157 967 preprie
1194 896 1395 952 dictum
1426 909 1547 951 esse
1571 894 1967 964 jusjurandum,
2000 891 2094 949 sed

496 991 710 1062 aliquod
742 990 918 1060 potius
945 988 1263 1054 rentrdium,
1287 1003 1394 1057 quo
1420 1002 1505 1042 res
1533 987 1709 1057 aliqua
1742 987 1906 1057 possit
1939 984 2094 1038 audi-

496 1085 704 1138 toribus
727 1084 936 1138 facilius
960 1081 1265 1151 persuaderi
1290 1079 1474 1149 (Basil.
1498 1080 1677 1133 homil.
1708 1080 1759 1132 in
1789 1078 1919 1143 psal.
1949 1077 2091 1143 XIV,

492 1176 574 1247 ‘2).
603 1179 666 1230 At
689 1174 1053 1230 Tertullianus
1078 1183 1260 1241 aperte
1288 1173 1597 1242 pronuntiat
1624 1160 2095 1226 ideoCltristiauos

493 1271 706 1339 jurasse
734 1285 829 1339 per
845 1268 1072 1323 salutem
1105 1267 1441 1337 imperatoris
1462 1308 1475 1330 ,
1507 1266 1628 1336 quia
1656 1263 1873 1330 saluum,
1900 1264 2090 1334 inquit,

496 1364 727 1417 volumus
754 1378 879 1425 esse,
910 1360 1045 1430 quod
1075 1359 1210 1413 Deus
1235 1360 1389 1413 uoluit
1411 1401 1425 1424 ,
1449 1368 1493 1413 et
1543 1374 1634 1428 pro
1663 1375 1845 1429 magno
1868 1358 1919 1410 id
1943 1359 2094 1428 jura-

497 1465 664 1508 mento
690 1452 928 1507 habemus
949 1450 1282 1519 (Turlullian.
1314 1450 1605 1521 Apologet.,
1645 1466 1690 1502 c.
1737 1448 1828 1513 3‘2,
1857 1466 1910 1518 ρ.
1938 1448 2088 1520 467).

496 1548 757 1617 Intelligis
795 1548 955 1618 igitur
980 1558 1235 1617 quantum
1284 1547 1424 1601 inter
1443 1544 1776 1600 Christianos
1814 1554 1866 1597 et
1918 1543 2091 1597 t-thui-

495 1654 611 1704 cos,
634 1640 985 1709 sicjurantes,
1003 1648 1120 1694 erat
1140 1638 1450 1693 discrimen.
1471 1636 1758 1691 Christiani
1773 1638 1969 1707 quippe
1992 1636 2093 1691 hac

494 1733 710 1804 publica
746 1732 1093 1803 iurisiurandi
1127 1732 1386 1803 religione
1423 1731 1761 1785 afﬁrmabant
1792 1732 2006 1786 sincero
2027 1745 2087 1786 se

1571 314 1635 372 IN
1677 311 2139 372 TEBTULLIANI
2168 307 2703 369 APOLOGETICUM

503 437 697 493 simum
726 450 844 491 csse
873 433 1033 489 dandi
1062 431 1222 502 hujus
1253 431 1572 488 sacramenti
1597 444 1822 485 morem.
1842 428 1900 483 lu
1931 427 2100 483 sacris
2127 428 2181 489 A
2207 436 2263 483 et
2290 428 2532 485 minister
2557 428 2820 499 publicus.
2860 428 2934 485 De
2961 428 3271 501 triumphali
3300 429 3583 487 enimvero
3606 444 3783 487 curru
3808 474 3827 501 ,

3767 113 4028 149 _-"—_'l

2203 522 2689 593 illoque-monitore
2720 526 2834 579 ltrec
2858 524 3053 579 cecinit
3078 542 3090 578 :

2452 651 2525 703 Ιςιὶ
2545 656 2618 696 πῶς
2643 652 2697 688 ἰπὶ
2724 654 2786 689 rei)
2818 650 2980 703 ἅρματος
3004 647 3179 699 δημόσιος
3204 653 3364 700 οἰκίης,

2453 700 2610 751 ὄπισθεν
2631 717 2762 751 vobis»
2785 710 2938 753 ἵσταται
2954 716 3017 753 τὸν
3036 716 3213 765 στάμνων
3234 716 3381 766 ἄνεισιν,

2452 775 2525 812 Καὶ
2544 775 2655 825 λέγων
2677 777 2795 828 iith
2814 779 2903 827 πρὸς
2918 790 2959 815 τι
2975 770 3050 823 οὖς’
3072 778 3133 815 tusi
3155 778 3198 815 τὸ
3222 780 3376 816 κατόπιν
3400 777 3510 827 sua

2358 868 2423 935 Et
2442 869 2684 935 quomodo
2706 871 2757 919 in
2781 884 2930 921 curru
2955 870 3445 935 publicusminister,

2362 932 2502 981 Poue
2528 932 2659 980 hunc
2679 940 2796 992 stat,
2825 932 3052 982 coronam
3076 934 3347 992 sustinens,

2353 992 2416 1044 Et
2436 993 2609 1045 dicens
2625 995 2737 1045 huic
2757 995 2806 1044 in
2826 1008 3013 1053 aurem,
3026 1002 3071 1046 et
3094 993 3211 1061 quid
3234 1009 3265 1045 a
3284 1002 3421 1064 tergo
3442 1000 3529 1057 est,
3552 994 3768 1062 respice.

2914 1077 3102 1138 (Tzetz.
3122 1076 3327 1130 chiliad.
3355 1081 3433 1143 15,
3450 1080 3479 1145 ς
3498 1080 3636 1144 461.)

2199 1182 2402 1240 Plinius
2444 1201 2572 1240 vero
2617 1187 2765 1242 illum
2809 1186 3042 1257 appellat
3084 1186 3297 1242 invidiae.
3327 1195 3381 1241 ct
3407 1187 3592 1258 glorias
3621 1187 3807 1245 medi-

2196 1290 2320 1329 cum
2342 1293 2354 1328 :
2380 1276 2570 1331 Curras
2594 1321 2608 1343 ,
2635 1278 2805 1347 inquit
2830 1320 2845 1343 ,
2871 1277 3298 1347 triumphantium
3318 1279 3410 1332 sub
3432 1279 3512 1331 his
3533 1281 3771 1347 pendens
3793 1321 3809 1343 ,

2198 1366 2426 1437 defendit
2454 1370 2676 1423 medicus
2703 1370 2909 1424 invidia:
2933 1386 2947 1435 ;
2967 1369 3209 1439 jubetque
3235 1370 3437 1424 eosdem
3456 1370 3710 1440 respicere
3733 1372 3817 1426 si-

2196 1459 2333 1515 milis
2377 1461 2626 1514 medicina
2675 1463 2891 1532 linguae,
2922 1478 2984 1515 ne
3006 1462 3070 1515 sit
3097 1472 3307 1516 exorata
3335 1479 3369 1516 a
3392 1472 3531 1533 tergo
3556 1465 3776 1533 fortuna
3795 1506 3811 1532 ,

2195 1555 2369 1623 glorias
2408 1556 2637 1627 carnifex
2662 1555 2813 1626 (Plin
2845 1599 2867 1623 ,η
2886 1555 2973 1611 lib.
3019 1555 3230 1610 XXVIII
3266 1567 3436 1610 natur.
3481 1556 3718 1621 Ilist.,'c.
3746 1557 3807 1614 4.

2197 1667 2248 1718 p.
2281 1649 2388 1705 570
2417 1651 2462 1722 ).
2496 1651 2565 1704 At
2594 1654 2637 1705 si
2656 1666 2828 1716 sanus
2856 1660 2909 1707 et
2942 1653 3147 1723 integer
3186 1653 3254 1707 sit
3283 1651 3370 1707 hic
3415 1652 3571 1708 Plinii
3609 1653 3767 1709 locus
3790 1694 3810 1717 .

2198 1740 2268 1794 ibi
2316 1741 2583 1811 signiﬁcat
2630 1742 2923 1811 invidiam,
2957 1760 3115 1815 quant
3169 1744 3565 1816 triumphantes
3617 1745 3810 1802 facere

490 1828 673 1881 animo
707 1827 1065 1895 imperatoris,
1101 1825 1188 1896 qui
1226 1840 1255 1879 a
1294 1825 1410 1879 Deo
1437 1824 1565 1893 ipsis
1606 1822 1928 1893 prmpositus
1951 1834 2066 1878 erat

2196 1832 2315 1888 aliis
2344 1834 2620 1899 solebant,
2649 1844 2740 1889 aut
2769 1851 2918 1889 vana:
2961 1837 3147 1907 glorize
3173 1816 3357 1891 vitium
3378 1880 3393 1903 ,
3415 1855 3523 1909 quo
3549 1838 3807 1895 fascinari

488 1928 677 1989 optare
706 1934 774 1973 ac
798 1930 980 1988 pett-re
1015 1918 1261 1973 salutem.
1308 1916 1523 1971 Ethnici
1559 1931 1688 1971 vero
1715 1916 1874 1987 impia
1901 1914 2088 1970 adula-

486 2012 636 2067 tione
670 2012 1069 2081 imperatorem,
1092 2024 1255 2080 quem
1284 2017 1553 2064 mortunm
1580 2008 1856 2079 optabant,
1878 2018 2090 2063 contes-

486 2103 740 2158 labantur
766 2103 1084 2171 esseDetun
1112 2144 1127 2169 ,
1161 2111 1215 2158 et
1241 2116 1381 2157 vera:
1422 2100 1715 2155 divinitatis
1746 2100 2084 2170 participem.

492 2195 625 2252 Tam
653 2197 870 2251 nefaria}
911 2205 1089 2250 autem
1131 2194 1512 2250 assentationis
1549 2192 1704 2248 testis
1730 2191 2005 2264 profecto,
2033 2201 2089 2247 et

487 2287 737 2342 conscius
777 2286 872 2341 fuit
904 2286 1178 2351 Horatius,
1218 2286 1308 2356 qui
1352 2284 1419 2339 ad
1456 2284 1726 2339 Caesarem
1760 2285 2082 2353 Augustum,

486 2378 562 2433 uti
592 2377 719 2433 alibi
761 2377 1136 2433 aunotavimus
1160 2376 1461 2447 (Dissertat.
1505 2377 1559 2431 in
1584 2374 1774 2431 Minut.
1800 2417 1817 2443 ,
1841 2392 1955 2446 cap.
1988 2374 2079 2443 12,

490 2480 589 2526 art.
615 2472 695 2544 5),
713 2471 829 2525 hzec
858 2471 1074 2541 scripsit
1094 2470 1332 2526 carmina
1353 2488 1366 2524 :

701 2588 941 2638 Praesenti
966 2588 1053 2638 tibi
1080 2592 1296 2638 maturos
1315 2586 1551 2650 largimur
1574 2588 1809 2647 honores,

702 2650 1046 2715 Jurandasque
1073 2657 1207 2700 tuum
1231 2664 1321 2715 per
1347 2664 1525 2715 nomen
1548 2652 1774 2715 ponimus
1795 2664 1920 2701 aras.

1018 2714 1214 2775 (Horat.
1232 2711 1317 2763 lib.
1343 2720 1379 2771 ι,
1400 2711 1536 2775 epist.
1552 2711 1610 2774 '1,
1634 2725 1680 2764 υ.
1712 2714 1768 2765 ιδ
1789 2720 1834 2766 et
1852 2714 1948 2780 te.)

1080 2833 1368 2875 ARTICULUS
1406 2834 1480 2874 IV.

480 2934 796 2990 Christianos
833 2950 1103 3007 perperam
1132 2933 1193 2987 ab
1220 2933 1429 2988 ethnicis
1470 2933 1607 2989 (teste
1652 2933 1934 3005 majestatis
1975 2934 2073 2988 Itu-

549 3043 718 3083 mana:
754 3029 944 3083 idcirco
985 3026 1305 3094 insimulari,
1345 3026 1482 3096 quod
1521 3027 1851 3096 imperatores
1898 3042 2077 3082 vocare

548 3126 669 3178 deos
690 3122 880 3177 nollent
907 3138 925 3176 :
952 3123 1118 3191 ipsum
1139 3121 1490 3188 imperatorem
1515 3134 1624 3173 sua:
1649 3118 1961 3185 infirmitatis
1980 3119 2074 3172 ad-

2196 1935 2478 1996 poterant,
2502 1928 2678 1982 sanari
2708 1927 2954 1983 medicina
2985 1930 3174 2003 lingua:
3211 1931 3474 1988 adstantis
3504 1932 3671 1999 servi,
3703 1936 3806 2006 qui

2195 2020 2610 2089 triumphantem
2648 2021 2893 2077 humana:
2925 2039 3036 2077 su:c
3076 2019 3401 2080 conditionis
3446 2025 3802 2083 admonebat.

2191 2112 2323 2168 Nam
2353 2112 2492 2169 idem
2541 2114 2744 2169 Plinius
2789 2114 2913 2169 alibi
2948 2125 3131 2186 aperte
3160 2116 3294 2171 dixit
3323 2132 3581 2172 coronam
3605 2119 3803 2177 trium.

2192 2206 2405 2277 phantis
2434 2222 2461 2260 a
2495 2222 2651 2263 servo
2678 2208 2929 2265 susﬁueri
2959 2207 3149 2283 (Ibid.,
3182 2210 3269 2263 lib.
3302 2209 3544 2278 XXXIII,
3574 2229 3691 2280 cap.
3711 2212 3797 2285 ι).

2260 2298 2458 2355 Verum
2487 2300 2610 2369 quia
2643 2301 2806 2370 priori
2837 2301 2955 2356 loco
2986 2304 3193 2374 fortuna
3222 2314 3445 2377 vocatur
3472 2306 3656 2376 gloria:
3678 2323 3797 2361 car-

2188 2390 2359 2461 nifex,
2392 2390 2515 2445 hinc
2558 2390 2787 2448 fortasse
2817 2393 3054 2449 Isidorus
3084 2393 3136 2448 iu
3167 2394 3404 2449 animum
3435 2395 3644 2451 induxit
3670 2412 3793 2453 mo.

2186 2484 2417 2539 nitorem
2463 2484 2613 2539 illum
2661 2501 2764 2540 nou
2813 2501 3027 2541 servum
3072 2486 3237 2544 fuisse
3264 2530 3279 2557 ,
3311 2488 3405 2544 sed
3435 2490 3743 2547 carniﬁcem
3774 2509 3790 2546 :

2188 2578 2605 2649 Triumphantes
2632 2594 2661 2633 a
2690 2582 2928 2649 carniﬁce
2951 2623 2966 2646 ,
2996 2581 3168 2652 inquit
3192 2624 3206 2648 ,
3250 2583 3672 2655 contingebantur
3690 2627 3705 2652 ,
3734 2595 3793 2639 ut

2184 2670 2253 2725 ad
2306 2681 2503 2726 tantum
2556 2673 2818 2744 fastigium
2868 2674 3023 2729 evecti
3054 2716 3068 2740 ,
3122 2675 3484 2730 mediocritatis
3540 2676 3783 2731 humana:

2181 2771 2619 2841 commonerentur
2657 2763 2867 2833 (Isidor.
2892 2806 2908 2831 ,
2942 2766 3030 2820 lib.
3063 2764 3223 2822 XVIII
3271 2763 3470 2837 Origin.
3495 2808 3511 2834 ,
3553 2783 3669 2839 cap.
3699 2766 3736 2821 2
3763 2809 3781 2834 ,

2182 2875 2235 2928 p.
2268 2857 2412 2929 156).
2438 2857 2539 2913 Sed
2570 2857 2974 2928 meliusprocul
2999 2858 3258 2914 dubio‘ab
3284 2858 3611 2932 Hieronymo
3636 2860 3774 2916 sim-

2178 2949 2389 3019 pliciter
2426 2958 2764 3020 nuncupatur
2789 2965 2956 3003 comes
2975 2990 2990 3017 ,
3018 2950 3107 3020 qui
3140 2949 3342 3006 medias
3372 2951 3514 3008 inter
3543 2952 3773 3022 ponulo-

2180 3057 2298 3096 rtnu
2342 3041 2762 3097 acclamationes
2791 3042 2845 3095 in
2889 3057 3073 3097 aurem
3108 3043 3457 3115 triumphanti
3486 3055 3779 3100 memorata

2177 3148 2206 3188 a
2236 3133 2569 3189 Tertulliano
2614 3134 2775 3189 verba
2823 3134 3160 3205 suggerebat.
3209 3135 3289 3190 Ad
3333 3135 3553 3192 Paulam
3579 3139 3778 3210 quippe

547 3216 793 3270 monitum
821 3216 978 3285 fuisse
1006 3215 1059 3268 in
1090 3214 1313 3267 maxima
1356 3212 1601 3281 triumphi
1641 3211 1843 3283 gloria:
1868 3227 2068 3266 recusa-

2179 3226 2397 3297 scripsit
2427 3245 2439 3279 :
2472 3224 2927 3297 Triumphantibus
2954 3226 3005 3280 in
3031 3243 3182 3281 curru
3203 3238 3336 3282 retro
3357 3244 3524 3285 cantes
3548 3230 3774 3289 adlicere-

468 3316 476 3326 '
547 3320 652 3361 tum
677 3308 740 3361 ab
763 3308 992 3378 Augusto
1019 3305 1219 3361 Ctrsare
1239 3305 1321 3359 dei
1341 3322 1400 3358 ac
1426 3304 1619 3357 domini
1641 3320 1916 3375 cognomen
1940 3320 1959 3359 :
1984 3306 2074 3359 im-

545 3409 801 3468 peratores
830 3416 861 3451 a
887 3398 1188 3453 Christianis
1236 3397 1464 3451 dominos
1507 3412 1625 3450 voce
1669 3397 1928 3451 communi
1973 3413 2069 3468 ap-

545 3492 799 3562 pellatos:
825 3492 970 3561 nefas
1022 3490 1292 3563 gentilibus
1343 3491 1500 3560 fuisse
1543 3490 1901 3560 imperatorem
1952 3501 2071 3545 ante

542 3595 754 3640 mortem
790 3595 837 3640 et
864 3586 1176 3657 apotheosim
1208 3584 1356 3639 deum
1382 3584 1565 3639 dicere.

538 3698 695 3754 Nulla
737 3708 889 3756 certe
935 3699 1106 3770 major
1150 3709 1267 3755 erat
1307 3700 1669 3770 perversitas,
1702 3714 1859 3770 quam
1887 3698 2066 3769 genti-

468 3789 600 3845 lium
627 3833 642 3857 ,
670 3792 759 3862 qui
799 3789 1118 3846 Christianis
1163 3790 1338 3846 dicam
1367 3792 1511 3846 hesze
1540 3790 1836 3861 maiestatis
1864 3790 2065 3846 ideirco

466 3884 775 3939 scribebant
795 3925 807 3947 ,
838 3882 997 3954 qttod-
1028 3884 1384 3953 imperatores
1423 3883 1554 3938 deos
1582 3898 1774 3938 vocare
1799 3926 1814 3950 ,
1845 3892 1938 3938 aut
1976 3884 2063 3938 di-

462 3976 604 4030 vinis
643 3974 863 4031 afﬁcere
909 3974 1203 4030 honoribus
1250 3976 1408 4044 plane
1455 3985 1783 4030 recusarent.
1836 3975 1970 4031 Nam
2004 3986 2063 4031 ut

461 4065 598 4120 scite
627 4065 991 4120 Tertullianus
1020 4067 1193 4137 arguit
1220 4085 1233 4122 :
1266 4064 1436 4137 Negat
1475 4067 1623 4119 illum
1652 4066 2058 4136 imperatorem,

460 4158 549 4229 qui
577 4158 727 4211 deum
756 4159 896 4211 dicit.
926 4157 1049 4212 Nisi
1073 4159 1225 4213 homo
1243 4198 1257 4223 ,
1287 4166 1389 4212 non
1418 4166 1488 4212 est
1530 4158 1808 4226 imperator
1834 4158 2060 4230 (Tertulo

459 4249 584 4304 lian.
636 4249 930 4321 Apologet.,
976 4268 1091 4319 cap.
1123 4251 1213 4317 53,
1245 4267 1297 4321 p.
1335 4248 1482 4319 H9).
1511 4247 1737 4304 Iuﬁciari
1767 4252 1909 4305 enim
1937 4251 2059 4321 quis

455 4349 672 4411 potest,
700 4357 767 4395 ex
812 4352 963 4411 patre
996 4358 1059 4398 ac
1088 4353 1258 4399 matre
1298 4342 1518 4411 homine
1555 4343 1791 4413 genitum
1820 4343 2055 4413 impera-

457 4443 668 4502 torem,
698 4448 819 4490 esse
858 4451 962 4489 nou
1011 4450 1168 4505 posse
1219 4436 1384 4491 Deum
1408 4477 1421 4501 ,
1452 4436 1542 4508 qui
1582 4443 1814 4491 internus
1840 4436 1911 4491 sit
1939 4450 2055 4491 om-

456 4527 588 4584 nino
616 4526 872 4598 oportet?
898 4526 1186 4581 Christiani
1216 4543 1377 4598 ergo,
1402 4528 1493 4598 qui
1542 4526 1890 4584 foedissimam
1929 4529 2052 4583 eth-

2180 3318 2262 3372 bat
2284 3359 2296 3382 ,
2333 3334 2421 3389 per
2450 3319 2675 3389 singulas
2702 3318 3091 3373 acclmnationes
3134 3321 3319 3374 civium
3348 3322 3521 3377 dicens
3546 3338 3564 3377 :
3591 3321 3774 3377 Homi-

2174 3429 2288 3467 nem
2313 3421 2360 3466 te
2384 3411 3036 3485 nwmento‘(liieromyu.,
3079 3414 3228 3483 epist.
3277 3414 3388 3480 2‘2,
3438 3419 3510 3469 ad
3560 3396 3773 3486 Pauli.

2171 3505 2329 3575 Atqui
2379 3505 2424 3558 si
2493 3505 2785 3574 imperator
2839 3505 2889 3560 itt
2944 3515 3091 3561 tanta
3150 3507 3403 3579 triumphi
3444 3524 3636 3581 pompa
3666 3509 3767 3565 de-

2170 3598 2328 3655 hcbat
2376 3598 2722 3654 humanitatis
2770 3614 2880 3654 sua:
2932 3601 3200 3655 reminisci
3231 3642 3245 3666 ,
3322 3614 3524 3673 quanto
3588 3605 3765 3675 magis

2171 3706 2265 3761 per
2292 3699 2458 3745 totutu
2488 3691 2586 3746 vize
2616 3707 2725 3746 sua:
2751 3706 2990 3746 cursum.
3022 3690 3136 3746 Non
3171 3702 3415 3763 poterant
3440 3709 3572 3766 ergo
3600 3694 3763 3751 Chri-

2169 3782 2328 3836 stiani
2391 3783 2556 3837 ullum
2612 3783 2990 3853 imperatorem
3049 3799 3245 3841 vocare
3296 3786 3509 3852 Deum;
3553 3787 3772 3858 quando

2167 3875 2412 3946 quidem,
2447 3886 2504 3930 ut
2533 3886 2681 3931 recte
2725 3877 2799 3930 ait
2845 3875 3243 3943 Tertulliamts,
3277 3878 3588 3934 nesciebant
3613 3893 3773 3934 men-

2169 3970 2295 4036 tiri,
2327 3979 2420 4023 attt
2463 3970 2610 4024 illum
2657 3969 2905 4025 deridere
2936 3984 3041 4023 non
3083 3970 3355 4025 audebant
3397 3971 3416 4041 (
3453 3969 3758 4026 Tertullian.

2164 4063 2433 4135 Apologet.
2461 4102 2476 4125 ,
2506 4079 2620 4134 cap.
2648 4063 2748 4128 55,
2779 4079 2827 4133 ρ.
2861 4062 3017 4132 M9).
3428 4076 3437 4083 ‘

2237 4154 2402 4210 Instat
2438 4155 2613 4209 adhuc
2645 4174 2656 4209 :
2690 4154 2982 4226 Augustus,
3013 4156 3226 4212 tametsi
3273 4157 3480 4212 romani
3524 4157 3766 4229 imperii,

2156 4250 2269 4320 jam
2307 4266 2337 4304 a
2367 4248 2509 4315 Iulio
2546 4248 2761 4305 Czesare
2811 4249 3051 4317 fundati,
3079 4253 3347 4322 formator,
3394 4266 3456 4304 ne
3492 4251 3762 4307 dominans

2158 4344 2395 4415 quidem,
2424 4344 2592 4398 multo
2617 4344 2790 4398 minus
2841 4343 3032 4409 deum,
3080 4344 3184 4398 dici
3229 4361 3283 4398 se
3319 4345 3513 4398 volebat
3556 4344 3749 4418 (Ibid.,

2157 4452 2203 4491 c.
2266 4436 2359 4504 54,
2417 4454 2470 4505 p.
2516 4435 2665 4507 450).
2710 4436 2924 4491 Testem
2954 4450 3081 4491 vero
3120 4436 3342 4507 hujusce
3368 4436 3760 4494 moderationis

2158 4530 2202 4583 si
2243 4529 2554 4596 desideres,
2585 4528 2899 4585 Suetonium
2943 4528 3326 4583 advocabimus
3352 4572 3366 4595 ,
3395 4529 3486 4601 qui
3525 4528 3638 4585 hzec
3684 4531 3763 4587 de

453 4621 699 4677 nieorum
721 4662 737 4688 ,
768 4620 1121 4690 imperatores
1160 4634 1287 4674 suos
1314 4618 1445 4675 deos
1473 4621 1853 4691 appellantium
1872 4663 1886 4686 ,
1915 4621 2049 4675 adu-
2076 4613 2130 4672 D
2156 4622 2347 4678 eodem
2397 4625 2635 4692 Augusto
2665 4620 2939 4676 memorim
2970 4620 3206 4691 prodidit
3232 4639 3247 4677 :
3279 4620 3494 4677 Domini
3523 4622 3763 4694 appella-

451 4714 708 4770 Iationem
754 4714 949 4768 merito
998 4711 1424 4774 detestabantur,
1473 4727 1579 4767 non
1628 4723 1877 4783 poterant
1907 4714 2049 4768 lassa:

450 4806 750 4878 maiestatis
789 4806 1036 4861 humana:
1086 4804 1224 4860 hanc
1267 4804 1336 4858 ob
1357 4819 1602 4859 caussam
1636 4806 1703 4861 ab
1729 4806 1841 4860 ullo
1869 4815 2050 4875 postu-

446 4900 568 4955 lari.

520 4993 659 5059 Quin
688 4994 846 5049 etiam
875 4992 1237 5048 Tertullianus
1270 4991 1627 5048 celeberrimo
1668 4989 2046 5061 triumphantis

446 5087 791 5155 imperatoris
811 5088 1055 5158 exemplo
1076 5085 1323 5142 ethnicos
1342 5127 1357 5153 ,
1376 5085 1464 5156 qui
1492 5084 1639 5139 illunt
1667 5098 1858 5139 vocare
1883 5083 2042 5140 deum

445 5188 877 5246 consueverant,
909 5180 1201 5250 turpissimi
1234 5178 1499 5235 mendacii
1547 5178 1884 5249 apertissime
1914 5193 2045 5233 con-

442 5275 629 5329 vincit.
665 5274 878 5329 Etenim
907 5276 959 5328 iu
994 5274 1097 5329 hoc
1122 5288 1335 5329 summo
1363 5273 1611 5328 humana:
1642 5272 1827 5341 glorite
1852 5272 2032 5342 apice,

438 5366 553 5421 sive
570 5375 628 5422 ut
646 5366 735 5421 ille
756 5366 1011 5435 loquitur,
1038 5367 1090 5419 in
1114 5365 1364 5435 triumphi
1381 5367 1459 5420 sui
1475 5366 1832 5419 sublimissimo
1858 5380 2032 5431 curru,

437 5457 763 5515 inﬁrmitatis
777 5474 908 5522 sum,
932 5457 1249 5511 admonetur.
1275 5458 1579 5529 Suggeritur
1594 5456 1723 5511 enint
1741 5458 1785 5510 ei
1799 5474 1830 5510 a
1852 5468 1990 5527 tergo
2010 5472 2029 5510 :

435 5548 652 5619 Respice
690 5560 800 5620 post
831 5560 910 5616 te,
937 5551 1185 5603 hominem
1237 5560 1283 5604 te
1320 5560 1564 5605 memento
1615 5549 1823 5621 (Ibid.).
1864 5549 2031 5606 Tacet

432 5652 613 5698 autem
667 5643 787 5713 quis
836 5643 994 5697 fuerit
1043 5643 1172 5709 ille,
1201 5644 1293 5715 qui
1338 5643 1454 5698 hac
1497 5644 2025 5716 suggerebat;ltattd

430 5733 593 5790 dubie
620 5736 742 5795 quia
770 5746 895 5791 tunc
926 5746 1031 5791 tam
1062 5736 1270 5790 cunctis
1296 5745 1453 5791 notus
1482 5747 1599 5792 erat
1618 5778 1634 5803 ,
1657 5753 1814 5809 quam
1843 5739 2027 5809 paucis

420 5827 587 5883 hodie
609 5830 873 5899 cognitus.
905 5830 972 5884 At
994 5830 1037 5884 is
1056 5828 1250 5886 Tzetze
1272 5840 1493 5886 vocatur
1520 5829 1749 5888 famulus
1769 5875 1782 5900 ,
1808 5848 2025 5901 servus,

2157 4713 2366 4779 tionem,
2393 4721 2446 4765 ut
2472 4712 2797 4767 maledictum
2817 4722 2861 4765 et
2888 4712 3217 4782 opprobrium
3235 4729 3452 4783 semper,
3468 4714 3755 4769 exhorruit.

2156 4805 2302 4872 Cum,
2331 4816 2591 4875 spectante
2618 4822 2675 4860 eo
2702 4805 2867 4866 ludos.
2911 4806 3292 4876 pronuntiatunt
3320 4817 3447 4862 esset
3470 4808 3524 4860 in
3549 4808 3706 4861 minio
3733 4824 3756 4863 :

2160 4898 2206 4954 0
2236 4898 2508 4953 Dominum
2553 4915 2757 4969 (equum
2805 4909 2850 4952 et
2890 4899 3074 4952 bonunt
3100 4897 3121 4950 .'
3149 4907 3194 4951 et
3232 4898 3491 4966 universi,
3521 4899 3668 4969 quasi
3694 4901 3761 4957 de

2154 4994 2266 5063 ipso
2294 4992 2485 5045 dictum
2506 4990 2815 5046 exsultantes
2841 4990 3282 5060 comprobassent,
3318 4998 3363 5044 et
3390 4991 3563 5045 statim
3592 5006 3757 5047 manu

2150 5086 2386 5156 vultuque
2417 5085 2683 5138 indecoras
2725 5084 3024 5138 saltationes
3059 5084 3334 5155 repressit,
3368 5093 3415 5138 et
3441 5085 3497 5138 in
3522 5086 3757 5155 sequenti

2148 5181 2230 5235 die
2257 5179 2557 5251 gravissimo
2574 5179 2817 5248 corripuit
2839 5178 3003 5231 edicto
3023 5216 3039 5243 ,
3059 5178 3422 5249 dominumque
3439 5195 3491 5233 se
3509 5188 3619 5249 post
3638 5178 3755 5234 lucc

2145 5274 2434 5346 appellari,
2469 5290 2532 5327 ne
2561 5289 2590 5324 a
2620 5271 2787 5325 liberis
2834 5269 3035 5341 quidem
3056 5312 3071 5336 ,
3105 5280 3194 5323 aut
3224 5272 3490 5341 nepotibus
3519 5271 3624 5326 suis
3667 5272 3755 5327 vel

2144 5369 2276 5423 serio
2324 5367 2402 5421 vel
2435 5367 2557 5435 joco
2600 5381 2780 5433 passus
2808 5373 2912 5425 est,
2941 5375 3091 5434 atque
3132 5362 3426 5434 hujusmodi
3468 5363 3751 5422 blanditias

2130 5464 2281 5515 etiam
2299 5460 2428 5514 inter
2443 5459 2579 5529 ipsos
2596 5455 3090 5530 prohibuit(8ueton.
3110 5456 3162 5509 in
3187 5454 3290 5509 Vit.
3311 5455 3556 5527 Augusl.,
3575 5455 3742 5529 §53).

2206 5553 2309 5610 Sed
2337 5563 2523 5607 contra
2552 5554 2792 5621 insurget
2817 5550 3010 5623 aliquis
3032 5593 3045 5617 ,
3072 5549 3333 5621 nobisque.
3358 5551 3525 5606 alium
3555 5552 3748 5609 citabit

2136 5655 2324 5702 testem
2355 5644 2668 5701 Cornelium
2696 5644 2936 5699 Tacitum
2955 5686 2969 5710 ,
3003 5642 3092 5714 qui
3119 5642 3311 5698 litteris
3334 5656 3553 5714 quoque
3577 5658 3742 5699 man-

2131 5737 2277 5794 davit
2308 5736 2489 5791 varios
2520 5743 2642 5806 post
2678 5735 2917 5805 ejusdem
2962 5733 3186 5807 Augusti
3233 5742 3463 5790 mortem
3513 5749 3737 5806 sparsos

2132 5830 2294 5886 fuisse
2324 5843 2569 5885 rumores
2593 5871 2607 5897 ,
2640 5837 2799 5902 atque
2860 5830 2926 5885 ab
2965 5814 3054 5886 illo
3098 5826 3227 5882 nihil
3263 5826 3473 5891 deorum
3506 5826 3720 5884 honori-

3668 314 3836 373 1048
