4076 6356
278 295 420 358 1049

279 418 374 473 bus
408 415 644 471 relictum
667 451 681 479 ,
710 420 825 463 cum
861 418 916 461 se
945 399 1145 472 templis
1165 437 1180 461 ,
1208 401 1255 452 et
1293 391 1451 465 eﬁigie
1499 386 1762 443 numinum
1787 395 1878 451 per
1903 376 1957 438 Α

282 471 515 583 homines
530 515 577 563 et
596 471 881 560 sacerdotes
898 495 992 552 coli
1016 492 1171 550 coluit
1210 487 1433 563 (Cornel.
1471 480 1673 544 Tacia,
1717 474 1805 530 lib.
1851 471 1872 526 ι

281 565 348 663 ile
368 602 559 660 Annal.
616 607 728 669 post
766 592 929 661 init.).
956 590 1156 646 Verum
1197 583 1321 639 huic
1351 579 1532 650 utique
1562 565 1874 643 responderi

281 708 463 774 potest
505 662 628 752 aliis
671 688 915 749 Suetonii
957 682 1175 741 verbis:
1206 674 1419 747 Templa
1457 667 1680 741 quamvis
1729 662 1876 718 sciret

283 764 433 850 etiam
466 786 852 863 proconsulibus
872 782 1074 836 decerni
1092 773 1254 830 solere
1277 813 1292 838 ,
1320 769 1374 824 in
1398 764 1541 822 nulla
1564 770 1730 817 tamen
1754 771 1875 827 pro-

284 892 484 953 vincia,
528 884 627 939 nisi
674 877 927 936 communi
975 888 1067 927 suo
1114 868 1385 934 Romaque
1426 857 1629 914 nomine
1668 849 1874 919 recepit.

287 982 509 1057 Namin
533 975 652 1031 urbe
669 970 869 1047 quidem
894 960 1288 1037 pertinacissinte
1309 950 1547 1010 abstinuit
1570 947 1664 1001 hoc
1691 943 1881 997 honore

288 1034 532 1154 (siuet-on.
572 1071 626 1125 in
678 1034 794 1121 i’ita
835 1034 1049 1132 August.
1074 1097 1089 1120 ,
1119 1053 1241 1127 ᾗδὲ
1272 1048 1311 1123 ).
1344 1048 1527 1118 Itaque
1552 1037 1760 1101 etiamsi
1786 1034 1836 1090 id
1860 1075 1876 1100 ,

287 1130 354 1230 de
392 1183 500 1241 quo
536 1172 719 1237 postea
748 1154 1051 1231 agendum,
1088 1150 1178 1205 ille
1218 1156 1405 1217 passus
1431 1140 1538 1204 sit;
1569 1149 1677 1191 non
1705 1130 1881 1187 minus

291 1276 470 1322 tamen
497 1262 708 1327 constat
734 1249 988 1320 reiectam
1007 1243 1075 1298 ab
1092 1242 1208 1313 ipso
1223 1234 1422 1292 domini
1441 1224 1877 1301 appellationem,
1930 1270 1937 1277 .

289 1371 448 1428 quam
479 1351 594 1421 ejus
621 1354 962 1403 successores
990 1332 1298 1391 avidissime
1323 1325 1719 1393 corripuerunt.
1748 1314 1881 1370 Nam

1191 1424 1202 1428 -
1267 1423 1277 1428 ,
1452 1417 1464 1428 ,
1666 1426 1672 1428 Α
1707 1408 1723 1428 ,
1752 1407 1852 1428 ,μή

291 1407 824 1506 ἰδιίηἰυέδθειιηὸυε,
855 1429 1105 1504 quamvis
1133 1423 1381 1483 ethnicus
1406 1460 1420 1485 ,
1452 1417 1505 1472 in
1532 1427 1630 1469 suo
1659 1408 1726 1464 ad
1752 1407 1884 1462 Tra-

286 1541 473 1612 janum
503 1535 884 1604 imperatorem
910 1517 1242 1591 Panegyrico
1273 1512 1446 1584 palam
1494 1504 1727 1562 asseruit
1768 1498 1882 1555 ela-

292 1621 451 1706 psum
480 1642 600 1685 esse
631 1634 842 1692 tempus
862 1661 876 1684 ,
911 1630 1019 1687 quo
1049 1606 1393 1682 imperatori,
1426 1612 1677 1671 tanquam
1705 1595 1805 1650 deo
1830 1599 1887 1647 et

293 1720 498 1781 numini
524 1759 537 1784 ,
566 1716 875 1772 adulatores
914 1706 1089 1779 ignavi
1119 1698 1529 1757 blandiebantur
1556 1710 1568 1747 :
1602 1688 1723 1744 Non
1754 1685 1887 1740 enim

293 1818 355 1873 de
385 1828 631 1887 tyranno,
660 1806 866 1878 inquit,
894 1802 983 1858 sed
1022 1800 1085 1854 de
1122 1798 1227 1852 cive
1249 1837 1264 1861 ,
1306 1808 1407 1846 non
1438 1790 1499 1843 de
1525 1785 1731 1840 domino
1752 1823 1765 1845 ,
1796 1795 1850 1834 se

381 1870 592 1980 parente
618 1870 870 1971 loquimur
895 1894 1064 1966 (Plin.
1092 1933 1107 1956 ,
1137 1888 1396 1959 Panegyr.
1439 1881 1481 1937 Τ
1484 1881 1697 1948 ποιήσῃ-,ι
1719 1870 1883 1941 init.).

292 1972 582 2059 Christiani
612 1997 772 2067 igitur
817 1990 1015 2063 potiori
1057 1987 1181 2056 jure
1209 1972 1462 2036 nolebant
1508 1975 1886 2044 imperatorem

293 2110 488 2152 vocare
522 2092 680 2148 deum
709 2103 725 2153 ;
754 2086 875 2157 quia
897 2124 912 2148 ,
946 2081 1085 2137 sicut
1111 2078 1182 2132 ait
1209 2076 1414 2129 Auctor
1443 2075 1648 2129 noster,
1676 2062 1770 2116 hoc
1796 2074 1888 2114 so-

293 2190 400 2245 lius
429 2185 543 2240 vcri
563 2182 660 2238 Dei
686 2190 756 2236 est
772 2190 1050 2248 cognomen
1078 2158 1434 2244 (Tertullian.i
1456 2158 1748 2229 Apologet.,
1770 2167 1887 2221 cap.

298 2283 402 2347 54,
449 2275 680 2351 ρ.449),
730 2245 1185 2344 quemadmodum
1235 2257 1361 2314 alibi
1415 2245 1891 2309 animadvertimus

297 2346 594 2449 (Dissertat.
624 2346 677 2425 in
709 2367 1099 2431 Lactant.,cap.
1130 2355 1198 2412 12
1218 2396 1232 2421 ,
1253 2361 1350 2408 art.
1381 2346 1458 2419 1).

368 2469 503 2539 Quia
527 2480 654 2522 vero
674 2463 785 2534 jam
813 2460 975 2530 longo
1002 2469 1100 2510 usu
1124 2456 1398 2519 receptum
1425 2448 1583 2506 erat,
1612 2444 1671 2492 ut
1690 2428 1894 2489 domini

297 2576 496 2620 nomen
526 2523 940 2627 imperatoribus
969 2546 1196 2615 aliisque
1227 2539 1571 2598 tribueretur,
1604 2528 1732 2583 hinc
1754 2523 1894 2580 Ter-

298 2655 553 2713 tullianus
574 2667 587 2704 :
605 2620 792 2702 -Dicam
816 2643 986 2715 plane.
1014 2637 1205 2709 inquit,
1231 2633 1587 2702 imperatorem
1609 2620 1892 2682 dominum,

298 2749 389 2806 sed
409 2762 524 2802 voce
546 2740 836 2802 communi,
878 2732 1081 2805 quando
1108 2746 1209 2785 non
1236 2743 1387 2798 cogor
1411 2733 1464 2778 ut
1490 2719 1773 2781 dontinum,
1800 2710 1898 2783 Dei

297 2804 437 2903 uice,
470 2836 636 2891 dicunt
683 2830 926 2908 (Tertull.
980 2821 1153 2896 ibid.).
1204 2819 1311 2876 Sed
1364 2808 1767 2887 Iiigaltiushme
1790 2804 1898 2859 duo

297 2933 492 2996 verba,
520 2944 640 2984 uoce
678 2906 974 2990 communi,
1000 2916 1259 2981 abstulit,
1295 2923 1405 2967 tum
1450 2908 1573 2979 quia
1617 2906 1901 2972 acceperat

300 3044 362 3085 ea
395 3027 447 3083 in
474 3022 661 3080 codice
685 3016 940 3075 Fuldensi
982 3030 1088 3069 non
1129 3009 1314 3066 haberi
1340 3025 1356 3074 ;
1386 3015 1497 3061 tum
1528 3003 1651 3074 quia
1679 3006 1858 3055 notam
1880 3037 1895 3063 ,

300 3129 359 3177 ut
401 3119 499 3191 ipsi
549 3113 783 3177 videtur,
819 3109 1034 3179 sapiunt
1061 3105 1128 3160 de
1169 3102 1411 3171 margine
1454 3084 1902 3165 exeerptam.‘At

302 3216 390 3271 illa
419 3211 581 3268 verba
640 3209 693 3261 in
740 3203 988 3260 omnibus
1042 3196 1238 3253 nostris
1282 3202 1337 3249 et
1375 3191 1529 3257 aliis,
1557 3189 1671 3242 sive
1707 3184 1903 3242 editis,

302 3308 417 3365 sive
466 3297 846 3369 manuscriptis
893 3291 1292 3363 exemplaribus
1341 3290 1649 3341 occurrunt.
1715 3278 1901 3332 Nullus

302 3409 481 3455 autem
520 3392 798 3452 dubitandi
846 3390 1000 3444 locus
1042 3394 1165 3449 est,
1192 3382 1320 3452 quin
1368 3379 1552 3450 plores
1585 3370 1902 3441 antiquitate

304 3511 399 3553 sua
430 3490 756 3549 Fuldensem
788 3488 1062 3554 superent.
1083 3474 1364 3547 Quomodo
1395 3471 1555 3543 igitur
1570 3483 1636 3523 ex
1663 3462 1902 3534 margine

306 3590 358 3645 in
389 3595 590 3643 textum
619 3580 705 3635 illa
736 3575 936 3632 intrudi
980 3570 1313 3644 potuerunt?
1339 3564 1526 3621 Nonne
1566 3560 1726 3616 etiam
1757 3556 1900 3625 opti-

304 3696 451 3738 mum
497 3689 739 3753 sensum,
770 3679 826 3726 et
872 3666 1120 3723 Auctoris
1166 3659 1443 3734 proposito
1491 3651 1901 3711 convenientem

306 3767 593 3831 efﬁciunt?
633 3748 1018 3835 Imperatorem
1045 3799 1060 3824 ,
1108 3754 1281 3841 inquit
1300 3796 1314 3821 ,
1343 3748 1553 3822 appello
1583 3743 1858 3799 dominum
1884 3782 1900 3807 ,

305 3868 522 3944 quando
549 3878 654 3918 non
681 3874 846 3931 cogor
871 3855 976 3910 hoc
1014 3835 1232 3907 nomine
1272 3846 1422 3902 illum
1454 3851 1706 3910 tanquam
1735 3835 1901 3890 Deum

306 3980 599 4040 agnoscere
626 4005 640 4030 ,
692 3960 787 4017 sed
837 3952 1052 4028 quando
1095 3963 1291 4007 nomen
1347 3941 1476 4000 illttd
1523 3938 1739 4011 profero
1786 3945 1907 3985 uoce

282 4057 561 4116 ‘connnuni
588 4099 601 4122 ,
635 4070 728 4110 seu
758 4049 964 4121 vulgari
990 4043 1294 4115 signiﬁcatu
1318 4081 1333 4105 ,
1361 4049 1467 4107 quo
1494 4032 1634 4086 [ilius
1659 4034 1863 4098 patrem
1886 4064 1901 4090 ,

306 4155 495 4211 herum
541 4163 728 4206 servus
754 4189 767 4212 ,
800 4144 995 4214 aliique
1027 4139 1162 4192 alios
1208 4132 1454 4188 homines
1486 4138 1680 4181 vocare
1707 4120 1902 4176 solent.

307 4248 477 4316 Quam
508 4241 809 4300 communis
837 4246 1018 4292 autem
1046 4247 1109 4286 ac
1133 4224 1403 4300 popularis
1419 4217 1698 4278 essetltmc
1725 4210 1909 4284 appel-

310 4341 438 4396 latio
461 4382 475 4406 ,
508 4337 590 4394 vel
616 4353 680 4391 ex
710 4334 829 4390 solo
857 4328 1095 4388 Martiale
1124 4325 1297 4380 disces
1321 4338 1335 4374 :

464 4452 507 4504 E
528 4462 670 4501 serva
695 4450 792 4498 scis
816 4456 866 4497 te
892 4445 1131 4508 genitum,
1155 4439 1437 4508 blandeque
1459 4434 1648 4494 fateris,

529 4513 647 4565 Cum
666 4512 790 4561 dicis
803 4503 1358 4567 dominum,Sosibiane,
1383 4506 1592 4563 patrem.

315 4623 454 4682 Alibi
482 4636 610 4678 vero
644 4639 656 4674 :

470 4739 589 4792 Cum
616 4748 734 4787 voco
758 4741 810 4784 te
830 4731 1099 4787 dominum,
1125 4724 1220 4792 noli
1247 4723 1350 4792 tibi.
1375 4719 1544 4777 Cinna,
1572 4714 1791 4780 placere,

533 4786 684 4863 saepe
703 4799 852 4849 etiam
874 4805 1074 4863 seruum
1096 4791 1173 4863 sic.
1190 4786 1409 4863 resaluto
1431 4793 1617 4851 meum.

845 4837 1190 4917 :"llllartial.
1218 4848 1300 4899 lib.
1327 4854 1362 4910 1,
1389 4841 1629 4909 epigram.
1651 4837 1755 4898 8‘2.)

317 4973 422 5033 Sed
451 4973 567 5028 haec
590 4968 713 5025 trita
733 5006 749 5032 ,
771 4960 1129 5029 omnibusque
1153 4954 1352 5028 passim
1381 4948 1534 5007 obvia
1560 4987 1577 5014 ,
1599 4944 1768 5000 fusius
1793 4954 1925 5012 pro;

318 5067 452 5122 bare
503 5074 722 5134 prorsus
767 5055 1009 5112 tmderet.
1064 5059 1141 5104 Eo
1184 5048 1344 5119 igitur
1382 5056 1553 5099 sensu
1614 5034 1815 5124 vulgari
1867 5041 1923 5087 et

319 5155 591 5213 communi
617 5152 1018 5222 imperatorem,
1046 5114 1230 5216 pergil
1247 5142 1451 5194 Auctor
1478 5114 1681 5196 noster;
1709 5124 1923 5199 appello

321 5247 607 5307 Dominum
634 5286 649 5310 ,
678 5243 771 5298 sed
799 5250 1036 5295 cwtcrum
1074 5237 1198 5311 liber
1224 5249 1335 5288 sum
1364 5230 1474 5294 illi,
1508 5239 1609 5282 nec
1637 5222 1779 5279 illius
1804 5235 1921 5274 scr-

320 5358 438 5398 vus.
487 5339 618 5396 Nam
651 5335 894 5390 Dominus
926 5348 1065 5386 nteus
1090 5371 1106 5398 ,
1140 5326 1342 5397 inquit,
1373 5338 1504 5377 unus
1530 5328 1601 5374 est
1628 5316 1766 5371 Deus
1786 5354 1801 5380 ,
1824 5328 1925 5366 am-

321 5439 551 5502 nipotens
571 5475 587 5500 ,
615 5442 661 5488 et
700 5439 949 5490 wternus,
978 5426 1112 5479 idem
1158 5422 1243 5493 qui
1283 5428 1328 5474 et
1358 5417 1521 5487 ipsius
1570 5404 1910 5480 imperatoris

320 5531 602 5594 Dominus,
633 5535 686 5584 et
713 5524 801 5581 cui
851 5519 1085 5593 proinde
1116 5527 1227 5570 tam
1261 5514 1353 5569 ille
1376 5553 1392 5577 ,
1423 5523 1582 5582 quam
1610 5502 1792 5561 caeteri
1820 5503 1921 5560 ho-

322 5626 497 5682 mines
523 5623 727 5678 servire
754 5615 952 5672 debent
979 5609 1309 5685 (Tertullian.
1345 5603 1613 5675 Apologet.
1636 5640 1652 5666 ,
1684 5613 1781 5666 cap
1811 5594 1881 5652 54
1903 5636 1919 5662 ,

434 5756 445 5771 .
485 5713 639 5772 449).

434 5756 445 5771 .
485 5714 590 5772 449
624 5753 639 5768 .

323 5714 780 5879 pagatris)porro
827 5816 1020 5861 nomen
1066 5800 1265 5854 Auctor
1290 5800 1474 5852 noster
1517 5790 1675 5860 longe
1709 5787 1912 5860 gratius

1412 258 1868 328 DISSERTATIO
1904 256 1969 315 D.
2008 254 2099 311 LE
2134 246 2483 311 NOURRY..

3443 222 3587 285 1050

1981 389 2104 431 esse
2135 372 2349 434 fatetur,
2377 378 2536 437 quam
2563 356 2809 423 domini;
2835 351 2960 427 quia
2982 349 3090 408 hoe
3116 343 3422 421 potestatis,
3451 338 3589 399 illud

1977 466 2192 541 pietatis
2238 435 2437 518 nomen
2481 464 2583 514 est.
2624 453 2965 523 Quapropter
2997 446 3136 502 hanc
3163 443 3253 499 ille
3275 456 3342 497 ex
3366 439 3475 511 jam
3501 435 3589 492 di-

1980 560 2084 615 ctis
2138 556 2287 613 elicit
2329 549 2735 634 conclusionem
2770 562 2783 598 :
2816 542 2984 597 Tanto
3032 540 3170 595 abest
3216 545 3270 590 ut
3309 535 3591 605 imperator

1980 652 2107 707 deus
2149 624 2453 703 debeat‘dici
2476 683 2493 710 ,
2518 639 2653 710 quod
2674 636 2813 692 credi
2838 650 2940 689 non
2966 639 3162 703 potest,
3189 644 3292 683 non
3317 624 3467 680 modo
3487 632 3593 677 tur-

1981 744 2194 817 pissima
2218 782 2232 806 ,
2261 737 2350 793 sed
2378 745 2423 790 et
2449 731 2735 805 perniciosa
2780 725 3103 788 adulatione,
3132 720 3220 776 sed
3258 729 3500 788 tauquam
3539 712 3585 768 si

1979 806 2166 891 habens
2213 833 2600 902 imperatorem,
2630 822 2849 876 alterum
2869 814 3099 888 appelles
3125 806 3343 886 (Ibid.).
3380 806 3578 862 Verum

1985 928 2103 984 bare
2130 925 2289 981 verba
2312 963 2327 988 ,
2357 917 2493 991 quod
2538 915 2677 971 credi
2726 928 2825 966 non
2854 915 3047 980 potest,
3082 902 3287 987 inutilia
3317 898 3457 955 hattd
3484 898 3589 953 du-

1981 1024 2070 1079 bie
2100 1021 2211 1078 visa
2255 1024 2381 1073 sunt
2425 1010 2656 1084 Rigaltio
2680 1050 2695 1076 ,
2724 1006 2817 1078 qui
2851 1004 2939 1060 illa
2961 1010 3148 1058 contra
3173 995 3414 1052 omnium
3439 990 3593 1048 codi-

1983 1114 2266 1180 cum,sive
2312 1108 2577 1165 editorum
2627 1101 2741 1157 sive
2789 1095 3138 1159 ineditorum,
3182 1088 3341 1143 Iidem
3373 1082 3593 1141 excidit.

1987 1210 2205 1269 Siccine
2231 1205 2392 1278 igitur
2436 1201 2519 1257 fas
2565 1197 2642 1254 illi
2687 1194 2789 1250 I‘uit
2816 1206 2911 1246 sua
2941 1185 3260 1244 auctoritate
3284 1196 3348 1236 ex
3380 1176 3595 1233 Tertul-

1985 1305 2113 1361 liani
2157 1307 2304 1357 testu
2348 1312 2413 1352 ea
2455 1292 2635 1350 omnia
2681 1295 2961 1358 amputare
3004 1295 3124 1352 qua:
3176 1273 3443 1347 superﬂua
3490 1271 3595 1326 sibi

1986 1392 2359 1455 videbantur?
2393 1389 2580 1446 Nonne
2622 1384 2713 1439 hic
2749 1388 2833 1437 est
2874 1377 3016 1434 illius
3044 1386 3274 1429 sensus:
3302 1369 3599 1438 imperator

1987 1503 2142 1567 pater
2171 1487 2357 1562 patriae
2391 1498 2513 1539 esse
2542 1480 2703 1536 debet
2728 1517 2741 1540 ,
2771 1484 2827 1530 at
2854 1473 2957 1527 hoc
2984 1482 3183 1525 nomen
3212 1465 3370 1533 longe
3397 1458 3599 1532 gratius

1989 1548 2108 1648 est,
2138 1548 2298 1652 quam
2344 1574 2568 1632 domini.
2613 1571 3002 1639 Imperatorem
3048 1573 3179 1629 ergo
3227 1556 3430 1617 Deum,
3463 1548 3601 1615 quod

1990 1689 2116 1731 eum
2161 1686 2285 1727 esse
2326 1666 2465 1723 credi
2507 1679 2609 1719 non
2648 1666 2850 1731 potest,
2881 1653 3066 1710 dicere
3098 1663 3202 1704 non
3248 1644 3435 1700 debes.
3465 1639 3598 1695 Nam

1851 1778 1885 1832 d
1913 1777 1962 1837 Β
1990 1772 2094 1829 hac
2118 1765 2425 1838 turpissima
2460 1768 2514 1816 et
2538 1754 2840 1829 perniciosa
2889 1743 3199 1803 adulatione
3247 1734 3518 1809 signiﬁcas
3550 1741 3601 1787 te

1989 1865 2216 1920 alterum
2262 1857 2464 1912 habere
2491 1852 2870 1921 imperatorem
2900 1883 2915 1910 ,
2945 1838 3035 1911 qui
3066 1837 3209 1892 Deus
3233 1836 3340 1889 non
3367 1829 3477 1897 sit,
3506 1824 3601 1882 sed

1992 1958 2187 2021 homo,
2211 1953 2302 2025 qui
2333 1950 2424 2007 tibi
2455 1943 2662 2003 homini
2703 1943 2949 2010 imperet.

2063 2048 2306 2117 Denique
2331 2043 2374 2097 si
2417 2039 2642 2112 gentiles
2669 2033 2876 2104 legibus
2905 2025 3250 2092 moribusque
3275 2017 3388 2074 suis
3407 2014 3593 2070 stetis-

1992 2152 2149 2210 sent,
2184 2140 2264 2196 las
2308 2138 2413 2192 illis
2457 2148 2565 2211 non
2611 2137 2729 2186 erat
2774 2124 2941 2180 ullum
2992 2121 3370 2189 imperatorem
3400 2121 3599 2165 vocare

1993 2239 2155 2297 deum
2181 2276 2196 2302 ,
2228 2232 2332 2289 nisi
2377 2238 2495 2302 post
2520 2210 2645 2296 ejus
2690 2225 2920 2277 mortem
2947 2257 2963 2282 ,
2996 2221 3050 2267 et
3078 2205 3413 2281 apotheosim
3437 2243 3451 2268 ,
3482 2199 3596 2257 sive

1996 2336 2051 2390 in
2077 2333 2209 2388 deos
2251 2317 2717 2384 senatusconsulto
2742 2356 2757 2380 ,
2785 2320 2845 2367 ut
2871 2322 3032 2380 supra
3062 2302 3293 2358 vidimus
3316 2339 3332 2366 ,
3364 2295 3579 2351 relatio-

1996 2442 2143 2483 nem.
2169 2420 2383 2478 Etenim
2418 2412 2743 2470 maledictum
2785 2413 2857 2459 est
2884 2444 2898 2467 ,
2929 2401 3005 2455 ait
3034 2392 3427 2453 Tertulliautts,
3458 2394 3578 2439 ante

1997 2478 2317 2592 apotheosin:
2347 2512 2496 2566 deum
2525 2505 2779 2561 Caesarem
2816 2505 3111 2562 nuncupare
3137 2479 3350 2560 (lbid.).
3380 2478 3588 2537 Solem-

2001 2627 2125 2668 nem
2156 2622 2285 2664 vero
2313 2602 2471 2679 hujus
2509 2590 2826 2670 apotheosis
2872 2597 3123 2657 pompam
3154 2585 3349 2650 praeter
3372 2581 3601 2629 caeteros

2006 2711 2254 2760 accurate
2281 2668 2566 2763 descripsit
2595 2683 2931 2743 Herodianus
2956 2720 2970 2741 ,
3003 2688 3211 2745 nosque
3240 2669 3389 2742 prius
3415 2664 3603 2720 admo-

2001 2807 2093 2854 net
2119 2796 2172 2851 in
2201 2793 2568 2848 Romanorum
2618 2794 2768 2835 more
2817 2774 3049 2848 positum
3089 2774 3149 2823 ut
3186 2766 3543 2835 imperatores
3569 2773 3619 2829 a‘

2002 2883 2407 2946 successoribus
2434 2876 2546 2933 suis
2573 2874 3044 2929 consecrarentur,
3075 2869 3235 2930 atque
3261 2856 3331 2912 ita
3362 2852 3604 2908 declara-

2002 2993 2190 3037 rentur
2212 2964 2355 3032 inter
2375 2971 2506 3028 deos
2526 2965 2679 3024 relati
2708 2959 3022 3036 (Herodian.
3064 2953 3264 3009 Hister.
3294 2949 3371 3004 sui
3397 2956 3612 3016 temper.

2005 3090 2060 3143 ρ.
2093 3067 2246 3139 540).
2282 3068 2454 3121 Antea
2481 3059 2643 3131 igitur
2673 3035 2753 3111 las
2784 3050 2916 3108 nulli
2945 3054 3063 3103 erat
3091 3045 3210 3100 illos
3236 3053 3432 3096 vocare
3456 3035 3609 3091 deos.

1936 3164 1980 3228 C
2007 3128 2277 3232 'Quoeirca
2322 3128 2605 3213 Cornelius
2630 3146 2850 3204 Tacitus
2874 3142 3084 3197 decimo
3109 3136 3298 3207 quinto
3326 3128 3610 3187 Annalium
3636 3176 3641 3179 Α

2007 3270 2229 3313 suorum
2256 3251 2397 3307 libro
2428 3248 2592 3303 linem
2622 3243 2704 3298 bis
2734 3238 2918 3295 verbis
2947 3233 3177 3306 imponit
3203 3249 3218 3286 :
3260 3228 3425 3283 Deum
3455 3224 3618 3277 honor

2016 3348 2243 3423 principi
2281 3361 2383 3399 non
2436 3350 2555 3396 ante
2583 3336 2821 3399 habetur,
2851 3347 3006 3400 quam
3033 3341 3182 3399 agere
3220 3324 3352 3377 inter
3380 3314 3618 3372 mortales

2005 3413 2207 3497 desierit
2252 3435 2443 3511 (Tacit.
2484 3433 2573 3486 lib.
2603 3427 2699 3485 XV
2743 3423 2935 3480 Annal.
3000 3420 3054 3474 in
3090 3415 3232 3489 ﬁn.).
3264 3413 3433 3469 Recte
3470 3424 3601 3481 ergo

2007 3502 2369 3591 Tertullianus
2406 3527 2515 3582 alio
2555 3524 2612 3579 in
2641 3522 2781 3578 libro
2810 3536 2824 3573 :
2857 3514 2962 3571 Sed
2988 3528 3088 3567 non
3113 3509 3363 3570 dicimus,
3390 3502 3600 3575 inquit,

2012 3629 2162 3682 deum
2192 3626 2570 3696 imperatorem.
2604 3614 2776 3682 Super
2806 3610 2899 3663 hoc
2920 3606 3054 3661 enim
3074 3645 3087 3667 ,
3110 3599 3250 3674 quod
3278 3597 3426 3669 vulgo
3449 3595 3612 3658 aiunt,

2006 3735 2222 3774 sannam
2268 3714 2459 3789 facitis.
2499 3708 2619 3764 luto
2662 3705 2750 3777 qui
2781 3704 2932 3757 deum
2954 3698 3211 3759 Caesarem
3241 3691 3437 3757 dicitis,
3460 3697 3504 3744 et
3533 3686 3621 3741 de-

2008 3810 2187 3865 ridetis
2215 3782 2431 3862 dicendo
2456 3800 2592 3874 quod
2621 3814 2722 3854 non
2748 3806 2819 3851 est
2843 3836 2857 3860 ,
2894 3802 2939 3847 et
2971 3788 3102 3845 male
3133 3784 3302 3840 dicitis
3322 3823 3338 3850 ,
3367 3780 3486 3853 quia
3514 3795 3617 3834 non

2006 3904 2117 3958 vult
2155 3916 2262 3956 esse
2287 3896 2422 3966 quod
2461 3892 2669 3956 dicitis;
2699 3885 2888 3943 mavult
2919 3882 3051 3938 enim
3083 3879 3244 3933 uiuere
3263 3917 3277 3941 ,
3305 3888 3459 3945 quam
3494 3870 3621 3926 deus

2007 3962 2363 4066 ﬁcri(Tertul.
2398 3988 2486 4042 lib.
2537 3984 2558 4040 ι
2603 3984 2673 4037 ad
2730 3971 3229 4047 [\‘ati.cap.18,p.
3269 3964 3425 4038 585).
3476 3962 3614 4031 Quia

2007 4087 2152 4145 enim
2186 4090 2315 4157 post
2355 4095 2510 4136 suam
2562 4084 2768 4131 tantum
2807 4079 3036 4126 mortem
3066 4064 3200 4121 deus
3226 4075 3348 4118 esse
3375 4064 3621 4131 poterat,

2008 4178 2245 4236 malebat
2268 4175 2450 4244 utique
2467 4172 2650 4226 vivere
2669 4208 2684 4232 ,
2707 4180 2866 4236 quam
2889 4163 3051 4216 vitam
3074 4170 3277 4228 ponere
3299 4195 3315 4219 ,
3338 4166 3402 4208 ac
3432 4157 3617 4222 postea

2012 4272 2126 4329 ﬁeri
2154 4271 2309 4330 deus.
2340 4268 2456 4321 sive
2486 4262 2663 4333 potius
2692 4259 2793 4312 hoc
2821 4250 3064 4310 mendaci
3098 4262 3317 4320 prorsus
3340 4242 3493 4299 titulo
3514 4240 3616 4296 de.

2011 4363 2208 4421 corari.
2236 4355 2527 4416 Christiani
2558 4367 2687 4424 ergo
2717 4352 2859 4406 laesae
2898 4342 3192 4416 majestatis
3233 4340 3479 4394 humana:
3507 4333 3609 4399 rei,

2012 4455 2097 4511 vel
2141 4450 2339 4523 publici
2388 4447 2573 4501 hostes
2621 4455 2829 4497 summa
2882 4437 2999 4493 sine
3047 4432 3304 4502 injustilia
3354 4425 3461 4483 dici
3491 4424 3611 4483 ideo

1935 4554 2128 4624 Dnon
2182 4551 2461 4615 poterant,
2494 4535 2633 4610 quod
2686 4534 2884 4590 nollent
2933 4532 3312 4598 imperatorem
3336 4517 3610 4590 appellare

2026 4611 2210 4698 Deum.
2245 4636 2377 4692 Nam
2403 4634 2518 4689 lucc
2546 4627 2829 4701 appellatio
2858 4625 2933 4679 illi
2965 4622 3062 4677 soli
3092 4611 3470 4687 competit,qui
3495 4624 3600 4665 non

2020 4736 2212 4795 homo,
2242 4728 2338 4786 sed
2369 4738 2602 4782 aeternus
2626 4731 2679 4779 et
2708 4716 3024 4775 immortalis
3061 4722 3163 4768 est.

2630 4812 2857 4873 CAPUT
2923 4806 3092 4865 XXII.

2042 4939 2359 4998 Christianos
2387 4950 2478 4990 nec
2508 4931 2731 5004 publicos
2760 4943 2864 4983 esse
2889 4925 3055 4979 hostes
3078 4961 3094 4987 ,
3124 4932 3213 4973 nec
3244 4913 3507 4987 factiosos,
3535 4910 3629 4966 sed

2142 5033 2353 5106 gentiles
2372 5072 2387 5099 ,
2409 5028 2496 5100 qui
2534 5025 2653 5081 illos
2681 5024 2862 5076 horum
2889 5016 3157 5072 criminum
3181 5007 3512 5067 accusabant.

2558 5128 2855 5175 Αιιτιουωε
2892 5123 3103 5165 1³14111118.

2028 5222 2270 5279 Publicos
2301 5219 2468 5273 hostes
2495 5230 2597 5268 non
2622 5225 2725 5265 esse
2756 5204 3095 5265 Christianos,
3125 5197 3211 5271 qui
3237 5196 3422 5251 allatas
3442 5192 3536 5248 sibi
3558 5190 3620 5245 ab

2096 5312 2310 5368 ethnicis
2348 5306 2567 5378 injurias
2604 5313 2861 5370 nunquam
2895 5292 3070 5348 ulcisci
3097 5290 3394 5352 voluerunt,
3427 5284 3631 5339 tametsi

2096 5406 2150 5459 id
2189 5400 2434 5473 facillime
2476 5394 2701 5469 possint,
2731 5392 2808 5444 rel
2847 5387 3048 5442 civitate
3100 5386 3235 5437 clam
3274 5380 3484 5434 incensa
3514 5418 3529 5443 ,
3557 5374 3636 5429 vel

2096 5470 2289 5555 indicto
2321 5493 2493 5564 palam
2523 5486 2693 5545 bello;
2720 5486 2797 5538 vel
2833 5497 2887 5535 se
2917 5478 2979 5533 ab
3007 5475 3187 5531 iisdem
3215 5470 3426 5528 ethnicis
3444 5510 3459 5535 ,
3491 5482 3635 5538 quo—

2097 5607 2210 5647 rum
2252 5587 2419 5640 minor
2458 5590 2567 5637 erat
2607 5590 2846 5633 numerus
2868 5613 2882 5638 ,
2912 5567 3202 5641 separando
3233 5565 3349 5631 ;vcl
3376 5560 3633 5616 daemones

2098 5685 2162 5740 ab
2187 5682 2506 5737 obsessorunt
2548 5669 2841 5744 corporibus
2868 5681 2971 5721 non
3002 5659 3272 5735 ejiciendo.

2096 5778 2301 5846 Quanta
2313 5770 2634 5851 temeritate
2659 5762 2858 5823 ethnici
2887 5755 3223 5843 Christianos
3248 5753 3390 5809 Itesa:
3417 5745 3616 5817 majes-
