4076 6356
486 195 629 260 1081

1568 198 1639 260 IN
1679 199 2145 262 smmum
2177 203 2703 268 APOLOGETICUM

3665 223 3840 283 1052

482 316 614 377 tatis
660 313 913 374 humanm
937 327 1062 374 reos
1101 327 1225 375 esse
1272 313 1626 388 eminebant,
1658 328 1805 376 tanta
1844 319 2091 392 profecto
2117 322 2169 382 A
2194 321 2300 380 illis
2328 339 2435 380 non
2466 325 2639 382 timeri
2668 324 2899 402 (Ibid)?
2939 329 3179 388 Alceste
3218 341 3424 405 quanto
3453 337 3639 395 minus
3686 354 3831 398 eam

480 409 826 483 impudentia
852 410 977 465 illos
1002 409 1281 481 publicos,
1308 426 1374 468 sc
1399 411 1566 468 totius
1614 411 1834 470 humani
1873 416 2095 487 generis

476 503 681 561 hostes
698 517 820 560 esse
841 502 1284 559 criminabantur.
1307 502 1452 559 Nihil
1473 504 1674 577 quippe
1702 506 1802 562 hac
1824 498 2095 564 calumnia

499 597 737 670 putidius
764 595 890 668 ﬁngi
938 611 1175 667 unquam
1222 598 1411 669 potuit.
1458 600 1643 656 Divina
1673 601 1935 673 siquidem
1964 603 2085 675 lege

505 688 746 764 (Matth,
767 706 813 744 c.
838 686 905 757 ν,
927 704 976 744 υ.
1018 688 1089 745 39
1118 704 1134 756 ;
1181 688 1335 755 an"
1364 706 1482 761 cap.
1503 690 1544 759 l,
1573 689 1730 764 v.28)
1757 693 2085 762 prohibitum

489 783 595 840 illis
639 792 761 840 erat
802 782 895 838 ulli
924 782 1097 850 male,
1128 782 1208 838 uti
1256 782 1714 840 aitTertullianus
1751 783 2080 859 (Tertullian.

487 876 785 949 Apologet.,
854 892 970 946 cap.
1030 873 1107 932 ὅθ
1142 884 1190 930 et
1240 892 1376 947 seqq.
1423 893 1544 949 pag.
1584 876 1717 943 460,
1767 887 1814 932 et
1858 878 1948 934 lib.
1977 878 1999 933 ι
2025 878 2095 932 ad

492 970 710 1027 Nation.
734 986 853 1040 cap.
886 970 985 1039 17,
1008 987 1063 1041 p.
1098 968 1259 1041 583),
1291 970 1444 1039 velle,
1477 971 1612 1026 ntale
1639 976 1828 1043 facere,
1857 972 1989 1027 male
2016 972 2096 1026 di-

489 1080 601 1122 cere
618 1107 633 1133 ,
657 1064 792 1119 atate
826 1063 1052 1134 cogitare
1078 1062 1143 1118 de
1164 1079 1419 1134 quoquam
1457 1104 1472 1130 ,
1503 1072 1550 1119 et
1578 1062 1784 1118 ludenti
1824 1064 1983 1118 vicem
2005 1078 2089 1118 re-

491 1161 643 1232 ferre.
673 1161 741 1212 At
772 1156 855 1212 his
881 1155 1166 1227 praeceptis
1202 1155 1609 1212 accuratissime
1633 1155 2094 1228 obsequebantur,

489 1247 944 1322 quemadmodum
986 1256 1136 1319 patet
1164 1262 1233 1303 ex
1260 1247 1377 1316 his,
1405 1263 1525 1319 quas
1548 1247 1619 1304 de
1642 1248 1997 1304 sanctissimis
2026 1248 2093 1304 il-

488 1344 666 1402 lorum
708 1342 947 1398 moribus
988 1349 1147 1398 antea
1174 1342 1406 1398 diximus
1435 1341 1660 1414 (Supra,
1707 1359 1825 1413 cap.
1860 1344 1964 1411 ﬂ,
1993 1352 2093 1399 an.

494 1436 519 1491 1
558 1445 606 1491 et
635 1431 820 1506 ηιμ).
867 1433 986 1490 Non
1012 1449 1143 1505 ergo
1174 1433 1403 1504 publici,
1435 1434 1543 1490 imo
1582 1449 1651 1491 ne
1692 1433 1852 1491 ullius
1879 1436 2097 1507 quidem

496 1527 731 1584 hominis
756 1569 771 1595 ,
800 1527 970 1582 multo
1007 1527 1185 1582 minus
1212 1526 1558 1597 imperatoris
1576 1569 1591 1594 ,
1614 1536 1673 1584 et
1696 1527 1863 1584 totius
1882 1530 2098 1600 generis

495 1602 713 1677 humani
756 1618 942 1676 hostes
972 1627 1144 1675 erant.
1177 1618 1249 1674 Et
1276 1628 1429 1676 certe
1461 1621 1706 1693 quamvis
1734 1621 1882 1678 otnni
1907 1629 2098 1677 contu-

2196 417 2541 484 verebantur,
2572 428 2723 476 tanto
2745 422 2923 478 acrius
2941 424 3178 493 quolibet
3205 427 3411 484 incerto
3441 430 3570 487 belli
3599 443 3829 492 eventu

2197 506 2809 582 depugnasseut,sicque
2820 514 3115 583 potuissent
3127 516 3336 575 debitas
3346 520 3414 575 de
3431 522 3689 580 hostibus
3699 527 3829 583 suis

2199 614 2387 669 pinnas
2412 610 2678 672 repetere.
2712 604 2916 661 Verum
2942 609 3200 679 religione
3225 626 3321 667 sua
3371 613 3640 683 obstricti,
3675 617 3824 675 ξω

2199 708 2495 764 nunquam,
2508 697 2621 752 sive
2633 699 2846 763 armati,
2860 700 2978 756 sive
2992 701 3251 769 inermes,
3269 714 3477 761 tentare
3491 708 3826 766 voluerunt.

2270 786 2429 843 Nullo
2453 798 2715 860 prater-ea
2751 792 2820 848 ad
2841 794 3129 850 vindictam
3150 796 3295 853 bello
3316 800 3570 872 nullaque
3587 803 3641 857 vi
3671 818 3829 875 epos

2199 878 2466 937 habebant
2493 882 2656 955 (Ibid.
2691 884 2747 955 p.
2777 885 2891 942 465
2921 888 2959 958 ).
2990 889 3071 944 Ad
3098 905 3217 945 eam
3243 907 3474 965 namque
3495 894 3819 955 sufficiebat

2199 973 2417 1030 illorum
2441 976 2513 1031 ab
2535 978 2767 1037 ethnicis
2792 979 3079 1039 divortium
3105 992 3161 1039 et
3183 988 3438 1042 secessio.
3507 988 3579 1044 lli
3605 993 3825 1063 quippe

2202 1074 2329 1121 tunc
2355 1066 2647 1125 solitudine
2690 1086 2788 1126 sua
2831 1071 3210 1144 obstupefacti,
3266 1077 3447 1148 plures
3485 1079 3827 1140 habuissent

2202 1154 2409 1223 hostes,
2445 1174 2605 1230 quam
2630 1161 2796 1229 cives,
2815 1164 3085 1235 acquibus
3110 1166 3460 1238 imperarent,
3490 1182 3644 1229 certe
3668 1190 3816 1244 pau-

2201 1246 2479 1305 cissimos:
2548 1250 2704 1307 Nunc
2759 1255 2913 1322 enim,
2968 1258 3045 1312 ait
3096 1257 3478 1330 Tertullianus,
3535 1266 3823 1336 pauciores

2204 1339 2371 1396 hostes
2422 1342 2619 1399 habetis
2662 1362 2773 1416 prce
2810 1349 3135 1405 multitudine
3186 1350 3601 1411 Christianorum
3655 1361 3823 1430 (pas

2201 1434 2431 1488 omnium
2470 1435 2687 1503 ciuium;
2727 1455 2857 1509 pene
2884 1457 3057 1497 omnes
3082 1443 3214 1499 ciues
3263 1444 3586 1504 Christianos
3615 1452 3821 1507 babes.

2210 1525 2342 1591 dos;
2381 1538 2431 1582 et
2460 1530 2629 1586 hostes
2654 1532 2905 1588 ntahlistis
2930 1549 3111 1608 mare
3140 1538 3342 1608 generis
3391 1540 3607 1596 humani
3639 1545 3821 1613 μή,

2203 1634 2358 1689 quam
2386 1621 2574 1676 erroris
2601 1622 2836 1695 hilaruni)
2887 1624 3099 1699 (Ibid).
3129 1626 3204 1683 ita
3242 1630 3462 1699 quidem
3504 1632 3561 1688 in
3608 1636 3821 1691 nostris

494 1715 779 1772 meliorum
820 1720 1335 1785 tormentorumque
1359 1729 1562 1785 genere
1590 1714 1657 1770 ab
1683 1715 2097 1789 imperatoribus
2124 1728 2174 1789 Β
2201 1710 2479 1768 codicibus
2520 1716 2915 1787 manuscriptis,
2953 1729 3008 1773 et
3037 1718 3196 1774 editis
3248 1720 3482 1793 Rigaltio
3530 1725 3813 1795 antiquio-

493 1808 724 1880 aliisque
763 1806 993 1873 ethnicis
1055 1806 1610 1876 excarniﬁcarentur;
1642 1807 1784 1865 inter
1830 1808 2097 1880 plurimos

494 1913 704 1969 tamen,
736 1901 806 1958 de
832 1901 1025 1972 quibus
1073 1902 1233 1973 paulo
1270 1910 1395 1974 post
1440 1901 1707 1973 agendum
1731 1942 1747 1969 ,
1777 1902 1871 1974 qui
1907 1911 2095 1959 contra

494 1994 714 2052 eosdem
743 1994 1131 2064 imperatores,
1159 2003 1213 2050 et
1236 1994 1628 2065 rempublicam
1655 1994 2093 2066 coniuraverant,

492 2086 679 2142 nullus
704 2088 939 2158 unquam
967 2100 1035 2142 ex
1062 2086 1169 2141 illis
1198 2086 1446 2142 inventus
1471 2094 1574 2142 est.

560 2178 748 2252 Neque
794 2188 972 2235 tamen
1020 2179 1147 2235 illud
1176 2179 1490 2237 earumdem
1530 2178 1961 2238 Christianorum
2002 2188 2100 2238 aut

413 2297 439 2303 -
493 2272 812 2340 inﬁrmitati,
840 2282 931 2329 aut
956 2273 1286 2344 impotentiae
1310 2284 1429 2331 erat
1453 2274 1892 2332 adscribendum.
1935 2275 2098 2334 Poto-

493 2376 615 2425 rant
641 2368 782 2424 cnim
815 2367 982 2424 l‘actas
1007 2365 1110 2423 sibi
1137 2383 1166 2423 a
1193 2368 1483 2439 gentilibus
1522 2368 1753 2439 injurias
1788 2383 1898 2424 non
1922 2368 2097 2425 solum

493 2461 632 2518 clam
666 2477 728 2517 ac
759 2462 914 2517 tectis
938 2460 1226 2529 cuniculis,
1267 2460 1363 2517 sed
1394 2460 1569 2532 palam
1610 2472 1666 2517 et
1699 2470 1890 2532 aperto
1927 2469 2099 2523 marte

494 2557 703 2614 ulcisci.
764 2556 829 2612 Et
874 2556 1084 2612 occulte
1126 2554 1341 2627 quidem
1389 2572 1404 2610 :
1446 2555 1652 2627 quando
1689 2556 1767 2611 vel
1815 2572 1920 2610 una
1971 2571 2094 2622 nos,

493 2651 648 2709 sicuti
685 2655 759 2706 alt
804 2650 1184 2717 Tertullianus,
1231 2650 1459 2718 pauculis
1488 2649 1677 2721 faculis
1710 2649 1920 2721 largiter
1945 2648 2098 2704 ultio-

494 2745 574 2799 nis
598 2752 765 2814 posset
793 2744 1001 2817 operari
1042 2742 1370 2815 (Tcrtullian.
1396 2743 1661 2815 Apologet.
1690 2760 1806 2814 cap.
1843 2744 1939 2808 37,
1971 2760 2095 2815 pag.

494 2836 665 2908 462);
709 2837 889 2902 idest,
938 2844 1184 2908 poterant
1214 2851 1307 2908 per
1358 2836 1602 2892 obscura:
1651 2836 1823 2892 noctis
1876 2836 2095 2894 silentia

494 2930 831 3001 paucissimis
868 2929 1078 2999 faculis,
1110 2930 1440 3002 minimoque
1467 2933 1645 3002 pretio
1685 2931 1904 3002 emptis,
1933 2932 2097 2989 urbes

497 3022 808 3081 incendere.
862 3023 1057 3080 Verum
1088 3023 1238 3090 absit,
1269 3025 1442 3099 pergit
1474 3024 1586 3094 ille,
1626 3034 1681 3081 ut
1710 3035 1815 3097 (aut
1864 3026 1971 3099 igni
1999 3027 2096 3083 hu-

2200 1804 2370 1873 ribus,
2403 1805 2505 1865 nisi
2529 1807 2674 1878 quod
2699 1811 2755 1865 in
2783 1810 3107 1880 quibusdam
3129 1826 3199 1868 ex
3221 1813 3327 1869 illis
3349 1815 3545 1886 legitur
3570 1817 3815 1875 halt“

2200 1913 2300 1970 pro
2326 1898 2602 1968 habendos,
2630 1896 2792 1974 atque
2829 1904 2946 1960 bare
2968 1905 3153 1975 ultima
3184 1908 3378 1975 verba,
3432 1911 3606 1979 potius
3652 1928 3813 1984 quas:

2201 1992 2394 2047 erroris
2426 1992 2655 2060 limi,
2703 2005 2946 2053 resecata
2986 2007 3131 2053 sunt.
3182 1998 3293 2055 Sed
3337 2000 3602 2071 Rigaltius
3635 2004 3808 2061 auda-

2201 2083 2315 2143 cior
2352 2099 2422 2141 ea
2448 2087 2633 2142 munia
2665 2090 2982 2159 amputavit,
3026 2106 3146 2162 quae
3172 2093 3384 2148 uncinis
3411 2094 3611 2150 includi
3637 2096 3811 2166 jussi-

2200 2193 2342 2235 ω.
2400 2179 2586 2237 Tantm
2612 2190 2790 2238 tamen
2834 2185 3217 2254 amputationis
3260 2202 3331 2242 ne
3372 2203 3543 2251 unum
3584 2190 3811 2260 quidem

2202 2271 2423 2327 verbum
2457 2271 2601 2329 fecit.
2656 2273 2928 2345 Numquid
2948 2292 3081 2347 ergo
3104 2278 3396 2345 arbitratus
3419 2289 3505 2336 est
3533 2283 3807 2341 rationem

2202 2363 2349 2420 illius
2363 2369 2574 2425 cuneus
2596 2377 2779 2422 notam
2797 2382 2939 2432 esse,
2960 2370 3085 2440 quia
3107 2372 3264 2440 paulo
3285 2382 3408 2443 post
3431 2373 3802 2433 Tertullinus

2202 2455 2335 2512 disit
2359 2475 2375 2511 :
2421 2455 2607 2517 Hostes
2637 2458 2870 2526 iudicare
2908 2462 3181 2529 maluistis,
3205 2465 3299 2535 qui
3320 2482 3494 2522 manus
3521 2469 3806 2539 planam

2202 2552 2402 2622 generis
2430 2552 2641 2615 humani
2664 2563 2854 2621 tanien,
2884 2556 2973 2610 sed
3011 2559 3182 2627 potius
3207 2561 3397 2619 erroris
3427 2560 3641 2635 (Ibid).
3693 2564 3802 2621 Sed

2203 2645 2468 2714 numquid
2507 2648 2713 2703 auctori
2744 2664 3020 2720 nunquam
3048 2651 3197 2707 licuit
3216 2652 3407 2709 iisdem
3439 2654 3619 2712 verbis
3642 2672 3799 2714 cam-

2204 2736 2327 2793 dem
2354 2752 2424 2794 ex
2447 2737 2657 2796 duobus
2677 2743 3006 2812 argumentis
3031 2742 3317 2801 deductam
3343 2746 3547 2804 inferre
3584 2751 3803 2807 concin-

2203 2830 2448 2889 siouem?
2505 2832 2868 2892 Tertullinnus
2912 2845 3091 2893 autem
3119 2840 3392 2896 concludit
3415 2828 3651 2914 gentiles
3679 2861 3795 2901 ma.

2206 2923 2369 2983 luisse
2392 2924 2729 2985 Christianos
2773 2927 3001 2998 indicari
3030 2946 3137 2986 non
3179 2932 3395 3002 quidem
3423 2937 3645 3002 erroris,
3690 2938 3791 2994 sed

2204 3018 2427 3075 immani
2446 3021 2659 3091 generis
2699 3020 2905 3089 hostes,
2948 3019 3073 3095 quia
3096 3041 3203 3081 non
3238 3027 3372 3083 satis
3399 3029 3799 3089 animadverte~

494 3136 646 3175 mano
675 3120 954 3174 vindicetur
979 3119 1151 3175 diuina
1186 3130 1343 3188 secta,
1391 3130 1479 3175 aut
1523 3120 1695 3176 doleat
1744 3122 1856 3192 pati
1896 3124 1964 3198 in
1994 3138 2095 3194 quo
2122 3130 2167 3195 ε
2202 3123 2324 3170 tam
2350 3114 2468 3170 illos
2519 3116 2691 3186 primo
2716 3116 2935 3189 quidem
2970 3118 3045 3175 ab
3083 3119 3162 3175 eis
3188 3121 3520 3190 secedendo;
3562 3125 3799 3182 secundo

492 3214 732 3286 probetur
771 3212 981 3288 (ibid).
1009 3214 1123 3271 sive
1155 3224 1213 3270 ut
1239 3218 1353 3286 ipse
1390 3216 1457 3272 ad
1481 3215 1765 3287 Scapulam
1788 3217 2096 3274 scribebat:

493 3307 638 3363 Absit
667 3316 721 3363 ut
761 3308 968 3381 indigne
992 3312 1217 3383 [eramus
1237 3325 1297 3364 ea
1324 3325 1417 3364 nos
1446 3311 1573 3385 pati,
1602 3325 1717 3383 qua:
1760 3320 2015 3385 optamus,
2046 3319 2102 3366 ut

493 3399 735 3455 ultionem
779 3416 811 3454 a
850 3401 995 3456 nobis
1046 3400 1273 3471 aliquant
1312 3401 1680 3470 machinemur,
1737 3408 1890 3469 quam
1929 3419 1962 3456 a
1989 3400 2102 3459 Deo

494 3503 842 3565 exspectamus
911 3493 1102 3567 (Idem,
1142 3494 1229 3549 lib.
1259 3494 1327 3549 ad
1357 3493 1574 3568 Scapnl.
1606 3511 1723 3565 cap.
1780 3495 1818 3549 Ξ
1846 3496 1887 3565 ).
1954 3495 2091 3552 Tres

493 3585 655 3658 igitur
738 3586 893 3644 ali'crt
971 3588 1249 3657 rationes,
1328 3598 1550 3660 propter
1616 3604 1749 3662 quas
1797 3587 2099 3646 Christiani

494 3679 726 3737 offensas
751 3696 895 3751 suas,
929 3682 1067 3749 sicut
1111 3693 1417 3755 promptum
1444 3683 1549 3740 illis
1573 3693 1712 3752 erat,
1749 3684 1888 3740 clam
1918 3683 2088 3739 vindi-

494 3786 617 3830 care
647 3774 931 3831 noluerint.
956 3776 1138 3832 Primo
1163 3777 1401 3848 quidem,
1429 3778 1553 3850 quia
1573 3778 1745 3833 divina
1769 3788 1854 3835 est
1878 3778 2095 3834 illorum

493 3877 651 3936 secta,
711 3868 866 3940 cujus
915 3868 1145 3941 legibus,
1196 3871 1457 3927 ultionem
1504 3870 1939 3941 prohibentibus,
1992 3885 2100 3926 non

494 3962 716 4020 obedire
772 3964 923 4020 nefas
974 3965 1252 4036 putabant.
1322 3965 1592 4035 Secundo,
1650 3967 1793 4023 illam
1838 3967 2101 4022 ultionem

494 4062 879 4145 exspectabant
927 4063 996 4119 ab
1038 4063 1412 4134 omnipotente
1440 4062 1577 4133 (Deo
1628 4077 1748 4137 suo,
1792 4062 2102 4134 aequissimo

496 4153 762 4209 scelerum
792 4154 1023 4223 vindice.
1086 4153 1297 4231 Tertio,
1325 4170 1515 4213 omnes
1560 4154 1854 4224 cruciatus,
1902 4153 2003 4210 sibi
2032 4155 2102 4212 ab

500 4246 729 4304 ethnicis
757 4247 1005 4317 inﬂictos,
1034 4248 1391 4305 libentissime
1420 4247 1759 4319 patiebantur
1777 4290 1793 4319 ,
1833 4248 1959 4320 quia
1988 4262 2102 4303 no—

496 4347 683 4395 verant
713 4338 777 4395 iis
798 4354 856 4396 se
874 4354 977 4401 non
1003 4339 1144 4408 hodi,
1165 4340 1258 4397 sed
1283 4340 1499 4417 probari
1526 4349 1707 4396 utrum
1733 4346 1932 4399 acterna
1952 4338 2102 4415 digni

495 4442 676 4491 essent
702 4434 972 4501 mercede.

2204 3215 2407 3273 autem,
2435 3208 2731 3277 daemones,
2786 3220 2843 3265 ut
2893 3226 3018 3267 mox
3069 3212 3300 3282 dicetur,
3347 3230 3459 3270 non
3510 3217 3798 3287 ejiciendo,

2206 3300 2388 3371 plures
2418 3301 2548 3372 ipsis
2579 3301 2759 3358 hostes
2788 3317 2953 3371 quam
2980 3303 3130 3365 cives
3157 3304 3380 3362 futuros.
3434 3306 3512 3362 De
3541 3308 3801 3367 industria

2203 3407 2334 3450 vero
2362 3393 2508 3449 cives
2532 3393 2695 3465 dixit,
2735 3395 2861 3466 quia
2884 3410 3226 3453 communem
3270 3413 3394 3455 cum
3426 3399 3557 3468 illis,
3582 3410 3643 3457 ut
3664 3401 3799 3460 vidio

2205 3500 2349 3551 mus,
2378 3486 2543 3543 vitam
2569 3486 2798 3558 agendo,
2828 3503 3014 3545 eorum
3050 3490 3195 3547 cives
3218 3501 3391 3549 eram.

2274 3576 2347 3636 At
2373 3576 2531 3637 nobis
2551 3579 2743 3649 aliquis
2768 3580 2992 3649 forsitan
3040 3582 3257 3654 objiciet
3305 3594 3473 3642 totam
3500 3587 3639 3645 hanc
3667 3588 3797 3648 Tes-

2204 3668 2418 3727 tulliani
2466 3673 2999 3743 argumentationem
3054 3676 3154 3733 niti
3194 3676 3518 3735 intolerabili
3565 3682 3800 3741 multum

2203 3762 2347 3820 diuis
2368 3763 2805 3823 Christianorum
2837 3770 3267 3839 esaggerationc.
3330 3772 3435 3829 Sed
3481 3775 3551 3832 ab
3576 3775 3684 3833 hoc
3708 3794 3799 3849 pos

2206 3856 2368 3915 limus
2393 3859 2525 3929 quid
2543 3858 2873 3921 Tertulliano
2904 3862 3165 3934 prodesse
3188 3874 3399 3936 poterat
3423 3868 3797 3942 intempestiva

2204 3948 2532 4021 hyperbole?
2590 3955 2851 4015 Etlmicos
2876 3956 3139 4027 siquidem
3163 3958 3235 4014 ibi
3275 3960 3585 4031 compellat,
3608 3964 3797 4034 quibus

2206 4045 2419 4117 ignotus
2456 4062 2569 4107 non
2602 4057 2722 4104 erat
2760 4064 3021 4108 numerus
3040 4050 3488 4122 Christianorum,
3521 4064 3577 4111 et
3607 4056 3699 4126 qui
3724 4057 3797 4118 illi

2204 4143 2315 4199 cito.
2336 4141 2499 4201 citius
2523 4141 2790 4201 mendacii
2832 4148 3086 4204 convicto
3128 4149 3287 4207 ﬁdem
3319 4151 3447 4208 aliis
3471 4149 3525 4207 in
3554 4153 3799 4217 omnibus

2203 4236 2575 4308 derogassent.
2686 4238 2888 4295 Deinde
2950 4255 3080 4297 vero
3144 4244 3393 4313 superius
3465 4246 3794 4309 ostendimus

2203 4330 2413 4405 (Supra,
2434 4348 2551 4406 cap.
2582 4332 2670 4403 13,
2697 4344 2798 4392 art.
2821 4337 2846 4392 1
2873 4335 2890 4408 )
2918 4352 3077 4408 quam
3100 4337 3219 4394 huic
3245 4353 3370 4395 vera
3399 4339 3528 4405 sint,
3560 4358 3679 4412 qua:
3709 4341 3793 4398 ille

2203 4427 2271 4484 de
2301 4429 2500 4500 ingenti
2519 4430 2945 4489 Christianorum
2973 4447 3199 4488 numero
3228 4442 3337 4489 tam
3383 4435 3588 4492 diserte
3618 4447 3674 4493 et
3724 4435 3791 4492 ibi

568 4527 709 4584 Solis
740 4527 921 4601 itaque
952 4528 1033 4585 his
1063 4526 1384 4603 rationibus,
1434 4543 1541 4584 non
1582 4536 1762 4589 autem
1809 4528 1914 4587 ulla
1942 4528 2099 4585 inﬁr-
2125 4530 2181 4591 Β
2206 4529 2260 4577 et
2287 4523 2413 4578 alibi
2444 4523 2682 4581 tradidit.

496 4621 680 4678 mitate
707 4622 788 4678 vel
818 4621 1149 4692 impotentia,
1173 4636 1204 4676 a
1225 4620 1485 4678 sumenda
1507 4621 1575 4693 de
1596 4622 1824 4679 ethnicis
1854 4622 2098 4679 hostibus

496 4719 609 4774 suis
635 4717 839 4773 ultione
864 4715 1228 4779 abstinebant.
1278 4716 1416 4775 Nihil
1445 4718 1589 4774 enim
1614 4717 1720 4772 illis
1745 4718 1912 4788 magis
1940 4716 2097 4772 facile

496 4809 911 4880 expeditumque
936 4818 1070 4865 erat.
1094 4808 1225 4864 Nam
1242 4808 1491 4878 superius
1513 4807 1845 4863 ostendimus
1872 4806 2086 4879 (Supr.,

498 4917 615 4973 cap.
645 4900 737 4971 22,
769 4911 869 4956 art.
905 4903 929 4957 l
965 4903 987 4973 )
1029 4903 1145 4958 illos
1200 4901 1378 4958 omnia
1425 4900 1587 4955 totius
1630 4908 1913 4976 terrarum
1945 4899 2091 4956 orbis

496 4992 634 5061 loca,
663 4993 901 5065 exceptis
929 4994 1059 5049 solis
1086 4992 1337 5048 falsorum
1364 4991 1591 5048 deorum
1622 4990 1852 5062 templis,
1899 4990 2090 5062 imple-

496 5085 659 5152 visse,
704 5100 767 5141 ac
813 5086 970 5159 longe
1019 5085 1277 5157 maiorem
1328 5083 1559 5151 illorum,
1606 5097 1767 5155 quam
1814 5082 2095 5156 gentilium

498 5179 663 5236 fuisse
692 5194 997 5235 numerum.
1047 5178 1185 5249 Quid
1226 5195 1353 5251 ergo
1400 5177 1685 5250 prohibere
1722 5190 1817 5232 eos
1864 5183 2089 5247 poterat,

499 5275 784 5346 quominus
814 5274 1016 5341 indicto
1033 5275 1197 5345 bello,
1224 5276 1470 5332 ethnicos
1494 5274 1793 5339 vincerent,
1823 5273 2097 5344 victosque

500 5368 709 5426 meritis
759 5367 1051 5429 adiicerent
1103 5368 1381 5442 suppliciis
1443 5367 1770 5444 (Tertullian.
1823 5366 2093 5437 Apologet.

499 5478 616 5533 cap.
651 5460 743 5529 57,
765 5477 887 5535 pag.
911 5461 1077 5533 462)?
1108 5462 1215 5518 Fac
1246 5472 1443 5530 tamen,
1486 5462 1529 5517 si
1559 5462 1710 5527 velis,
1759 5460 1881 5515 illos
1906 5469 1960 5515 et
1988 5474 2091 5514 nu-

497 5570 649 5613 mero
674 5564 727 5613 et
754 5555 923 5628 copiis
968 5555 1133 5613 fuisse
1162 5555 1268 5613 illis
1296 5556 1547 5627 impares,
1601 5552 1861 5626 numquid
1898 5551 2097 5608 idcirco

494 5648 563 5705 ad
611 5650 809 5713 bellum
860 5650 1177 5723 gerendum,
1234 5659 1294 5718 et,
1347 5649 1532 5706 hostes
1586 5649 1879 5706 vincendos
1918 5648 2099 5705 minus

492 5736 673 5799 idonei
697 5728 891 5800 erant?
934 5743 1122 5803 Nonne
1156 5741 1464 5802 fatebantur
1504 5740 1707 5801 ethnici
1752 5749 1982 5801 mortem
2026 5739 2094 5799 ab

2275 4615 2395 4673 Alia
2415 4615 2635 4675 domum
2659 4618 2875 4677 ratione
2897 4618 3233 4677 demonstrat
3258 4635 3421 4692 quam
3444 4620 3603 4683 facile
3614 4622 3788 4679 Chris-

2202 4707 2333 4763 tiani
2363 4709 2551 4777 ulcisci
2597 4726 2657 4767 se
2686 4720 2953 4782 poterant.
3003 4712 3181 4770 Penes
3222 4715 3389 4785 ipsos,
3434 4717 3626 4788 inquit,
3653 4718 3792 4773 solos

2200 4810 2315 4856 erat
2342 4812 2580 4872 potestas
2606 4803 2878 4861 dmmones
2905 4820 2972 4862 ex
3018 4807 3275 4877 obsessis,
3308 4810 3449 4865 sicut
3485 4820 3639 4866 antea
3665 4812 3791 4868 vidi-

2202 4908 2321 4949 mus
2362 4894 2575 4967 (δίψη,
2603 4912 2718 4967 σαρ.
2752 4897 2807 4965 8,
2836 4906 2937 4953 art.
2955 4897 3016 4967 6)
3040 4939 3057 4965 ,
3113 4900 3455 4957 ethnicorum
3484 4903 3797 4974 corporibus

2197 4987 2447 5057 ejiciendi
2506 4989 2859 5063 (Tcrtullian.,
2890 4992 3158 5065 Apologet.
3207 5010 3325 5065 cap.
3356 4996 3447 5065 57,
3494 5014 3615 5070 pag.
3641 4996 3790 5066 663).

2198 5082 2362 5154 Atqui
2392 5083 2437 5138 si
2469 5082 2588 5139 illos
2616 5098 2724 5140 non
2752 5085 3091 5157 exegissent:
3163 5085 3461 5155 Sit/fecisset
3486 5089 3581 5144 hoc
3609 5092 3782 5158 solum,

2200 5176 2431 5246 ipsamet
2453 5177 2571 5249 ejus
2612 5177 2773 5234 verba
2809 5188 2954 5247 sunt,
2995 5187 3184 5235 nostra:
3214 5181 3440 5246 ultioni;
3476 5182 3615 5251 quod
3640 5198 3795 5238 vacus

2200 5269 2384 5325 exinde
2396 5270 2646 5341 possessio
2668 5269 2944 5328 immundis
2957 5271 3217 5344 spiritibus
3228 5281 3421 5344 pateret
3445 5272 3788 5344 (Tertullian.,

2204 5363 2303 5419 loc.
2328 5362 2468 5435 cit.).
2532 5363 2609 5419 lbi
2642 5372 2822 5420 autem
2854 5363 3117 5438 Rigaltius
3152 5366 3303 5421 serio
3342 5381 3440 5423 nos
3464 5367 3797 5424 admouetse

2201 5458 2271 5515 ab
2315 5459 2435 5517 aliis
2482 5461 2757 5532 accepisse
2804 5464 2858 5519 in
2905 5462 3093 5520 codice
3124 5461 3399 5528 Fuldensi,
3446 5478 3547 5534 pro
3586 5472 3787 5535 pateret,

2201 5553 2460 5625 scriptum
2494 5555 2754 5625 putaretis.
2806 5554 3086 5613 Miraberis
3127 5557 3315 5628 procul
3339 5555 3504 5613 dubio
3532 5570 3795 5612 summam

2201 5643 2342 5700 illius
2369 5644 2718 5717 diligentiam,
2749 5649 2841 5721 qui
2884 5648 3023 5704 hanc
3060 5647 3329 5706 diversam
3379 5659 3486 5706 tam
3525 5649 3658 5706 levis
3685 5663 3795 5706 meo

2199 5735 2369 5793 menti
2409 5736 2694 5797 lectionem
2738 5739 2967 5799 aliorum
2998 5741 3309 5801 testimonio
3350 5749 3594 5812 annotat,
3625 5749 3681 5799 et
3707 5754 3788 5798 su-
