4076 6356
539 309 680 368 1055

1602 307 1670 362 ΙΝ
1707 303 2176 363 TERTULLIANI
2215 305 2750 366 APOLOGETICU-ll

3731 313 3836 368 1056

536 425 818 490 ebrietate,
851 421 1197 493 impudicitia,
1245 421 1486 488 lascivia,
1517 420 1736 477 libidine
1763 421 1989 493 aliisque
2032 421 2133 476 lla-
2163 421 2216 482 A
2243 440 2305 478 ne
2333 440 2482 479 nares
2509 425 2708 480 interim
2739 434 2949 491 cessent,
2983 425 3223 483 odoribus
3267 427 3438 482 variis
3469 427 3707 496 inﬁcitur
3735 428 3838 483 lixis

535 518 682 590 giliis
733 515 1269 572 contaminahantur?
1343 514 1448 570 Sed
1511 515 1816 584 ipsuminet,
1868 516 1912 569 si
1949 515 2113 585 lubet,

539 608 922 664 Tertullianum
950 608 1262 662 audiamus:
1319 605 1544 673 Grande,
1577 607 1764 678 inquit,
1795 607 2136 662 ethnicorum

540 701 628 757 illa
659 700 958 772 principum
989 699 1250 756 solemnia
1291 699 1586 771 agentium,
1635 700 1862 754 videlicet
1909 701 2130 769 oﬂiclunt

540 798 682 866 focos
721 803 766 848 et
807 803 942 848 toros
986 794 1038 846 in
1068 792 1326 864 publicum
1382 792 1594 846 educere
1639 791 1848 863 (lbid.).
1911 792 1966 846 In
1995 793 2135 846 anti-

537 886 818 956 quioribus
845 885 1171 942 editionibus
1199 885 1395 953 legitur
1421 885 1622 953 choros,
1652 886 1748 941 sed
1777 886 1966 940 melius
1996 885 2136 942 haud

539 979 700 1034 dubie
729 988 884 1034 toros.
927 978 1060 1034 Nam
1092 978 1162 1034 ibi
1200 980 1290 1034 ille
1335 978 1570 1050 loquitur
1611 979 1677 1035 de
1705 979 1932 1051 publicis
1959 980 2140 1034 convi-

540 1072 660 1136 viis,
701 1071 894 1143 quibus
917 1071 1116 1127 ethnici
1148 1071 1214 1126 ad
1242 1087 1478 1128 mensam
1503 1071 1910 1127 accumbebant.
1943 1072 2142 1140 Quam-

540 1164 725 1220 obrem
755 1165 914 1234 paulo
953 1175 1074 1234 post
1102 1164 1327 1234 adjecit:
1361 1164 1530 1230 Quam
1559 1165 1850 1220 cultissimis
1879 1175 1926 1219 et
1961 1183 2144 1236 super-

541 1257 930 1312 bissimistoris
985 1261 1154 1328 {orum
1204 1259 1299 1313 sibi
1357 1258 1649 1313 dividebant
1697 1258 1910 1327 (lbid.).
1972 1259 2141 1315 Tanta

541 1351 704 1423 igitur
734 1351 1125 1422 magniﬁcentia
1170 1360 1425 1423 tantoque
1459 1368 1682 1407 numero
1712 1354 1881 1407 lectos
1926 1363 2139 1408 sterne-

543 1444 673 1498 bant
700 1443 750 1498 in
783 1445 920 1508 l‘oro,
961 1452 1019 1498 ut
1049 1443 1174 1499 illud
1217 1443 1358 1499 inter
1382 1459 1441 1500 se
1466 1443 1712 1500 divisisse
1738 1454 1791 1499 et
1837 1444 2142 1514 implevisse

543 1537 872 1594 viderentur.
1188 1519 1195 1525 ’

616 1628 719 1683 Sed
759 1629 880 1699 quia
920 1629 1116 1695 lorum,
1166 1640 1366 1686 tantum
1398 1641 1655 1701 quantum
1701 1642 1864 1695 esset,
1895 1631 2143 1688 omnibus

545 1736 650 1776 non
681 1722 997 1790 sufﬁciebat,
1031 1725 1118 1779 alii
1151 1726 1353 1778 vicatim
1391 1725 1602 1797 (lbid.),
1654 1727 1754 1781 hoc
1791 1735 1891 1791 est,
1927 1727 1977 1780 in
2005 1725 2142 1782 civi-

2239 519 2366 589 ipse,
2397 519 2449 574 in
2479 537 2578 590 quo
2633 521 2850 575 luxuria:
2895 530 3195 589 parentatur
3234 521 3498 592 (Senem,
3533 520 3628 574 lib.
3661 521 3720 574 de
3764 519 3834 574 l'it.

2242 613 2353 667 beat
2383 655 2398 678 ,
2427 630 2544 684 cap.
2571 615 2659 678 ll,
2687 632 2803 684 pag.
2838 614 2988 682 6'24).
3019 614 3151 669 Nam
3182 614 3225 669 si
3265 614 3398 669 talia
3458 623 3627 669 erant
3671 614 3834 682 privati

2243 706 2459 761 illorum
2488 708 2754 773 convivia,
2779 716 2978 778 quanto
3023 707 3192 776 magis
3224 707 3451 778 publica
3503 705 3563 760 in
3617 704 3836 758 honorem

2244 799 2627 868 imperatorum
2660 807 2796 865 acta,
2830 799 3023 869 quibus
3051 800 3229 853 omnia
3261 799 3438 856 etiam
3473 797 3779 860 atrociora,
3804 804 3839 848 et

2243 890 2478 959 turpiora
2507 889 2607 945 sibi
2633 891 2773 945 licita
2805 906 2924 946 esse
2957 890 3268 946 credebant.

2313 981 2441 1036 Jure
2471 998 2598 1053 ergo
2624 985 2816 1037 merito
2839 982 3123 1038 Christiani
3156 981 3272 1038 lucc
3293 980 3565 1047 homine,
3597 980 3685 1036 cui
3714 979 3842 1050 pudo-

2243 1077 2317 1132 ris
2344 1091 2592 1148 vermque
2620 1077 2893 1147 religionis
2919 1076 3000 1130 vel
3035 1075 3161 1146 quid
3188 1075 3490 1130 minimum
3527 1074 3723 1144 reliqui
3752 1075 3840 1127 luc-

2243 1169 2332 1235 rit,
2365 1168 2575 1238 indigna
2629 1183 2852 1240 prorsus
2899 1167 3321 1223 detestabantur.
3352 1167 3521 1221 Casti
3584 1166 3779 1235 itaque,
3808 1175 3843 1218 et

2243 1260 2408 1316 sobrii
2437 1260 2600 1316 lestos
2634 1261 3014 1330 soletnnesque
3055 1261 3178 1313 illos
3223 1259 3519 1314 Cmsarum
3553 1257 3677 1312 dies
3707 1259 3838 1328 agita-

2244 1355 2391 1410 bant.
2425 1354 2615 1408 l‘rocul
2648 1353 2806 1423 igitur
2835 1369 2863 1405 a
2891 1354 3158 1422 corruptis
3182 1351 3476 1421 gentilium
3512 1349 3758 1405 moribus
3783 1366 3844 1402 rc-

2245 1445 2396 1508 moti,
2420 1461 2522 1498 non
2549 1445 2758 1509 laureis,
2797 1443 2965 1514 inquit
3007 1446 3208 1499 Auctor
3237 1451 3452 1508 noster,
3491 1453 3670 1515 postes
3697 1443 3842 1496 obuia.
3904 1443 3908 1504 ἓ

2245 1537 2466 1600 bramus,
2522 1553 2613 1591 nec
2666 1537 2882 1591 lucernis
2933 1537 3066 1590 diem
3115 1537 3458 1607 infringimus
3509 1534 3842 1607 (Tertullian,
3904 1535 3910 1607 ξ

2244 1630 2534 1702 Apologet.,
2567 1646 2684 1699 cap.
2708 1631 2798 1696 55,
2825 1647 2877 1700 p.
2905 1629 3056 1698 451).
3107 1628 3242 1683 Nam
3290 1627 3507 1683 occulti
3543 1627 3841 1699 perduelles,

2246 1732 2304 1777 ut
2330 1737 2486 1776 suum
2510 1721 2767 1779 adversus
2800 1723 3176 1790 imperatorem
3206 1720 3387 1775 odium
3419 1731 3483 1776 et
3521 1721 3830 1775 simultatem

545 1815 668 1870 tatis
709 1817 993 1885 cujuslibet
1044 1819 1194 1885 vicis,
1247 1819 1577 1890 publicisque
1624 1821 1744 1883 viis,
1797 1831 1850 1876 et
1894 1821 2142 1892 compitis
2171 1821 2219 1881 B
2247 1816 2486 1870 securius
2518 1824 2777 1885 tegerent,
2824 1823 2949 1868 tunc
2975 1814 3352 1877 recentissimis,
3401 1822 3457 1869 et
3505 1812 3838 1867 ramosissimis

543 1907 916 1978 epulabantur.
993 1909 1250 1980 Expende
1299 1913 1493 1982 itaque,
1548 1912 1793 1978 obsecro,
1842 1923 2020 1968 utrum
2074 1915 2140 1970 ad

546 2001 689 2057 hunc
706 2018 908 2058 morem
936 2005 1178 2060 nonnihil
1201 2005 1502 2060 conducant
1526 2007 1638 2062 lure
1658 2007 1934 2063 Ciceronis
1954 2009 2140 2076 verba,

545 2094 737 2164 quibus
767 2096 939 2164 palam
969 2098 1238 2152 remmtiat
1258 2100 1550 2167 Apronium
1577 2099 1851 2168 imperasse
1869 2111 1920 2154 ut
1940 2102 1992 2154 in
2023 2105 2138 2172 foro

543 2189 638 2243 sibi
691 2191 855 2244 medio
906 2190 1020 2244 lecti
1069 2201 1455 2246 sternerentur:
1514 2193 1740 2262 quotidie
1782 2194 1990 2248 solitum
2037 2211 2146 2250 esse

546 2296 646 2334 non
675 2282 825 2336 modo
851 2283 902 2336 in
931 2284 1156 2352 publica,
1192 2283 1279 2338 sed
1302 2284 1364 2336 de
1401 2284 1603 2354 publico
1639 2287 1914 2351 convivari,
1948 2303 2064 2340 cum
2090 2287 2144 2341 in

545 2376 616 2428 eis
644 2376 949 2446 symphonia
969 2387 1187 2456 caneret,
1221 2379 1550 2448 maximisque
1589 2380 1785 2448 poculis
1826 2383 2143 2436 ministrare-

547 2478 629 2522 tur
649 2467 835 2541 (Cicer.
870 2469 1065 2536 lib.lll,
1089 2471 1140 2524 in
1181 2469 1352 2537 Vcrr.,
1386 2488 1504 2542 pag.
1549 2471 1670 2537 156,
1718 2474 1812 2526 lin.
1842 2474 1973 2543 45).
2033 2473 2145 2528 Me-

549 2563 733 2618 moria:
768 2565 926 2618 etiam
968 2564 1253 2619 Cornelius
1284 2563 1498 2619 Tacitus
1541 2564 1732 2618 alicubi
1777 2564 2008 2635 prodidit
2040 2565 2146 2621 Ne-

549 2655 663 2708 roni
722 2655 1052 2724 imperatori,
1103 2655 1233 2708 nillil
1281 2672 1492 2725 usquam
1542 2657 1750 2723 perinde
1804 2659 1974 2710 lectum
2025 2659 2140 2726 sibi,

549 2744 765 2814 publicis
792 2747 914 2799 locis
952 2759 1146 2800 struere
1185 2748 1431 2814 convivia,
1459 2758 1658 2818 totaque
1685 2749 1803 2802 urbe
1827 2751 1971 2819 quasi
1997 2751 2148 2806 domo

550 2839 625 2888 uti
685 2835 895 2906 (Tacit.,
931 2839 1018 2892 lib.
1072 2838 1164 2893 XV
1217 2839 1404 2894 Annal.
1446 2851 1564 2895 ante
1622 2842 1779 2908 med,
1829 2860 1949 2914 pag.
1995 2844 2122 2914 127)

549 2928 748 2985 ethnici
777 2945 902 2984 vero
951 2929 1032 2984 his
1061 2930 1210 2986 festis
1238 2932 1534 3002 principum
1587 2933 1774 2988 diebus
1832 2936 2010 2990 omnia
2041 2937 2144 2993 sibi

551 3023 713 3078 licere
740 3024 1006 3090 arbitrati,
1041 3036 1148 3078 tum
1179 3026 1424 3080 solebant
1474 3042 1578 3080 non
1629 3027 1801 3080 solum
1849 3036 1955 3082 tota
2009 3031 2142 3085 urbe

551 3116 700 3186 quasi
727 3115 892 3170 domo
942 3117 1038 3182 Illi,
1081 3117 1175 3172 sed
1223 3119 1495 3179 civitatem,
1542 3119 1714 3189 inquit
1761 3119 2146 3190 Tertullianus,

551 3208 770 3263 taberna:
794 3208 969 3263 habitu
1009 3211 1321 3281 abolefacere
1351 3209 1989 3283 (Tertttllian.Apologet.,
2031 3232 2147 3286 cap.
2177 3216 2222 3279 C

553 3302 643 3368 ⁸55,
671 3319 792 3374 pag.
821 3301 973 3373 452);
1019 3303 1087 3357 ita
1115 3311 1171 3358 ut
1201 3313 1306 3358 tota
1337 3303 1522 3358 civitas
1548 3304 1780 3360 taberna:
1807 3321 1870 3362 ac
1893 3322 2150 3378 cauponae

551 3395 782 3463 speciem
813 3393 1055 3448 haberet.
1141 3394 1258 3449 Non
1307 3395 1503 3450 desunt
1546 3407 1747 3461 autem,
1797 3399 1884 3468 qui
1927 3399 1976 3454 in
2010 3400 2152 3457 hunc

553 3486 727 3542 locum
794 3488 1166 3558 explicationis
1222 3503 1350 3559 ergo
1420 3490 1518 3544 hos
1568 3489 1840 3546 adducunt
1894 3492 2152 3550 Martialis

553 3597 741 3638 γει-ευε
762 3600 776 3637 ε

679 3697 886 3766 Tonsor,
901 3711 1084 3766 _eaupo,
1110 3711 1313 3762 coquus,
1337 3699 1497 3750 lanius
1510 3713 1596 3751 sua
1616 3701 1780 3766 limina
1797 3709 2024 3766 servant;

737 3761 878 3812 Nunc
901 3761 1050 3812 Roma
1070 3769 1166 3823 est,
1186 3761 1342 3825 nuper
1365 3776 1541 3825 magna
1564 3765 1769 3814 taberna
1791 3766 1898 3816 fuit.

1142 3843 1384 3909 (Martial.
1404 3847 1489 3898 lib.
1511 3855 1599 3909 \‘tl,
1615 3847 1865 3917 'cpigrant.
1891 3851 1991 3914 60.)

554 3954 666 4010 Sed
693 3955 780 4010 alii
814 3964 1038 4011 censent
1071 3955 1308 4009 taberna:
1337 3969 1531 4011 nomen
1563 3956 1632 4010 ibi
1668 3971 1698 4010 a
1726 3956 1967 4011 Martiale
2006 3956 2150 4012 sumi

556 4059 661 4099 non
688 4045 902 4114 quidem
940 4062 1035 4115 pro
1065 4060 1325 4115 caupona,
1356 4046 1451 4102 sed
1475 4056 1733 4114 mercatu,
1763 4049 1851 4103 vel
1903 4049 2022 4102 loco
2053 4048 2144 4103 ubi

558 4152 763 4192 merces
784 4138 1096 4195 venumdari
1127 4139 1390 4194 solebant.
1434 4141 1742 4210 Atquoquo
1807 4141 1967 4194 modo
2011 4141 2155 4196 acci-

558 4227 758 4298 piatur,
789 4236 1003 4282 constat
1030 4237 1229 4282 tantam
1283 4229 1446 4284 l'uissc
1473 4230 1751 4300 gentilium
1780 4231 1831 4284 in
1863 4229 1946 4284 his
1978 4231 2155 4300 publi-

566 4320 645 4376 cis
675 4317 935 4373 conviviis
968 4319 1455 4389 intemperantiam,
1490 4321 1875 4392 impudentiam
1906 4333 1960 4378 et
2000 4322 2159 4378 lasci-

565 4411 726 4477 viam,
778 4421 833 4465 ut
885 4411 1021 4466 cibis
1055 4427 1176 4468 sese
1225 4429 1332 4468 non
1379 4415 1552 4468 solum
1606 4414 2017 4486 ingurgitarent,
2062 4413 2158 4470 sed

561 4507 697 4571 vino,
729 4516 786 4560 ut
815 4508 888 4561 ait
921 4507 1121 4562 Auctor
1168 4519 1375 4574 noster,
1411 4525 1505 4579 per
1535 4509 1739 4564 medias
1785 4510 2018 4565 civitatis
2041 4509 2157 4564 vias

563 4601 753 4668 cll‘uso,
789 4610 1050 4670 terraeque
1077 4600 1312 4654 intmisto
1342 4601 1502 4654 lutum
1533 4612 1768 4674 cogerent
1795 4600 2151 4672 (Tertullimu,
2192 4618 2245 4677 D

562 4696 849 4766 Apologet.,
879 4713 994 4765 cap.
1027 4695 1116 4761 55,
1164 4713 1214 4765 p.
1251 4695 1356 4752 4'52
1380 4697 1419 4766 ).
1451 4695 1588 4751 Tum
1616 4706 1790 4751 autem
1817 4696 2002 4752 videre
2045 4705 2162 4752 erat

567 4789 888 4844 temulentos
933 4789 1218 4858 ebriosquc
1267 4789 1532 4862 homines,
1577 4789 1868 4859 catervatim
1921 4789 2166 4843 cursitare

565 4883 631 4937 ad
685 4883 920 4953 injurias,
967 4883 1036 4937 ad
1085 4884 1445 4955 impudentias,
1498 4883 1567 4936 ad
1620 4883 1844 4937 libidinis
1897 4883 2161 4938 illecebras

567 4975 648 5029 vel
679 4975 817 5030 sicut
843 4985 1024 5045 postea
1055 4977 1288 5046 loquitur
1342 4975 1526 5046 (lbid.,
1588 4992 1704 5044 cap.
1731 4973 1819 5040 59,
1845 4991 1898 5042 p.
1924 4973 2076 5046 477),
2110 4975 2165 5028 in

566 5077 792 5122 catervas
815 5069 1107 5132 ca'sionum,
1137 5070 1224 5138 qui
1251 5069 1384 5125 alios
1414 5067 1726 5124 verberibus
1751 5075 1804 5122 ct
1833 5067 2011 5138 ﬂagris
2052 5083 2161 5122 caa-

566 5159 784 5224 debant,
812 5159 864 5214 in
888 5161 1074 5216 classes
1120 5161 1569 5225 discursationum,
1605 5163 1723 5215 sive
1752 5161 2048 5226 hominum,
2075 5160 2166 5231 qui

569 5253 939 5308 bacchantium
973 5269 1122 5308 more
1175 5269 1270 5321 per
1312 5261 1475 5308 totam
1523 5252 1896 5308 discurrebant
1948 5251 2154 5306 urbem.

560 5349 779 5414 Quanta
811 5357 964 5417 porto
997 5346 1050 5400 in
1074 5345 1221 5401 hisce
1244 5345 1471 5416 publicis
1491 5345 1752 5402 conviviis
1783 5345 1937 5399 fuerit
1966 5344 2162 5399 intem-

571 5442 834 5512 perantia,
863 5457 929 5496 ex
963 5440 1045 5496 his
1074 5440 1304 5509 conjice,
1336 5456 1456 5511 qua:
1482 5440 1548 5497 de
1571 5440 1790 5512 privatis
1819 5438 2033 5509 scripsit
2069 5437 2169 5494 Se-

573 5550 705 5590 neca
740 5552 753 5590 :
795 5532 962 5597 Vides,
999 5533 1194 5604 iuqttit,
1222 5534 1314 5588 Itos
1353 5534 1553 5588 eosdem
1584 5551 1611 5588 e
1638 5533 1776 5588 lectis
1803 5533 1906 5587 suis
1936 5541 2171 5603 spectan-

571 5637 647 5680 tes
703 5627 944 5696 popinam
996 5644 1139 5680 suam
1167 5666 1182 5692 ,
1239 5643 1388 5680 aures
1433 5643 1610 5680 vocum
1656 5643 1814 5691 sono,
1872 5624 2173 5696 spectaculis

574 5723 772 5787 oculos,
801 5723 1084 5796 saporibus,
1118 5725 1345 5794 palatum
1373 5739 1522 5777 suum
1561 5724 1885 5780 delectantes.
1934 5723 2175 5779 Mollibus

572 5815 860 5886 lenibusque
886 5820 1122 5888 [aniculis
1152 5826 1315 5874 totum
1360 5816 1626 5872 lacessitur
1654 5834 1830 5874 eorum
1858 5834 2082 5891 corpus;
2126 5825 2174 5874 et

2248 1908 2434 1963 laureis
2477 1918 2642 1978 postes
2692 1905 3076 1974 praestruebant,
3129 1906 3420 1960 elatissimis
3476 1915 3529 1961 et
3571 1903 3838 1958 clarissimis

2247 2003 2465 2056 lucernis
2503 1999 2744 2054 vestibula
2790 1998 3089 2054 nebulabant
3132 1997 3345 2066 (lbid.).
3377 1999 3507 2066 Cur
3549 2007 3728 2052 autem
3762 1995 3837 2048 hoc

2247 2093 2436 2148 ultimo
2480 2093 2642 2147 verbo
2689 2099 2888 2158 utatur,
2935 2089 3160 2158 intelligi
3213 2100 3392 2160 potest
3447 2089 3544 2146 bis
3583 2086 3748 2145 Persii
3788 2085 3839 2140 de

2249 2184 2463 2241 llerode
2487 2183 2730 2238 versibus
2760 2199 2773 2236 :

2373 2297 2587 2348 Herodis
2604 2310 2791 2347 venere
2815 2297 2923 2346 dies
2941 2304 3220 2360 cunctaque
3246 2294 3491 2360 fenestra,

2373 2361 2633 2424 DiSpositm
2656 2361 2892 2423 pinguem
2918 2359 3148 2409 nebulam
3174 2372 3409 2408 vomuere
3435 2359 3687 2410 lucernae.

3049 2448 3213 2507 (Pars.
3243 2443 3385 2498 satir.
3410 2445 3576 2508 5,sub
3600 2443 3712 2508 ﬁn.)

2252 2561 2327 2615 De
2356 2558 2543 2615 iisdem
2575 2567 2750 2613 autem
2779 2557 3011 2612 lucernis
3039 2565 3094 2612 et
3140 2557 3314 2621 lauro,
3341 2558 3547 2627 quibus
3574 2555 3825 2611 domorum

2251 2661 2430 2726 postes
2453 2654 2797 2717 ornabantur,
2828 2651 2943 2706 haec
2963 2661 3082 2706 sunt
3116 2650 3391 2719 iuvenalis
3427 2651 3714 2707 carmina:

2375 2764 2557 2816 Cuncta
2582 2765 2759 2820 nitent.
2779 2764 2951 2824 longos
2975 2764 3300 2824 erexitjanna
3324 2763 3513 2825 lauros,

2377 2827 2440 2878 Et
2463 2829 2715 2878 matutinis
2737 2837 2972 2890 Operatur
2993 2826 3116 2876 festa
3144 2827 3376 2876 lucernis.

2780 2885 3026 2953 (Juvenal.
3053 2890 3191 2939 satir.
3227 2890 3298 2950 l2,
3324 2902 3367 2938 υ.
3393 2888 3524 2940 96et
3541 2885 3698 2954 seqq.)

2252 2996 2362 3052 Cur
2385 3011 2514 3067 ergo
2538 2994 2829 3051 Christiani
2856 2995 2949 3051 has
2977 2995 3388 3066 superstitiones
3415 2997 3638 3067 penitus
3669 3007 3826 3062 repro-

2255 3089 2463 3153 barent,
2495 3088 2632 3142 banc
2663 3088 3027 3144 Tertullianus
3077 3089 3250 3143 reddit
3284 3091 3554 3144 rationem
3607 3106 3620 3141 :
3668 3088 3830 3140 Accen-

2254 3185 2379 3237 dnnt
2405 3184 2628 3253 quotidie
2653 3183 2909 3247 lucernas,
2952 3181 3131 3251 quibus
3165 3183 3257 3236 lux
3285 3182 3430 3236 nulla
3478 3191 3572 3247 est,
3609 3180 3825 3234 nimirum

2255 3291 2399 3332 verae
2443 3275 2754 3345 religionis:
2785 3275 2996 3346 aﬁigunt
3045 3275 3271 3345 postibus
3320 3275 3498 3330 lauros
3541 3271 3830 3345 postmodum

2255 3385 2484 3436 arsuras,
2525 3367 2702 3438 quibus
2732 3369 2872 3438 ignes
2897 3367 3155 3420 imminent
3186 3383 3204 3420 :
3226 3365 3330 3420 illis
3373 3374 3668 3437 competunt
3695 3372 3736 3418 et
3753 3373 3828 3414 tes-

2257 3464 2465 3518 tintonia
2494 3462 2808 3516 tenebrarum
2847 3469 2891 3513 et
2921 3459 3154 3528 auspicia
3185 3475 3450 3530 pennarum
3503 3456 3828 3532 (Tertullian.,

2258 3557 2346 3611 lib.
2407 3557 2469 3610 de
2516 3553 2789 3618 Idololat.,
2842 3539 2958 3623 cap.
3012 3552 3126 3623 15),
3175 3553 3311 3622 ignis
3356 3551 3606 3608 videlicet
3649 3546 3826 3608 aeterni.

2257 3665 2365 3720 quo
2443 3648 2586 3718 impii
2660 3647 2903 3702 homines
2975 3655 3092 3715 post
3163 3645 3299 3700 hanc
3363 3645 3528 3700 vitam
3603 3637 3830 3714 puniendi

2259 3751 2403 3797 sunt.
2458 3741 2592 3796 Tum
2630 3740 2824 3796 deinde
2880 3739 3238 3794 Christianum
3290 3740 3368 3794 sic
3405 3741 3730 3812 alloquitur:—
3766 3733 3814 3788 Si

2262 3835 2460 3904 templis
2502 3833 2817 3896 renuntiasti,
2852 3849 2915 3887 ne
2959 3833 3136 3904 feceris
3167 3833 3430 3902 templum,
3479 3833 3597 3888 falsi
3633 3827 3813 3885 scilicet

2261 3927 2343 3983 dei
2371 3927 2617 3996 alicujus,
2633 3928 2852 3996 januain
2884 3937 3021 3980 tuam
3049 3923 3208 3995 (Ibid.
3215 3926 3260 3995 ).
3296 3926 3370 3980 De
3406 3925 3562 3981 lovis
3582 3918 3818 3995 siquidem

2265 4019 2462 4088 templo
2485 4018 2682 4073 cecinit
2702 4017 2920 4072 Ovidius
2953 4035 2966 4072 :

2358 4130 2454 4194 Cur
2477 4135 2641 4194 tamen
2665 4131 2879 4192 apposita
2906 4130 3094 4194 velatur
3113 4130 3259 4194 janua
3282 4131 3437 4188 lauro,

2421 4193 2585 4252 Cingit
2611 4200 2662 4240 et
2684 4199 2919 4252 augustas
2943 4193 3087 4242 arbor
3108 4193 3258 4255 Opaca
3289 4194 3490 4244 deuios?

2357 4255 2433 4302 An
2456 4257 2569 4316 quia
2588 4263 2851 4320 perpetuos
2869 4257 3053 4320 int-ruit
3074 4257 3244 4305 domus
3266 4258 3352 4306 ista
3377 4255 3678 4320 triumphos?

2420 4319 2519 4365 Aut
2539 4316 2653 4378 quia
2678 4316 2933 4380 Leucadio
2954 4330 3152 4380 semper
3175 4325 3333 4367 amata
3357 4319 3488 4369 deo?

2361 4378 2538 4442 Ipsane
2559 4376 2702 4442 quod
2715 4379 2838 4428 festa
2867 4379 2982 4427 est?
3008 4376 3077 4428 an
3089 4380 3218 4442 quod
3243 4382 3353 4429 facit
3369 4382 3526 4430 omnia
3544 4376 3708 4430 festa?

2453 4441 2608 4500 Quam
2633 4441 2801 4490 tribuit
2825 4443 2976 4490 terris
2996 4441 3128 4505 pacis
3151 4456 3214 4492 an
3238 4445 3328 4492 ista
3354 4451 3468 4494 nota
3492 4444 3603 4494 est?

2542 4522 2707 4588 (Ovid.
2733 4525 2818 4575 lib.
2840 4533 2890 4574 Ill
2921 4523 3088 4586 Trist.,
3116 4523 3236 4594 eleg.
3267 4529 3311 4585 1,
3336 4541 3382 4578 υ.
3417 4527 3475 4578 41
3515 4533 3561 4577 et
3583 4524 3728 4590 seqq.)

2273 4656 2354 4711 Ad
2390 4655 2736 4728 rejiciendum
2796 4656 2975 4727 itaque
3025 4655 3305 4727 profanum
3349 4654 3490 4712 hunc
3539 4655 3698 4710 ritum
3742 4645 3834 4704 Sola

2270 4750 2384 4806 lucc
2406 4751 2540 4805 ratio
2575 4749 2900 4804 Christianis
2949 4749 3266 4806 sufﬁciebat.
3323 4750 3430 4806 Sed
3481 4750 3639 4805 aliain
3690 4743 3836 4801 adhuc

2274 4843 2631 4900 Tertullianus
2661 4843 2936 4914 suggerit:
2969 4842 3030 4896 Si
3082 4843 3416 4913 lupanaribus
3448 4838 3758 4901 renuntiasti,
3782 4846 3836 4885 ηε

2273 4935 2500 4988 indueris
2527 4934 2703 4988 domui
2735 4945 2833 4989 tua:
2863 4935 3045 5006 faciem
3080 4935 3191 4988 novi
3219 4935 3482 5005 lupanaris
3511 4931 3836 5008 (Tertullian.,

2269 5027 2358 5081 lib.
2393 5027 2456 5080 de
2482 5024 2752 5092 Idololat.,
2786 5025 2883 5080 loc.
2907 5027 3050 5095 cit.).
3077 5026 3208 5080 Nam
3241 5026 3455 5082 infamis
3493 5027 3648 5096 hujus
3668 5025 3833 5079 domus

2265 5119 2442 5188 januis
2471 5117 2716 5172 solebant
2761 5134 2865 5172 non
2897 5117 3069 5172 solum
3095 5118 3250 5184 lauri,
3283 5118 3379 5174 sed
3427 5120 3661 5174 lucerna:
3697 5113 3834 5170 etiam

2271 5213 2520 5283 appendi.
2553 5211 2706 5269 Unde
2754 5212 2865 5267 haec
2913 5211 3052 5281 apud
3096 5213 3428 5284 l’ropertium
3470 5215 3648 5286 janute
3675 5202 3828 5280 queri-

2274 5321 2448 5360 lllOllla
2485 5323 2498 5358 Ξ

2398 5418 2506 5467 Non
2529 5431 2624 5480 ego
2651 5417 2900 5466 nocturnis
2922 5422 3146 5480 potorum
3172 5421 3330 5469 saucia
3357 5420 3494 5477 rixis,

2463 5479 2658 5529 l’ulSata
2683 5480 2892 5541 indignis
2915 5479 3048 5542 Stcpe
3069 5495 3252 5542 queror
3278 5483 3500 5531 manibus
3527 5497 3538 5529 :

2399 5541 2601 5614 Etﬂmihi
2626 5542 2923 5614 non_tlesu_nt
2943 5541 3118 5614 turpes
3143 5543 3599 5614 pendereneorollaa,

2461 5605 2669 5667 Semper
2693 5611 2744 5653 et
2768 5605 2983 5655 exclusis
3003 5604 3151 5666 signa
3165 5608 3334 5668 jacere
3360 5604 3535 5667 faces,

2985 5689 3227 5752 (Pi-apert.
3254 5686 3336 5740 lib.
3358 5696 3389 5754 l,
3416 5687 3540 5755 eleg.
3565 5689 3658 5754 16.)

2277 5817 2443 5878 Suam
2505 5818 2682 5890 itaque
2739 5835 2962 5882 uxorem
3015 5818 3378 5879 Tertullianus
3425 5821 3568 5886 serio
3615 5811 3836 5876 admonet
