4076 6356
295 340 440 398 1057

1439 333 1891 395 DISSERTATIO
1929 332 1996 391 D.
2037 331 2126 392 LE
2162 331 2468 393 NOURRY.

3442 334 3592 395 1058

294 454 376 510 fas
412 468 513 533 nec
538 452 612 510 illi
639 464 739 510 nec
764 451 854 509 ulli
884 450 1195 508 christiana:
1211 461 1353 518 esse,
1379 451 1683 507 utomnibus
1711 452 1895 507 solem-
1924 451 1977 512 A
2002 450 2165 521 gentis
2194 448 2571 503 irreverentiam
2615 461 2998 519 recognoscam,
3029 452 3078 501 el
3125 446 3330 518 festivos
3377 447 3594 516 libellos,

296 548 445 603 nibus
471 564 647 620 regunt
674 546 915 618 procedat
940 547 1005 600 de
1022 545 1192 616 janua
1212 544 1440 599 laureata
1460 552 1508 597 et
1530 544 1810 607 lucernula,
1835 553 1892 598 ut

298 639 511 694 denovo
539 640 840 694 consistorio
890 637 1160 693 libidinum
1230 635 1552 707 publicarum
1598 633 1888 707 (Tertull.,

297 733 395 789 lib.
427 734 444 789 Ι
474 735 541 787 ad
569 732 756 796 Πάδον..
787 750 904 803 cap.
949 731 1028 804 6).
1079 731 1438 800 Quamobrem
1477 729 1531 784 in
1561 744 1659 785 suo
1733 730 1897 800 Apo—

299 824 529 897 logetieo
558 834 706 881 recte
731 823 1004 880 concludit
1044 837 1218 894 neque
1263 822 1546 877 honestum
1575 836 1697 878 esse
1725 835 1898 893 neque

298 917 503 974 licitttm
539 917 911 974 :Solemnitute
947 917 1151 987 publica
1186 918 1435 989 exigente,
1476 916 1688 975 induere
1721 913 1898 969 domui

299 1018 402 1065 tua:
439 1010 667 1064 habitum
690 1009 911 1081 alicujus
951 1010 1067 1065 novi
1118 1010 1381 1081 lupanaris
1421 1006 1613 1080 (Idem,
1649 1006 1895 1079 Apolog.,

284 1119 417 1177 cap.
445 1104 535 1168 55,
568 1120 689 1181 pag.
716 1102 867 1175 451).

369 1195 650 1253 Neminem
674 1211 837 1266 porro
869 1211 1014 1252 sana:
1043 1195 1240 1252 mentis
1267 1193 1539 1251 hominem
1578 1209 1701 1251 esse
1742 1202 1899 1267 puta-

299 1301 443 1354 mus,
472 1286 653 1359 quies
682 1286 939 1344 hactenus
980 1287 1139 1344 dictis
1184 1301 1292 1343 non
1346 1286 1607 1358 intelligat
1634 1285 1897 1358 quosdam

301 1380 670 1437 heterodoxos
697 1379 942 1436 homines
969 1379 1071 1435 hoc
1100 1378 1352 1438 Auctoris
1398 1377 1709 1434 testimonio
1741 1377 1900 1448 plane

299 1475 624 1549 penitusque
651 1472 820 1541 abuti,
854 1472 943 1544 qui
965 1471 1091 1527 inde
1117 1471 1356 1526 inierunt
1400 1470 1628 1525 vetitum
1660 1484 1781 1525 esse
1807 1469 1902 1524 iis-

304 1567 429 1625 dem
454 1566 775 1623 Christianis
811 1566 863 1620 in
906 1566 1019 1620 suis
1071 1563 1317 1620 ecclesiis
1346 1577 1503 1618 usum
1529 1576 1808 1617 cereorum
1849 1570 1903 1617 et

302 1661 584 1718 luminum.
628 1660 745 1715 Non
787 1658 854 1715 de
898 1658 982 1715 his
1010 1659 1310 1725 enimvero,
1357 1655 1425 1712 de
1462 1656 1655 1727 quibus
1684 1671 1785 1712 nos
1812 1671 1904 1711 su-

303 1767 402 1825 pra
436 1754 582 1824 (cap.
625 1754 714 1820 15,
769 1762 869 1807 art.
897 1752 953 1819 4,
1004 1760 1050 1806 et
1096 1749 1311 1808 Dissert.
1354 1753 1408 1807 in
1467 1752 1729 1818 Lactant.,
1783 1766 1900 1821 cap.

1996 558 2123 612 quos
2145 550 2330 596 statua:
2357 542 2546 605 sciunt,
2577 550 2625 594 et
2665 538 2758 593 illa
2803 538 3005 607 obliqua
3049 532 3413 611 nonnunquam
3459 543 3595 597 dicta

1997 651 2030 689 α
2052 635 2290 703 concilio,
2360 643 2510 705 atque
2552 632 2822 688 maledicta
2863 648 2979 702 qua:
3001 632 3124 687 circi
3151 641 3334 688 sonant
3361 649 3382 689 :
3417 634 3463 689 si
3494 649 3597 689 non

1998 727 2176 793 armis,
2208 726 2386 798 lingua
2425 741 2623 796 semper
2678 724 2888 780 rebelles
2951 725 3070 780 estis
3119 723 3312 798 (Idem,
3340 726 3428 783 lib.
3474 724 3496 780 Ι
3529 726 3598 781 ad

2010 819 2187 888 Nati.,
2216 837 2332 892 cap.
2364 820 2454 887 l7,
2510 837 2563 890 p.
2597 818 2747 889 585).
2777 817 2969 874 Nonne
3001 818 3145 873 enim
3176 818 3248 873 ibi
3277 818 3394 874 aliis
3417 819 3597 876 verbis

2005 914 2097 971 illa
2127 913 2234 970 duo
2268 912 2485 979 iudicat,
2516 928 2639 984 qua:
2663 911 2732 968 ab
2759 927 2825 967 eo
2841 910 3036 967 Tiberis
3055 920 3102 966 et
3130 911 3304 966 schola
3330 911 3601 967 bestiarum

2003 1004 2060 1062 in
2116 1005 2471 1078 Apologetico
2523 1004 2818 1061 vocantur?
2846 1003 3048 1061 Festivi
3093 1005 3291 1075 quippe
3316 1004 3495 1073 libelli
3542 1005 3598 1060 in

2003 1095 2349 1168 imperatoris
2368 1096 2753 1153 contumeliam
2773 1093 3218 1166 appendebantur
3243 1095 3456 1163 statuis,
3480 1110 3601 1166 qua:

2003 1189 2059 1246 in
2107 1189 2333 1261 publicis
2372 1190 2529 1257 locis,
2559 1189 2738 1245 Tiberi
2768 1188 2955 1260 procul
2979 1187 3146 1245 dubio
3173 1188 3383 1257 vicinis,
3429 1189 3602 1245 collo-

2004 1292 2142 1340 catae
2190 1282 2422 1339 fuerant.
2460 1283 2641 1353 Atque
2682 1281 2807 1336 hinc
2852 1279 3062 1337 Tiberis
3103 1280 3295 1336 horum
3324 1280 3513 1338 festive
3549 1289 3605 1338 et

2004 1375 2396 1432 contumeliose
2423 1374 2687 1430 dictorum
2721 1375 2873 1428 testis
2901 1372 3006 1428 diei
3036 1375 3228 1444 potuit.

2088 1470 2171 1526 Ad
2200 1469 2494 1527 bestiarum
2524 1477 2701 1525 autem
2736 1466 2977 1524 scholam
3024 1466 3166 1539 quod
3220 1474 3448 1537 spectat,
3493 1481 3604 1522 non

2006 1561 2238 1619 deerunt
2271 1561 2524 1628 fortasse,
2551 1560 2644 1633 qui
2684 1568 2874 1631 putent
2899 1574 2965 1615 eo
2999 1558 3217 1614 nomine
3240 1556 3511 1629 designari
3542 1559 3606 1614 il-

2006 1652 2181 1709 larum
2210 1668 2452 1721 caveam,
2488 1653 2541 1708 iu
2568 1653 2723 1723 cujus
2766 1651 2929 1722 janua
2958 1650 3385 1706 inscribebantur
3412 1649 3500 1705 illa
3527 1648 3608 1705 la-

2006 1753 2131 1801 cete
2151 1755 2208 1801 et
2260 1754 2415 1800 acute
2445 1744 2608 1810 dicta,
2663 1743 2859 1815 quibus
2895 1743 3247 1812 imperatores
3277 1742 3602 1814 pungebant.

303 1843 400 1913 25,
449 1854 553 1900 art.
583 1844 665 1918 2),
724 1844 818 1901 sed
866 1845 934 1902 de
976 1845 1093 1899 aliis
1122 1845 1295 1900 cereis
1330 1853 1387 1901 et
1434 1846 1725 1902 luminibus
1779 1858 1907 1914 pro-
1936 1848 1984 1908 Β
2011 1836 2152 1907 Quid
2174 1846 2374 1905 tamen,
2407 1837 2450 1893 si
2474 1836 2658 1894 schola
2688 1836 3004 1900 bestiarum,
3033 1850 3133 1891 seu
3149 1834 3290 1891 forte
3325 1833 3610 1891 bestiario-

304 1935 437 1995 l'ano
458 1937 754 2010 gentilique
807 1938 913 1992 ritu
954 1936 1195 1993 adhiberi
1224 1938 1394 1994 solitis
1444 1937 1516 1993 ibi
1546 1937 1802 2018 disputat.
1835 1937 1908 1993 At
2010 1944 2129 1985 rum
2161 1940 2408 1986 sumatur
2434 1945 2533 2002 pro
2572 1938 2685 1984 toto
2713 1927 2880 1997 circo,
2927 1927 2997 1983 de
3029 1942 3137 1999 quo
3176 1942 3302 1984 mox
3327 1942 3356 1981 a
3395 1925 3609 1983 Tertul-

305 2047 438 2089 saue
481 2032 603 2087 inde
654 2030 1091 2089 manifestissime
1137 2031 1405 2102 colligitur
1443 2016 1779 2086 Christianos
1806 2044 1907 2086 nec
2007 2021 2152 2077 Ῑίίιηο
2172 2021 2373 2078 dictum
2400 2021 2704 2077 audivimus
2734 2038 2747 2074 ε
2774 2019 3054 2076 Maledicta
3098 2019 3221 2073 είνεὶ
3261 2018 3485 2074 ωηαηεῗ
3511 2016 3607 2073 Vix

306 2124 634 2196 reipublicae,
685 2139 786 2180 nee
837 2125 1218 2196 imperaturum
1265 2122 1449 2179 hostes
1479 2137 1599 2179 esse
1641 2122 1903 2194 publicos,

256 2206 265 2215 ⁸
304 2226 588 2291 propterea
618 2215 773 2288 quod
813 2216 1004 2273 horum
1051 2215 1310 2271 solemnia
1344 2216 1459 2286 pio’
1485 2229 1606 2282 suo,
1658 2214 1756 2271 sed
1798 2231 1905 2274 non

308 2310 401 2367 illo
425 2309 703 2382 gentiliqu
735 2322 954 2381 prorsus
982 2307 1287 2364 damnando
1310 2322 1375 2364 ac
1412 2307 1720 2365 detestabili
1753 2323 1907 2365 more

309 2403 673 2462 celebrabant.

827 2532 835 2541 ⁸
909 2533 1200 2575 Αιιτιουιυε
1238 2533 1314 2574 Ill.

315 2631 610 2689 Ostenditur
630 2630 853 2687 etlmicos
881 2633 1036 2703 fuisse
1074 2648 1245 2689 revera
1271 2632 1500 2705 publicos
1545 2633 1712 2689 hostes
1736 2633 1904 2704 impe-

383 2726 588 2793 ratoris,
615 2742 762 2797 quem
811 2726 981 2797 palam
1012 2727 1259 2782 vexabant
1283 2728 1524 2796 dicteriis,
1557 2745 1618 2782 ac
1645 2728 1903 2795 conviciis,

382 2836 596 2893 quorum
618 2820 884 2877 testis-erat
914 2819 1127 2890 Tiberis,
1162 2832 1209 2877 et
1237 2822 1411 2877 schola
1436 2822 1795 2889 bestiarunget
1821 2823 1911 2895 qui

390 2913 508 2969 novi
547 2929 606 2967 ac
656 2913 772 2968 novi
806 2913 1024 2970 thsaris
1075 2933 1275 2972 scenam
1317 2933 1513 2988 semper
1529 2918 1804 2988 aptabant,
1846 2934 1911 2972 ac

394 3012 502 3059 tum
526 3006 677 3060 etiam
708 3022 822 3061 cum
863 3007 910 3062 ei
953 3007 1297 3066 acclamarent
1329 3010 1447 3066 :De
1497 3010 1701 3066 nostris
1752 3010 1911 3066 annis

390 3109 581 3170 augeat
609 3099 700 3159 tibi
755 3098 963 3171 Jupiter
1008 3115 1197 3158 annos.

2008 2113 2151 2168 enim
2180 2112 2307 2167 alibi
2336 2112 2565 2184 gentiles
2590 2110 2793 2182 majore
2821 2111 3056 2176 licentia,
3093 2110 3451 2165 amarioribus
3490 2108 3605 2164 dic-

2009 2204 2185 2271 teriis,
2217 2219 2279 2260 ac
2306 2205 2477 2275 magis
2508 2202 2717 2259 scurrili
2756 2202 3037 2259 dicacitate
3088 2202 3441 2273 imperatores
3483 2215 3610 2257 suos

2014 2294 2212 2351 ltedere
2243 2300 2653 2352 consueverant.
2685 2293 2855 2351 Visne
2885 2295 2956 2362 id,
2984 2295 3127 2365 quod
3153 2295 3281 2349 satis
3307 2304 3484 2353 tamen
3510 2308 3610 2349 no-

2016 2396 2130 2443 tum
2157 2398 2261 2450 est,
2284 2387 2553 2456 aliquibus
2581 2386 2843 2456 exemplis
2871 2386 3083 2456 probari
3103 2384 3125 2439 ’ἲ
3169 2385 3303 2440 Audi
3335 2384 3451 2440 hinc
3476 2384 3612 2440 Sue-

2014 2481 2148 2536 tonii
2184 2480 2253 2538 de
2270 2484 2509 2553 Augusto
2530 2481 2762 2548 Caesare,
2792 2480 2892 2536 etsi
2911 2480 3116 2550 optimo
3134 2480 3394 2550 principe,
3415 2480 3609 2534 verba:

2018 2573 2253 2646 Populus
2271 2574 2530 2643 quondam
2556 2574 2816 2629 universus
2843 2572 3082 2628 ludorum
3118 2572 3219 2637 die,
3253 2581 3298 2627 et
3326 2574 3520 2642 accepit
3558 2572 3612 2627 in

2019 2668 2375 2722 contumeliam
2405 2667 2537 2738 ejus,
2569 2675 2616 2721 et
2633 2680 2840 2721 assensu
2867 2665 3088 2719 maximo
3132 2662 3471 2733 comprobavit
3501 2678 3613 2717 rer-

2022 2776 2135 2815 sum
2184 2760 2238 2814 in
2291 2776 2441 2814 scena
2490 2758 2876 2829 pronuntiatum
2936 2756 3000 2811 de
3044 2756 3182 2827 gallo
3231 2753 3416 2809 Matris
3468 2753 3616 2809 deum

2018 2854 2396 2926 tympanizante
2425 2852 2664 2926 (Sueten.
2693 2853 2748 2906 in
2785 2848 2902 2906 Vita
2925 2850 3163 2923 August.,
3199 2848 3227 2922 §
3251 2846 3374 2922 68):

2170 2968 2394 3020 Videsne
2415 2973 2471 3018 ut
2491 2966 2708 3019 cinaedus
2725 2966 2899 3017 orbem
2921 2964 3075 3029 digito
3098 2970 3364 3028 temperet.

2016 3072 2208 3129 Postea
2234 3086 2366 3128 vero
2391 3071 2459 3127 de
2510 3071 2728 3128 Tiberio
2758 3071 3079 3142 imperatore
3105 3087 3119 3124 :
3152 3066 3376 3125 Urebant
3412 3068 3620 3139 insuper

2017 3166 2226 3221 anxiam
2277 3175 2499 3219 mentem
2542 3165 2684 3219 varia
2740 3164 2964 3236 undique
3010 3164 3259 3232 convicia,
3319 3163 3463 3218 nullo
3516 3180 3619 3218 non

393 3234 538 3291 satis
559 3234 918 3329 Τθτίιξιμιίθγηυε
943 3252 1050 3291 “un
1077 3235 1264 3292 habuit
1291 3235 1407 3307 ipsa
1436 3236 1557 3329 Ῑυεθ
1592 3236 1787 3293 Clarius
1816 3237 1913 3294 d‘i‘
1942 3243 1988 3308 C
2022 3259 2377 3313 damnatorum
2401 3274 2550 3313 omne
2585 3257 2731 3329 probi
2768 3234 2925 3329 genus
2953 3273 3146 3323 coram,
3190 3257 3266 3312 vel
3306 3273 3397 3327 per
3424 3255 3620 3311 libellos

318 3335 653 3383 monstrasse
691 3325 1035 3383 Christianos
1069 3343 1175 3382 non
1219 3343 1339 3385 esse
1366 3328 1608 3398 publicos
1625 3337 1719 3384 aut
1745 3329 1917 3400 impe-

321 3419 518 3475 ratoris
546 3426 638 3472 aul-
661 3418 967 3489 reipublicae
992 3419 1335 3475 hosteszsed
1385 3421 1560 3492 palam
1592 3436 1656 3476 ac
1706 3423 1914 3492 perspi-

322 3526 422 3567 cue
445 3512 681 3567 ostendit
734 3512 992 3582 ipsosmet
1035 3512 1266 3583 gentiles
1311 3514 1364 3567 in
1413 3513 1514 3569 hoc
1554 3513 1671 3583 ipso
1720 3529 1917 3584 genere

323 3604 630 3671 offendisse,
656 3604 710 3659 in
742 3619 849 3677 quo
873 3604 1005 3660 alios
1036 3605 1194 3674 plane
1231 3604 1505 3661 immerito
1545 3606 1916 3679 reprehende-

312 3698 474 3775 bant.
497 3699 681 3770 Neque
708 3699 915 3754 alienos
941 3697 1178 3769 quidem,
1201 3700 1283 3755 vel
1312 3698 1473 3770 longe
1499 3709 1734 3754 remotos
1756 3708 1921 3756 testes

324 3793 551 3849 advocat
583 3810 597 3848 :
624 3793 720 3849 sed
769 3792 928 3863 ipsos,
962 3793 1152 3863 inqttit,
1196 3791 1439 3861 Quirites,
1487 3792 1783 3859 Romanos,
1822 3795 1915 3865 ip-

325 3902 435 3941 sam
462 3889 787 3941 vernaculam
807 3894 994 3956 septem
1013 3884 1241 3952 collium,
1272 3884 1374 3940 hoc
1401 3895 1505 3952 est,
1553 3885 1700 3941 urbis
1733 3885 1919 3941 Roma:

328 3984 523 4056 plebem
554 3986 816 4054 convenio,
854 4003 921 4040 an
953 3986 1107 4041 alicui
1154 3983 1344 4042 (Σωδαή
1384 3996 1562 4056 parcat
1615 3987 1792 4058 lingua
1817 4000 1919 4039 ro-

333 4093 485 4131 mana
504 4076 830 4148 (Tertullian.
861 4078 1153 4150 Apologet.,
1201 4096 1320 4151 cap.
1350 4078 1441 4147 55,
1470 4097 1524 4151 p.
1556 4077 1711 4152 454),
1743 4078 1793 4133 id
1816 4086 1918 4146 est,

329 4176 514 4242 parcat
541 4172 799 4239 dieteriis,
830 4173 1078 4245 Lsannis,
1135 4173 1391 4229 conviciis
1434 4184 1487 4229 et
1540 4172 1923 4238 contumeliis,

331 4266 525 4336 quibus
574 4267 923 4337 imperatores
970 4280 1097 4322 suos
1162 4266 1583 4323 insectabantur.
1632 4260 1924 4324 Tantarum

332 4357 607 4414 enimvero
631 4360 1071 4428 contumeliartnn,
1103 4361 1178 4416 ait
1206 4362 1315 4429 ille,
1368 4362 1506 4417 testis
1535 4370 1605 4417 est
1652 4360 1849 4419 Tiberis
1879 4374 1926 4419 et

334 4453 507 4506 schola
521 4451 1003 4527 bestiarum(lbid.).
1032 4454 1139 4510 Sed
1165 4455 1454 4525 quodnam,
1476 4455 1684 4527 rogabit
1712 4455 1924 4528 aliquis,

335 4546 507 4617 potuit
529 4560 650 4602 esse
675 4547 817 4602 istud
844 4547 1054 4603 Tiberis
1070 4548 1219 4604 ﬂuvii
1249 4548 1654 4605 testimonium?
1682 4550 1928 4621 Respon-

2019 3353 2074 3408 in
2102 3353 2362 3407 orchestra
2408 3352 2600 3423 positos
2631 3352 2892 3422 ingerente
2915 3349 3105 3424 (Idem,
3155 3349 3244 3404 lib.
3287 3346 3376 3417 Ill,
3421 3348 3477 3403 in
3513 3346 3614 3403 Vit.

2020 3444 2230 3513 Tiberii,
2267 3444 2295 3517 §
2335 3445 2448 3516 66).
2479 3443 2651 3500 Julius
2676 3452 2855 3498 autem
2883 3440 3217 3513 Capitolinus
3245 3439 3362 3496 haec
3387 3440 3454 3496 de
3475 3438 3619 3513 Vero

2022 3539 2350 3610 imperatore
2396 3548 2579 3612 narrat
2612 3555 2626 3592 :
2656 3537 2967 3593 Circensium
2996 3543 3188 3591 tantam
3214 3551 3391 3590 curam
3426 3533 3619 3603 habuit,

2022 3641 2079 3687 ut
2104 3631 2392 3702 frequenter
2415 3628 2810 3700 provincialibus
2836 3628 3029 3683 litteras
3059 3627 3551 3699 caussacircensium
3577 3635 3623 3681 et

2025 3723 2215 3783 miserit
2254 3732 2300 3777 et
2348 3721 2615 3793 acceperit.
2664 3720 2894 3791 Denique
2949 3720 3100 3774 etiam
3144 3736 3384 3791 prazsens,
3433 3728 3625 3774 etcum

2026 3814 2208 3871 Marco
2232 3813 2430 3880 sedens,
2463 3812 2651 3869 multas
2681 3830 2714 3868 a
2756 3812 3043 3869 Venetinnis
3074 3823 3146 3868 est
3176 3830 3358 3884 passus
3383 3814 3620 3885 injurias,

2026 3911 2163 3982 quod
2200 3909 2488 3981 turpissime
2530 3917 2706 3964 contra
2760 3925 2845 3964 eos
2891 3910 3080 3979 faceret
3125 3906 3270 3981 (Jul.
3311 3906 3532 3978 Capitol.
3571 3908 3626 3963 in

2038 4000 2160 4057 Vita
2197 4001 2340 4072 Veri,
2375 4018 2493 4075 pag.
2521 4002 2674 4074 506).
2702 4002 2807 4059 Sed
2839 4002 2976 4071 haec,
3003 4016 3123 4074 qum
3158 4011 3264 4059 tam
3307 4017 3449 4074 saepe
3485 4000 3627 4058 obti-

2028 4104 2247 4167 gerunt,
2280 4093 2458 4151 fusius
2484 4094 2732 4168 prosequi
2760 4094 2887 4166 quid
2914 4108 3134 4151 necesse
3162 4095 3284 4151 est?

2107 4186 2269 4258 Urget
2300 4186 2662 4245 Tertullianus
2696 4205 2707 4242 :
2737 4187 2791 4243 Si
2834 4202 2952 4257 qua:
3000 4186 3181 4244 cordis
3216 4186 3488 4260 animique
3525 4184 3627 4243 hu-

2033 4282 2177 4338 mani
2203 4281 2437 4338 fenestra
2467 4281 2534 4338 ad
2562 4280 2880 4339 scrutandos
2902 4296 3096 4338 sensus
3126 4282 3241 4353 ejus
3279 4281 3498 4337 intimos
3536 4297 3630 4353 pa-

2032 4383 2190 4443 teret,
2240 4384 2367 4430 tunc
2396 4383 2545 4430 certe
2574 4389 2991 4445 agnosceremus
3037 4375 3250 4445 quantis
3279 4389 3466 4430 omnes
3492 4372 3630 4430 votis

2031 4450 2290 4536 optabant
2321 4507 2336 4533 ,
2370 4466 2487 4521 novi
2512 4482 2573 4520 ac
2596 4467 2713 4521 novi
2741 4463 2959 4523 Caesaris
2978 4480 3217 4533 scenam,
3261 4466 3363 4523 hoc
3391 4475 3495 4533 est,
3525 4465 3631 4521 fre-

2033 4566 2288 4628 quentem
2344 4556 2574 4613 Caesaris
2637 4565 2891 4624 mortem,
2944 4565 3000 4613 et
3050 4558 3370 4619 electionem
3412 4556 3634 4612 alterius

337 4636 469 4694 dent
518 4639 757 4695 nonnulli
797 4654 863 4695 eo
915 4640 1133 4697 nomine
1199 4640 1468 4712 designari
1522 4652 1708 4703 nautas
1756 4644 1926 4714 ripam
1954 4645 2008 4705 D
2034 4650 2300 4721 congiario
2331 4648 2605 4704 dividendo
2634 4648 2955 4720 praesidentis
2980 4647 3308 4721 (Tcrtullian.
3339 4645 3630 4719 Apologet.,

338 4729 500 4804 hujus
528 4732 674 4789 ﬂuvii
728 4732 1045 4801 incolentes,
1093 4732 1236 4790 feros
1267 4749 1627 4807 procacesque
1665 4736 1931 4801 homines,

339 4827 428 4896 qui
459 4827 697 4898 penuriae
728 4834 989 4898 tempore,
1040 4834 1095 4881 et
1136 4824 1418 4883 deﬁciente
1446 4826 1742 4896 frumento,
1782 4828 1925 4885 sole-

341 4919 471 4977 bant
496 4923 550 4977 iu
575 4924 750 4992 ipsum
780 4920 1049 4977 Caesarem
1073 4919 1499 4991 petulantissima
1532 4920 1709 4993 lingua
1731 4920 1935 4978 invehi.

307 5055 311 5058 -
344 5013 543 5070 Verum
568 5015 684 5070 haec
713 5014 998 5087 explicatio
1024 5015 1113 5070 vix
1146 5014 1237 5069 ulli
1273 5013 1610 5085 probabitur,
1637 5028 1739 5071 nec
1767 5015 1963 5092 menti_

345 5105 388 5161 Τ
391 5102 660 5162 ertulliatii
687 5105 896 5162 videtur
922 5105 1233 5162 convenire.
1269 5104 1373 5161 Alii
1400 5105 1694 5176 epinantur
1725 5104 1937 5161 Tiberis

345 5199 564 5273 nomine
601 5197 844 5254 denotari
884 5208 1125 5270 pontem,
1182 5196 1267 5253 vel
1306 5196 1482 5253 locum
1518 5197 1826 5269 quemdam,
1869 5212 1938 5253 ex

347 5304 455 5361 quo
484 5289 729 5346 maledici
775 5298 832 5346 et
878 5290 1266 5346 obtrectatores
1294 5288 1719 5361 projiciebantur
1746 5289 1800 5345 in
1848 5284 1940 5345 Ti-

347 5382 668 5449 hcrim;sed
698 5382 748 5439 id
778 5381 1004 5438 forsitan
1028 5397 1136 5438 non
1167 5382 1382 5438 melius.
1409 5379 1575 5439 Nobis
1604 5382 1783 5454 itaque
1806 5380 1939 5439 faci-

347 5477 453 5535 lius
486 5479 836 5550 persuadebis
894 5477 1281 5533 Tertttllianum
1327 5475 1570 5534 alludere
1615 5477 1682 5532 ad
1737 5484 1943 5533 statuas

349 5573 607 5644 quasdam
637 5613 653 5638 ,
678 5572 730 5627 in
758 5571 982 5643 publicis
1019 5570 1207 5627 Roma:
1235 5571 1387 5641 locis,
1418 5580 1474 5627 et
1502 5571 1555 5627 in
1584 5569 1795 5627 Tiberis
1824 5571 1941 5641 ripa

352 5668 575 5738 positas,
603 5666 670 5722 ad
695 5680 828 5737 quas
852 5664 1131 5721 mordaces
1184 5664 1557 5736 hujuscemodi
1611 5665 1773 5723 libelli
1817 5665 1939 5721 alli-

351 5761 631 5832 gehantur.
684 5759 825 5815 Alibi
864 5757 1128 5830 siquidem
1177 5758 1292 5829 ipse
1319 5757 1684 5816 Tertullianus
1729 5776 1743 5814 :
1784 5756 1942 5813 Vani-

336 5847 509 5929 tatis,
549 5855 643 5925 ait,
696 5852 962 5926 sacrilegia
1003 5850 1316 5923 conveniam,
1365 5860 1413 5909 et
1455 5854 1616 5923 ipsius
1652 5851 1943 5921 vernacula:

2036 4758 2154 4814 cap.
2184 4740 2277 4808 55,
2313 4758 2435 4812 pag.
2465 4740 2618 4811 455).
2656 4739 2882 4808 Quidam
2909 4739 3207 4810 autemlegi
3236 4739 3432 4795 vellent
3450 4739 3634 4810 prcssi-

2034 4835 2281 4899 derantis,
2335 4835 2429 4890 sed
2478 4835 2583 4891 levi
2609 4836 2942 4905 conjectura,
2976 4844 3032 4890 et
3064 4844 3253 4890 contra
3297 4834 3541 4890 eodicmn
3572 4832 3635 4888 ﬁ-

2040 4926 2185 4983 dem.
2237 4925 2601 4982 Tertullianus
2629 4926 2773 4981 enim
2817 4924 3079 4996 signiﬁcat
3130 4924 3377 4980 ethnicos
3422 4938 3637 4997 semper

2038 5028 2255 5092 optasse
2282 5008 2501 5077 scenam
2522 5020 2649 5076 novi
2673 5020 2927 5084 Caesaris,
2959 5019 3047 5090 qui
3076 5020 3353 5090 congiario
3376 5020 3490 5076 sive
3517 5036 3639 5076 mu-

2042 5113 2181 5181 neri,
2207 5103 2527 5184 plerumque
2548 5108 2881 5183 pecuniario,
2913 5109 3057 5180 plebi
3093 5120 3187 5165 aut
3213 5110 3467 5169 militibus
3495 5111 3636 5166 divi-

2041 5204 2219 5262 dendo
2250 5213 2528 5276 praeesset,
2561 5213 2653 5258 aut
2674 5218 2733 5259 se
2764 5210 3029 5274 praesente
3067 5201 3233 5258 dividi
3258 5202 3494 5274 iuberet.
3524 5201 3639 5259 Mos

2042 5299 2241 5371 quippe
2291 5308 2407 5354 erat
2452 5294 2754 5353 Caesaribus
2793 5308 2986 5351 recens
3023 5294 3232 5361 electis,
3283 5304 3373 5350 aut
3411 5307 3469 5351 ut
3513 5294 3638 5367 eligi

2041 5400 2286 5463 possent,
2314 5388 2618 5460 huiusmodi
2641 5402 2862 5443 munera
2890 5387 3086 5459 populo
3115 5387 3316 5460 largiri.
3358 5387 3517 5443 Plura
3545 5400 3641 5440 au-

2044 5494 2154 5540 tem
2186 5482 2344 5555 hujus
2385 5479 2687 5553 largitionis
2712 5479 2958 5552 exempla
2979 5480 3120 5552 apud
3148 5495 3383 5536 romanae
3404 5478 3641 5535 historite

2045 5577 2337 5647 scriptores
2367 5574 2565 5645 passim
2598 5574 2838 5644 reperire
2870 5583 2972 5631 est.
3001 5572 3059 5631 Si
3091 5573 3212 5646 quis
3243 5584 3422 5630 tamen
3464 5572 3642 5643 aliqua

2044 5668 2347 5736 desiderat,
2378 5683 2444 5724 ex
2472 5667 2555 5723 his
2579 5682 2747 5739 pauca
2776 5662 3086 5741 seligemus.
3126 5668 3386 5726 Claudius
3414 5677 3637 5741 postero

2045 5760 2166 5828 die,
2213 5774 2322 5831 quo
2381 5758 2449 5815 ad
2493 5760 2782 5832 imperium
2830 5775 2862 5816 a
2900 5760 3162 5817 militibus
3197 5770 3418 5832 raptus,
3464 5759 3642 5832 potius

2045 5866 2205 5926 quam
2234 5851 2440 5912 electus
2484 5851 2586 5910 luit
2605 5895 2620 5925 ,
2668 5860 2914 5923 armatos,
2943 5854 3017 5913 ait
3048 5853 3368 5926 Suetonius,
3400 5869 3494 5927 pro
3518 5869 3644 5910 con-
