4076 6356
1536 324 1606 385 IN
1639 318 2101 386 MTDLle
2138 319 2672 385 AW

464 449 615 503 ciens
633 447 814 519 ium
850 443 907 499 in
951 456 1133 499 nomen
1177 456 1325 498 suum
1365 458 1546 516 passus
1582 455 1656 500 est
1677 487 1691 511 ,
1736 445 2066 517 promisitque
2090 445 2146 505 Α
2249 440 2691 500 tauros'Cesarem
2717 442 3056 512 obsederunt,-
3082 442 3175 517 qui
3195 443 3428 518 [trucibus
3450 443 3565 517 ejus
3593 446 3770 517 expri-

465 542 684 610 sinqulis
727 540 1015 612 quinndena
1056 539 1296 593 sestertia
1317 581 1332 603 ,
1380 540 1578 611 primus
1605 537 1863 593 Casurum
1915 538 2069 608 ﬁdem

464 634 644 687 militis
664 633 815 687 etiam
845 630 1057 706 prmio
1082 632 1380 704 pigneratus
1408 629 1676 700 (Sueton.,
1709 631 1760 684 in
1775 628 1891 684 Vita
1912 630 2070 685 Clau-

462 726 575 794 αδδ,
612 724 641 798 5
672 724 785 795 l0).
827 724 1053 780 Claudio
1083 734 1264 779 autem
1302 732 1535 786 mortuo,
1580 722 1758 778 illatus
1784 731 1857 778 est
1881 722 2067 777 castris

464 813 634 886 Nero,
660 814 902 873 Cornelii
929 816 1098 872 Taciti
1143 814 1307 871 verba
1330 822 1490 882 sunt,
1523 824 1571 870 et
1593 815 1923 885 congruentia
1940 824 2069 890 teme

459 913 580 985 poti
609 913 880 984 profectu,
905 911 1159 983 promisso
1184 904 1425 963 donativo
1444 907 1513 962 ad
1530 907 1816 979 exanptum
1841 915 2068 979 paterna

459 1004 774 1077 Mgitionis,
810 1005 1088 1077 imperator
1141 1002 1492 1057 consalutatur
1522 999 1719 1072 (Tacit.
1766 1001 1820 1054 in
1848 1001 1942 1070 ﬁn.
1975 999 2063 1054 lib.

467 1097 565 1153 Ill
602 1098 842 1169 Annal).
890 1096 1167 1153 Testatum
1194 1106 1325 1151 vero
1350 1093 1672 1164 Spartianus
1708 1090 1835 1147 facit
1884 1090 1953 1146 ab
1988 1090 2065 1145 Δ-

462 1190 655 1248 driano
676 1191 863 1247 datum
891 1182 1150 1245 militibus
1176 1187 1445 1257 duplicem
1473 1185 1542 1241 ob
1584 1182 1796 1256 imperii
1825 1183 2063 1255 auspicia

456 1283 799 1357 largitionem
826 1284 1149 1357 (Spartian.,
1194 1282 1246 1335 in
1281 1279 1396 1334 Vita
1426 1278 1642 1333 Adriani
1666 1287 1781 1349 post
1814 1277 1983 1347 init.),
2012 1284 2067 1332 et

463 1378 803 1450 Lampridius
830 1377 962 1432 alias
980 1375 1052 1431 ab
1079 1375 1338 1439 Macrino,
1362 1384 1483 1428 cum
1509 1371 1836 1426 Antoninum
1862 1368 2064 1424 inadu-

456 1478 679 1528 menutn
706 1472 1086 1542 imperatorem
1104 1466 1429 1523 renuntiavit
1456 1462 1776 1534 (Lansprid.,
1801 1464 1918 1518 init.
1934 1461 2065 1519 Vita:

458 1558 651 1620 Anton.
684 1563 979 1634 Dicdum).
1012 1561 1108 1618 Cui
1138 1570 1314 1617 autem
1338 1560 1455 1614 huc
1478 1560 1609 1613 satis
1626 1572 1737 1614 non
1762 1569 1941 1625 erunt,
1972 1557 2064 1613 hic

459 1648 612 1715 adeat
642 1657 1011 1713 Robcrtellnm
1044 1656 1307 1727 (Robore,
1333 1656 1394 1708 de
1416 1653 1683 1707 Commod.
1710 1666 1914 1724 prtem,
1936 1651 2060 1708 lion.

456 1749 658 1822 milita,
680 1747 1337 1821 l‘ancirolmn(Pancirol.,
1364 1743 1606 1816 inlNotit.
1633 1745 1815 1815 imper.
1839 1741 2060 1811 0rient.-,

2245 538 2439 592 mendis
2480 548 2813 593 exercuerunt
2856 540 3238 610 palaestricam;
3276 540 3363 611 qui
3394 542 3688 611 irruperunt
3716 542 3777 597 in

2242 632 2493 701 palatium
2514 674 2527 697 ,
2560 634 2795 688 omnibus
2843 633 3061 706 Sigeriis
3102 643 3252 707 atque
3278 635 3572 692 Partheniis
3600 637 3775 692 audir-

2240 724 2404 777 τίοι-εδ
2426 739 2446 789 ;
2472 725 2563 794 qui
2598 726 2921 782 scelestarum
2962 727 3189 796 partium
3233 730 3360 784 socii
3402 744 3463 784 ac
3504 730 3775 801 pbausores

2238 814 2466 887 quotidie
2511 817 2905 885 repetebantur;
2951 835 3011 875 ac
3062 821 3268 877 tandem
3314 822 3401 893 qui
3451 825 3773 895 astrologos,

2240 912 2525 981 aruspices,
2554 924 2776 985 augures
2824 923 2873 968 et
2902 926 3078 986 magos
3133 915 3196 969 de
3216 915 3585 985 imperatorum
3604 917 3778 987 capite

2240 1003 2629 1072 consultabant,
2664 1018 2724 1060 ac
2756 1014 2863 1060 tam
2904 1006 3040 1077 falsa
3082 1023 3179 1078 pro
3208 1016 3382 1064 eorum
3408 1009 3574 1066 adure
3596 1010 3781 1081 ffacia

2242 1094 2363 1149 bunt
2387 1105 2521 1165 uota,
2546 1113 2697 1169 quam
2725 1099 2922 1154 sincera
2948 1099 3245 1157 Christiani.

2239 1188 2296 1245 Si
2328 1189 2471 1245 laeso:
2509 1190 2805 1261 maiestatis
2836 1194 3093 1249 humana;
3129 1194 3210 1250 rei
3244 1194 3463 1251 fuerunt
3496 1194 3730 1267 gentiles
3755 1238 3779 1266 ,

2166 1282 2257 1353 qui
2298 1290 2530 1339 mortem
2568 1296 2833 1340 caesarum
2864 1292 2920 1340 et
2968 1284 3352 1357 imperatorum
3397 1296 3504 1343 tam
3538 1287 3780 1348 πεῖθε·ίῆ

2168 1376 2307 1431 votis
2340 1375 2708 1448 efﬂagitabant
2723 1419 2737 1444 ,
2766 1377 2925 1448 longe
2941 1378 3162 1450 gravius
3184 1380 3540 1451 proculdubio
3564 1382 3618 1436 in
3648 1378 3780 1439 itto’s

2164 1469 2462 1539 peccobant
2496 1460 2588 1525 alii
2627 1469 2929 1541 perduelles
2952 1515 2966 1539 ,
3006 1481 3171 1544 atque
3210 1473 3382 1545 ignari
3426 1473 3777 1545 proditores;

2166 1563 2257 1633 qui
2299 1563 2382 1618 rel
2420 1562 2489 1619 ab
2526 1574 2716 1619 eorum
2746 1565 2990 1635 partibus
3020 1564 3361 1633 deiecerant,
3394 1566 3481 1623 vel
3522 1568 3629 1623 vita
3662 1558 3777 1625 illis

2165 1663 2351 1725 erepta
2400 1662 2677 1712 tentarunt
2718 1670 2984 1729 occupare
3020 1658 3379 1730 tyrannidem.
3422 1659 3504 1715 Ex
3550 1660 3775 1717 illorum

2162 1747 2354 1818 procul
2400 1748 2566 1804 dubio
2612 1762 2837 1806 numero
2882 1750 3137 1822 fuerunt,
3180 1754 3461 1810 memorati
3498 1768 3530 1809 a
3556 1753 3779 1813 Tenui»

456 1854 575 1913 mp.
604 1841 717 1914 74),
747 1851 800 1898 ct
829 1843 985 1897 alios.
1010 1839 1252 1897 Gentiles
1286 1839 1448 1909 igitur
1476 1837 1628 1891 lucro
1649 1846 1865 1906 seniper
1892 1830 2057 1902 ducti,
2090 1848 2138 1909 Β
2166 1839 2309 1896 lianc
2333 1839 2683 1914 (Tertullian.,
2713 1844 3001 1916 Apotoget.,
3042 1858 3160 1916 cap.
3186 1846 3292 1914 55,
3324 1863 3445 1919 pag.
3477 1848 3608 1920 457)
3631 1846 3775 1905 ϐαι

454 1936 849 1993 utdunatbum
896 1936 1094 2009 saepius
1122 1934 1466 2006 acciperent,
1507 1930 1789 2003 regnantis
1832 1930 2065 1985 Caesaris

457 2024 718 2097 murium,
756 2043 820 2085 ac
850 2029 1010 2097 novi,
1039 2029 1147 2085 cito
1174 2039 1354 2086 tamen
1386 2028 1631 2085 morituri
1652 2038 1868 2081 scenam
1906 2031 2061 2093 opta-

454 2121 604 2177 bam.

526 2213 693 2288 Urget
718 2215 892 2273 adhuc
912 2218 1112 2274 Auctor
1133 2227 1317 2275 noster
1342 2233 1407 2275 eo
1425 2227 1666 2289 tempore
1687 2215 1911 2287 ipsaque
1932 2212 2064 2268 hora

398 2308 415 2318 “
454 2309 595 2367 hanc
636 2326 849 2369 scenam
873 2357 887 2382 ,
922 2324 1259 2385 mortemque
1294 2314 1531 2369 Caesaris
1571 2314 1639 2369 ab
1685 2311 1792 2367 illis
1818 2308 2063 2381 cupidius

452 2406 741 2478 expolitam
768 2449 782 2472 ,
828 2421 952 2462 cum
1002 2407 1103 2478 ipsi
1150 2406 1567 2463 acclamabant:

611 2520 690 2572 De
715 2523 897 2572 nostris
919 2523 1059 2571 annis
1086 2522 1173 2572 tibi
1196 2518 1391 2586 Jupiter
1415 2525 1595 2584 augeat
1617 2528 1800 2581 annos;

456 2628 562 2685 Sed
594 2628 648 2684 in
675 2629 874 2685 nostris
896 2628 1175 2685 codicibus
1211 2635 1268 2684 et
1318 2627 1476 2684 editis
1506 2623 1891 2683 vetustioribus
1926 2619 2060 2692 legi-

454 2737 598 2789 mus,
630 2732 780 2790 rupta
806 2722 963 2775 ntetri
993 2720 1165 2775 forma
1220 2739 1232 2775 :
1278 2720 1470 2774 De.....
1518 2727 1699 2789 augeat
1733 2717 1822 2771 tibi
1857 2713 2063 2786 Jupiter

453 2829 618 2867 annos
643 2812 888 2885 (Tenuit.
914 2813 1210 2885 Apologet.,
1240 2828 1360 2884 cap.
1387 2812 1477 2879 55,
1498 2829 1552 2884 p.
1573 2808 1727 2881 456).
1755 2809 1823 2863 At
1843 2819 2062 2877 quoquo

456 2904 620 2959 modo
639 2904 946 2975 legatur,ibi
968 2904 1327 2958 Tertullianus
1356 2904 1526 2957 innuit
1545 2900 1853 2956 simulatam
1878 2898 2063 2968 plane-

454 3012 560 3067 que
578 2993 888 3051 mendacem
932 2996 1095 3051 fuisse
1123 2995 1261 3049 hanc
1286 2992 1731 3050 acclamationem
1754 2989 2057 3062 gentilium,

453 3089 545 3161 qui
569 3097 678 3145 tum
702 3088 938 3145 Cmsaris
964 3098 1191 3145 mortem
1231 3098 1342 3144 toto
1371 3088 1552 3143 animo
1580 3086 1921 3157 appetebant.
1949 3081 2061 3137 Nec

450 3184 594 3241 ullas
614 3185 916 3257 ambigendi
942 3183 1092 3239 locus
1116 3194 1240 3239 esse
1254 3183 1482 3249 videtur,
1500 3182 1626 3252 quin
1646 3179 1806 3234 simili
1833 3175 2058 3233 menda-

446 3245 1042 3349 ‘cinvidiustugusto
1057 3270 1255 3332 Caesari
1272 3268 1642 3330 acclamaverit
1663 3272 1766 3327 hoc
1790 3268 2049 3326 carmine:
2083 3245 2129 3309 (ἶ

512 3390 711 3454 Augeat
728 3390 992 3457 imperium
1026 3391 1178 3441 nostri
1202 3386 1377 3449 Ducis,
1405 3393 1588 3451 augeat
1610 3396 1779 3435 annos.

1138 3474 1307 3538 (Ovid.
1333 3471 1416 3525 tib.
1446 3480 1460 3522 ι
1484 3473 1699 3533 Easton,
1722 3482 1767 3522 υ.
1789 3466 1928 3530 611.)

451 3570 652 3644 Verum
697 3585 743 3642 si
780 3585 896 3641 lucc
934 3583 1214 3657 gentilium
1257 3579 1573 3639 acclamatio
1620 3577 1871 3634 simulata
1898 3568 2056 3646 plane

449 3664 552 3736 iuit
571 3721 587 3747 ,
611 3688 823 3735 constat
849 3679 1271 3734 sincerissimum
1304 3674 1466 3730 fuisse
1495 3671 1623 3729 illud
1650 3666 1919 3727 Ambrosii
1953 3681 2055 3739 pro

448 3756 828 3831 Valentiniano
858 3774 1183 3844 imperatore
1210 3814 1225 3839 ,
1264 3771 1389 3826 licet
1429 3777 1662 3832 mortuo,
1688 3774 1867 3821 votum
1904 3784 1916 3818 :
1946 3756 2056 3816 Nec

450 3883 542 3940 ego
572 3867 737 3922 abnuo
774 3868 1045 3920 immatura
1093 3865 1273 3919 abiisse
1309 3871 1456 3917 wtate
1478 3903 1493 3926 ,
1528 3876 1676 3931 quem
1722 3867 1908 3914 nostra:
1940 3856 2056 3909 vitat

451 3958 756 4029 temporibus
795 3957 974 4028 fulcire
1016 3971 1309 4026 cuperemus
1333 3995 1348 4020 ,
1392 3962 1447 4007 ut
1487 3952 1551 4006 de
1580 3952 1765 4006 nostris
1793 3948 1941 4003 annis
1975 3947 2053 4002 vi-

450 4059 603 4114 veret,
629 4049 715 4117 qui
734 4050 881 4120 fungi
911 4065 1011 4102 non
1042 4047 1204 4117 potuit
1233 4044 1335 4099 suis
1358 4034 1653 4113 (Ambros.,
1687 4043 1751 4096 de
1771 4040 1908 4095 Obit.
1949 4036 2051 4093 Va-

450 4141 599 4206 teut.,
634 4139 662 4211 ς
693 4139 784 4205 45,
808 4157 929 4210 pag.
967 4137 1168 4209 1186).
1209 4134 1316 4191 Nos
1340 4150 1468 4189 vero
1494 4133 1618 4189 olim
1646 4132 2054 4194 observavimus

448 4226 524 4289 ibi
577 4231 918 4285 Ambrosium
968 4229 1052 4283 his
1121 4227 1299 4283 verbis
1345 4225 1590 4280 allusisse
1629 4222 1695 4279 ad
1743 4231 1976 4278 notatam
2019 4238 2048 4278 a

448 4316 781 4379 Tertulliano
811 4322 1105 4377 solemnem
1152 4318 1481 4397 acclamandi
1528 4316 1832 4374 formulam.
1861 4314 2051 4372 Plures

449 4429 612 4487 porro
633 4412 715 4468 his
741 4410 964 4481 similes,
988 4414 1182 4484 quibus
1210 4412 1427 4484 longam
1454 4410 1728 4468 Caesarum
1757 4410 1923 4466 vitam
1954 4424 2052 4480 op-

449 4516 564 4562 tare
607 4502 811 4562 ethnici
849 4505 1169 4561 videbantur
1195 4547 1210 4569 ,
1253 4507 1450 4577 saepius
1496 4504 1720 4576 legimus
1764 4505 1815 4559 in
1860 4518 2049 4559 eorum

448 4592 619 4669 libris,
651 4598 741 4671 qui
777 4599 911 4654 vitas
939 4598 1328 4669 imperatorum
1358 4597 1675 4663 Commodi,
1716 4596 2009 4653 Pertinacis
2029 4637 2046 4665 ,

442 4680 647 4760 Probi,
689 4680 897 4746 Balbini
925 4734 941 4759 ,
990 4692 1325 4760 aliorumque
1368 4691 1716 4761 scripserunt.
1755 4689 1858 4745 Sed
1898 4690 2047 4747 adire

446 4790 704 4860 prmterea
734 4786 938 4859 poteris
959 4785 1288 4841 Brissonium
1311 4783 1589 4858 (Brisson.,
1614 4784 1730 4838 libr.
1754 4782 1797 4850 Ι,
1824 4784 1887 4838 de
1912 4782 2042 4838 For-

445 4881 571 4937 mul.
622 4898 745 4954 pag.
777 4880 846 4936 95
872 4890 919 4935 et
942 4879 1108 4952 seqq.)
1130 4891 1185 4935 et
1212 4878 1521 4934 Bernardini
1548 4878 1783 4933 Ferrarii
1810 4877 2044 4948 primum

445 4974 514 5031 de
538 4962 1013 5031 acclamationibus
1065 4983 1120 5031 et
1146 4974 1330 5044 plausu
1356 4972 1549 5028 librum
1578 4969 1837 5043 (Ferrum,
1862 4971 1951 5025 lib.
1974 4968 2041 5038 Il,

446 5066 510 5121 de
553 5067 806 5136 Accium,
863 5084 981 5139 cap.
1018 5065 1120 5133 l9,
1174 5065 1246 5120 20
1292 5075 1341 5121 et
1386 5063 1570 5137 seqq.).
1617 5062 1883 5119 Cat-terum
1914 5050 2046 5118 'l‘cr—

446 5162 698 5221 tuliianus
719 5174 866 5220 recte
895 5179 960 5220 ex
989 5163 1147 5219 dictis
1177 5162 1377 5231 colligit
1419 5160 1646 5233 gentiles
1670 5200 1684 5225 ,
1727 5159 1817 5230 qui
1850 5155 2045 5228 hujus-

443 5257 589 5313 modi
628 5264 750 5312 vota
781 5255 848 5312 de
876 5256 1121 5329 proxima
1154 5253 1492 5326 imperatoris
1530 5261 1705 5309 morte
1739 5250 2004 5306 iaciebant
2026 5292 2042 5318 ,

444 5349 618 5419 reipsa
660 5348 827 5405 fuisse
868 5358 921 5404 et
960 5348 1103 5403 illius
1136 5358 1188 5403 et
1218 5346 1526 5418 reipublicae
1552 5345 1736 5401 hostes
1760 5343 2039 5415 publicos,

449 5444 524 5498 uti
550 5442 722 5497 adhuc
747 5456 812 5497 ex
842 5439 905 5496 iis
933 5438 1152 5513 patebit,
1181 5455 1302 5512 qua:
1327 5439 1380 5495 in
1410 5437 1654 5511 sequenti
1698 5435 1923 5493 articulo
1962 5434 2045 5492 di-

444 5534 613 5593 cenda
660 5544 805 5592 sunt.
1138 5570 1145 5585 κ
1804 5542 1809 5547 τ

1031 5642 1320 5684 Αιιτιευιυε
1358 5642 1431 5684 ιν.

442 5765 670 5840 παίοιτο
691 5768 1059 5841 imperatorum
1094 5766 1258 5821 hostes
1283 5765 1439 5838 fuisse
1461 5765 1689 5821 ethnicos
1715 5764 2036 5838 proditores,

511 5860 734 5933 Cassios,
782 5858 1010 5935 Nigrae,
1053 5858 1286 5930 Atbinos,
1334 5865 1382 5915 et
1420 5857 1571 5929 alios,
1611 5859 1698 5930 qui
1737 5856 1867 5914 inter
1908 5854 2042 5913 duos

2164 1932 2250 1998 sii,
2285 1942 2330 1987 et
2360 1932 2531 2005 Nigri,
2564 1945 2612 1989 et
2640 1936 2829 2004 Albini,
2862 1936 2915 1992 id
2939 1946 3044 2005 est,
3072 1936 3290 1995 Cassius
3315 1937 3592 2008 Clemens,
3625 1940 3767 1997 Post

2166 2028 2430 2083 cenninus
2456 2025 2637 2100 Niger,
2668 2038 2723 2085 et
2750 2029 2998 2097 Albinus,
3027 2032 3119 2102 qui
3147 2031 3319 2087 moliti
3344 2034 3546 2088 suntin
3576 2034 3777 2093 Severi

2164 2120 2525 2191 imperatoris,
2548 2132 2607 2177 ut
2630 2130 2791 2193 supra
2818 2123 3047 2179 vidimus
3068 2124 3281 2198 (Supr.,
3307 2141 3425 2194 cap.
3449 2124 3507 2193 Ξ,
3534 2136 3635 2183 art.
3668 2126 3770 2201 1)-,

2164 2210 2449 2284 imperium
2497 2215 2773 2271 invadere.
2822 2216 3026 2273 Publici
3068 2231 3201 2289 ergo
3248 2217 3433 2275 hostes
3471 2216 3662 2289 erant,
3705 2222 3769 2279 et

2162 2306 2309 2361 lassa:
2338 2307 2633 2377 majestatis
2666 2308 2912 2364 humana:
2940 2310 3039 2365 rei.

2241 2399 2497 2470 Ejusdem
2525 2417 2741 2473 quoque
2777 2402 2999 2458 sceleris
3042 2402 3076 2457 ii
3122 2412 3307 2475 aperte
3331 2407 3727 2462 convincuqu
3747 2446 3770 2479 ,

2164 2492 2251 2563 qui
2278 2492 2409 2546 inter
2434 2493 2562 2547 duas
2588 2494 2783 2560 lauros,
2841 2494 3156 2551 Tertulliani
3198 2496 3377 2553 adhuc
3410 2496 3570 2553 verba
3597 2507 3769 2570 sunt,

2166 2585 2395 2641 obsident
2434 2585 2685 2642 Ctesarem
2709 2629 2724 2653 ,
2756 2589 2843 2658 qui
2884 2589 3116 2659 faucibus
3146 2590 3255 2660 ejus
3282 2591 3623 2661 exprimendis
3660 2608 3767 2664 pa-

2166 2680 2440 2737 larslricam
2464 2692 2693 2737 exercent
2717 2680 3073 2756 (Tertullian.,
3101 2683 3200 2738 loc.
3228 2684 3364 2756 cit.).
3396 2683 3511 2741 Non
3535 2685 3768 2743 obscure

2164 2784 2348 2831 autem
2381 2776 2525 2847 loqui
2556 2777 2764 2833 videtur
2788 2775 2858 2834 de
2887 2776 3184 2833 Commodo
3214 2777 3541 2848 imperatore
3561 2818 3579 2845 ,
3608 2777 3767 2849 cujus

2165 2870 2288 2925 vita:
2331 2884 2435 2924 non
2481 2870 2647 2927 semel
2682 2870 2889 2925 insidia:
2918 2869 3193 2926 instructa:
3218 2877 3366 2925 sunt.
3409 2869 3590 2926 Primo
3616 2870 3767 2927 enim

2166 2948 2523 3034 Pompeianus
2541 3006 2557 3032 ,
2585 2964 2699 3020 sive
2726 2972 2785 3018 ut
2807 2963 2899 3018 alii
2930 2963 3131 3028 volunt,
3158 2962 3463 3032 Quadratus
3490 2963 3615 3018 vita:
3640 2961 3765 3033 ejus

2162 3043 2445 3114 insidiatus
2485 3067 2569 3113 cst
2591 3100 2605 3125 ,
2636 3059 2689 3112 in
2723 3067 2937 3129 augusto
2974 3058 3194 3127 quodam
3230 3058 3474 3125 introitu,
3511 3055 3683 3117 siculi
3706 3057 3766 3115 in

2164 3150 2348 3205 Dionis
2378 3150 2625 3221 Epitomc
2654 3150 2849 3221 legitur
2875 3149 3078 3222 (Dion.,
3108 3149 3252 3222 Epit.
3272 3191 3287 3218 ,
3321 3168 3442 3222 pag.
3470 3149 3631 3221 284),
3663 3158 3769 3206 aut

2162 3252 2221 3299 ut
2266 3244 2339 3299 ait
2378 3244 2692 3299 Ammianus
2731 3240 3169 3309 Marcellinus,in
3208 3244 3570 3315 amphitheatri
3607 3260 3768 3302 cavea

2154 3333 2447 3407 (lorcam,
2490 3334 2608 3390 libr.
2636 3333 2832 3401 XXIX,
2861 3351 2980 3408 pag.
3010 3335 3164 3408 53.0),
3186 3346 3279 3392 aut
3305 3337 3767 3409 quemadmodum

2159 3425 2496 3483 Herodianus
2524 3426 2761 3497 tradidit,
2784 3430 2839 3483 in
2866 3428 3009 3483 adita
3037 3432 3430 3502 amphitheatri,
3471 3443 3518 3488 et
3548 3433 3768 3489 obscura

2158 3520 2270 3577 loco
2310 3520 2647 3595 (Herodian.,
2673 3522 2762 3579 lib.
2816 3522 2837 3578 l
2873 3521 3011 3579 Hist.
3053 3540 3173 3597 pag.
3205 3525 3353 3598 472).
3385 3526 3458 3581 At
3500 3526 3546 3583 si
3576 3529 3630 3583 in
3656 3527 3769 3586 hoc

2158 3616 2698 3687 amphitheatriaditu
2727 3616 2979 3688 plantam:
2996 3628 3147 3674 erant
3162 3618 3362 3687 laurus,
3394 3612 3538 3676 haud
3570 3620 3772 3680 diffici-

2158 3706 2283 3764 liter
2310 3709 2608 3780 intelligere
2644 3718 2728 3765 est
2753 3725 2852 3766 cur
2885 3710 3213 3767 Commodes
3238 3710 3383 3766 inter
3411 3711 3545 3766 ditas
3572 3712 3773 3773 lauros

2158 3800 2411 3857 obsessus
2441 3802 2667 3858 dicatur.
2710 3802 2910 3859 Verum
2948 3805 3073 3874 quia
3112 3804 3162 3858 id
3188 3802 3526 3872 rigidioribus
3551 3804 3774 3866 criticis

2154 3892 2315 3949 lacilc
2347 3909 2452 3950 non
2482 3894 2746 3966 probatur
2770 3938 2784 3964 ,
2817 3896 3175 3968 opinatus‘cst
3204 3893 3461 3963 Bigaltius
3488 3894 3576 3950 his
3606 3896 3769 3954 Auc-

2158 3989 2289 4045 toris
2336 3991 2507 4045 nostri
2553 3991 2730 4047 verbis
2770 3990 3034 4062 designari
3054 3989 3316 4044 lauretum
3347 3988 3510 4044 variis
3540 3986 3763 4065 (Idem,

2152 4079 2328 4153 ibid),
2352 4077 2489 4137 teste
2512 4082 2835 4149 llerodiano,
2856 4080 3139 4137 arboribus
3159 4096 3223 4135 ac
3259 4080 3480 4153 pulchra
3505 4083 3763 4154 cepiosa-

2154 4186 2260 4244 que
2292 4172 2445 4228 lauro
2482 4173 2717 4227 obsitum
2739 4216 2754 4240 ,
2800 4188 2924 4243 quo,
2952 4172 3077 4227 dum
3121 4174 3286 4243 pestis
3317 4172 3505 4230 Romae
3541 4166 3762 4247 grassa-

2155 4272 2346 4334 retur,
2400 4263 2729 4320 Commodus
2781 4264 3115 4319 medicorum
3158 4265 3384 4321 consilio
3430 4282 3757 4329 secesserat.

2154 4356 2272 4414 Non
2295 4359 2518 4413 omnino
2548 4355 2771 4412 forsitan
2801 4357 3000 4427 inepte,
3026 4358 3132 4413 nisi
3162 4357 3501 4416 Herodianus
3529 4361 3757 4421 dixisset

2154 4468 2261 4509 non
2304 4453 2418 4523 ibi,
2449 4452 2548 4510 sed
2600 4453 2652 4509 in
2682 4451 3071 4524 amphitheatri
3116 4455 3267 4512 aditu
3320 4466 3534 4528 pamtas
3584 4454 3755 4514 fuisse

2148 4545 2329 4603 eidem
2357 4546 2652 4602 Commodo
2679 4546 2921 4602 insidias.
2946 4544 3175 4614 Quidam
3202 4549 3383 4620 itaque
3410 4549 3755 4621 suspicantur

2071 4638 2127 4704 1)
2153 4640 2328 4697 taurus
2354 4642 2568 4697 nomine
2597 4640 2885 4713 signiﬁcari
2914 4641 3023 4697 duo
3045 4640 3331 4698 Commodi
3360 4641 3576 4715 palatia,
3609 4643 3755 4702 inter

2148 4751 2269 4807 quae
2295 4735 2580 4793 insidiator
2604 4750 2727 4792 eum
2753 4750 3041 4808 aggressus
3066 4745 3169 4793 est.
3198 4734 3402 4792 Laurus
3425 4738 3641 4808 quippe,
3669 4739 3754 4794 uti

2142 4828 2399 4885 observat
2418 4829 2642 4896 Plinius,
2655 4830 2879 4901 ianitrix
2898 4841 3006 4885 erat
3031 4829 3293 4889 CW
3317 4830 3512 4902 (Ptin.,
3539 4830 3630 4886 tib.
3644 4828 3748 4888 XV

2155 4914 2291 4975 Hist.
2320 4931 2516 4987 natur.,
2546 4938 2662 4993 cap.
2690 4921 2808 4991 δυ).
2836 4920 3096 4993 Εκρθπάθ
3118 4965 3134 4991 ,
3162 4936 3348 4994 quaeso
3370 4963 3386 4990 ,
3420 4938 3541 4995 quin
3564 4938 3635 4979 ex
3663 4921 3752 4981 his

2146 5014 2315 5071 tribus
2343 5015 2788 5086 explicationibus
2825 5013 2917 5069 tibi
2950 5015 3120 5085 magis
3138 5016 3378 5072 arrideat
3400 5058 3416 5084 ,
3446 5030 3510 5072 ac
3536 5023 3591 5071 te
3615 5028 3750 5088 pro-

2147 5106 2483 5162 nuntiantem
2554 5106 2787 5163 libenter
2838 5103 3138 5162 audiemus.
3180 5107 3542 5180 Qumcumque
3580 5122 3751 5180 porro

2144 5201 2234 5257 illa
2264 5203 2354 5268 sit,
2383 5202 2785 5259 evidentissima
2814 5200 2941 5257 inde
2961 5200 3279 5259 conﬁciatur
3304 5203 3448 5261 hunc
3473 5203 3599 5261 vita
3622 5202 3750 5261 Cm-

2146 5294 2282 5350 saris
2310 5294 2674 5350 insidiatorem
2696 5292 2865 5349 fuisse
2892 5293 3101 5350 hostem
3134 5295 3423 5367 publicum.

2217 5386 2451 5444 Facilius
2476 5386 2617 5443 haud
2652 5386 2816 5444 dubie
2850 5387 3106 5459 e'xplicari
3146 5398 3373 5461 possunt
3404 5386 3526 5447 hinc
3552 5388 3748 5449 subse-

2144 5486 2363 5555 quentia
2400 5480 2716 5538 Tertulliani
2761 5481 2924 5537 rerba
2956 5497 2969 5535 :
3000 5480 3103 5548 Qui
3146 5483 3375 5554 faucibus
3418 5484 3529 5554 eius
3568 5483 3747 5556 expri-

2144 5574 2344 5629 mendis
2383 5573 2725 5646 palwstricant
2767 5584 2997 5629 exercent
3026 5575 3045 5643 (
3071 5572 3401 5645 Tertullian.,
3442 5576 3741 5650 ApologeL,

2142 5683 2261 5740 rep.
2293 5668 2365 5724 35
2387 5707 2401 5732 ,
2428 5682 2548 5738 pag.
2586 5665 2739 5739 457).
2770 5665 2907 5723 Nam
2937 5666 3114 5724 denuo
3154 5677 3369 5725 Structus
3411 5679 3535 5726 sunt
3556 5668 3739 5728 eidem

2140 5757 2441 5815 Commodo
2470 5757 2698 5828 insidia},
2725 5759 2917 5831 quibus
2944 5777 2977 5815 a
3008 5758 3271 5828 Narcisso,
3302 5759 3502 5818 athleta
3523 5802 3539 5830 ,
3572 5772 3633 5819 ut
3657 5762 3736 5819 ait

2144 5850 2449 5926 Xiphilimts
2473 5849 2680 5928 (Diom,
2728 5851 2898 5925 Epit.,
2920 5868 3039 5927 pag.
3065 5850 3172 5914 584
3196 5862 3244 5912 et
3268 5853 3453 5928 seqq),
3477 5854 3563 5913 vel
3584 5855 3739 5914 sicut
