4050 6350
213 360 335 427 “ibi

1327 364 1779 427 DISSERTATIO
1829 367 1893 426 D.
1934 365 2023 427 LE
2060 368 2371 431 NOURRY.

3363 381 3513 441 1962

213 481 386 539 scribit
413 481 746 540 Herodianus
775 482 1112 557 (Herculum,
1142 484 1281 543 Hist.
1311 489 1401 545 lib.
1454 487 1498 557 Ι,
1528 507 1649 564 pag.
1679 488 1794 546 t86
1828 489 1883 551 Α
1906 495 2162 564 sanguine
2206 496 2476 567 conjuncti
2516 509 2705 554 sumus
2730 492 2931 570 ,"quos
2976 498 3193 571 quidem
3216 501 3489 573 cupimus

216 584 258 630 et
281 574 437 649 seqq.)
458 618 473 644 ,
513 595 544 630 a
571 575 814 634 Narcisso
839 579 1026 635 audaci
1056 595 1119 637 ac
1147 591 1367 638 strenuo
1394 582 1737 642 adolescente
1763 625 1783 654 ,

219 671 322 727 sive
366 673 816 742 quemadmodum
858 686 1044 731 narrat
1090 675 1343 734 Aurelius
1392 677 1575 736 Victor
1622 681 1796 754 (Aur.

229 761 373 832 Vict.,
400 766 452 819 in
468 764 580 820 Vita
600 766 915 839 Commod.),
940 770 1251 825 validissimo
1276 770 1485 837 athleta,
1513 786 1609 828 seu
1634 773 1805 830 veluti

220 855 550 928 Lampridius
588 858 923 925 testiﬁcatur,
957 877 1045 932 per
1071 862 1309 918 athletam
1339 879 1452 919 eum
1476 904 1492 933 ,
1529 881 1629 936 quo
1658 882 1798 921 exer-

222 949 315 1002 ceri
358 950 546 1004 solebat
576 949 891 1022 (Lamprid.,
929 954 985 1007 in
1023 952 1136 1009 Vita
1173 954 1461 1026 Commod.,
1502 976 1624 1031 pag.
1650 961 1803 1032 515),

221 1041 535 1109 compressis
566 1040 813 1099 faucibus
841 1047 1205 1117 strangulatus
1232 1059 1334 1106 est.

286 1132 445 1187 Addit
473 1132 830 1192 Tcrtulliunus
854 1138 990 1194 alios
1016 1154 1228 1212 quoque
1270 1141 1516 1202 ethnicos
1551 1158 1672 1203 esse
1708 1160 1808 1218 pu-

223 1222 383 1279 blicos
407 1223 621 1291 hostes,
650 1243 882 1300 reosque
908 1232 1224 1303 maiestatis,
1251 1237 1340 1307 qui
1368 1238 1422 1291 in
1452 1238 1702 1308 palatium
1727 1241 1807 1294 ir-

226 1330 466 1389 rumpunt
495 1319 851 1393 (Tertullian.,
881 1324 1291 1400 Apologct.,cap
1312 1331 1403 1397 35,
1434 1350 1555 1403 pag.
1587 1333 1743 1406 457),
1774 1334 1808 1390 ii

227 1407 467 1466 videlicet
490 1412 790 1482 perduelles
813 1416 1013 1485 sicarii,
1033 1435 1062 1472 a
1081 1419 1274 1490 quibus
1287 1422 1574 1478 crudeliter
1599 1426 1812 1481 occisus

225 1514 300 1559 cat
337 1503 591 1560 Perlinax
631 1506 952 1579 imperator,
991 1514 1443 1582 quemadmodum
1472 1517 1812 1575 Herodianus

230 1594 561 1670 (Heracliam,
592 1598 680 1653 lib.
717 1598 761 1653 ll
784 1600 946 1672 Hist.,
972 1622 1095 1678 pag.
1127 1605 1254 1679 598)
1274 1649 1289 1673 ,
1321 1608 1811 1685 Capitolinus(Ca-

226 1690 375 1761 pitol,
429 1691 483 1745 in
534 1689 637 1745 Vit.
665 1691 887 1762 Pertin.,
917 1713 972 1767 ρ.
1004 1696 1153 1771 518),
1182 1714 1243 1754 ac
1272 1698 1574 1771 Xiphilinus
1600 1687 1810 1777 (Diona

228 1780 388 1854 Epit.,
420 1800 541 1854 pag.
572 1784 725 1856 590),
758 1787 946 1845 litteris
971 1792 1374 1861 consiguarunt.
1405 1796 1469 1848 At
1499 1796 1583 1863 hi,
1616 1797 1810 1868 inquit,

1905 605 2025 646 esse
2063 589 2360 646 incolumes
2388 607 2401 643 :
2434 590 2539 645 alia
2567 604 2696 647 vero
2737 592 3024 661 seruitutis,
3069 593 3223 665 cujus
3254 596 3441 665 jugum
3465 636 3481 665 ,

1905 684 2116 741 sublato
2144 683 2364 741 domino
2384 726 2400 751 ,
2438 683 2663 756 quilibet
2695 699 2883 742 servus
2909 687 3017 741 cito
3042 686 3201 743 citius
3236 686 3505 747 discutere

1906 787 2146 848 exoptat.
2177 778 2350 834 Tuum
2390 785 2572 833 tamen
2613 791 2681 833 ne
2722 776 3001 834 induxeris
3037 780 3089 834 in
3133 780 3374 836 animum
3401 782 3511 851 pri-
3620 837 3627 843 _

1907 884 2051 927 mam
2077 871 2145 927 de
2172 871 2595 942 propinquorum
2621 870 2794 927 salute
2818 871 3265 930 consultationem
3293 873 3510 931 Tertul-

1910 963 2055 1020 liano
2074 965 2309 1035 probari.
2344 963 2460 1019 Non
2488 963 2636 1019 aliud
2666 965 2863 1035 quippe
2887 964 3183 1036 signiﬁcat,
3202 967 3310 1022 nisi
3332 975 3513 1037 poste-

1910 1058 2112 1111 riorem
2145 1056 2212 1111 de
2239 1054 2511 1111 Caesarum
2538 1055 2755 1111 interitu
2779 1070 2904 1112 esse
2934 1055 3036 1112 hac
3066 1056 3223 1128 longe
3246 1058 3512 1128 peiorem.

1911 1147 2115 1224 Omnes
2143 1149 2420 1206 enimvero
2460 1163 2738 1220 magorum
2776 1149 3198 1206 consultationes
3228 1150 3387 1221 plane
3416 1167 3512 1222 pe-

1924 1242 2175 1312 nitusque
2262 1239 2625 1307 condemnat,
2702 1250 2888 1311 utpote
2935 1243 3001 1296 ab
3052 1242 3258 1313 Angelis
3282 1282 3297 1308 ,
3345 1243 3519 1314 inquit

1915 1333 2142 1407 (Ibid.),
2185 1335 2554 1403 desertoribus,
2587 1345 2644 1391 ut
2672 1350 2832 1407 supra
2864 1335 3115 1403 vidimus,
3177 1337 3437 1407 proditas,
3470 1344 3518 1392 et

1915 1445 1947 1481 a
1973 1425 2085 1481 Deo
2111 1426 2405 1481 interdictas
2429 1426 2635 1499 (Supr.,
2667 1436 2767 1482 art.
2799 1427 2880 1498 5).

1984 1519 2120 1588 Quis
2144 1532 2311 1592 porro
2338 1532 2445 1574 non
2478 1520 2693 1577 horreat
2735 1521 3021 1577 immanem
3054 1520 3247 1577 borum
3272 1521 3519 1579 ninnium

1917 1612 2195 1684 perﬁdiam
2216 1655 2228 1675 .
2257 1614 2351 1684 qui
2392 1614 2484 1668 sub
2523 1615 2636 1685 ipsa
2672 1596 2835 1686 usque
2866 1615 3143 1683 impietatis
3168 1616 3438 1685 eruptione
3472 1622 3522 1669 et

1917 1720 2063 1761 suam
2106 1704 2360 1778 faciebant
2389 1721 2484 1776 pro
2508 1707 2675 1761 salute
2700 1705 3041 1778 imperatoris.
3064 1744 3078 1761 .
3103 1748 3116 1762 .
3140 1745 3153 1760 .
3172 1715 3231 1760 ut
3256 1714 3372 1761 vota
3395 1716 3521 1778 pro-

1918 1798 2031 1869 pria
2050 1799 2166 1869 jam
2192 1798 2441 1853 edim-ent
2460 1800 2517 1853 in
2542 1798 2735 1866 aliena,
2760 1799 3010 1854 nimirum
3038 1799 3402 1869 imperatoris,
3429 1814 3519 1854 so-

227 1878 422 1932 A'uclor
446 1889 649 1947 noster,
673 1882 904 1937 omnibus
926 1883 1139 1956 Sigeriis
1158 1896 1309 1957 atque
1334 1886 1629 1946 Partheniis
1648 1880 1895 1953 nuda-‘3
1924 1890 2207 1963 (comitate,
2236 1901 2284 1945 et
2309 1890 2597 1962 exemplum
2623 1900 2771 1962 atque
2794 1891 3067 1963 imminent
3096 1892 3204 1962 spei
3238 1898 3347 1948 sua:
3367 1892 3524 1947 inau-

228 1968 381 2023 ciores
408 1969 761 2039 (Tertullian.,
797 1975 893 2029 loc.
924 1978 1063 2048 cit.),
1090 1993 1122 2033 a
1152 1980 1347 2050 quibus
1373 1982 1580 2039 scilicet
1604 1984 1814 2041 occisus

229 2060 324 2117 fuit
370 2063 703 2120 Domitianus
747 2066 1077 2140 imperator,
1126 2072 1267 2127 sicut
1308 2074 1437 2130 alibi
1483 2076 1817 2133 ostendimus

239 2144 507 2224 (Dissertat
536 2161 607 2225 ,in
634 2157 762 2212 Luc.
789 2161 986 2228 Ctvcil.,
1009 2179 1125 2235 cap.
1149 2163 1205 2231 ϐ,
1230 2175 1335 2220 art.
1366 2166 1449 2239 2).
1478 2168 1818 2241 Quapropter

231 2248 354 2303 nihil
385 2252 540 2307 nobis
566 2263 814 2323 superest
836 2256 1253 2327 observandum,
1278 2261 1381 2316 nisi
1410 2276 1475 2317 ea
1496 2263 1817 2322 Tertulliani

229 2344 384 2398 verba
417 2345 574 2415 plane
612 2347 922 2419 incorrupta
954 2365 1059 2405 non
1091 2352 1281 2407 videri.
1325 2352 1380 2408 lu
1427 2356 1821 2427 antiquioribus

230 2438 366 2493 enim
408 2440 606 2495 nostris
629 2440 904 2497 eodicibus
942 2442 1171 2521 habetur
1210 2455 1283 2500 tot
1330 2447 1579 2518 Sigeriis,
1620 2449 1673 2504 in
1702 2451 1822 2521 qui.

229 2528 449 2585 busdam
491 2531 848 2602 editionibus,
899 2517 1219 2604 Stepltanis;
1271 2517 1408 2593 haud
1453 2540 1648 2609 dubie,
1695 2517 1820 2613 quia

231 2620 513 2681 Suetonius
534 2626 801 2698 (Sueton.,
824 2628 915 2683 lib.
941 2628 1077 2698 VIII,
1100 2630 1154 2685 in
1187 2629 1300 2685 Vita
1322 2630 1633 2703 Domitiam,
1655 2633 1686 2706 δ
1708 2636 1818 2708 I7),

231 2718 372 2773 nulla
402 2718 592 2803 Sigerii
620 2720 759 2777 facta
785 2724 1080 2790 mentione,
1113 2736 1294 2781 narrat
1324 2726 1682 2784 Domitianum
1703 2731 1820 2800 prl-

232 2826 319 2866 mo
342 2813 556 2883 quidem
586 2813 887 2870 sauciatum
914 2815 1081 2872 fuisse
1107 2833 1137 2873 a
1165 2817 1458 2889 Stephano,
1487 2835 1549 2876 ac
1574 2832 1762 2893 postea
1791 2838 1824 2879 ι

232 2903 528 2972 Clodiano,
581 2906 868 2965 Parthenio
913 2918 967 2966 et
1013 2910 1228 2968 Saturio
1280 2912 1681 2986 interemptum.
1711 2916 1822 2974 Sed

233 2994 373 3051 dictu
395 2996 650 3068 dilﬁcile,
685 3014 786 3055 cur
809 3001 880 3058 ibi
911 3004 1170 3059 omissum
1199 3003 1357 3062 fuerit
1382 3020 1579 3063 nomen
1606 3007 1821 3080 Sigerii,

134 3102 145 3109 ‘
232 3091 384 3161 cujus
427 3091 627 3149 diserte
654 3094 900 3150 meminit
927 3112 1031 3152 non
1060 3098 1221 3153 modo
1243 3098 1549 3175 Xiphi‘linus
1570 3101 1821 3173 (Xiphil.,

233 3184 350 3252 epit.
384 3182 568 3255 Diom,
598 3204 719 3259 pag.
746 3186 902 3261 535),
928 3204 1110 3246 verum
1138 3193 1300 3247 etiam
1330 3192 1589 3249 Martialis
1612 3195 1825 3253 duobus

238 3276 322 3335 his
349 3280 675 3337 carminibus
703 3300 717 3334 :

387 3388 451 3447 Et.
477 3407 616 3446 sacro
636 3396 808 3449 decies
820 3401 1011 3510 repetis
1035 3402 1216 3463 palatia
1243 3403 1367 3455 clivo

449 3458 773 3510 Sigeriosuue
791 3475 871 3510 mo
905 3476 977 3510 os.
1001 3463 1362 3510 Parthenium“

449 3458 773 3523 Sigeriosque
791 3458 977 3523 modos,
1000 3458 1397 3530 Partheniosque
1418 3478 1577 3518 sonas.

839 3546 1082 3611 (Martial.
1106 3546 1188 3599 lib.
1217 3557 1288 3612 IV,
1310 3548 1548 3616 epigram.
1571 3551 1675 3617 79.)

240 3649 424 3731 l’aleat
447 3666 576 3724 ergo
606 3650 821 3709 Heraldi
850 3655 1192 3725 coitjectura,
1221 3658 1312 3727 qui
1336 3660 1569 3729 primum
1609 3659 1829 3731 quidem

233 3727 537 3815 suspicatus
565 3757 651 3803 est
678 3748 730 3803 in
768 3748 1082 3804 Tertulliani
1118 3760 1262 3807 textu
1294 3727 1579 3823 legendum
1612 3727 1829 3826 Sergiis,

174 3842 181 3845 ’
234 3848 293 3894 et
318 3840 531 3908 melius,
565 3841 638 3896 uti
667 3842 780 3911 ipse
807 3842 914 3909 ait,
962 3843 1219 3915 deinceps
1249 3849 1546 3914 consultus,
1579 3847 1824 3916 ϐῆτ’-εἰσ,

232 3941 329 3987 aut
353 3931 617 3990 Corneliis.
646 3933 787 3989 Nam»
808 3935 892 3990 his
922 3936 1241 3995 lectionibus
1270 3940 1587 3996 adversatur
1617 3951 1833 3998 nostro-

196 4066 218 4082 .
233 4041 359 4081 rum
384 4027 623 4082 melioris
651 4035 791 4083 uotae
814 4027 1058 4085 codicum
1087 4029 1402 4087 conﬁrmata
1423 4031 1678 4088 Martialis
1697 4033 1834 4091 alio-

233 4133 463 4188 rumque
489 4119 797 4175 testimouio
824 4121 1134 4177 auctoritas.

306 4211 576 4269 Praeterea
620 4213 984 4270 Tertullianus
1033 4227 1305 4273 asseverat
1350 4218 1481 4275 illos
1522 4221 1682 4276 etiam
1731 4236 1831 4292 pu-

238 4304 414 4361 blicos
466 4305 650 4361 hostes
694 4321 816 4362 esse
863 4324 876 4360 :
913 4307 1016 4375 Qui
1056 4324 1193 4363 nunc
1236 4311 1561 4365 scelestarum
1605 4313 1834 4381 partium

233 4401 362 4456 socii
420 4411 511 4456 aut
576 4403 839 4473 plausores
879 4403 1106 4474 quotidie
1144 4404 1432 4460 revelantur
1465 4405 1832 4477 (Tertullian.,

233 4493 533 4566 Apologet.,
561 4512 676 4566 cap.
708 4496 802 4564 35,
838 4512 963 4568 pag.
1005 4494 1153 4569 £58).
1184 4497 1251 4552 Et
1277 4508 1422 4554 certe
1459 4499 1568 4570 jam
1606 4513 1640 4554 a
1676 4501 1841 4556 nobis

233 4603 401 4660 supra
452 4589 666 4662 (Supr.,
698 4607 815 4661 cap.
841 4590 898 4653 2,
930 4601 1027 4645 art.
1055 4590 1113 4663 2)
1144 4600 1466 4647 annotatum
1495 4596 1578 4648 est
1602 4592 1688 4649 his
1714 4610 1835 4650 ver-

1918 1991 2161 2053 gurarent
2182 2023 2199 2048 ,
2242 1999 2425 2038 nomen
2448 1984 2697 2054 principis
2724 1984 2777 2039 in
2807 1985 2961 2039 corde
2988 1992 3239 2039 mutantes
3276 1982 3523 2057 (Tertul-

1919 2076 2070 2143 lian.,
2102 2077 2394 2149 Apologet.,
2426 2094 2473 2132 c.
2505 2079 2605 2146 55,,
2632 2096 2688 2150 p.
2718 2078 2877 2150 459),
2924 2079 2978 2134 id
3021 2087 3123 2145 est,
3154 2081 3275 2135 Iicta
3300 2093 3524 2152 prorsus

1919 2184 2019 2241 pro
2055 2168 2231 2224 salute
2262 2169 2641 2241 imperatoris,
2669 2187 2732 2227 ac
2763 2187 2889 2229 vera
2923 2187 3019 2243 pro
3054 2173 3197 2229 illius
3236 2184 3445 2241 morte,
3475 2184 3529 2230 et

1920 2263 2169 2333 proxime
2188 2262 2307 2334 eius
2332 2278 2649 2321 successore
2677 2274 2798 2320 vota
2825 2275 3195 2336 nuucupantes
3212 2302 3228 2331 ,
3259 2266 3402 2322 illius
3429 2282 3530 2322 no-

1921 2372 2045 2413 men
2084 2371 2179 2412 ore
2210 2369 2387 2422 tenus,
2418 2359 2644 2414 alterius
2666 2366 2846 2414 autem
2880 2359 3071 2415 intimo
3104 2359 3271 2415 corde
3288 2360 3528 2431 appella-

1922 2450 2092 2506 bant?
2121 2450 2259 2518 Quid
2284 2444 2467 2507 autem
2495 2451 2594 2507 hac
2618 2450 2843 2522 perﬁdia
2872 2451 3047 2523 magis
3072 2451 3444 2507 detestandum
3468 2452 3491 2507 ἲ

1996 2543 2174 2599 Mirari
2204 2545 2383 2615 itaque
2406 2547 2539 2599 satis
2563 2558 2669 2600 non
2694 2559 2985 2615 possumus
3016 2546 3379 2601 temeritatem
3408 2544 3528 2602 eth-

1925 2633 2190 2703 nicorum,
2214 2634 2303 2707 qni
2329 2651 2449 2691 cum
2473 2644 2553 2691 tot
2577 2636 2835 2706 exemplis
2857 2635 3043 2691 hostes
3067 2636 3283 2707 publici,
3308 2645 3361 2691 et
3389 2636 3532 2692 laesa:

1926 2725 2223 2798 maiestatis
2252 2728 2330 2784 rei
2370 2728 2606 2797 iuerint,
2644 2728 2868 2799 hujusce
2906 2729 3148 2786 criminis
3198 2727 3533 2787 Christianos

1927 2818 2088 2890 plane
2108 2820 2430 2877 innocentes
2458 2820 2925 2892 impudentissime
2964 2820 3313 2877 accusabant.
3343 2820 3535 2876 Nullus

1926 2910 2202 2969 enimvero
2258 2913 2398 2969 inter
2458 2921 2540 2968 tot
2596 2912 2899 2983 perduelles
2950 2912 3241 2984 hostesque
3291 2913 3534 2984 publicos

1929 3003 2252 3062 christianos
2314 3021 2549 3077 unquam
2589 3005 2962 3076 deprehensus
3008 3015 3113 3062 est.
3165 3006 3426 3074 Quocirca
3466 3005 3537 3061 ad

1929 3095 2212 3168 Scapulam
2255 3099 2447 3153 Africa:
2480 3096 2768 3169 priusidem
2813 3099 2930 3153 lucc
2958 3097 3319 3153 Tcrtulliauus
3348 3106 3533 3153 uoster

1930 3190 2146 3259 scripsit
2181 3190 2233 3244 iu
2264 3190 2423 3246 verba
2459 3207 2472 3245 :
2509 3188 2659 3245 Circa
2687 3190 2997 3261 maiestatem
3022 3190 3345 3262 imperatoris
3394 3189 3535 3259 infa-

1854 3287 1901 3352 α
1938 3294 2162 3336 utamur.
2238 3290 2408 3336 tamen
2448 3297 2713 3351 nunquam
2756 3281 3054 3348 Albiniaui,
3100 3297 3190 3336 nec
3252 3280 3533 3353 Nigrini,

1933 3374 2012 3428 vel
2054 3372 2286 3428 Cassiani
2324 3374 2543 3428 inveniri
2578 3382 2857 3444 potuerunt
2898 3372 3203 3439 christiani;
3252 3372 3341 3428 sed
3381 3373 3538 3428 iidem

1934 3464 2051 3536 ipsi,
2078 3467 2167 3536 qui
2189 3481 2281 3535 per
2309 3465 2482 3536 genios
2510 3481 2704 3531 eorum,
2733 3466 2873 3520 sicut
2900 3479 3059 3534 supra
3084 3463 3451 3531 ostendimus,
3483 3464 3538 3520 iu

1935 3557 2103 3627 pridie
2126 3573 2284 3628 usque
2298 3557 2624 3627 juraverant,
2652 3558 2740 3628 qui
2764 3573 2860 3628 pro
2885 3557 3047 3611 salute
3072 3573 3251 3612 eorum
3274 3556 3467 3612 hostias
3492 3566 3540 3611 et

1937 3650 2163 3720 fecerant
2190 3659 2237 3704 et
2270 3659 2528 3716 voverant,
2558 3651 2643 3717 qui
2661 3648 2977 3704 Christianos
2996 3665 3134 3718 περι
3154 3651 3537 3717 damnaverant,

1936 3739 2103 3796 hostes
2122 3757 2299 3795 eorum
2325 3750 2440 3795 sunt
2464 3741 2674 3811 reperti.
2700 3740 3020 3797 Christianus
3047 3742 3239 3798 nullius
3260 3751 3332 3797 est
3353 3742 3535 3810 hostis,

1942 3833 2127 3888 nedum
2174 3833 2530 3904 imperatoris,
2571 3850 2719 3906 quem
2758 3836 2919 3890 sciens
2957 3851 2989 3888 a
3015 3834 3123 3890 Deo
3167 3836 3536 3904 constitutum,

1937 3944 2137 3984 necesse
2162 3936 2233 3983 est
2260 3938 2312 3983 ut
2341 3937 2388 3982 et
2416 3928 2584 4001 ipsum
2604 3928 2806 3999 diligat,
2830 3937 2876 3982 et
2905 3938 3207 3997 revereatur,
3226 3937 3271 3983 et
3297 3930 3538 3997 honoret,

1936 4034 1984 4078 et
2025 4024 2226 4078 salvum
2276 4024 2394 4079 velit
2419 4040 2538 4078 cum
2566 4032 2673 4077 toto
2698 4038 2912 4078 romano
2939 4022 3149 4097 imperio
3199 4024 3220 4096 (
3241 4012 3410 4091 Idem,
3447 4024 3536 4081 lib.

1938 4119 2008 4174 ad
2053 4102 2297 4190 Scapul.,
2348 4135 2463 4191 cap.
2508 4118 2590 4190 2).
2628 4117 2740 4174 Sed
2776 4117 2893 4174 hare
2940 4104 3073 4174 satis
3118 4132 3148 4172 a
3188 4118 3344 4175 nobis
3380 4132 3542 4189 supra

1942 4212 2227 4284 explanata
2274 4222 2419 4267 sunt.
2781 4287 2784 4291 .

2013 4305 2143 4360 Tam
2175 4320 2301 4362 vera
2332 4306 2512 4377 itaque
2557 4313 2711 4361 erant
2738 4305 3162 4385 Christianorum
3183 4319 3283 4375 pro
3310 4303 3542 4374 impera-

1941 4404 2115 4452 torum
2156 4397 2367 4465 salute,
2405 4412 2565 4467 quam
2607 4396 2740 4451 falsa
2768 4395 3045 4468 gentilium
3079 4405 3240 4464 vota,
3286 4410 3349 4451 ac
3394 4402 3542 4450 tanto

1940 4487 2118 4543 studio
2147 4498 2200 4543 et
2230 4487 2435 4543 honore
2465 4488 2821 4558 imperatores
2850 4488 3120 4556 colebant,
3149 4495 3349 4558 quanto
3380 4486 3539 4543 iidem

1940 4580 2139 4636 ethnici
2164 4580 2290 4636 odio
2315 4595 2410 4636 eos
2432 4580 2917 4652 prosequebantur.
2950 4581 3166 4638 Etenim
3190 4583 3349 4655 pietas
3373 4591 3419 4635 et
3446 4597 3532 4646 re-

234 4681 329 4739 δίε
354 4681 622 4752 designari
649 4682 888 4738 Albianae
917 4682 1166 4739 factionis
1195 4685 1446 4740 conscios
1465 4684 1824 4757 fautoresque,

1944 4675 2067 4747 ligio
2098 4685 2144 4730 et
2176 4676 2324 4744 ﬁdes,
2356 4676 2526 4747 inquit
2554 4677 2754 4732 Auctor
2780 4687 2983 4745 noster,
3034 4674 3422 4745 imperatoribus
3449 4675 3540 4730 de-

233 4772 414 4838 quiin
455 4773 641 4829 Severi
684 4774 1022 4844 imperatoris
1067 4776 1358 4846 perniciem
1399 4776 1833 4849 coniuraverant.

234 4862 460 4920 Plenius
482 4874 699 4937 quoque
723 4864 853 4920 illud
894 4865 967 4921 ibi
1006 4866 1405 4923 enucleavimus
1427 4886 1443 4937 ;
1467 4870 1609 4941 quod
1636 4870 1839 4926 Auctor

234 4964 430 5012 noster
455 4957 649 5029 adjecit
678 4975 691 5013 :
722 4957 917 5013 Eadem
941 4960 1109 5030 ofﬁcia
1136 4959 1453 5031 dependunt,
1485 4970 1532 5016 et
1558 4963 1646 5033 qui
1674 4972 1838 5018 astro-

235 5050 387 5123 logos
423 5061 470 5105 et
507 5054 796 5123 aruspices,
843 5062 890 5108 et
939 5070 1186 5126 augures,
1216 5064 1262 5110 et
1288 5071 1466 5127 πωροι
1492 5056 1559 5111 de
1581 5056 1838 5111 Gnarum

233 5144 408 5217 capite
437 5148 729 5201 consultant
775 5146 1153 5220 (Tertullian.,
1210 5149 1309 5204 loc.
1343 5149 1480 5222 ait).
1535 5149 1646 5204 Cur
1695 5151 1840 5206 enini

234 5251 342 5295 eos
398 5247 544 5295 tanta
596 5240 905 5296 curiositate
965 5242 1363 5311 consulebant,
1416 5243 1515 5300 nisi
1568 5243 1690 5315 quia
1753 5252 1846 5300 aut

233 5332 557 5404 cegitabant
603 5332 672 5389 de
721 5332 897 5388 futura
940 5334 1219 5390 C(esarum
1245 5344 1457 5402 morte,
1507 5348 1667 5407 quam
1698 5346 1844 5393 certe

233 5426 533 5496 cupiebant
584 5426 730 5483 brevi
787 5433 1030 5497 tempore
1080 5425 1334 5482 futuram.
1372 5426 1523 5483 Nam
1553 5428 1843 5485 continen-

234 5524 331 5577 ter
386 5520 482 5583 ille
536 5519 671 5576 dixit
727 5537 743 5575 :
793 5519 917 5575 Non
951 5536 1011 5575 ea
1071 5530 1236 5575 mente
1295 5520 1359 5575 de
1396 5521 1600 5586 charis,
1634 5521 1697 5593 id
1724 5531 1842 5592 est,

234 5615 658 5685 consanguineis
699 5622 859 5684 atque
910 5614 1261 5683 parentibus,
1307 5614 1623 5680 consulitur,
1653 5630 1756 5685 qua
1778 5615 1847 5670 de

236 5708 466 5762 dominis
494 5705 832 5779 (Tertullian.
855 5747 870 5772 ,
894 5705 991 5761 loc.
1015 5706 1099 5760 cit.
1127 5723 1249 5778 pag.
1280 5706 1417 5777 £59)
1437 5748 1451 5771 ,
1476 5722 1611 5778 quos
1630 5707 1846 5764 sincere

234 5806 358 5857 nun
734 5798 811 5855 De
856 5797 1041 5871 primis
1083 5797 1347 5870 siquidem
1393 5800 1601 5855 curiosa
1638 5810 1742 5868 est,
1771 5801 1846 5858 ait

230 5889 371 5962 ille,
416 5888 703 5950 sollicitudo
732 5890 1030 5964 unguntis,
1073 5889 1176 5951 hoc
1203 5901 1323 5960 est,
1362 5889 1611 5961 illorum,
1646 5892 1843 5966 quibus

1944 4771 2066 4838 bita,
2100 4787 2201 4827 non
2229 4771 2282 4825 in
2307 4769 2602 4842 hujusmodi
2653 4770 2829 4840 ofﬁciis
2853 4770 3113 4836 consistit,
3140 4770 3318 4840 quibus
3344 4768 3543 4823 hostili-

1944 4875 2022 4920 tas
2050 4865 2217 4936 tuagis
2240 4866 2308 4919 ad
2337 4865 2674 4920 velamentum
2696 4864 2776 4920 sui
2799 4873 2960 4937 potest
2989 4849 3135 4935 fungi
3162 4862 3368 4935 (Idem,
3401 4846 3545 4932 Apo-

1945 4959 2121 5029 loget.,
2163 4973 2278 5028 cap.
2318 4957 2408 5023 36,
2438 4975 2491 5029 p.
2520 4957 2684 5027 460),
2727 4954 2779 5011 id
2822 4965 2946 5023 est,
2996 4955 3189 5026 quibus
3218 4953 3405 5027 religio
3445 4953 3546 5011 sub

1945 5041 2216 5108 umbratili
2250 5049 2398 5106 falsa:
2424 5052 2638 5121 pietatis
2664 5051 2811 5106 larva
2839 5058 3018 5122 potest
3040 5049 3307 5121 perﬁdum
3326 5091 3342 5116 ,
3373 5050 3577 5115 hosti-~

1947 5147 2160 5216 lemque
2180 5144 2458 5201 occultare
2482 5144 2740 5199 animum.
2771 5145 2842 5198 At
2887 5143 3058 5214 pietas
3100 5153 3154 5200 et
3193 5144 3381 5216 religio
3410 5143 3545 5199 rosi-

1949 5238 2041 5295 dct
2079 5239 2136 5293 in
2184 5238 2246 5292 iis
2274 5237 2526 5299 moribus.
2553 5235 2736 5307 quibus
2762 5235 2979 5291 civilitas
3012 5244 3115 5290 tam
3150 5251 3265 5291 vere
3306 5236 3358 5290 in
3389 5237 3547 5307 impe-

1947 5342 2192 5397 ratorem,
2216 5347 2369 5402 quam
2406 5330 2541 5384 circa
2575 5346 2745 5384 omnes
2781 5328 2927 5384 liabet
2948 5328 3194 5383 exhiberi.
3225 5328 3298 5383 lta
3328 5327 3545 5400 quidem

1947 5439 2015 5481 ex
2060 5424 2380 5482 Woveriano
2425 5422 2648 5489 codice,
2692 5431 2747 5478 ct
2793 5422 3108 5494 quibusdam
3156 5414 3547 5478 recentioribus

1947 5517 2296 5575 editionibus.
2328 5516 2384 5572 In
2409 5515 2804 5595 antiquioribus
2831 5529 2962 5571 vero
2988 5557 3007 5582 ,
3037 5524 3093 5571 et
3121 5515 3320 5570 nostris
3348 5514 3545 5570 codici-

1946 5614 2047 5671 bus
2076 5598 2449 5681 manuscriptis
2477 5610 2692 5682 legitur,
2726 5610 2791 5666 iis
2816 5609 3038 5665 moribus
3055 5651 3073 5677 ,
3095 5607 3274 5681 quibus
3298 5606 3542 5663 divinitas

1944 5706 2182 5777 imperat,
2212 5715 2314 5759 tant
2338 5720 2470 5772 vere,
2496 5690 2647 5773 quam
2669 5704 2808 5759 circa
2832 5718 3025 5770 omnes,
3048 5698 3377 5773 etc.(lbid.).
3401 5697 3547 5755 Non-

1947 5813 2018 5857 ne
2043 5805 2221 5856 autem
2269 5804 2348 5853 tot
2384 5796 2695 5854 vetustioris
2731 5794 3077 5867 meliorisque
3120 5802 3260 5850 notat
3298 5789 3545 5849 codicum

1946 5892 2236 5953 auctoritas
2266 5889 2518 5966 majoris,
2550 5905 2710 5966 quam
2741 5891 2899 5951 unius
2935 5887 3270 5961 Woveriani,
3304 5896 3388 5947 est
3416 5899 3548 5962 pcn-
