  <div class='ocr_page' id='page_1' title='image "/cluster/home/n/w/nwhite01/storage/ocr_20150623/1/hvd.32044015466733/557.png"; bbox 0 0 4076 6356; ppageno 0'>
   <div class='ocr_carea' id='block_1_1' title="bbox 3839 140 4054 209">
    <p class='ocr_par' dir='ltr' id='par_1_1' title="bbox 3839 140 4054 209">
     <span class='ocr_line' id='line_1_1' title="bbox 3839 140 4054 209; baseline 0.005 -36"><span class='ocrx_word' id='word_1_1' title='bbox 3839 140 4054 209; x_wconf 63' lang='grc' dir='ltr'><strong>η...</strong></span> 
     </span>
    </p>
   </div>
   <div class='ocr_carea' id='block_1_2' title="bbox 551 388 2102 463">
    <p class='ocr_par' dir='ltr' id='par_1_2' title="bbox 551 388 2102 456">
     <span class='ocr_line' id='line_1_2' title="bbox 551 388 2102 456; baseline -0.002 0"><span class='ocrx_word' id='word_1_2' title='bbox 551 396 692 456; x_wconf 75' lang='grc'><strong>1065</strong></span> <span class='ocrx_word' id='word_1_3' title='bbox 1637 396 1704 452; x_wconf 82' lang='grc' dir='ltr'><strong>ΙΝ</strong></span> <span class='ocrx_word' id='word_1_4' title='bbox 1739 388 2102 454; x_wconf 69' lang='grc' dir='ltr'><strong>ΤΕΒΤΙΠᾸΛΑ</strong></span> 
     </span>
    </p>
   </div>
   <div class='ocr_carea' id='block_1_3' title="bbox 2214 388 3864 463">
    <p class='ocr_par' dir='ltr' id='par_1_3' title="bbox 2239 391 3864 463">
     <span class='ocr_line' id='line_1_3' title="bbox 2239 391 3864 463; baseline 0.004 -9"><span class='ocrx_word' id='word_1_5' title='bbox 2239 393 2769 455; x_wconf 81' lang='lat' dir='ltr'><strong>APOLOGETICUM</strong></span> <span class='ocrx_word' id='word_1_6' title='bbox 3655 391 3660 393; x_wconf 5' lang='lat'><strong>8</strong></span> <span class='ocrx_word' id='word_1_7' title='bbox 3715 399 3864 463; x_wconf 74' lang='grc'><strong>1064</strong></span> 
     </span>
    </p>
   </div>
   <div class='ocr_carea' id='block_1_4' title="bbox 551 510 3856 584">
    <p class='ocr_par' dir='ltr' id='par_1_4' title="bbox 551 510 3856 584">
     <span class='ocr_line' id='line_1_4' title="bbox 551 510 3856 584; baseline 0.001 -14"><span class='ocrx_word' id='word_1_8' title='bbox 551 514 738 570; x_wconf 86' lang='lat' dir='ltr'><strong>deris?</strong></span> <span class='ocrx_word' id='word_1_9' title='bbox 773 512 953 583; x_wconf 86' lang='lat' dir='ltr'><strong>Neque</strong></span> <span class='ocrx_word' id='word_1_10' title='bbox 981 511 1180 567; x_wconf 77' lang='lat' dir='ltr'><strong>dixeris</strong></span> <span class='ocrx_word' id='word_1_11' title='bbox 1213 525 1408 567; x_wconf 88' lang='lat' dir='ltr'><strong>nomen</strong></span> <span class='ocrx_word' id='word_1_12' title='bbox 1438 510 1676 578; x_wconf 83' lang='lat' dir='ltr'><strong>civilitas,</strong></span> <span class='ocrx_word' id='word_1_13' title='bbox 1707 529 1813 582; x_wconf 90' lang='lat' dir='ltr'><strong>quo</strong></span> <span class='ocrx_word' id='word_1_14' title='bbox 1841 512 2035 568; x_wconf 86' lang='lat' dir='ltr'><strong>civium</strong></span> <span class='ocrx_word' id='word_1_15' title='bbox 2063 527 2152 567; x_wconf 83' lang='lat' dir='ltr'><strong>so-</strong></span> <span class='ocrx_word' id='word_1_16' title='bbox 2179 513 2231 574; x_wconf 79' lang='grc' dir='ltr'>Α</span> <span class='ocrx_word' id='word_1_17' title='bbox 2258 512 2574 582; x_wconf 82' lang='lat' dir='ltr'><strong>tiquioribus</strong></span> <span class='ocrx_word' id='word_1_18' title='bbox 2603 512 2759 567; x_wconf 91' lang='lat' dir='ltr'><strong>editis</strong></span> <span class='ocrx_word' id='word_1_19' title='bbox 2785 512 3012 581; x_wconf 80' lang='lat' dir='ltr'><strong>legimus</strong></span> <span class='ocrx_word' id='word_1_20' title='bbox 3033 553 3046 578; x_wconf 92' lang='lat'><strong>,</strong></span> <span class='ocrx_word' id='word_1_21' title='bbox 3080 514 3142 567; x_wconf 88' lang='lat' dir='ltr'><strong>de</strong></span> <span class='ocrx_word' id='word_1_22' title='bbox 3175 514 3495 584; x_wconf 82' lang='lat' dir='ltr'><strong>providentia</strong></span> <span class='ocrx_word' id='word_1_23' title='bbox 3530 526 3577 572; x_wconf 87' lang='lat' dir='ltr'><strong>et</strong></span> <span class='ocrx_word' id='word_1_24' title='bbox 3607 520 3856 574; x_wconf 74' lang='lat' dir='ltr'><strong>modestia</strong></span> 
     </span>
    </p>
   </div>
   <div class='ocr_carea' id='block_1_5' title="bbox 549 601 2140 676">
    <p class='ocr_par' dir='ltr' id='par_1_5' title="bbox 549 601 2140 676">
     <span class='ocr_line' id='line_1_5' title="bbox 549 601 2140 676; baseline 0 -14"><span class='ocrx_word' id='word_1_25' title='bbox 549 601 713 662; x_wconf 83' lang='lat' dir='ltr'><strong>cietas</strong></span> <span class='ocrx_word' id='word_1_26' title='bbox 766 616 820 661; x_wconf 91' lang='lat' dir='ltr'><strong>et</strong></span> <span class='ocrx_word' id='word_1_27' title='bbox 869 605 1154 660; x_wconf 91' lang='lat' dir='ltr'><strong>concordia</strong></span> <span class='ocrx_word' id='word_1_28' title='bbox 1208 605 1578 675; x_wconf 78' lang='lat' dir='ltr'><strong>signiticatur,</strong></span> <span class='ocrx_word' id='word_1_29' title='bbox 1634 606 1803 676; x_wconf 88' lang='lat' dir='ltr'><strong>magis</strong></span> <span class='ocrx_word' id='word_1_30' title='bbox 1851 607 2140 662; x_wconf 89' lang='lat' dir='ltr'><strong>convenire</strong></span> 
     </span>
    </p>
   </div>
   <div class='ocr_carea' id='block_1_6' title="bbox 547 697 2142 771">
    <p class='ocr_par' dir='ltr' id='par_1_6' title="bbox 547 697 2142 771">
     <span class='ocr_line' id='line_1_6' title="bbox 547 697 2142 771; baseline 0.001 -17"><span class='ocrx_word' id='word_1_31' title='bbox 547 697 863 754; x_wconf 73' lang='lat' dir='ltr'><strong>Tertulliani</strong></span> <span class='ocrx_word' id='word_1_32' title='bbox 895 699 1191 769; x_wconf 89' lang='lat' dir='ltr'><strong>proposito.</strong></span> <span class='ocrx_word' id='word_1_33' title='bbox 1215 699 1288 753; x_wconf 89' lang='lat' dir='ltr'><strong>De</strong></span> <span class='ocrx_word' id='word_1_34' title='bbox 1318 699 1558 754; x_wconf 90' lang='lat' dir='ltr'><strong>moribus</strong></span> <span class='ocrx_word' id='word_1_35' title='bbox 1606 701 1880 755; x_wconf 80' lang='lat' dir='ltr'><strong>enimvero</strong></span> <span class='ocrx_word' id='word_1_36' title='bbox 1911 701 2142 771; x_wconf 91' lang='lat' dir='ltr'><strong>loquitur</strong></span> 
     </span>
    </p>
   </div>
   <div class='ocr_carea' id='block_1_7' title="bbox 548 793 2141 865">
    <p class='ocr_par' dir='ltr' id='par_1_7' title="bbox 548 793 2141 865">
     <span class='ocr_line' id='line_1_7' title="bbox 548 793 2141 865; baseline -0.003 -15"><span class='ocrx_word' id='word_1_37' title='bbox 548 807 577 850; x_wconf 85' lang='lat' dir='ltr'><strong>a</strong></span> <span class='ocrx_word' id='word_1_38' title='bbox 611 793 721 849; x_wconf 89' lang='lat' dir='ltr'><strong>Deo</strong></span> <span class='ocrx_word' id='word_1_39' title='bbox 751 794 1024 865; x_wconf 83' lang='lat' dir='ltr'><strong>imperatis</strong></span> <span class='ocrx_word' id='word_1_40' title='bbox 1045 835 1059 858; x_wconf 90' lang='lat'><strong>,</strong></span> <span class='ocrx_word' id='word_1_41' title='bbox 1093 793 1286 862; x_wconf 79' lang='lat' dir='ltr'><strong>quibus</strong></span> <span class='ocrx_word' id='word_1_42' title='bbox 1316 793 1503 863; x_wconf 84' lang='lat' dir='ltr'><strong>religio</strong></span> <span class='ocrx_word' id='word_1_43' title='bbox 1533 803 1588 849; x_wconf 89' lang='lat' dir='ltr'><strong>ct</strong></span> <span class='ocrx_word' id='word_1_44' title='bbox 1630 795 1798 864; x_wconf 89' lang='lat' dir='ltr'><strong>pietas</strong></span> <span class='ocrx_word' id='word_1_45' title='bbox 1827 795 1878 847; x_wconf 90' lang='lat' dir='ltr'><strong>in</strong></span> <span class='ocrx_word' id='word_1_46' title='bbox 1910 795 2141 864; x_wconf 89' lang='lat' dir='ltr'><strong>impera-</strong></span> 
     </span>
    </p>
   </div>
   <div class='ocr_carea' id='block_1_8' title="bbox 549 885 2138 954">
    <p class='ocr_par' dir='ltr' id='par_1_8' title="bbox 549 885 2138 954">
     <span class='ocr_line' id='line_1_8' title="bbox 549 885 2138 954; baseline 0 -13"><span class='ocrx_word' id='word_1_47' title='bbox 549 895 720 942; x_wconf 75' lang='lat' dir='ltr'><strong>torem</strong></span> <span class='ocrx_word' id='word_1_48' title='bbox 776 901 1070 954; x_wconf 83' lang='lat' dir='ltr'><strong>omnesque</strong></span> <span class='ocrx_word' id='word_1_49' title='bbox 1137 885 1274 940; x_wconf 89' lang='lat' dir='ltr'><strong>alios</strong></span> <span class='ocrx_word' id='word_1_50' title='bbox 1329 886 1567 940; x_wconf 81' lang='lat' dir='ltr'><strong>exhiberi</strong></span> <span class='ocrx_word' id='word_1_51' title='bbox 1615 885 1791 940; x_wconf 85' lang='lat' dir='ltr'><strong>debet.</strong></span> <span class='ocrx_word' id='word_1_52' title='bbox 1835 885 1966 941; x_wconf 82' lang='lat' dir='ltr'><strong>Nam</strong></span> <span class='ocrx_word' id='word_1_53' title='bbox 2016 885 2138 941; x_wconf 90' lang='lat' dir='ltr'><strong>inde</strong></span> 
     </span>
    </p>
   </div>
   <div class='ocr_carea' id='block_1_9' title="bbox 546 977 2135 1050">
    <p class='ocr_par' dir='ltr' id='par_1_9' title="bbox 546 977 2135 1050">
     <span class='ocr_line' id='line_1_9' title="bbox 546 977 2135 1050; baseline -0.001 -14"><span class='ocrx_word' id='word_1_54' title='bbox 546 980 708 1036; x_wconf 87' lang='lat' dir='ltr'><strong>etiam</strong></span> <span class='ocrx_word' id='word_1_55' title='bbox 740 979 1046 1034; x_wconf 81' lang='lat' dir='ltr'><strong>evidentius</strong></span> <span class='ocrx_word' id='word_1_56' title='bbox 1074 977 1470 1033; x_wconf 83' lang='lat' dir='ltr'><strong>demonstratur</strong></span> <span class='ocrx_word' id='word_1_57' title='bbox 1514 978 1849 1034; x_wconf 87' lang='lat' dir='ltr'><strong>Christianos</strong></span> <span class='ocrx_word' id='word_1_58' title='bbox 1873 1021 1888 1046; x_wconf 95' lang='lat'><strong>,</strong></span> <span class='ocrx_word' id='word_1_59' title='bbox 1921 980 2010 1050; x_wconf 87' lang='lat' dir='ltr'><strong>qui</strong></span> <span class='ocrx_word' id='word_1_60' title='bbox 2046 979 2135 1035; x_wconf 89' lang='lat' dir='ltr'><strong>Dci</strong></span> 
     </span>
    </p>
   </div>
   <div class='ocr_carea' id='block_1_10' title="bbox 544 1070 2137 1142">
    <p class='ocr_par' dir='ltr' id='par_1_10' title="bbox 544 1070 2137 1142">
     <span class='ocr_line' id='line_1_10' title="bbox 544 1070 2137 1142; baseline 0 -15"><span class='ocrx_word' id='word_1_61' title='bbox 544 1073 624 1127; x_wconf 91' lang='lat' dir='ltr'><strong>sui</strong></span> <span class='ocrx_word' id='word_1_62' title='bbox 647 1071 854 1142; x_wconf 90' lang='lat' dir='ltr'><strong>legibus</strong></span> <span class='ocrx_word' id='word_1_63' title='bbox 883 1087 986 1126; x_wconf 93' lang='lat' dir='ltr'><strong>non</strong></span> <span class='ocrx_word' id='word_1_64' title='bbox 1016 1085 1204 1140; x_wconf 87' lang='lat' dir='ltr'><strong>parere</strong></span> <span class='ocrx_word' id='word_1_65' title='bbox 1226 1070 1376 1126; x_wconf 89' lang='lat' dir='ltr'><strong>nefas</strong></span> <span class='ocrx_word' id='word_1_66' title='bbox 1400 1070 1685 1136; x_wconf 85' lang='lat' dir='ltr'><strong>ducebant,</strong></span> <span class='ocrx_word' id='word_1_67' title='bbox 1715 1072 1928 1126; x_wconf 88' lang='lat' dir='ltr'><strong>sincero</strong></span> <span class='ocrx_word' id='word_1_68' title='bbox 1957 1071 2137 1128; x_wconf 91' lang='lat' dir='ltr'><strong>animo</strong></span> 
     </span>
    </p>
   </div>
   <div class='ocr_carea' id='block_1_11' title="bbox 545 1162 2136 1234">
    <p class='ocr_par' dir='ltr' id='par_1_11' title="bbox 545 1162 2136 1234">
     <span class='ocr_line' id='line_1_11' title="bbox 545 1162 2136 1234; baseline 0 -15"><span class='ocrx_word' id='word_1_69' title='bbox 545 1164 921 1234; x_wconf 79' lang='lat' dir='ltr'><strong>imperatorem</strong></span> <span class='ocrx_word' id='word_1_70' title='bbox 969 1162 1355 1229; x_wconf 86' lang='lat' dir='ltr'><strong>ltonoravissc,</strong></span> <span class='ocrx_word' id='word_1_71' title='bbox 1413 1177 1475 1217; x_wconf 90' lang='lat' dir='ltr'><strong>ac</strong></span> <span class='ocrx_word' id='word_1_72' title='bbox 1536 1162 1757 1232; x_wconf 85' lang='lat' dir='ltr'><strong>proinde</strong></span> <span class='ocrx_word' id='word_1_73' title='bbox 1810 1178 1908 1217; x_wconf 91' lang='lat' dir='ltr'><strong>nec</strong></span> <span class='ocrx_word' id='word_1_74' title='bbox 1955 1163 2136 1219; x_wconf 82' lang='lat' dir='ltr'><strong>hostes</strong></span> 
     </span>
    </p>
   </div>
   <div class='ocr_carea' id='block_1_12' title="bbox 550 1255 2094 1327">
    <p class='ocr_par' dir='ltr' id='par_1_12' title="bbox 550 1255 2094 1327">
     <span class='ocr_line' id='line_1_12' title="bbox 550 1255 2094 1327; baseline 0 -15"><span class='ocrx_word' id='word_1_75' title='bbox 550 1255 716 1313; x_wconf 88' lang='lat' dir='ltr'><strong>fuisse</strong></span> <span class='ocrx_word' id='word_1_76' title='bbox 747 1257 988 1327; x_wconf 88' lang='lat' dir='ltr'><strong>publicos</strong></span> <span class='ocrx_word' id='word_1_77' title='bbox 1011 1297 1027 1325; x_wconf 88' lang='lat'><strong>,</strong></span> <span class='ocrx_word' id='word_1_78' title='bbox 1061 1273 1158 1313; x_wconf 90' lang='lat' dir='ltr'><strong>nec</strong></span> <span class='ocrx_word' id='word_1_79' title='bbox 1188 1273 1309 1313; x_wconf 88' lang='lat' dir='ltr'><strong>reos</strong></span> <span class='ocrx_word' id='word_1_80' title='bbox 1339 1257 1480 1312; x_wconf 77' lang='lat' dir='ltr'><strong>laesm</strong></span> <span class='ocrx_word' id='word_1_81' title='bbox 1503 1258 1798 1326; x_wconf 66' lang='lat' dir='ltr'><strong>majestatis</strong></span> <span class='ocrx_word' id='word_1_82' title='bbox 1829 1256 2094 1312; x_wconf 65' lang='lat' dir='ltr'><strong>humana).</strong></span> 
     </span>
    </p>
   </div>
   <div class='ocr_carea' id='block_1_13' title="bbox 1177 1411 1571 1455">
    <p class='ocr_par' dir='ltr' id='par_1_13' title="bbox 1177 1411 1571 1455">
     <span class='ocr_line' id='line_1_13' title="bbox 1177 1411 1571 1455; baseline -0.013 -1"><span class='ocrx_word' id='word_1_83' title='bbox 1177 1411 1470 1455; x_wconf 71' lang='grc' dir='ltr'><strong>Λιιτιευιυε</strong></span> <span class='ocrx_word' id='word_1_84' title='bbox 1521 1411 1571 1449; x_wconf 84' lang='grc' dir='ltr'><strong>ν.</strong></span> 
     </span>
    </p>
   </div>
   <div class='ocr_carea' id='block_1_14' title="bbox 538 1510 2132 1584">
    <p class='ocr_par' dir='ltr' id='par_1_14' title="bbox 538 1510 2132 1584">
     <span class='ocr_line' id='line_1_14' title="bbox 538 1510 2132 1584; baseline -0.004 -13"><span class='ocrx_word' id='word_1_85' title='bbox 538 1514 664 1582; x_wconf 78' lang='lat' dir='ltr'><strong>Qua:</strong></span> <span class='ocrx_word' id='word_1_86' title='bbox 688 1515 787 1570; x_wconf 88' lang='lat' dir='ltr'><strong>sint</strong></span> <span class='ocrx_word' id='word_1_87' title='bbox 816 1514 1010 1568; x_wconf 78' lang='lat' dir='ltr'><strong>illicilte</strong></span> <span class='ocrx_word' id='word_1_88' title='bbox 1031 1512 1275 1584; x_wconf 87' lang='lat' dir='ltr'><strong>factiones</strong></span> <span class='ocrx_word' id='word_1_89' title='bbox 1295 1554 1308 1574; x_wconf 87' lang='lat'><strong>,</strong></span> <span class='ocrx_word' id='word_1_90' title='bbox 1336 1528 1396 1565; x_wconf 91' lang='lat' dir='ltr'><strong>ac</strong></span> <span class='ocrx_word' id='word_1_91' title='bbox 1421 1521 1667 1581; x_wconf 88' lang='lat' dir='ltr'><strong>quantunt</strong></span> <span class='ocrx_word' id='word_1_92' title='bbox 1701 1510 1764 1563; x_wconf 81' lang='lat' dir='ltr'><strong>ab</strong></span> <span class='ocrx_word' id='word_1_93' title='bbox 1786 1511 1856 1564; x_wconf 89' lang='lat' dir='ltr'><strong>eis</strong></span> <span class='ocrx_word' id='word_1_94' title='bbox 1886 1511 2132 1581; x_wconf 86' lang='lat' dir='ltr'><strong>discrepet</strong></span> 
     </span>
    </p>
   </div>
   <div class='ocr_carea' id='block_1_15' title="bbox 606 1604 2132 1680">
    <p class='ocr_par' dir='ltr' id='par_1_15' title="bbox 606 1604 2132 1680">
     <span class='ocr_line' id='line_1_15' title="bbox 606 1604 2132 1680; baseline -0.004 -17"><span class='ocrx_word' id='word_1_95' title='bbox 606 1611 691 1680; x_wconf 89' lang='lat' dir='ltr'><strong>pia</strong></span> <span class='ocrx_word' id='word_1_96' title='bbox 721 1608 915 1662; x_wconf 82' lang='lat' dir='ltr'><strong>uiuendi</strong></span> <span class='ocrx_word' id='word_1_97' title='bbox 937 1607 1067 1660; x_wconf 88' lang='lat' dir='ltr'><strong>ratio</strong></span> <span class='ocrx_word' id='word_1_98' title='bbox 1095 1604 1524 1672; x_wconf 87' lang='lat' dir='ltr'><strong>Christianorum,</strong></span> <span class='ocrx_word' id='word_1_99' title='bbox 1548 1605 1632 1676; x_wconf 86' lang='lat' dir='ltr'><strong>qui</strong></span> <span class='ocrx_word' id='word_1_100' title='bbox 1657 1605 1904 1659; x_wconf 85' lang='lat' dir='ltr'><strong>immerito</strong></span> <span class='ocrx_word' id='word_1_101' title='bbox 1932 1607 2132 1676; x_wconf 76' lang='lat' dir='ltr'><strong>factiosi</strong></span> 
     </span>
    </p>
   </div>
   <div class='ocr_carea' id='block_1_16' title="bbox 602 1699 2124 1774">
    <p class='ocr_par' dir='ltr' id='par_1_16' title="bbox 602 1699 2124 1774">
     <span class='ocr_line' id='line_1_16' title="bbox 602 1699 2124 1774; baseline -0.003 -16"><span class='ocrx_word' id='word_1_102' title='bbox 602 1703 896 1758; x_wconf 89' lang='lat' dir='ltr'><strong>dicebantur</strong></span> <span class='ocrx_word' id='word_1_103' title='bbox 915 1744 930 1769; x_wconf 91' lang='lat'><strong>,</strong></span> <span class='ocrx_word' id='word_1_104' title='bbox 961 1702 1081 1774; x_wconf 83' lang='lat' dir='ltr'><strong>quia</strong></span> <span class='ocrx_word' id='word_1_105' title='bbox 1107 1700 1506 1770; x_wconf 77' lang='lat' dir='ltr'><strong>spectaculorum</strong></span> <span class='ocrx_word' id='word_1_106' title='bbox 1533 1699 1790 1771; x_wconf 78' lang='lat' dir='ltr'><strong>fugiebant</strong></span> <span class='ocrx_word' id='word_1_107' title='bbox 1818 1701 2124 1767; x_wconf 75' lang='lat' dir='ltr'><strong>voluptates,</strong></span> 
     </span>
    </p>
   </div>
   <div class='ocr_carea' id='block_1_17' title="bbox 600 1792 2127 1868">
    <p class='ocr_par' dir='ltr' id='par_1_17' title="bbox 600 1792 2127 1868">
     <span class='ocr_line' id='line_1_17' title="bbox 600 1792 2127 1868; baseline -0.003 -17"><span class='ocrx_word' id='word_1_108' title='bbox 600 1807 800 1868; x_wconf 83' lang='lat' dir='ltr'><strong>tamque</strong></span> <span class='ocrx_word' id='word_1_109' title='bbox 824 1796 986 1851; x_wconf 80' lang='lat' dir='ltr'><strong>licitas</strong></span> <span class='ocrx_word' id='word_1_110' title='bbox 1007 1793 1341 1860; x_wconf 88' lang='lat' dir='ltr'><strong>sectabantur,</strong></span> <span class='ocrx_word' id='word_1_111' title='bbox 1369 1810 1524 1863; x_wconf 89' lang='lat' dir='ltr'><strong>quant</strong></span> <span class='ocrx_word' id='word_1_112' title='bbox 1547 1793 1664 1847; x_wconf 86' lang='lat' dir='ltr'><strong>aliis</strong></span> <span class='ocrx_word' id='word_1_113' title='bbox 1693 1792 1958 1863; x_wconf 82' lang='lat' dir='ltr'><strong>prohibitis</strong></span> <span class='ocrx_word' id='word_1_114' title='bbox 1998 1792 2127 1864; x_wconf 82' lang='lat' dir='ltr'><strong>Epi-</strong></span> 
     </span>
    </p>
   </div>
   <div class='ocr_carea' id='block_1_18' title="bbox 596 1885 1338 1958">
    <p class='ocr_par' dir='ltr' id='par_1_18' title="bbox 596 1885 1338 1958">
     <span class='ocr_line' id='line_1_18' title="bbox 596 1885 1338 1958; baseline -0.003 -16"><span class='ocrx_word' id='word_1_115' title='bbox 596 1889 735 1943; x_wconf 88' lang='lat' dir='ltr'><strong>curei</strong></span> <span class='ocrx_word' id='word_1_116' title='bbox 763 1898 809 1942; x_wconf 88' lang='lat' dir='ltr'><strong>et</strong></span> <span class='ocrx_word' id='word_1_117' title='bbox 838 1887 930 1941; x_wconf 87' lang='lat' dir='ltr'><strong>alii</strong></span> <span class='ocrx_word' id='word_1_118' title='bbox 956 1885 1338 1958; x_wconf 69' lang='lat' dir='ltr'><strong>indulgebant.,</strong></span> 
     </span>
    </p>
   </div>
   <div class='ocr_carea' id='block_1_19' title="bbox 601 1999 2124 2072">
    <p class='ocr_par' dir='ltr' id='par_1_19' title="bbox 601 1999 2124 2072">
     <span class='ocr_line' id='line_1_19' title="bbox 601 1999 2124 2072; baseline 0.001 -16"><span class='ocrx_word' id='word_1_119' title='bbox 601 2001 770 2057; x_wconf 71' lang='lat' dir='ltr'><strong>Nullis</strong></span> <span class='ocrx_word' id='word_1_120' title='bbox 801 2017 1033 2072; x_wconf 83' lang='lat' dir='ltr'><strong>unquam</strong></span> <span class='ocrx_word' id='word_1_121' title='bbox 1081 1999 1377 2054; x_wconf 86' lang='lat' dir='ltr'><strong>rationibus</strong></span> <span class='ocrx_word' id='word_1_122' title='bbox 1402 2042 1418 2067; x_wconf 89' lang='lat'><strong>,</strong></span> <span class='ocrx_word' id='word_1_123' title='bbox 1451 2001 1610 2055; x_wconf 90' lang='lat' dir='ltr'><strong>etiam</strong></span> <span class='ocrx_word' id='word_1_124' title='bbox 1647 2000 2005 2068; x_wconf 74' lang='lat' dir='ltr'><strong>validissimis,</strong></span> <span class='ocrx_word' id='word_1_125' title='bbox 2040 2017 2124 2058; x_wconf 87' lang='lat' dir='ltr'><strong>se-</strong></span> 
     </span>
    </p>
   </div>
   <div class='ocr_carea' id='block_1_20' title="bbox 523 2093 2118 2167">
    <p class='ocr_par' dir='ltr' id='par_1_20' title="bbox 523 2093 2118 2167">
     <span class='ocr_line' id='line_1_20' title="bbox 523 2093 2118 2167; baseline -0.001 -16"><span class='ocrx_word' id='word_1_126' title='bbox 523 2095 637 2152; x_wconf 87' lang='lat' dir='ltr'><strong>dari</strong></span> <span class='ocrx_word' id='word_1_127' title='bbox 664 2096 834 2166; x_wconf 89' lang='lat' dir='ltr'><strong>potuit</strong></span> <span class='ocrx_word' id='word_1_128' title='bbox 852 2093 1185 2167; x_wconf 81' lang='lat' dir='ltr'><strong>implacabile</strong></span> <span class='ocrx_word' id='word_1_129' title='bbox 1201 2095 1478 2164; x_wconf 78' lang='lat' dir='ltr'><strong>gentilium</strong></span> <span class='ocrx_word' id='word_1_130' title='bbox 1499 2095 1895 2150; x_wconf 88' lang='lat' dir='ltr'><strong>inChristianos</strong></span> <span class='ocrx_word' id='word_1_131' title='bbox 1918 2097 2118 2150; x_wconf 88' lang='lat' dir='ltr'><strong>odium:</strong></span> 
     </span>
    </p>
   </div>
   <div class='ocr_carea' id='block_1_21' title="bbox 521 2183 2118 2258">
    <p class='ocr_par' dir='ltr' id='par_1_21' title="bbox 521 2183 2118 2258">
     <span class='ocr_line' id='line_1_21' title="bbox 521 2183 2118 2258; baseline -0.001 -14"><span class='ocrx_word' id='word_1_132' title='bbox 521 2188 617 2244; x_wconf 78' lang='lat' dir='ltr'><strong>sed</strong></span> <span class='ocrx_word' id='word_1_133' title='bbox 649 2189 816 2258; x_wconf 89' lang='lat' dir='ltr'><strong>magis</strong></span> <span class='ocrx_word' id='word_1_134' title='bbox 854 2186 1128 2257; x_wconf 75' lang='lat' dir='ltr'><strong>magisque</strong></span> <span class='ocrx_word' id='word_1_135' title='bbox 1167 2185 1514 2240; x_wconf 84' lang='lat' dir='ltr'><strong>clamitabant</strong></span> <span class='ocrx_word' id='word_1_136' title='bbox 1543 2183 1756 2241; x_wconf 90' lang='lat' dir='ltr'><strong>illorum</strong></span> <span class='ocrx_word' id='word_1_137' title='bbox 1795 2186 2079 2242; x_wconf 80' lang='lat' dir='ltr'><strong>factionem</strong></span> <span class='ocrx_word' id='word_1_138' title='bbox 2102 2227 2118 2251; x_wconf 84' lang='lat'><strong>,</strong></span> 
     </span>
    </p>
   </div>
   <div class='ocr_carea' id='block_1_22' title="bbox 521 2279 2114 2352">
    <p class='ocr_par' dir='ltr' id='par_1_22' title="bbox 521 2279 2114 2352">
     <span class='ocr_line' id='line_1_22' title="bbox 521 2279 2114 2352; baseline -0.002 -16"><span class='ocrx_word' id='word_1_139' title='bbox 521 2291 572 2336; x_wconf 90' lang='lat' dir='ltr'><strong>et</strong></span> <span class='ocrx_word' id='word_1_140' title='bbox 625 2280 1041 2352; x_wconf 89' lang='lat' dir='ltr'><strong>imperatoribus</strong></span> <span class='ocrx_word' id='word_1_141' title='bbox 1085 2287 1139 2334; x_wconf 92' lang='lat' dir='ltr'><strong>et</strong></span> <span class='ocrx_word' id='word_1_142' title='bbox 1185 2279 1492 2348; x_wconf 74' lang='lat' dir='ltr'><strong>reipublicae</strong></span> <span class='ocrx_word' id='word_1_143' title='bbox 1547 2279 1705 2348; x_wconf 89' lang='lat' dir='ltr'><strong>plane</strong></span> <span class='ocrx_word' id='word_1_144' title='bbox 1749 2280 2068 2333; x_wconf 83' lang='lat' dir='ltr'><strong>contrariam</strong></span> <span class='ocrx_word' id='word_1_145' title='bbox 2100 2322 2114 2346; x_wconf 94' lang='lat'><strong>,</strong></span> 
     </span>
    </p>
   </div>
   <div class='ocr_carea' id='block_1_23' title="bbox 516 2370 2119 2428">
    <p class='ocr_par' dir='ltr' id='par_1_23' title="bbox 516 2370 2119 2428">
     <span class='ocr_line' id='line_1_23' title="bbox 516 2370 2119 2428; baseline -0.001 0"><span class='ocrx_word' id='word_1_146' title='bbox 516 2373 847 2428; x_wconf 75' lang='lat' dir='ltr'><strong>evellendam</strong></span> <span class='ocrx_word' id='word_1_147' title='bbox 879 2386 1001 2428; x_wconf 90' lang='lat' dir='ltr'><strong>esse</strong></span> <span class='ocrx_word' id='word_1_148' title='bbox 1036 2371 1310 2426; x_wconf 85' lang='lat' dir='ltr'><strong>radicitus.</strong></span> <span class='ocrx_word' id='word_1_149' title='bbox 1351 2370 1467 2426; x_wconf 83' lang='lat' dir='ltr'><strong>Non</strong></span> <span class='ocrx_word' id='word_1_150' title='bbox 1507 2371 1735 2426; x_wconf 89' lang='lat' dir='ltr'><strong>obscure</strong></span> <span class='ocrx_word' id='word_1_151' title='bbox 1778 2380 1957 2426; x_wconf 89' lang='lat' dir='ltr'><strong>autem</strong></span> <span class='ocrx_word' id='word_1_152' title='bbox 1987 2371 2119 2427; x_wconf 87' lang='lat' dir='ltr'><strong>Ter-</strong></span> 
     </span>
    </p>
   </div>
   <div class='ocr_carea' id='block_1_24' title="bbox 517 2463 2111 2536">
    <p class='ocr_par' dir='ltr' id='par_1_24' title="bbox 517 2463 2111 2536">
     <span class='ocr_line' id='line_1_24' title="bbox 517 2463 2111 2536; baseline 0.002 -17"><span class='ocrx_word' id='word_1_153' title='bbox 517 2467 772 2520; x_wconf 86' lang='lat' dir='ltr'><strong>tullianus</strong></span> <span class='ocrx_word' id='word_1_154' title='bbox 794 2464 966 2518; x_wconf 88' lang='lat' dir='ltr'><strong>innttit</strong></span> <span class='ocrx_word' id='word_1_155' title='bbox 990 2463 1238 2520; x_wconf 82' lang='lat' dir='ltr'><strong>laetionis</strong></span> <span class='ocrx_word' id='word_1_156' title='bbox 1265 2477 1462 2518; x_wconf 85' lang='lat' dir='ltr'><strong>nomen</strong></span> <span class='ocrx_word' id='word_1_157' title='bbox 1496 2465 1548 2518; x_wconf 91' lang='lat' dir='ltr'><strong>iu</strong></span> <span class='ocrx_word' id='word_1_158' title='bbox 1578 2466 1770 2519; x_wconf 91' lang='lat' dir='ltr'><strong>bonam</strong></span> <span class='ocrx_word' id='word_1_159' title='bbox 1804 2465 2111 2536; x_wconf 84' lang='lat' dir='ltr'><strong>malamque</strong></span> 
     </span>
    </p>
   </div>
   <div class='ocr_carea' id='block_1_25' title="bbox 515 2554 2112 2628">
    <p class='ocr_par' dir='ltr' id='par_1_25' title="bbox 515 2554 2112 2628">
     <span class='ocr_line' id='line_1_25' title="bbox 515 2554 2112 2628; baseline 0.003 -18"><span class='ocrx_word' id='word_1_160' title='bbox 515 2567 719 2627; x_wconf 88' lang='lat' dir='ltr'><strong>partem</strong></span> <span class='ocrx_word' id='word_1_161' title='bbox 745 2558 910 2626; x_wconf 86' lang='lat' dir='ltr'><strong>accipi</strong></span> <span class='ocrx_word' id='word_1_162' title='bbox 939 2554 1292 2627; x_wconf 85' lang='lat' dir='ltr'><strong>(Tertullian.,</strong></span> <span class='ocrx_word' id='word_1_163' title='bbox 1317 2554 1610 2626; x_wconf 80' lang='lat' dir='ltr'><strong>Apologet.,</strong></span> <span class='ocrx_word' id='word_1_164' title='bbox 1629 2572 1743 2625; x_wconf 88' lang='lat' dir='ltr'><strong>cap.</strong></span> <span class='ocrx_word' id='word_1_165' title='bbox 1764 2556 1854 2623; x_wconf 84' lang='lat'><strong>58,</strong></span> <span class='ocrx_word' id='word_1_166' title='bbox 1879 2573 1932 2626; x_wconf 89' lang='lat' dir='ltr'><strong>p.</strong></span> <span class='ocrx_word' id='word_1_167' title='bbox 1956 2556 2112 2628; x_wconf 84' lang='grc'><strong>464).</strong></span> 
     </span>
    </p>
   </div>
   <div class='ocr_carea' id='block_1_26' title="bbox 512 2633 2112 2718">
    <p class='ocr_par' dir='ltr' id='par_1_26' title="bbox 512 2633 2112 2718">
     <span class='ocr_line' id='line_1_26' title="bbox 512 2633 2112 2718; baseline 0.001 -17"><span class='ocrx_word' id='word_1_168' title='bbox 512 2633 705 2702; x_wconf 76' lang='lat' dir='ltr'><strong>Festus</strong></span> <span class='ocrx_word' id='word_1_169' title='bbox 745 2662 998 2717; x_wconf 85' lang='lat' dir='ltr'><strong>quoque,</strong></span> <span class='ocrx_word' id='word_1_170' title='bbox 1061 2645 1238 2700; x_wconf 84' lang='lat' dir='ltr'><strong>Factio</strong></span> <span class='ocrx_word' id='word_1_171' title='bbox 1271 2689 1287 2716; x_wconf 86' lang='lat'><strong>,</strong></span> <span class='ocrx_word' id='word_1_172' title='bbox 1340 2647 1541 2717; x_wconf 79' lang='lat' dir='ltr'><strong>inquit,</strong></span> <span class='ocrx_word' id='word_1_173' title='bbox 1587 2658 1634 2701; x_wconf 87' lang='lat' dir='ltr'><strong>et</strong></span> <span class='ocrx_word' id='word_1_174' title='bbox 1677 2649 1921 2718; x_wconf 88' lang='lat' dir='ltr'><strong>factiosus</strong></span> <span class='ocrx_word' id='word_1_175' title='bbox 1965 2648 2112 2702; x_wconf 89' lang='lat' dir='ltr'><strong>initio</strong></span> 
     </span>
    </p>
   </div>
   <div class='ocr_carea' id='block_1_27' title="bbox 511 2739 2110 2812">
    <p class='ocr_par' dir='ltr' id='par_1_27' title="bbox 511 2739 2110 2812">
     <span class='ocr_line' id='line_1_27' title="bbox 511 2739 2110 2812; baseline 0.001 -19"><span class='ocrx_word' id='word_1_176' title='bbox 511 2740 722 2794; x_wconf 87' lang='lat' dir='ltr'><strong>honesta</strong></span> <span class='ocrx_word' id='word_1_177' title='bbox 759 2739 1003 2794; x_wconf 85' lang='lat' dir='ltr'><strong>vocabula</strong></span> <span class='ocrx_word' id='word_1_178' title='bbox 1045 2752 1209 2794; x_wconf 82' lang='lat' dir='ltr'><strong>erant.</strong></span> <span class='ocrx_word' id='word_1_179' title='bbox 1253 2739 1401 2795; x_wconf 85' lang='lat' dir='ltr'><strong>Unde</strong></span> <span class='ocrx_word' id='word_1_180' title='bbox 1431 2740 1579 2793; x_wconf 87' lang='lat' dir='ltr'><strong>etiam</strong></span> <span class='ocrx_word' id='word_1_181' title='bbox 1621 2741 1865 2812; x_wconf 84' lang='lat' dir='ltr'><strong>factiones</strong></span> <span class='ocrx_word' id='word_1_182' title='bbox 1905 2740 2110 2794; x_wconf 88' lang='lat' dir='ltr'><strong>histrio-</strong></span> 
     </span>
    </p>
   </div>
   <div class='ocr_carea' id='block_1_28' title="bbox 509 2832 2108 2905">
    <p class='ocr_par' dir='ltr' id='par_1_28' title="bbox 509 2832 2108 2905">
     <span class='ocr_line' id='line_1_28' title="bbox 509 2832 2108 2905; baseline -0.001 -18"><span class='ocrx_word' id='word_1_183' title='bbox 509 2849 630 2887; x_wconf 89' lang='lat' dir='ltr'><strong>num</strong></span> <span class='ocrx_word' id='word_1_184' title='bbox 650 2843 696 2888; x_wconf 88' lang='lat' dir='ltr'><strong>et</strong></span> <span class='ocrx_word' id='word_1_185' title='bbox 715 2835 1076 2905; x_wconf 85' lang='lat' dir='ltr'><strong>quadrigarum</strong></span> <span class='ocrx_word' id='word_1_186' title='bbox 1103 2835 1359 2888; x_wconf 83' lang='lat' dir='ltr'><strong>dicuntur.</strong></span> <span class='ocrx_word' id='word_1_187' title='bbox 1390 2833 1548 2888; x_wconf 82' lang='lat' dir='ltr'><strong>Modo</strong></span> <span class='ocrx_word' id='word_1_188' title='bbox 1574 2845 1740 2886; x_wconf 88' lang='lat' dir='ltr'><strong>autent</strong></span> <span class='ocrx_word' id='word_1_189' title='bbox 1769 2832 1970 2886; x_wconf 83' lang='lat' dir='ltr'><strong>nomine</strong></span> <span class='ocrx_word' id='word_1_190' title='bbox 1996 2835 2108 2903; x_wconf 87' lang='lat' dir='ltr'><strong>fac-</strong></span> 
     </span>
    </p>
   </div>
   <div class='ocr_carea' id='block_1_29' title="bbox 512 2924 2106 2999">
    <p class='ocr_par' dir='ltr' id='par_1_29' title="bbox 512 2924 2106 2999">
     <span class='ocr_line' id='line_1_29' title="bbox 512 2924 2106 2999; baseline -0.003 -17"><span class='ocrx_word' id='word_1_191' title='bbox 512 2928 664 2983; x_wconf 85' lang='lat' dir='ltr'><strong>tionis</strong></span> <span class='ocrx_word' id='word_1_192' title='bbox 689 2929 894 2994; x_wconf 83' lang='lat' dir='ltr'><strong>seditio,</strong></span> <span class='ocrx_word' id='word_1_193' title='bbox 925 2939 969 2983; x_wconf 91' lang='lat' dir='ltr'><strong>et</strong></span> <span class='ocrx_word' id='word_1_194' title='bbox 996 2946 1140 2983; x_wconf 87' lang='lat' dir='ltr'><strong>arma</strong></span> <span class='ocrx_word' id='word_1_195' title='bbox 1169 2938 1414 2983; x_wconf 80' lang='lat' dir='ltr'><strong>vocantur</strong></span> <span class='ocrx_word' id='word_1_196' title='bbox 1439 2926 1703 2999; x_wconf 86' lang='lat' dir='ltr'><strong>(Fest.,de</strong></span> <span class='ocrx_word' id='word_1_197' title='bbox 1743 2925 1935 2997; x_wconf 78' lang='lat' dir='ltr'><strong>Sigttif.</strong></span> <span class='ocrx_word' id='word_1_198' title='bbox 1968 2924 2106 2978; x_wconf 76' lang='lat' dir='ltr'><strong>verb.</strong></span> 
     </span>
    </p>
   </div>
   <div class='ocr_carea' id='block_1_30' title="bbox 506 3017 2103 3092">
    <p class='ocr_par' dir='ltr' id='par_1_30' title="bbox 506 3017 2103 3092">
     <span class='ocr_line' id='line_1_30' title="bbox 506 3017 2103 3092; baseline -0.003 -18"><span class='ocrx_word' id='word_1_199' title='bbox 506 3037 623 3092; x_wconf 90' lang='lat' dir='ltr'><strong>cap.</strong></span> <span class='ocrx_word' id='word_1_200' title='bbox 653 3019 690 3074; x_wconf 73' lang='lat'><strong>2</strong></span> <span class='ocrx_word' id='word_1_201' title='bbox 708 3061 723 3088; x_wconf 89' lang='lat'><strong>,</strong></span> <span class='ocrx_word' id='word_1_202' title='bbox 749 3020 818 3075; x_wconf 90' lang='lat' dir='ltr'><strong>ad</strong></span> <span class='ocrx_word' id='word_1_203' title='bbox 843 3038 890 3075; x_wconf 88' lang='lat' dir='ltr'><strong>v.</strong></span> <span class='ocrx_word' id='word_1_204' title='bbox 922 3020 1108 3076; x_wconf 79' lang='lat' dir='ltr'><strong>FaCIio</strong></span> <span class='ocrx_word' id='word_1_205' title='bbox 1132 3021 1170 3091; x_wconf 95' lang='lat'><strong>).</strong></span> <span class='ocrx_word' id='word_1_206' title='bbox 1221 3019 1554 3075; x_wconf 87' lang='lat' dir='ltr'><strong>Circensium</strong></span> <span class='ocrx_word' id='word_1_207' title='bbox 1582 3018 1742 3073; x_wconf 85' lang='lat' dir='ltr'><strong>etiam</strong></span> <span class='ocrx_word' id='word_1_208' title='bbox 1774 3017 2064 3071; x_wconf 78' lang='lat' dir='ltr'><strong>factionum</strong></span> <span class='ocrx_word' id='word_1_209' title='bbox 2089 3057 2103 3083; x_wconf 93' lang='lat'><strong>,</strong></span> 
     </span>
    </p>
   </div>
   <div class='ocr_carea' id='block_1_31' title="bbox 505 3109 2105 3186">
    <p class='ocr_par' dir='ltr' id='par_1_31' title="bbox 505 3109 2105 3186">
     <span class='ocr_line' id='line_1_31' title="bbox 505 3109 2105 3186; baseline -0.001 -20"><span class='ocrx_word' id='word_1_210' title='bbox 505 3129 639 3186; x_wconf 87' lang='lat' dir='ltr'><strong>quas</strong></span> <span class='ocrx_word' id='word_1_211' title='bbox 665 3115 861 3171; x_wconf 89' lang='lat' dir='ltr'><strong>ethnici</strong></span> <span class='ocrx_word' id='word_1_212' title='bbox 890 3115 1055 3169; x_wconf 87' lang='lat' dir='ltr'><strong>malas</strong></span> <span class='ocrx_word' id='word_1_213' title='bbox 1076 3129 1198 3170; x_wconf 90' lang='lat' dir='ltr'><strong>esse</strong></span> <span class='ocrx_word' id='word_1_214' title='bbox 1226 3129 1329 3168; x_wconf 90' lang='lat' dir='ltr'><strong>non</strong></span> <span class='ocrx_word' id='word_1_215' title='bbox 1355 3114 1646 3184; x_wconf 85' lang='lat' dir='ltr'><strong>putabant,</strong></span> <span class='ocrx_word' id='word_1_216' title='bbox 1681 3111 1879 3165; x_wconf 90' lang='lat' dir='ltr'><strong>mentio</strong></span> <span class='ocrx_word' id='word_1_217' title='bbox 1907 3109 2105 3180; x_wconf 65' lang='lat' dir='ltr'><strong>sa&#39;pius</strong></span> 
     </span>
    </p>
   </div>
   <div class='ocr_carea' id='block_1_32' title="bbox 503 3203 2100 3279">
    <p class='ocr_par' dir='ltr' id='par_1_32' title="bbox 503 3203 2100 3279">
     <span class='ocr_line' id='line_1_32' title="bbox 503 3203 2100 3279; baseline -0.002 -17"><span class='ocrx_word' id='word_1_218' title='bbox 503 3205 640 3263; x_wconf 90' lang='lat' dir='ltr'><strong>facta</strong></span> <span class='ocrx_word' id='word_1_219' title='bbox 667 3219 750 3263; x_wconf 87' lang='lat' dir='ltr'><strong>est</strong></span> <span class='ocrx_word' id='word_1_220' title='bbox 780 3207 830 3261; x_wconf 90' lang='lat' dir='ltr'><strong>in</strong></span> <span class='ocrx_word' id='word_1_221' title='bbox 857 3206 1096 3263; x_wconf 88' lang='lat' dir='ltr'><strong>Suetonii</strong></span> <span class='ocrx_word' id='word_1_222' title='bbox 1129 3205 1392 3279; x_wconf 82' lang='lat' dir='ltr'><strong>(Sueton.,</strong></span> <span class='ocrx_word' id='word_1_223' title='bbox 1421 3205 1507 3260; x_wconf 89' lang='lat' dir='ltr'><strong>lib.</strong></span> <span class='ocrx_word' id='word_1_224' title='bbox 1542 3204 1606 3272; x_wconf 77' lang='grc' dir='ltr'><strong>γ,</strong></span> <span class='ocrx_word' id='word_1_225' title='bbox 1640 3205 1702 3258; x_wconf 87' lang='lat' dir='ltr'><strong>de</strong></span> <span class='ocrx_word' id='word_1_226' title='bbox 1732 3204 1939 3271; x_wconf 89' lang='lat' dir='ltr'><strong>Claud.,</strong></span> <span class='ocrx_word' id='word_1_227' title='bbox 1971 3203 1998 3275; x_wconf 84' lang='lat'>§</span> <span class='ocrx_word' id='word_1_228' title='bbox 2031 3205 2064 3259; x_wconf 84' lang='grc'>5</span> <span class='ocrx_word' id='word_1_229' title='bbox 2085 3245 2100 3272; x_wconf 89' lang='grc'><em>,</em></span> 
     </span>
    </p>
   </div>
   <div class='ocr_carea' id='block_1_33' title="bbox 2247 604 3856 679">
    <p class='ocr_par' dir='ltr' id='par_1_33' title="bbox 2247 604 3856 679">
     <span class='ocr_line' id='line_1_33' title="bbox 2247 604 3856 679; baseline 0.006 -19"><span class='ocrx_word' id='word_1_230' title='bbox 2247 607 2467 675; x_wconf 84' lang='lat' dir='ltr'><strong>publica.</strong></span> <span class='ocrx_word' id='word_1_231' title='bbox 2517 604 2620 660; x_wconf 90' lang='lat' dir='ltr'><strong>Sed</strong></span> <span class='ocrx_word' id='word_1_232' title='bbox 2667 621 2771 660; x_wconf 93' lang='lat' dir='ltr'><strong>non</strong></span> <span class='ocrx_word' id='word_1_233' title='bbox 2804 606 2872 659; x_wconf 90' lang='lat' dir='ltr'><strong>ita</strong></span> <span class='ocrx_word' id='word_1_234' title='bbox 2919 606 3093 670; x_wconf 88' lang='lat' dir='ltr'><strong>bene,</strong></span> <span class='ocrx_word' id='word_1_235' title='bbox 3141 608 3356 677; x_wconf 86' lang='lat' dir='ltr'><strong>quando</strong></span> <span class='ocrx_word' id='word_1_236' title='bbox 3401 609 3615 679; x_wconf 91' lang='lat' dir='ltr'><strong>quidem</strong></span> <span class='ocrx_word' id='word_1_237' title='bbox 3647 614 3856 670; x_wconf 79' lang='lat' dir='ltr'><strong>Auctor</strong></span> 
     </span>
    </p>
   </div>
   <div class='ocr_carea' id='block_1_34' title="bbox 2246 697 3847 769">
    <p class='ocr_par' dir='ltr' id='par_1_34' title="bbox 2246 697 3847 769">
     <span class='ocr_line' id='line_1_34' title="bbox 2246 697 3847 769; baseline 0.006 -16"><span class='ocrx_word' id='word_1_238' title='bbox 2246 710 2426 755; x_wconf 86' lang='lat' dir='ltr'><strong>noster</strong></span> <span class='ocrx_word' id='word_1_239' title='bbox 2468 698 2704 754; x_wconf 86' lang='lat' dir='ltr'><strong>declarat</strong></span> <span class='ocrx_word' id='word_1_240' title='bbox 2724 700 3172 769; x_wconf 85' lang='lat' dir='ltr'><strong>prohibendarum</strong></span> <span class='ocrx_word' id='word_1_241' title='bbox 3197 697 3488 758; x_wconf 88' lang='lat' dir='ltr'><strong>factiomnn</strong></span> <span class='ocrx_word' id='word_1_242' title='bbox 3521 705 3659 761; x_wconf 89' lang='lat' dir='ltr'><strong>hanc</strong></span> <span class='ocrx_word' id='word_1_243' title='bbox 3683 723 3847 763; x_wconf 82' lang='lat' dir='ltr'><strong>caus-</strong></span> 
     </span>
    </p>
   </div>
   <div class='ocr_carea' id='block_1_35' title="bbox 2243 794 3847 864">
    <p class='ocr_par' dir='ltr' id='par_1_35' title="bbox 2243 794 3847 864">
     <span class='ocr_line' id='line_1_35' title="bbox 2243 794 3847 864; baseline 0.005 -18"><span class='ocrx_word' id='word_1_244' title='bbox 2243 807 2357 846; x_wconf 89' lang='lat' dir='ltr'><strong>sam</strong></span> <span class='ocrx_word' id='word_1_245' title='bbox 2386 808 2523 858; x_wconf 83' lang='lat' dir='ltr'><strong>esse,</strong></span> <span class='ocrx_word' id='word_1_246' title='bbox 2550 806 2606 848; x_wconf 92' lang='lat' dir='ltr'><strong>ut</strong></span> <span class='ocrx_word' id='word_1_247' title='bbox 2631 794 2910 848; x_wconf 60' lang='lat' dir='ltr'><strong>modestia?</strong></span> <span class='ocrx_word' id='word_1_248' title='bbox 2935 794 3163 864; x_wconf 79' lang='lat' dir='ltr'><strong>publica:</strong></span> <span class='ocrx_word' id='word_1_249' title='bbox 3189 796 3532 864; x_wconf 76' lang='lat' dir='ltr'><strong>providentur</strong></span> <span class='ocrx_word' id='word_1_250' title='bbox 3556 813 3619 853; x_wconf 89' lang='lat' dir='ltr'><strong>ac</strong></span> <span class='ocrx_word' id='word_1_251' title='bbox 3645 816 3847 856; x_wconf 84' lang='lat' dir='ltr'><strong>eonsu—</strong></span> 
     </span>
    </p>
   </div>
   <div class='ocr_carea' id='block_1_36' title="bbox 2242 885 3849 947">
    <p class='ocr_par' dir='ltr' id='par_1_36' title="bbox 2242 885 3849 947">
     <span class='ocr_line' id='line_1_36' title="bbox 2242 885 3849 947; baseline 0.005 -8"><span class='ocrx_word' id='word_1_252' title='bbox 2242 885 2398 940; x_wconf 91' lang='lat' dir='ltr'><strong>latnr.</strong></span> <span class='ocrx_word' id='word_1_253' title='bbox 2437 885 2692 940; x_wconf 79' lang='lat' dir='ltr'><strong>Modestia</strong></span> <span class='ocrx_word' id='word_1_254' title='bbox 2734 901 2863 941; x_wconf 91' lang='lat' dir='ltr'><strong>vero</strong></span> <span class='ocrx_word' id='word_1_255' title='bbox 2907 903 2936 940; x_wconf 89' lang='lat' dir='ltr'><strong>a</strong></span> <span class='ocrx_word' id='word_1_256' title='bbox 2974 886 3140 942; x_wconf 90' lang='lat' dir='ltr'><strong>latino</strong></span> <span class='ocrx_word' id='word_1_257' title='bbox 3169 889 3395 944; x_wconf 86' lang='lat' dir='ltr'><strong>Oratore</strong></span> <span class='ocrx_word' id='word_1_258' title='bbox 3429 890 3508 944; x_wconf 92' lang='lat' dir='ltr'><strong>sic</strong></span> <span class='ocrx_word' id='word_1_259' title='bbox 3545 890 3804 947; x_wconf 89' lang='lat' dir='ltr'><strong>delinitur</strong></span> <span class='ocrx_word' id='word_1_260' title='bbox 3834 912 3849 947; x_wconf 91' lang='lat'>:</span> 
     </span>
    </p>
   </div>
   <div class='ocr_carea' id='block_1_37' title="bbox 2243 979 3850 1051">
    <p class='ocr_par' dir='ltr' id='par_1_37' title="bbox 2243 979 3850 1051">
     <span class='ocr_line' id='line_1_37' title="bbox 2243 979 3850 1051; baseline 0.004 -19"><span class='ocrx_word' id='word_1_261' title='bbox 2243 979 2470 1033; x_wconf 84' lang='lat' dir='ltr'><strong>Scientia</strong></span> <span class='ocrx_word' id='word_1_262' title='bbox 2508 995 2679 1033; x_wconf 87' lang='lat' dir='ltr'><strong>eorum</strong></span> <span class='ocrx_word' id='word_1_263' title='bbox 2709 995 2914 1044; x_wconf 82' lang='lat' dir='ltr'><strong>rerum,</strong></span> <span class='ocrx_word' id='word_1_264' title='bbox 2955 996 3067 1047; x_wconf 85' lang='lat' dir='ltr'><strong>qua:</strong></span> <span class='ocrx_word' id='word_1_265' title='bbox 3105 993 3316 1051; x_wconf 87' lang='lat' dir='ltr'><strong>agentur</strong></span> <span class='ocrx_word' id='word_1_266' title='bbox 3339 992 3424 1034; x_wconf 87' lang='lat' dir='ltr'><strong>aut</strong></span> <span class='ocrx_word' id='word_1_267' title='bbox 3452 983 3708 1048; x_wconf 79' lang='lat' dir='ltr'><strong>dicentur,</strong></span> <span class='ocrx_word' id='word_1_268' title='bbox 3732 986 3850 1039; x_wconf 88' lang='lat' dir='ltr'><strong>loco</strong></span> 
     </span>
    </p>
   </div>
   <div class='ocr_carea' id='block_1_38' title="bbox 2239 1070 3851 1142">
    <p class='ocr_par' dir='ltr' id='par_1_38' title="bbox 2239 1070 3851 1142">
     <span class='ocr_line' id='line_1_38' title="bbox 2239 1070 3851 1142; baseline 0.004 -18"><span class='ocrx_word' id='word_1_269' title='bbox 2239 1087 2333 1125; x_wconf 90' lang='lat' dir='ltr'><strong>suo</strong></span> <span class='ocrx_word' id='word_1_270' title='bbox 2354 1071 2786 1125; x_wconf 84' lang='lat' dir='ltr'><strong>collocandarum.</strong></span> <span class='ocrx_word' id='word_1_271' title='bbox 2818 1070 2998 1142; x_wconf 80' lang='lat' dir='ltr'><strong>Itaque</strong></span> <span class='ocrx_word' id='word_1_272' title='bbox 3027 1073 3223 1126; x_wconf 87' lang='lat' dir='ltr'><strong>videtur</strong></span> <span class='ocrx_word' id='word_1_273' title='bbox 3247 1074 3427 1127; x_wconf 85' lang='lat' dir='ltr'><strong>eadem</strong></span> <span class='ocrx_word' id='word_1_274' title='bbox 3451 1074 3523 1128; x_wconf 84' lang='lat' dir='ltr'><strong>ris</strong></span> <span class='ocrx_word' id='word_1_275' title='bbox 3552 1076 3771 1141; x_wconf 88' lang='lat' dir='ltr'><strong>ordinis,</strong></span> <span class='ocrx_word' id='word_1_276' title='bbox 3801 1087 3851 1130; x_wconf 87' lang='lat' dir='ltr'><strong>et</strong></span> 
     </span>
    </p>
   </div>
   <div class='ocr_carea' id='block_1_39' title="bbox 2239 1162 3849 1238">
    <p class='ocr_par' dir='ltr' id='par_1_39' title="bbox 2239 1162 3849 1238">
     <span class='ocr_line' id='line_1_39' title="bbox 2239 1162 3849 1238; baseline 0.006 -23"><span class='ocrx_word' id='word_1_277' title='bbox 2239 1164 2586 1218; x_wconf 81' lang='lat' dir='ltr'><strong>collocationis</strong></span> <span class='ocrx_word' id='word_1_278' title='bbox 2609 1168 2787 1235; x_wconf 89' lang='lat' dir='ltr'><strong>fore...</strong></span> <span class='ocrx_word' id='word_1_279' title='bbox 2817 1162 2966 1220; x_wconf 84' lang='lat' dir='ltr'><strong>Sicut</strong></span> <span class='ocrx_word' id='word_1_280' title='bbox 2997 1165 3242 1219; x_wconf 87' lang='lat' dir='ltr'><strong>modestia</strong></span> <span class='ocrx_word' id='word_1_281' title='bbox 3255 1167 3381 1230; x_wconf 72' lang='lat' dir='ltr'><strong>haec,</strong></span> <span class='ocrx_word' id='word_1_282' title='bbox 3415 1183 3568 1237; x_wconf 90' lang='lat' dir='ltr'><strong>quam</strong></span> <span class='ocrx_word' id='word_1_283' title='bbox 3589 1169 3849 1238; x_wconf 85' lang='lat' dir='ltr'><strong>interpre-</strong></span> 
     </span>
    </p>
   </div>
   <div class='ocr_carea' id='block_1_40' title="bbox 2239 1243 3849 1328">
    <p class='ocr_par' dir='ltr' id='par_1_40' title="bbox 2239 1243 3849 1328">
     <span class='ocr_line' id='line_1_40' title="bbox 2239 1243 3849 1328; baseline 0.004 -20"><span class='ocrx_word' id='word_1_284' title='bbox 2239 1263 2425 1323; x_wconf 89' lang='lat' dir='ltr'><strong>tamur,</strong></span> <span class='ocrx_word' id='word_1_285' title='bbox 2448 1268 2500 1310; x_wconf 89' lang='lat' dir='ltr'><strong>ut</strong></span> <span class='ocrx_word' id='word_1_286' title='bbox 2522 1243 2631 1311; x_wconf 73' lang='lat' dir='ltr'><strong>dixi</strong></span> <span class='ocrx_word' id='word_1_287' title='bbox 2648 1300 2662 1324; x_wconf 96' lang='lat'><strong>,</strong></span> <span class='ocrx_word' id='word_1_288' title='bbox 2703 1259 2914 1312; x_wconf 90' lang='lat' dir='ltr'><strong>scientia</strong></span> <span class='ocrx_word' id='word_1_289' title='bbox 2938 1259 3001 1313; x_wconf 86' lang='lat' dir='ltr'><strong>sit</strong></span> <span class='ocrx_word' id='word_1_290' title='bbox 3028 1260 3426 1328; x_wconf 86' lang='lat' dir='ltr'><strong>opportunitatis</strong></span> <span class='ocrx_word' id='word_1_291' title='bbox 3447 1260 3746 1314; x_wconf 86' lang='lat' dir='ltr'><strong>idoneorum</strong></span> <span class='ocrx_word' id='word_1_292' title='bbox 3774 1263 3849 1315; x_wconf 85' lang='lat' dir='ltr'><strong>ad</strong></span> 
     </span>
    </p>
   </div>
   <div class='ocr_carea' id='block_1_41' title="bbox 2237 1349 3846 1425">
    <p class='ocr_par' dir='ltr' id='par_1_41' title="bbox 2237 1349 3846 1425">
     <span class='ocr_line' id='line_1_41' title="bbox 2237 1349 3846 1425; baseline 0.006 -25"><span class='ocrx_word' id='word_1_293' title='bbox 2237 1349 2490 1419; x_wconf 85' lang='lat' dir='ltr'><strong>agendum</strong></span> <span class='ocrx_word' id='word_1_294' title='bbox 2529 1359 2808 1419; x_wconf 88' lang='lat' dir='ltr'><strong>temporum</strong></span> <span class='ocrx_word' id='word_1_295' title='bbox 2837 1349 3048 1422; x_wconf 79' lang='lat' dir='ltr'><strong>(Cicer.,</strong></span> <span class='ocrx_word' id='word_1_296' title='bbox 3085 1351 3172 1404; x_wconf 91' lang='lat' dir='ltr'><strong>lib.</strong></span> <span class='ocrx_word' id='word_1_297' title='bbox 3206 1350 3226 1404; x_wconf 88' lang='grc' dir='ltr'>Ι</span> <span class='ocrx_word' id='word_1_298' title='bbox 3279 1351 3342 1404; x_wconf 89' lang='lat' dir='ltr'><strong>de</strong></span> <span class='ocrx_word' id='word_1_299' title='bbox 3361 1351 3528 1422; x_wconf 67' lang='grc' dir='ltr'><strong>Οπῑτη</strong></span> <span class='ocrx_word' id='word_1_300' title='bbox 3559 1371 3679 1425; x_wconf 87' lang='lat' dir='ltr'><strong>pag.</strong></span> <span class='ocrx_word' id='word_1_301' title='bbox 3710 1356 3846 1418; x_wconf 75' lang='lat'><strong>570.</strong></span> 
     </span>
    </p>
   </div>
   <div class='ocr_carea' id='block_1_42' title="bbox 2239 1441 3848 1514">
    <p class='ocr_par' dir='ltr' id='par_1_42' title="bbox 2239 1441 3848 1514">
     <span class='ocr_line' id='line_1_42' title="bbox 2239 1441 3848 1514; baseline 0.007 -21"><span class='ocrx_word' id='word_1_302' title='bbox 2239 1441 2330 1495; x_wconf 91' lang='lat' dir='ltr'><strong>lin.</strong></span> <span class='ocrx_word' id='word_1_303' title='bbox 2363 1441 2431 1496; x_wconf 85' lang='grc'><strong>47</strong></span> <span class='ocrx_word' id='word_1_304' title='bbox 2475 1450 2520 1495; x_wconf 86' lang='lat' dir='ltr'><strong>et</strong></span> <span class='ocrx_word' id='word_1_305' title='bbox 2562 1444 2750 1514; x_wconf 85' lang='lat' dir='ltr'><strong>seqq).</strong></span> <span class='ocrx_word' id='word_1_306' title='bbox 2805 1443 2882 1498; x_wconf 83' lang='lat' dir='ltr'><strong>Eo</strong></span> <span class='ocrx_word' id='word_1_307' title='bbox 2923 1451 3098 1498; x_wconf 80' lang='lat' dir='ltr'><strong>autem</strong></span> <span class='ocrx_word' id='word_1_308' title='bbox 3137 1459 3297 1498; x_wconf 90' lang='lat' dir='ltr'><strong>sensu</strong></span> <span class='ocrx_word' id='word_1_309' title='bbox 3326 1461 3520 1499; x_wconf 83' lang='lat' dir='ltr'><strong>nomen</strong></span> <span class='ocrx_word' id='word_1_310' title='bbox 3559 1447 3848 1504; x_wconf 73' lang='lat' dir='ltr'><strong>modestia:</strong></span> 
     </span>
    </p>
   </div>
   <div class='ocr_carea' id='block_1_43' title="bbox 2234 1535 3846 1608">
    <p class='ocr_par' dir='ltr' id='par_1_43' title="bbox 2234 1535 3846 1608">
     <span class='ocr_line' id='line_1_43' title="bbox 2234 1535 3846 1608; baseline 0.005 -19"><span class='ocrx_word' id='word_1_311' title='bbox 2234 1542 2505 1605; x_wconf 89' lang='lat' dir='ltr'><strong>sumptum</strong></span> <span class='ocrx_word' id='word_1_312' title='bbox 2537 1535 2749 1590; x_wconf 89' lang='lat' dir='ltr'><strong>videtur</strong></span> <span class='ocrx_word' id='word_1_313' title='bbox 2799 1551 2829 1590; x_wconf 88' lang='lat' dir='ltr'><strong>a</strong></span> <span class='ocrx_word' id='word_1_314' title='bbox 2873 1535 3202 1591; x_wconf 85' lang='lat' dir='ltr'><strong>Tertulliano</strong></span> <span class='ocrx_word' id='word_1_315' title='bbox 3241 1546 3451 1604; x_wconf 81' lang='lat' dir='ltr'><strong>nostro,</strong></span> <span class='ocrx_word' id='word_1_316' title='bbox 3498 1540 3586 1608; x_wconf 85' lang='lat' dir='ltr'><strong>qui</strong></span> <span class='ocrx_word' id='word_1_317' title='bbox 3631 1540 3846 1597; x_wconf 90' lang='lat' dir='ltr'><strong>idcirco</strong></span> 
     </span>
    </p>
   </div>
   <div class='ocr_carea' id='block_1_44' title="bbox 2234 1615 3844 1696">
    <p class='ocr_par' dir='ltr' id='par_1_44' title="bbox 2234 1615 3844 1696">
     <span class='ocr_line' id='line_1_44' title="bbox 2234 1615 3844 1696; baseline 0.004 -14"><span class='ocrx_word' id='word_1_318' title='bbox 2234 1627 2400 1682; x_wconf 86' lang='lat' dir='ltr'><strong>malas</strong></span> <span class='ocrx_word' id='word_1_319' title='bbox 2425 1627 2682 1682; x_wconf 89' lang='lat' dir='ltr'><strong>factiones</strong></span> <span class='ocrx_word' id='word_1_320' title='bbox 2713 1628 2904 1682; x_wconf 88' lang='lat' dir='ltr'><strong>vetitas</strong></span> <span class='ocrx_word' id='word_1_321' title='bbox 2925 1644 3045 1683; x_wconf 81' lang='lat' dir='ltr'><strong>esse</strong></span> <span class='ocrx_word' id='word_1_322' title='bbox 3072 1639 3363 1696; x_wconf 73' lang='lat' dir='ltr'><strong>asseverat,</strong></span> <span class='ocrx_word' id='word_1_323' title='bbox 3399 1645 3466 1684; x_wconf 90' lang='lat' dir='ltr'><strong>ne</strong></span> <span class='ocrx_word' id='word_1_324' title='bbox 3497 1615 3844 1688; x_wconf 17' lang='lat' dir='ltr'><strong>turbaloior-</strong></span> 
     </span>
    </p>
   </div>
   <div class='ocr_carea' id='block_1_45' title="bbox 2233 1721 3846 1794">
    <p class='ocr_par' dir='ltr' id='par_1_45' title="bbox 2233 1721 3846 1794">
     <span class='ocr_line' id='line_1_45' title="bbox 2233 1721 3846 1794; baseline 0.004 -18"><span class='ocrx_word' id='word_1_325' title='bbox 2233 1721 2358 1777; x_wconf 91' lang='lat' dir='ltr'><strong>dine</strong></span> <span class='ocrx_word' id='word_1_326' title='bbox 2388 1737 2590 1788; x_wconf 87' lang='lat' dir='ltr'><strong>rerum,</strong></span> <span class='ocrx_word' id='word_1_327' title='bbox 2620 1721 2740 1777; x_wconf 91' lang='lat' dir='ltr'><strong>loco</strong></span> <span class='ocrx_word' id='word_1_328' title='bbox 2765 1730 2818 1776; x_wconf 90' lang='lat' dir='ltr'><strong>et</strong></span> <span class='ocrx_word' id='word_1_329' title='bbox 2837 1733 3077 1792; x_wconf 87' lang='lat' dir='ltr'><strong>tempore</strong></span> <span class='ocrx_word' id='word_1_330' title='bbox 3103 1723 3433 1794; x_wconf 79' lang='lat' dir='ltr'><strong>agendarum</strong></span> <span class='ocrx_word' id='word_1_331' title='bbox 3465 1735 3553 1779; x_wconf 89' lang='lat' dir='ltr'><strong>aut</strong></span> <span class='ocrx_word' id='word_1_332' title='bbox 3577 1726 3846 1782; x_wconf 82' lang='lat' dir='ltr'><strong>dicenda-</strong></span> 
     </span>
    </p>
   </div>
   <div class='ocr_carea' id='block_1_46' title="bbox 2234 1813 3846 1885">
    <p class='ocr_par' dir='ltr' id='par_1_46' title="bbox 2234 1813 3846 1885">
     <span class='ocr_line' id='line_1_46' title="bbox 2234 1813 3846 1885; baseline 0.006 -18"><span class='ocrx_word' id='word_1_333' title='bbox 2234 1814 2576 1880; x_wconf 90' lang='lat' dir='ltr'><strong>rum,civitas</strong></span> <span class='ocrx_word' id='word_1_334' title='bbox 2619 1813 2896 1869; x_wconf 90' lang='lat' dir='ltr'><strong>scindatur</strong></span> <span class='ocrx_word' id='word_1_335' title='bbox 2941 1816 2995 1869; x_wconf 94' lang='lat' dir='ltr'><strong>in</strong></span> <span class='ocrx_word' id='word_1_336' title='bbox 3043 1829 3239 1885; x_wconf 89' lang='lat' dir='ltr'><strong>partes.</strong></span> <span class='ocrx_word' id='word_1_337' title='bbox 3285 1815 3414 1870; x_wconf 80' lang='lat' dir='ltr'><strong>Nam</strong></span> <span class='ocrx_word' id='word_1_338' title='bbox 3449 1833 3510 1872; x_wconf 85' lang='lat' dir='ltr'><strong>ea</strong></span> <span class='ocrx_word' id='word_1_339' title='bbox 3541 1817 3736 1873; x_wconf 78' lang='lat' dir='ltr'><strong>divisio</strong></span> <span class='ocrx_word' id='word_1_340' title='bbox 3769 1835 3846 1876; x_wconf 82' lang='lat' dir='ltr'><strong>ac</strong></span> 
     </span>
    </p>
   </div>
   <div class='ocr_carea' id='block_1_47' title="bbox 2153 1905 3841 1980">
    <p class='ocr_par' dir='ltr' id='par_1_47' title="bbox 2153 1905 3841 1980">
     <span class='ocr_line' id='line_1_47' title="bbox 2153 1905 3841 1980; baseline 0.004 -19"><span class='ocrx_word' id='word_1_341' title='bbox 2153 1914 2203 1974; x_wconf 84' lang='grc' dir='ltr'><strong>Β</strong></span> <span class='ocrx_word' id='word_1_342' title='bbox 2231 1905 2496 1962; x_wconf 76' lang='lat' dir='ltr'><strong>dissensio</strong></span> <span class='ocrx_word' id='word_1_343' title='bbox 2520 1907 2792 1978; x_wconf 83' lang='lat' dir='ltr'><strong>inquietat,</strong></span> <span class='ocrx_word' id='word_1_344' title='bbox 2827 1909 2902 1962; x_wconf 89' lang='lat' dir='ltr'><strong>uti</strong></span> <span class='ocrx_word' id='word_1_345' title='bbox 2932 1908 3186 1978; x_wconf 89' lang='lat' dir='ltr'><strong>loquitur,</strong></span> <span class='ocrx_word' id='word_1_346' title='bbox 3215 1909 3328 1964; x_wconf 90' lang='lat' dir='ltr'><strong>sive</strong></span> <span class='ocrx_word' id='word_1_347' title='bbox 3361 1911 3634 1980; x_wconf 88' lang='lat' dir='ltr'><strong>perturbat</strong></span> <span class='ocrx_word' id='word_1_348' title='bbox 3666 1914 3841 1967; x_wconf 87' lang='lat' dir='ltr'><strong>comi-</strong></span> 
     </span>
    </p>
   </div>
   <div class='ocr_carea' id='block_1_48' title="bbox 2227 1999 3843 2070">
    <p class='ocr_par' dir='ltr' id='par_1_48' title="bbox 2227 1999 3843 2070">
     <span class='ocr_line' id='line_1_48' title="bbox 2227 1999 3843 2070; baseline 0.004 -17"><span class='ocrx_word' id='word_1_349' title='bbox 2227 2001 2325 2066; x_wconf 88' lang='lat' dir='ltr'><strong>tia,</strong></span> <span class='ocrx_word' id='word_1_350' title='bbox 2369 1999 2420 2054; x_wconf 91' lang='lat' dir='ltr'><strong>id</strong></span> <span class='ocrx_word' id='word_1_351' title='bbox 2462 2011 2584 2064; x_wconf 85' lang='lat' dir='ltr'><strong>est,</strong></span> <span class='ocrx_word' id='word_1_352' title='bbox 2637 2000 2916 2070; x_wconf 80' lang='lat' dir='ltr'><strong>generales</strong></span> <span class='ocrx_word' id='word_1_353' title='bbox 2962 2001 3202 2055; x_wconf 88' lang='lat' dir='ltr'><strong>omnium</strong></span> <span class='ocrx_word' id='word_1_354' title='bbox 3246 2001 3492 2056; x_wconf 90' lang='lat' dir='ltr'><strong>ordinum</strong></span> <span class='ocrx_word' id='word_1_355' title='bbox 3539 2012 3742 2070; x_wconf 76' lang='lat' dir='ltr'><strong>ccetus,</strong></span> <span class='ocrx_word' id='word_1_356' title='bbox 3780 2015 3843 2061; x_wconf 86' lang='lat' dir='ltr'><strong>et</strong></span> 
     </span>
    </p>
   </div>
   <div class='ocr_carea' id='block_1_49' title="bbox 2224 2092 3835 2169">
    <p class='ocr_par' dir='ltr' id='par_1_49' title="bbox 2224 2092 3835 2169">
     <span class='ocr_line' id='line_1_49' title="bbox 2224 2092 3835 2169; baseline 0.004 -21"><span class='ocrx_word' id='word_1_357' title='bbox 2224 2094 2438 2148; x_wconf 84' lang='lat' dir='ltr'><strong>concilia</strong></span> <span class='ocrx_word' id='word_1_358' title='bbox 2493 2092 2826 2164; x_wconf 86' lang='lat' dir='ltr'><strong>(Tertullian.</strong></span> <span class='ocrx_word' id='word_1_359' title='bbox 2901 2094 3193 2166; x_wconf 83' lang='lat' dir='ltr'><strong>Apologet.,</strong></span> <span class='ocrx_word' id='word_1_360' title='bbox 3222 2113 3339 2162; x_wconf 86' lang='lat' dir='ltr'><strong>cap.</strong></span> <span class='ocrx_word' id='word_1_361' title='bbox 3382 2097 3472 2161; x_wconf 84' lang='lat'><strong>58,</strong></span> <span class='ocrx_word' id='word_1_362' title='bbox 3505 2115 3624 2169; x_wconf 88' lang='lat' dir='ltr'><strong>pag.</strong></span> <span class='ocrx_word' id='word_1_363' title='bbox 3668 2099 3835 2169; x_wconf 80' lang='grc'><strong>464),</strong></span> 
     </span>
    </p>
   </div>
   <div class='ocr_carea' id='block_1_50' title="bbox 2225 2188 3832 2260">
    <p class='ocr_par' dir='ltr' id='par_1_50' title="bbox 2225 2188 3832 2260">
     <span class='ocr_line' id='line_1_50' title="bbox 2225 2188 3832 2260; baseline 0.004 -18"><span class='ocrx_word' id='word_1_364' title='bbox 2225 2188 2325 2242; x_wconf 90' lang='lat' dir='ltr'><strong>hoc</strong></span> <span class='ocrx_word' id='word_1_365' title='bbox 2367 2197 2478 2254; x_wconf 81' lang='lat' dir='ltr'><strong>est,</strong></span> <span class='ocrx_word' id='word_1_366' title='bbox 2512 2188 2725 2242; x_wconf 89' lang='lat' dir='ltr'><strong>illorum</strong></span> <span class='ocrx_word' id='word_1_367' title='bbox 2771 2197 2973 2258; x_wconf 86' lang='lat' dir='ltr'><strong>partem</strong></span> <span class='ocrx_word' id='word_1_368' title='bbox 3005 2198 3402 2260; x_wconf 77' lang='lat' dir='ltr'><strong>congregatam.</strong></span> <span class='ocrx_word' id='word_1_369' title='bbox 3441 2189 3637 2246; x_wconf 63' lang='lat' dir='ltr'><strong>Laelius</strong></span> <span class='ocrx_word' id='word_1_370' title='bbox 3673 2194 3832 2248; x_wconf 89' lang='lat' dir='ltr'><strong>enim</strong></span> 
     </span>
    </p>
   </div>
   <div class='ocr_carea' id='block_1_51' title="bbox 2222 2279 3839 2353">
    <p class='ocr_par' dir='ltr' id='par_1_51' title="bbox 2222 2279 3839 2353">
     <span class='ocr_line' id='line_1_51' title="bbox 2222 2279 3839 2353; baseline 0.002 -17"><span class='ocrx_word' id='word_1_371' title='bbox 2222 2279 2370 2336; x_wconf 74' lang='lat' dir='ltr'><strong>Felix</strong></span> <span class='ocrx_word' id='word_1_372' title='bbox 2405 2285 2472 2335; x_wconf 91' lang='lat' dir='ltr'><strong>ab</strong></span> <span class='ocrx_word' id='word_1_373' title='bbox 2510 2281 2649 2334; x_wconf 79' lang='lat' dir='ltr'><strong>Aulo</strong></span> <span class='ocrx_word' id='word_1_374' title='bbox 2680 2280 2856 2335; x_wconf 89' lang='lat' dir='ltr'><strong>Gellio</strong></span> <span class='ocrx_word' id='word_1_375' title='bbox 2884 2281 3076 2336; x_wconf 89' lang='lat' dir='ltr'><strong>citatus</strong></span> <span class='ocrx_word' id='word_1_376' title='bbox 3111 2281 3236 2348; x_wconf 88' lang='lat' dir='ltr'><strong>:ls,</strong></span> <span class='ocrx_word' id='word_1_377' title='bbox 3262 2283 3452 2352; x_wconf 85' lang='lat' dir='ltr'><strong>inquit.</strong></span> <span class='ocrx_word' id='word_1_378' title='bbox 3475 2284 3560 2353; x_wconf 88' lang='lat' dir='ltr'><strong>qui</strong></span> <span class='ocrx_word' id='word_1_379' title='bbox 3583 2300 3683 2338; x_wconf 90' lang='lat' dir='ltr'><strong>non</strong></span> <span class='ocrx_word' id='word_1_380' title='bbox 3712 2287 3839 2339; x_wconf 84' lang='lat' dir='ltr'><strong>uni-</strong></span> 
     </span>
    </p>
   </div>
   <div class='ocr_carea' id='block_1_52' title="bbox 2181 2373 3869 2454">
    <p class='ocr_par' dir='ltr' id='par_1_52' title="bbox 2181 2373 3869 2454">
     <span class='ocr_line' id='line_1_52' title="bbox 2181 2373 3869 2454; baseline 0.004 -28"><span class='ocrx_word' id='word_1_381' title='bbox 2181 2443 2184 2448; x_wconf 26' lang='lat'>.</span> <span class='ocrx_word' id='word_1_382' title='bbox 2219 2389 2415 2426; x_wconf 81' lang='lat' dir='ltr'><strong>uersum</strong></span> <span class='ocrx_word' id='word_1_383' title='bbox 2443 2373 2688 2454; x_wconf 77' lang='lat' dir='ltr'><strong>populum</strong></span> <span class='ocrx_word' id='word_1_384' title='bbox 2713 2414 2727 2438; x_wconf 93' lang='lat'><strong>,</strong></span> <span class='ocrx_word' id='word_1_385' title='bbox 2756 2373 2844 2426; x_wconf 86' lang='lat' dir='ltr'><strong>sed</strong></span> <span class='ocrx_word' id='word_1_386' title='bbox 2866 2384 3057 2442; x_wconf 76' lang='lat' dir='ltr'><strong>partem</strong></span> <span class='ocrx_word' id='word_1_387' title='bbox 3083 2374 3306 2443; x_wconf 85' lang='lat' dir='ltr'><strong>aliquant</strong></span> <span class='ocrx_word' id='word_1_388' title='bbox 3335 2375 3512 2428; x_wconf 82' lang='lat' dir='ltr'><strong>adesse</strong></span> <span class='ocrx_word' id='word_1_389' title='bbox 3526 2377 3695 2446; x_wconf 83' lang='lat' dir='ltr'><strong>jubet,</strong></span> <span class='ocrx_word' id='word_1_390' title='bbox 3723 2394 3836 2432; x_wconf 83' lang='lat' dir='ltr'><strong>non</strong></span> <span class='ocrx_word' id='word_1_391' title='bbox 3865 2428 3869 2432; x_wconf 89' lang='lat'><strong>.</strong></span> 
     </span>
    </p>
   </div>
   <div class='ocr_carea' id='block_1_53' title="bbox 2219 2463 3828 2535">
    <p class='ocr_par' dir='ltr' id='par_1_53' title="bbox 2219 2463 3828 2535">
     <span class='ocr_line' id='line_1_53' title="bbox 2219 2463 3828 2535; baseline 0.004 -18"><span class='ocrx_word' id='word_1_392' title='bbox 2219 2464 2421 2517; x_wconf 88' lang='lat' dir='ltr'><strong>comitia</strong></span> <span class='ocrx_word' id='word_1_393' title='bbox 2445 2504 2459 2528; x_wconf 94' lang='lat'><strong>,</strong></span> <span class='ocrx_word' id='word_1_394' title='bbox 2479 2480 2580 2517; x_wconf 89' lang='lat' dir='ltr'><strong>non</strong></span> <span class='ocrx_word' id='word_1_395' title='bbox 2606 2463 2878 2517; x_wconf 87' lang='lat' dir='ltr'><strong>concilium</strong></span> <span class='ocrx_word' id='word_1_396' title='bbox 2904 2465 3140 2517; x_wconf 83' lang='lat' dir='ltr'><strong>adhibere</strong></span> <span class='ocrx_word' id='word_1_397' title='bbox 3171 2465 3315 2535; x_wconf 80' lang='lat' dir='ltr'><strong>jubet</strong></span> <span class='ocrx_word' id='word_1_398' title='bbox 3347 2463 3538 2532; x_wconf 78' lang='lat' dir='ltr'><strong>(Gell.,</strong></span> <span class='ocrx_word' id='word_1_399' title='bbox 3574 2467 3662 2521; x_wconf 92' lang='lat' dir='ltr'><strong>lib.</strong></span> <span class='ocrx_word' id='word_1_400' title='bbox 3728 2467 3828 2524; x_wconf 73' lang='lat' dir='ltr'><strong>XV</strong></span> 
     </span>
    </p>
   </div>
   <div class='ocr_carea' id='block_1_54' title="bbox 2219 2556 3830 2633">
    <p class='ocr_par' dir='ltr' id='par_1_54' title="bbox 2219 2556 3830 2633">
     <span class='ocr_line' id='line_1_54' title="bbox 2219 2556 3830 2633; baseline 0.005 -22"><span class='ocrx_word' id='word_1_401' title='bbox 2219 2556 2374 2611; x_wconf 86' lang='lat' dir='ltr'><strong>Noct.</strong></span> <span class='ocrx_word' id='word_1_402' title='bbox 2404 2559 2542 2623; x_wconf 89' lang='lat' dir='ltr'><strong>atti.,</strong></span> <span class='ocrx_word' id='word_1_403' title='bbox 2595 2576 2712 2628; x_wconf 87' lang='lat' dir='ltr'><strong>cap.</strong></span> <span class='ocrx_word' id='word_1_404' title='bbox 2746 2560 2798 2624; x_wconf 89' lang='grc'>7,</span> <span class='ocrx_word' id='word_1_405' title='bbox 2840 2577 2960 2630; x_wconf 88' lang='lat' dir='ltr'><strong>pag.</strong></span> <span class='ocrx_word' id='word_1_406' title='bbox 2995 2560 3144 2629; x_wconf 81' lang='grc'><strong>847).</strong></span> <span class='ocrx_word' id='word_1_407' title='bbox 3191 2561 3394 2615; x_wconf 89' lang='lat' dir='ltr'><strong>Turbat</strong></span> <span class='ocrx_word' id='word_1_408' title='bbox 3431 2563 3590 2618; x_wconf 87' lang='lat' dir='ltr'><strong>etiam</strong></span> <span class='ocrx_word' id='word_1_409' title='bbox 3629 2567 3830 2633; x_wconf 85' lang='lat' dir='ltr'><strong>curias,</strong></span> 
     </span>
    </p>
   </div>
   <div class='ocr_carea' id='block_1_55' title="bbox 2215 2652 3826 2726">
    <p class='ocr_par' dir='ltr' id='par_1_55' title="bbox 2215 2652 3826 2726">
     <span class='ocr_line' id='line_1_55' title="bbox 2215 2652 3826 2726; baseline 0.005 -22"><span class='ocrx_word' id='word_1_410' title='bbox 2215 2653 2409 2722; x_wconf 86' lang='lat' dir='ltr'><strong>quibus</strong></span> <span class='ocrx_word' id='word_1_411' title='bbox 2449 2652 2576 2707; x_wconf 90' lang='lat' dir='ltr'><strong>olim</strong></span> <span class='ocrx_word' id='word_1_412' title='bbox 2627 2654 2959 2720; x_wconf 83' lang='lat' dir='ltr'><strong>sacerdotes,</strong></span> <span class='ocrx_word' id='word_1_413' title='bbox 3002 2665 3057 2707; x_wconf 85' lang='grc' dir='ltr'>ιιι</span> <span class='ocrx_word' id='word_1_414' title='bbox 3110 2654 3280 2709; x_wconf 85' lang='lat' dir='ltr'><strong>Varro</strong></span> <span class='ocrx_word' id='word_1_415' title='bbox 3310 2657 3566 2711; x_wconf 81' lang='lat' dir='ltr'><strong>observat</strong></span> <span class='ocrx_word' id='word_1_416' title='bbox 3607 2657 3826 2726; x_wconf 83' lang='lat' dir='ltr'><strong>(Varr.,</strong></span> 
     </span>
    </p>
   </div>
   <div class='ocr_carea' id='block_1_56' title="bbox 2217 2743 3828 2818">
    <p class='ocr_par' dir='ltr' id='par_1_56' title="bbox 2217 2743 3828 2818">
     <span class='ocr_line' id='line_1_56' title="bbox 2217 2743 3828 2818; baseline 0.007 -22"><span class='ocrx_word' id='word_1_417' title='bbox 2217 2743 2305 2798; x_wconf 86' lang='lat' dir='ltr'><strong>lib.</strong></span> <span class='ocrx_word' id='word_1_418' title='bbox 2329 2744 2396 2798; x_wconf 83' lang='lat' dir='ltr'><strong>IV</strong></span> <span class='ocrx_word' id='word_1_419' title='bbox 2416 2745 2478 2800; x_wconf 87' lang='lat' dir='ltr'><strong>de</strong></span> <span class='ocrx_word' id='word_1_420' title='bbox 2496 2744 2645 2817; x_wconf 87' lang='lat' dir='ltr'><strong>Ling.</strong></span> <span class='ocrx_word' id='word_1_421' title='bbox 2674 2747 2845 2809; x_wconf 67' lang='lat' dir='ltr'><strong>latim,</strong></span> <span class='ocrx_word' id='word_1_422' title='bbox 2871 2764 2990 2818; x_wconf 86' lang='lat' dir='ltr'><strong>pag.</strong></span> <span class='ocrx_word' id='word_1_423' title='bbox 3015 2747 3131 2816; x_wconf 83' lang='lat' dir='ltr'><strong>5l),</strong></span> <span class='ocrx_word' id='word_1_424' title='bbox 3158 2762 3245 2802; x_wconf 91' lang='lat' dir='ltr'><strong>res</strong></span> <span class='ocrx_word' id='word_1_425' title='bbox 3267 2749 3494 2814; x_wconf 84' lang='lat' dir='ltr'><strong>divinas,</strong></span> <span class='ocrx_word' id='word_1_426' title='bbox 3528 2759 3577 2804; x_wconf 85' lang='lat' dir='ltr'><strong>et</strong></span> <span class='ocrx_word' id='word_1_427' title='bbox 3600 2763 3828 2808; x_wconf 78' lang='lat' dir='ltr'><strong>senatus</strong></span> 
     </span>
    </p>
   </div>
   <div class='ocr_carea' id='block_1_57' title="bbox 2214 2836 3822 2922">
    <p class='ocr_par' dir='ltr' id='par_1_57' title="bbox 2214 2836 3822 2922">
     <span class='ocr_line' id='line_1_57' title="bbox 2214 2836 3822 2922; baseline 0.007 -32"><span class='ocrx_word' id='word_1_428' title='bbox 2214 2836 2475 2892; x_wconf 90' lang='lat' dir='ltr'><strong>humanas</strong></span> <span class='ocrx_word' id='word_1_429' title='bbox 2491 2840 2750 2894; x_wconf 87' lang='lat' dir='ltr'><strong>curabant</strong></span> <span class='ocrx_word' id='word_1_430' title='bbox 2775 2856 2789 2906; x_wconf 92' lang='lat'><strong>;</strong></span> <span class='ocrx_word' id='word_1_431' title='bbox 2820 2842 2993 2895; x_wconf 88' lang='lat' dir='ltr'><strong>turbat</strong></span> <span class='ocrx_word' id='word_1_432' title='bbox 3022 2844 3306 2910; x_wconf 84' lang='lat' dir='ltr'><strong>conciones,</strong></span> <span class='ocrx_word' id='word_1_433' title='bbox 3328 2845 3439 2899; x_wconf 89' lang='lat' dir='ltr'><strong>sive</strong></span> <span class='ocrx_word' id='word_1_434' title='bbox 3469 2847 3822 2922; x_wconf 72' lang='lat' dir='ltr'><strong>publicaspa-</strong></span> 
     </span>
    </p>
   </div>
   <div class='ocr_carea' id='block_1_58' title="bbox 2211 2933 3823 2997">
    <p class='ocr_par' dir='ltr' id='par_1_58' title="bbox 2211 2933 3823 2997">
     <span class='ocr_line' id='line_1_58' title="bbox 2211 2933 3823 2997; baseline 0.007 -12"><span class='ocrx_word' id='word_1_435' title='bbox 2211 2939 2484 2986; x_wconf 84' lang='lat' dir='ltr'><strong>tronorum</strong></span> <span class='ocrx_word' id='word_1_436' title='bbox 2504 2933 2794 2996; x_wconf 89' lang='lat' dir='ltr'><strong>orationes,</strong></span> <span class='ocrx_word' id='word_1_437' title='bbox 2816 2945 2864 2987; x_wconf 92' lang='lat' dir='ltr'><strong>et</strong></span> <span class='ocrx_word' id='word_1_438' title='bbox 2885 2935 2947 2988; x_wconf 88' lang='lat' dir='ltr'><strong>ad</strong></span> <span class='ocrx_word' id='word_1_439' title='bbox 2966 2951 3057 2989; x_wconf 90' lang='lat' dir='ltr'><strong>eas</strong></span> <span class='ocrx_word' id='word_1_440' title='bbox 3076 2936 3367 2991; x_wconf 86' lang='lat' dir='ltr'><strong>audiendas</strong></span> <span class='ocrx_word' id='word_1_441' title='bbox 3392 2938 3665 2993; x_wconf 88' lang='lat' dir='ltr'><strong>hominum</strong></span> <span class='ocrx_word' id='word_1_442' title='bbox 3685 2957 3823 2997; x_wconf 84' lang='lat' dir='ltr'><strong>con-</strong></span> 
     </span>
    </p>
   </div>
   <div class='ocr_carea' id='block_1_59' title="bbox 2210 3025 3819 3096">
    <p class='ocr_par' dir='ltr' id='par_1_59' title="bbox 2210 3025 3819 3096">
     <span class='ocr_line' id='line_1_59' title="bbox 2210 3025 3819 3096; baseline 0.006 -16"><span class='ocrx_word' id='word_1_443' title='bbox 2210 3036 2401 3081; x_wconf 85' lang='lat' dir='ltr'><strong>ventus</strong></span> <span class='ocrx_word' id='word_1_444' title='bbox 2421 3025 2680 3096; x_wconf 87' lang='lat' dir='ltr'><strong>;denique</strong></span> <span class='ocrx_word' id='word_1_445' title='bbox 2703 3028 2873 3082; x_wconf 89' lang='lat' dir='ltr'><strong>turbat</strong></span> <span class='ocrx_word' id='word_1_446' title='bbox 2889 3030 3194 3096; x_wconf 87' lang='lat' dir='ltr'><strong>spectacula,</strong></span> <span class='ocrx_word' id='word_1_447' title='bbox 3213 3032 3530 3085; x_wconf 68' lang='lat' dir='ltr'><strong>circensium</strong></span> <span class='ocrx_word' id='word_1_448' title='bbox 3557 3033 3819 3089; x_wconf 84' lang='lat' dir='ltr'><strong>aliorum-</strong></span> 
     </span>
    </p>
   </div>
   <div class='ocr_carea' id='block_1_60' title="bbox 2208 3104 3817 3192">
    <p class='ocr_par' dir='ltr' id='par_1_60' title="bbox 2208 3104 3817 3192">
     <span class='ocr_line' id='line_1_60' title="bbox 2208 3104 3817 3192; baseline 0.006 -20"><span class='ocrx_word' id='word_1_449' title='bbox 2208 3104 2585 3190; x_wconf 67' lang='lat' dir='ltr'><strong>queludorum</strong></span> <span class='ocrx_word' id='word_1_450' title='bbox 2617 3121 2972 3190; x_wconf 86' lang='lat' dir='ltr'><strong>publicorum,</strong></span> <span class='ocrx_word' id='word_1_451' title='bbox 3013 3123 3086 3175; x_wconf 85' lang='lat' dir='ltr'><strong>uti</strong></span> <span class='ocrx_word' id='word_1_452' title='bbox 3117 3122 3274 3192; x_wconf 91' lang='lat' dir='ltr'><strong>paulo</strong></span> <span class='ocrx_word' id='word_1_453' title='bbox 3297 3138 3452 3179; x_wconf 90' lang='lat' dir='ltr'><strong>antea</strong></span> <span class='ocrx_word' id='word_1_454' title='bbox 3481 3126 3817 3183; x_wconf 83' lang='lat' dir='ltr'><strong>dicebamus.</strong></span> 
     </span>
    </p>
   </div>
   <div class='ocr_carea' id='block_1_61' title="bbox 2281 3213 3802 3288">
    <p class='ocr_par' dir='ltr' id='par_1_61' title="bbox 2281 3213 3802 3288">
     <span class='ocr_line' id='line_1_61' title="bbox 2281 3213 3802 3288; baseline 0.006 -21"><span class='ocrx_word' id='word_1_455' title='bbox 2281 3214 2346 3267; x_wconf 84' lang='lat' dir='ltr'><strong>At</strong></span> <span class='ocrx_word' id='word_1_456' title='bbox 2371 3227 2433 3268; x_wconf 89' lang='lat' dir='ltr'><strong>ea</strong></span> <span class='ocrx_word' id='word_1_457' title='bbox 2453 3213 2653 3277; x_wconf 84' lang='lat' dir='ltr'><strong>omnia,</strong></span> <span class='ocrx_word' id='word_1_458' title='bbox 2683 3215 2852 3284; x_wconf 87' lang='lat' dir='ltr'><strong>pergit</strong></span> <span class='ocrx_word' id='word_1_459' title='bbox 2891 3214 3270 3279; x_wconf 87' lang='lat' dir='ltr'><strong>&#39;l&#39;ertullianus,</strong></span> <span class='ocrx_word' id='word_1_460' title='bbox 3309 3227 3432 3271; x_wconf 87' lang='lat' dir='ltr'><strong>tunc</strong></span> <span class='ocrx_word' id='word_1_461' title='bbox 3459 3219 3802 3288; x_wconf 88' lang='lat' dir='ltr'><strong>potissimum</strong></span> 
     </span>
    </p>
   </div>
   <div class='ocr_carea' id='block_1_62' title="bbox 500 3295 2102 3382">
    <p class='ocr_par' dir='ltr' id='par_1_62' title="bbox 500 3295 2096 3368">
     <span class='ocr_line' id='line_1_62' title="bbox 500 3295 2096 3368; baseline -0.004 -14"><span class='ocrx_word' id='word_1_462' title='bbox 500 3309 547 3354; x_wconf 86' lang='lat' dir='ltr'><strong>et</strong></span> <span class='ocrx_word' id='word_1_463' title='bbox 568 3300 658 3354; x_wconf 88' lang='lat' dir='ltr'><strong>lib.</strong></span> <span class='ocrx_word' id='word_1_464' title='bbox 685 3299 821 3366; x_wconf 84' lang='lat' dir='ltr'><strong>VIII,</strong></span> <span class='ocrx_word' id='word_1_465' title='bbox 845 3301 906 3354; x_wconf 88' lang='lat' dir='ltr'><strong>de</strong></span> <span class='ocrx_word' id='word_1_466' title='bbox 932 3297 1113 3362; x_wconf 89' lang='lat' dir='ltr'><strong>Dom.,</strong></span> <span class='ocrx_word' id='word_1_467' title='bbox 1145 3315 1259 3367; x_wconf 87' lang='lat' dir='ltr'><strong>cap.</strong></span> <span class='ocrx_word' id='word_1_468' title='bbox 1293 3298 1368 3368; x_wconf 85' lang='lat'><strong>7),</strong></span> <span class='ocrx_word' id='word_1_469' title='bbox 1388 3295 1690 3352; x_wconf 90' lang='lat' dir='ltr'><strong>Cassiodori</strong></span> <span class='ocrx_word' id='word_1_470' title='bbox 1714 3295 1992 3365; x_wconf 84' lang='lat' dir='ltr'><strong>(Cassiod.,</strong></span> <span class='ocrx_word' id='word_1_471' title='bbox 2011 3296 2096 3348; x_wconf 89' lang='lat' dir='ltr'><strong>lib.</strong></span> 
     </span>
    </p>
   </div>
   <div class='ocr_carea' id='block_1_63' title="bbox 2214 3295 3807 3382">
    <p class='ocr_par' dir='ltr' id='par_1_63' title="bbox 2214 3304 3807 3382">
     <span class='ocr_line' id='line_1_63' title="bbox 2214 3304 3807 3382; baseline 0.004 -22"><span class='ocrx_word' id='word_1_472' title='bbox 2214 3304 2442 3360; x_wconf 87' lang='lat' dir='ltr'><strong>timenda</strong></span> <span class='ocrx_word' id='word_1_473' title='bbox 2472 3315 2646 3370; x_wconf 86' lang='lat' dir='ltr'><strong>erant,</strong></span> <span class='ocrx_word' id='word_1_474' title='bbox 2679 3323 2790 3360; x_wconf 90' lang='lat' dir='ltr'><strong>cum</strong></span> <span class='ocrx_word' id='word_1_475' title='bbox 2806 3306 2920 3376; x_wconf 88' lang='lat' dir='ltr'><strong>jam</strong></span> <span class='ocrx_word' id='word_1_476' title='bbox 2939 3318 2986 3360; x_wconf 90' lang='lat' dir='ltr'><strong>et</strong></span> <span class='ocrx_word' id='word_1_477' title='bbox 3011 3307 3065 3361; x_wconf 90' lang='lat' dir='ltr'><strong>in</strong></span> <span class='ocrx_word' id='word_1_478' title='bbox 3103 3319 3296 3376; x_wconf 82' lang='lat' dir='ltr'><strong>qtuestu</strong></span> <span class='ocrx_word' id='word_1_479' title='bbox 3329 3310 3510 3366; x_wconf 82' lang='lat' dir='ltr'><strong>habere</strong></span> <span class='ocrx_word' id='word_1_480' title='bbox 3537 3313 3807 3382; x_wconf 72' lang='lat' dir='ltr'><strong>coepissent</strong></span> 
     </span>
    </p>
   </div>
   <div class='ocr_carea' id='block_1_64' title="bbox 499 3389 2105 3464">
    <p class='ocr_par' dir='ltr' id='par_1_64' title="bbox 499 3389 2105 3464">
     <span class='ocr_line' id='line_1_64' title="bbox 499 3389 2105 3464; baseline -0.003 -16"><span class='ocrx_word' id='word_1_481' title='bbox 499 3391 566 3448; x_wconf 90' lang='lat' dir='ltr'><strong>III</strong></span> <span class='ocrx_word' id='word_1_482' title='bbox 607 3391 807 3447; x_wconf 85' lang='lat' dir='ltr'><strong>Variar.</strong></span> <span class='ocrx_word' id='word_1_483' title='bbox 830 3435 845 3460; x_wconf 87' lang='lat'><strong>,</strong></span> <span class='ocrx_word' id='word_1_484' title='bbox 874 3395 1018 3464; x_wconf 87' lang='lat' dir='ltr'><strong>epist.</strong></span> <span class='ocrx_word' id='word_1_485' title='bbox 1048 3394 1138 3459; x_wconf 85' lang='grc'><strong>41,</strong></span> <span class='ocrx_word' id='word_1_486' title='bbox 1165 3410 1284 3462; x_wconf 85' lang='lat' dir='ltr'><strong>pag.</strong></span> <span class='ocrx_word' id='word_1_487' title='bbox 1318 3393 1405 3457; x_wconf 82' lang='grc'><strong>56,</strong></span> <span class='ocrx_word' id='word_1_488' title='bbox 1439 3391 1539 3446; x_wconf 90' lang='lat' dir='ltr'><strong>col.</strong></span> <span class='ocrx_word' id='word_1_489' title='bbox 1566 3391 1645 3462; x_wconf 65' lang='lat'><strong>2),</strong></span> <span class='ocrx_word' id='word_1_490' title='bbox 1673 3391 2007 3461; x_wconf 86' lang='lat' dir='ltr'><strong>aliorumque</strong></span> <span class='ocrx_word' id='word_1_491' title='bbox 2037 3389 2105 3443; x_wconf 88' lang='lat' dir='ltr'><strong>li-</strong></span> 
     </span>
    </p>
   </div>
   <div class='ocr_carea' id='block_1_65' title="bbox 499 3485 1453 3556">
    <p class='ocr_par' dir='ltr' id='par_1_65' title="bbox 499 3485 1453 3556">
     <span class='ocr_line' id='line_1_65' title="bbox 499 3485 1453 3556; baseline -0.002 -14"><span class='ocrx_word' id='word_1_492' title='bbox 499 3485 633 3555; x_wconf 84' lang='lat' dir='ltr'><strong>bris,</strong></span> <span class='ocrx_word' id='word_1_493' title='bbox 656 3496 712 3541; x_wconf 92' lang='lat' dir='ltr'><strong>et</strong></span> <span class='ocrx_word' id='word_1_494' title='bbox 739 3485 967 3542; x_wconf 85' lang='lat' dir='ltr'><strong>diversis</strong></span> <span class='ocrx_word' id='word_1_495' title='bbox 990 3486 1453 3556; x_wconf 88' lang='lat' dir='ltr'><strong>inscriptionibus.</strong></span> 
     </span>
    </p>
   </div>
   <div class='ocr_carea' id='block_1_66' title="bbox 571 3581 2091 3654">
    <p class='ocr_par' dir='ltr' id='par_1_66' title="bbox 571 3581 2091 3654">
     <span class='ocr_line' id='line_1_66' title="bbox 571 3581 2091 3654; baseline -0.001 -15"><span class='ocrx_word' id='word_1_496' title='bbox 571 3584 930 3640; x_wconf 80' lang='lat' dir='ltr'><strong>&#39;I‘ertullianus</strong></span> <span class='ocrx_word' id='word_1_497' title='bbox 960 3585 1137 3654; x_wconf 88' lang='lat' dir='ltr'><strong>itaque</strong></span> <span class='ocrx_word' id='word_1_498' title='bbox 1162 3583 1406 3638; x_wconf 91' lang='lat' dir='ltr'><strong>etlmicos</strong></span> <span class='ocrx_word' id='word_1_499' title='bbox 1433 3583 1762 3652; x_wconf 59' lang='lat' dir='ltr'><strong>gravissimis</strong></span> <span class='ocrx_word' id='word_1_500' title='bbox 1795 3581 1942 3638; x_wconf 89' lang='lat' dir='ltr'><strong>hisce</strong></span> <span class='ocrx_word' id='word_1_501' title='bbox 1969 3597 2091 3637; x_wconf 87' lang='lat' dir='ltr'><strong>ver-</strong></span> 
     </span>
    </p>
   </div>
   <div class='ocr_carea' id='block_1_67' title="bbox 498 3675 2100 3748">
    <p class='ocr_par' dir='ltr' id='par_1_67' title="bbox 498 3675 2100 3748">
     <span class='ocr_line' id='line_1_67' title="bbox 498 3675 2100 3748; baseline -0.003 -14"><span class='ocrx_word' id='word_1_502' title='bbox 498 3677 579 3734; x_wconf 84' lang='lat' dir='ltr'><strong>bis</strong></span> <span class='ocrx_word' id='word_1_503' title='bbox 605 3678 827 3748; x_wconf 79' lang='lat' dir='ltr'><strong>castigat</strong></span> <span class='ocrx_word' id='word_1_504' title='bbox 855 3695 869 3730; x_wconf 90' lang='lat'><strong>:</strong></span> <span class='ocrx_word' id='word_1_505' title='bbox 901 3675 1128 3731; x_wconf 82' lang='lat' dir='ltr'><strong>Proinde</strong></span> <span class='ocrx_word' id='word_1_506' title='bbox 1155 3693 1242 3730; x_wconf 88' lang='lat' dir='ltr'><strong>nec</strong></span> <span class='ocrx_word' id='word_1_507' title='bbox 1269 3679 1423 3747; x_wconf 89' lang='lat' dir='ltr'><strong>paulo</strong></span> <span class='ocrx_word' id='word_1_508' title='bbox 1450 3677 1611 3731; x_wconf 88' lang='lat' dir='ltr'><strong>lenius</strong></span> <span class='ocrx_word' id='word_1_509' title='bbox 1639 3677 1770 3731; x_wconf 89' lang='lat' dir='ltr'><strong>inter</strong></span> <span class='ocrx_word' id='word_1_510' title='bbox 1792 3677 1956 3730; x_wconf 84' lang='lat' dir='ltr'><strong>licitas</strong></span> <span class='ocrx_word' id='word_1_511' title='bbox 1979 3677 2100 3745; x_wconf 89' lang='lat' dir='ltr'><strong>fac-</strong></span> 
     </span>
    </p>
   </div>
   <div class='ocr_carea' id='block_1_68' title="bbox 497 3770 2097 3844">
    <p class='ocr_par' dir='ltr' id='par_1_68' title="bbox 497 3770 2097 3844">
     <span class='ocr_line' id='line_1_68' title="bbox 497 3770 2097 3844; baseline 0.001 -20"><span class='ocrx_word' id='word_1_512' title='bbox 497 3770 656 3826; x_wconf 86' lang='lat' dir='ltr'><strong>tiones</strong></span> <span class='ocrx_word' id='word_1_513' title='bbox 689 3781 874 3826; x_wconf 90' lang='lat' dir='ltr'><strong>sectam</strong></span> <span class='ocrx_word' id='word_1_514' title='bbox 904 3772 1055 3825; x_wconf 88' lang='lat' dir='ltr'><strong>istant</strong></span> <span class='ocrx_word' id='word_1_515' title='bbox 1084 3771 1509 3828; x_wconf 81' lang='lat' dir='ltr'><strong>Christianorum</strong></span> <span class='ocrx_word' id='word_1_516' title='bbox 1538 3775 1771 3844; x_wconf 85' lang='lat' dir='ltr'><strong>deputari</strong></span> <span class='ocrx_word' id='word_1_517' title='bbox 1798 3771 2097 3843; x_wconf 85' lang='lat' dir='ltr'><strong>oportebat,</strong></span> 
     </span>
    </p>
   </div>
   <div class='ocr_carea' id='block_1_69' title="bbox 497 3849 2099 3940">
    <p class='ocr_par' dir='ltr' id='par_1_69' title="bbox 497 3849 2099 3940">
     <span class='ocr_line' id='line_1_69' title="bbox 497 3849 2099 3940; baseline -0.003 -17"><span class='ocrx_word' id='word_1_518' title='bbox 497 3882 530 3922; x_wconf 91' lang='lat' dir='ltr'><strong>a</strong></span> <span class='ocrx_word' id='word_1_519' title='bbox 557 3886 657 3940; x_wconf 91' lang='lat' dir='ltr'><strong>qua</strong></span> <span class='ocrx_word' id='word_1_520' title='bbox 683 3849 812 3923; x_wconf 81' lang='lat' dir='ltr'><strong>nihil</strong></span> <span class='ocrx_word' id='word_1_521' title='bbox 839 3871 938 3924; x_wconf 90' lang='lat' dir='ltr'><strong>tale</strong></span> <span class='ocrx_word' id='word_1_522' title='bbox 963 3871 1465 3940; x_wconf 83' lang='lat' dir='ltr'><strong>committitur,quale</strong></span> <span class='ocrx_word' id='word_1_523' title='bbox 1491 3870 1554 3924; x_wconf 91' lang='lat' dir='ltr'><strong>de</strong></span> <span class='ocrx_word' id='word_1_524' title='bbox 1579 3869 1769 3923; x_wconf 88' lang='lat' dir='ltr'><strong>illicitis</strong></span> <span class='ocrx_word' id='word_1_525' title='bbox 1797 3865 2099 3939; x_wconf 87' lang='lat' dir='ltr'><strong>factionibus</strong></span> 
     </span>
    </p>
   </div>
   <div class='ocr_carea' id='block_1_70' title="bbox 499 3959 2095 4036">
    <p class='ocr_par' dir='ltr' id='par_1_70' title="bbox 499 3959 2095 4036">
     <span class='ocr_line' id='line_1_70' title="bbox 499 3959 2095 4036; baseline -0.003 -20"><span class='ocrx_word' id='word_1_526' title='bbox 499 3964 660 4018; x_wconf 88' lang='lat' dir='ltr'><strong>tinteri</strong></span> <span class='ocrx_word' id='word_1_527' title='bbox 697 3965 821 4020; x_wconf 87' lang='lat' dir='ltr'><strong>solet</strong></span> <span class='ocrx_word' id='word_1_528' title='bbox 851 3962 1205 4036; x_wconf 84' lang='lat' dir='ltr'><strong>(Tertullian.,</strong></span> <span class='ocrx_word' id='word_1_529' title='bbox 1226 3965 1515 4035; x_wconf 81' lang='lat' dir='ltr'><strong>Apologet.,</strong></span> <span class='ocrx_word' id='word_1_530' title='bbox 1555 3979 1672 4032; x_wconf 90' lang='lat' dir='ltr'><strong>cap.</strong></span> <span class='ocrx_word' id='word_1_531' title='bbox 1706 3963 1775 4017; x_wconf 84' lang='lat'><strong>58</strong></span> <span class='ocrx_word' id='word_1_532' title='bbox 1803 4003 1816 4027; x_wconf 95' lang='lat'><strong>,</strong></span> <span class='ocrx_word' id='word_1_533' title='bbox 1857 3979 1910 4030; x_wconf 87' lang='lat' dir='ltr'><strong>p.</strong></span> <span class='ocrx_word' id='word_1_534' title='bbox 1942 3959 2095 4027; x_wconf 81' lang='grc'><strong>464).</strong></span> 
     </span>
    </p>
   </div>
   <div class='ocr_carea' id='block_1_71' title="bbox 498 4050 2098 4120">
    <p class='ocr_par' dir='ltr' id='par_1_71' title="bbox 498 4050 2098 4120">
     <span class='ocr_line' id='line_1_71' title="bbox 498 4050 2098 4120; baseline -0.003 -12"><span class='ocrx_word' id='word_1_535' title='bbox 498 4054 760 4110; x_wconf 88' lang='lat' dir='ltr'><strong>Ileraldus</strong></span> <span class='ocrx_word' id='word_1_536' title='bbox 787 4064 966 4111; x_wconf 86' lang='lat' dir='ltr'><strong>autem</strong></span> <span class='ocrx_word' id='word_1_537' title='bbox 996 4067 1182 4112; x_wconf 86' lang='lat' dir='ltr'><strong>contra</strong></span> <span class='ocrx_word' id='word_1_538' title='bbox 1209 4057 1447 4110; x_wconf 87' lang='lat' dir='ltr'><strong>onmium</strong></span> <span class='ocrx_word' id='word_1_539' title='bbox 1470 4097 1485 4120; x_wconf 93' lang='lat'><strong>,</strong></span> <span class='ocrx_word' id='word_1_540' title='bbox 1512 4055 1630 4108; x_wconf 86' lang='lat' dir='ltr'><strong>sive</strong></span> <span class='ocrx_word' id='word_1_541' title='bbox 1664 4052 1958 4117; x_wconf 89' lang='lat' dir='ltr'><strong>cditormn,</strong></span> <span class='ocrx_word' id='word_1_542' title='bbox 1985 4050 2098 4104; x_wconf 83' lang='lat' dir='ltr'><strong>sive</strong></span> 
     </span>
    </p>
   </div>
   <div class='ocr_carea' id='block_1_72' title="bbox 496 4141 2094 4217">
    <p class='ocr_par' dir='ltr' id='par_1_72' title="bbox 496 4141 2094 4217">
     <span class='ocr_line' id='line_1_72' title="bbox 496 4141 2094 4217; baseline -0.004 -15"><span class='ocrx_word' id='word_1_543' title='bbox 496 4150 982 4217; x_wconf 88' lang='lat' dir='ltr'><strong>manuscriptorum</strong></span> <span class='ocrx_word' id='word_1_544' title='bbox 1034 4148 1278 4202; x_wconf 90' lang='lat' dir='ltr'><strong>codicum</strong></span> <span class='ocrx_word' id='word_1_545' title='bbox 1323 4146 1761 4201; x_wconf 86' lang='lat' dir='ltr'><strong>reclamationem</strong></span> <span class='ocrx_word' id='word_1_546' title='bbox 1813 4141 2094 4212; x_wconf 89' lang='lat' dir='ltr'><strong>legendum</strong></span> 
     </span>
    </p>
   </div>
   <div class='ocr_carea' id='block_1_73' title="bbox 497 4234 2096 4310">
    <p class='ocr_par' dir='ltr' id='par_1_73' title="bbox 497 4234 2096 4310">
     <span class='ocr_line' id='line_1_73' title="bbox 497 4234 2096 4310; baseline -0.004 -16"><span class='ocrx_word' id='word_1_547' title='bbox 497 4250 786 4310; x_wconf 88' lang='lat' dir='ltr'><strong>auguratur</strong></span> <span class='ocrx_word' id='word_1_548' title='bbox 811 4243 1151 4304; x_wconf 89' lang='lat' dir='ltr'><strong>illicitas,non</strong></span> <span class='ocrx_word' id='word_1_549' title='bbox 1178 4257 1304 4296; x_wconf 86' lang='lat' dir='ltr'><strong>vero</strong></span> <span class='ocrx_word' id='word_1_550' title='bbox 1329 4240 1494 4294; x_wconf 86' lang='lat' dir='ltr'><strong>licitas</strong></span> <span class='ocrx_word' id='word_1_551' title='bbox 1514 4237 1790 4292; x_wconf 87' lang='lat' dir='ltr'><strong>factiones.</strong></span> <span class='ocrx_word' id='word_1_552' title='bbox 1815 4234 1929 4290; x_wconf 83' lang='lat' dir='ltr'><strong>Non</strong></span> <span class='ocrx_word' id='word_1_553' title='bbox 1953 4235 2096 4288; x_wconf 90' lang='lat' dir='ltr'><strong>enim</strong></span> 
     </span>
    </p>
   </div>
   <div class='ocr_carea' id='block_1_74' title="bbox 496 4327 2093 4402">
    <p class='ocr_par' dir='ltr' id='par_1_74' title="bbox 496 4327 2093 4402">
     <span class='ocr_line' id='line_1_74' title="bbox 496 4327 2093 4402; baseline -0.003 -16"><span class='ocrx_word' id='word_1_554' title='bbox 496 4332 670 4399; x_wconf 88' lang='lat' dir='ltr'><strong>aliud,</strong></span> <span class='ocrx_word' id='word_1_555' title='bbox 709 4333 907 4402; x_wconf 87' lang='lat' dir='ltr'><strong>inquit,</strong></span> <span class='ocrx_word' id='word_1_556' title='bbox 941 4334 1041 4388; x_wconf 86' lang='lat' dir='ltr'><strong>sibi</strong></span> <span class='ocrx_word' id='word_1_557' title='bbox 1073 4333 1437 4388; x_wconf 85' lang='lat' dir='ltr'><strong>&#39;I‘ertullianus</strong></span> <span class='ocrx_word' id='word_1_558' title='bbox 1465 4331 1660 4395; x_wconf 85' lang='lat' dir='ltr'><strong>voluit,</strong></span> <span class='ocrx_word' id='word_1_559' title='bbox 1695 4329 1795 4384; x_wconf 90' lang='lat' dir='ltr'><strong>nisi</strong></span> <span class='ocrx_word' id='word_1_560' title='bbox 1835 4327 2093 4384; x_wconf 90' lang='lat' dir='ltr'><strong>leniorem</strong></span> 
     </span>
    </p>
   </div>
   <div class='ocr_carea' id='block_1_75' title="bbox 497 4420 2092 4495">
    <p class='ocr_par' dir='ltr' id='par_1_75' title="bbox 497 4420 2092 4495">
     <span class='ocr_line' id='line_1_75' title="bbox 497 4420 2092 4495; baseline -0.004 -15"><span class='ocrx_word' id='word_1_561' title='bbox 497 4425 664 4482; x_wconf 90' lang='lat' dir='ltr'><strong>videri</strong></span> <span class='ocrx_word' id='word_1_562' title='bbox 694 4426 1046 4495; x_wconf 88' lang='lat' dir='ltr'><strong>quorumdam</strong></span> <span class='ocrx_word' id='word_1_563' title='bbox 1079 4426 1415 4481; x_wconf 87' lang='lat' dir='ltr'><strong>ethnicorum</strong></span> <span class='ocrx_word' id='word_1_564' title='bbox 1448 4422 1884 4493; x_wconf 79' lang='lat' dir='ltr'><strong>sententiam,qui</strong></span> <span class='ocrx_word' id='word_1_565' title='bbox 1910 4420 2092 4476; x_wconf 50' lang='lat' dir='ltr'><strong>existi.</strong></span> 
     </span>
    </p>
   </div>
   <div class='ocr_carea' id='block_1_76' title="bbox 497 4514 2091 4588">
    <p class='ocr_par' dir='ltr' id='par_1_76' title="bbox 497 4514 2091 4588">
     <span class='ocr_line' id='line_1_76' title="bbox 497 4514 2091 4588; baseline -0.004 -15"><span class='ocrx_word' id='word_1_566' title='bbox 497 4518 715 4574; x_wconf 89' lang='lat' dir='ltr'><strong>mabant</strong></span> <span class='ocrx_word' id='word_1_567' title='bbox 729 4517 1156 4572; x_wconf 83' lang='lat' dir='ltr'><strong>Christianorum</strong></span> <span class='ocrx_word' id='word_1_568' title='bbox 1175 4528 1375 4573; x_wconf 89' lang='lat' dir='ltr'><strong>sectam</strong></span> <span class='ocrx_word' id='word_1_569' title='bbox 1393 4518 1810 4588; x_wconf 86' lang='lat' dir='ltr'><strong>legibus,contra</strong></span> <span class='ocrx_word' id='word_1_570' title='bbox 1834 4514 2091 4568; x_wconf 88' lang='lat' dir='ltr'><strong>factiones</strong></span> 
     </span>
    </p>
   </div>
   <div class='ocr_carea' id='block_1_77' title="bbox 497 4611 2088 4683">
    <p class='ocr_par' dir='ltr' id='par_1_77' title="bbox 497 4611 2088 4683">
     <span class='ocr_line' id='line_1_77' title="bbox 497 4611 2088 4683; baseline -0.003 -16"><span class='ocrx_word' id='word_1_571' title='bbox 497 4613 846 4683; x_wconf 77' lang='lat' dir='ltr'><strong>promulgatis</strong></span> <span class='ocrx_word' id='word_1_572' title='bbox 867 4653 881 4678; x_wconf 93' lang='lat'><strong>,</strong></span> <span class='ocrx_word' id='word_1_573' title='bbox 915 4611 1220 4682; x_wconf 87' lang='lat' dir='ltr'><strong>prohiberi;</strong></span> <span class='ocrx_word' id='word_1_574' title='bbox 1252 4613 1304 4666; x_wconf 93' lang='lat' dir='ltr'><strong>in</strong></span> <span class='ocrx_word' id='word_1_575' title='bbox 1335 4613 1439 4666; x_wconf 91' lang='lat' dir='ltr'><strong>hoc</strong></span> <span class='ocrx_word' id='word_1_576' title='bbox 1471 4622 1648 4667; x_wconf 88' lang='lat' dir='ltr'><strong>tamen</strong></span> <span class='ocrx_word' id='word_1_577' title='bbox 1686 4611 1804 4664; x_wconf 89' lang='lat' dir='ltr'><strong>illos</strong></span> <span class='ocrx_word' id='word_1_578' title='bbox 1839 4623 2052 4664; x_wconf 89' lang='lat' dir='ltr'><strong>errasse</strong></span> <span class='ocrx_word' id='word_1_579' title='bbox 2073 4650 2088 4676; x_wconf 90' lang='lat'><strong>,</strong></span> 
     </span>
    </p>
   </div>
   <div class='ocr_carea' id='block_1_78' title="bbox 2210 3399 3822 3475">
    <p class='ocr_par' dir='ltr' id='par_1_78' title="bbox 2210 3399 3822 3475">
     <span class='ocr_line' id='line_1_78' title="bbox 2210 3399 3822 3475; baseline 0.006 -23"><span class='ocrx_word' id='word_1_580' title='bbox 2210 3399 2435 3452; x_wconf 80' lang='lat' dir='ltr'><strong>uenulem</strong></span> <span class='ocrx_word' id='word_1_581' title='bbox 2463 3408 2508 3452; x_wconf 88' lang='lat' dir='ltr'><strong>et</strong></span> <span class='ocrx_word' id='word_1_582' title='bbox 2550 3400 2910 3452; x_wconf 86' lang='lat' dir='ltr'><strong>mercenariam</strong></span> <span class='ocrx_word' id='word_1_583' title='bbox 2940 3400 3191 3456; x_wconf 73' lang='lat' dir='ltr'><strong>violentia:</strong></span> <span class='ocrx_word' id='word_1_584' title='bbox 3209 3418 3314 3456; x_wconf 79' lang='lat' dir='ltr'><strong>sua:</strong></span> <span class='ocrx_word' id='word_1_585' title='bbox 3349 3421 3554 3472; x_wconf 89' lang='lat' dir='ltr'><strong>operam</strong></span> <span class='ocrx_word' id='word_1_586' title='bbox 3581 3403 3822 3475; x_wconf 85' lang='lat' dir='ltr'><strong>(Tertul-</strong></span> 
     </span>
    </p>
   </div>
   <div class='ocr_carea' id='block_1_79' title="bbox 2210 3494 3813 3569">
    <p class='ocr_par' dir='ltr' id='par_1_79' title="bbox 2210 3494 3813 3569">
     <span class='ocr_line' id='line_1_79' title="bbox 2210 3494 3813 3569; baseline 0.003 -18"><span class='ocrx_word' id='word_1_587' title='bbox 2210 3497 2336 3551; x_wconf 89' lang='lat' dir='ltr'><strong>lian.</strong></span> <span class='ocrx_word' id='word_1_588' title='bbox 2363 3494 2461 3550; x_wconf 89' lang='lat' dir='ltr'><strong>loc.</strong></span> <span class='ocrx_word' id='word_1_589' title='bbox 2492 3496 2628 3566; x_wconf 90' lang='lat' dir='ltr'><strong>cit.),</strong></span> <span class='ocrx_word' id='word_1_590' title='bbox 2659 3495 2724 3548; x_wconf 86' lang='lat' dir='ltr'><strong>ad</strong></span> <span class='ocrx_word' id='word_1_591' title='bbox 2761 3495 3074 3550; x_wconf 75' lang='lat' dir='ltr'><strong>excitandas</strong></span> <span class='ocrx_word' id='word_1_592' title='bbox 3109 3497 3365 3551; x_wconf 72' lang='lat' dir='ltr'><strong>adversus</strong></span> <span class='ocrx_word' id='word_1_593' title='bbox 3400 3500 3813 3569; x_wconf 83' lang='lat' dir='ltr'><strong>imperatorem,</strong></span> 
     </span>
    </p>
   </div>
   <div class='ocr_carea' id='block_1_80' title="bbox 2207 3587 3814 3661">
    <p class='ocr_par' dir='ltr' id='par_1_80' title="bbox 2207 3587 3814 3661">
     <span class='ocr_line' id='line_1_80' title="bbox 2207 3587 3814 3661; baseline 0.004 -21"><span class='ocrx_word' id='word_1_594' title='bbox 2207 3587 2657 3659; x_wconf 85' lang='lat' dir='ltr'><strong>quemadmodum</strong></span> <span class='ocrx_word' id='word_1_595' title='bbox 2703 3587 3196 3653; x_wconf 87' lang='lat' dir='ltr'><strong>animadvertimus,</strong></span> <span class='ocrx_word' id='word_1_596' title='bbox 3237 3589 3414 3643; x_wconf 78' lang='lat' dir='ltr'><strong>turbas</strong></span> <span class='ocrx_word' id='word_1_597' title='bbox 3474 3602 3634 3661; x_wconf 87' lang='lat' dir='ltr'><strong>atque</strong></span> <span class='ocrx_word' id='word_1_598' title='bbox 3664 3594 3814 3648; x_wconf 88' lang='lat' dir='ltr'><strong>sedi-</strong></span> 
     </span>
    </p>
   </div>
   <div class='ocr_carea' id='block_1_81' title="bbox 2206 3681 3817 3754">
    <p class='ocr_par' dir='ltr' id='par_1_81' title="bbox 2206 3681 3817 3754">
     <span class='ocr_line' id='line_1_81' title="bbox 2206 3681 3817 3754; baseline 0.005 -19"><span class='ocrx_word' id='word_1_599' title='bbox 2206 3682 2402 3735; x_wconf 89' lang='lat' dir='ltr'><strong>tiones.</strong></span> <span class='ocrx_word' id='word_1_600' title='bbox 2445 3681 2639 3735; x_wconf 79' lang='lat' dir='ltr'><strong>Contra</strong></span> <span class='ocrx_word' id='word_1_601' title='bbox 2670 3681 2813 3734; x_wconf 91' lang='lat' dir='ltr'><strong>illutn</strong></span> <span class='ocrx_word' id='word_1_602' title='bbox 2854 3681 3049 3752; x_wconf 82' lang='lat' dir='ltr'><strong>quippe</strong></span> <span class='ocrx_word' id='word_1_603' title='bbox 3071 3682 3330 3750; x_wconf 88' lang='lat' dir='ltr'><strong>conjnrati</strong></span> <span class='ocrx_word' id='word_1_604' title='bbox 3351 3724 3365 3748; x_wconf 91' lang='lat'><strong>,</strong></span> <span class='ocrx_word' id='word_1_605' title='bbox 3398 3682 3532 3737; x_wconf 87' lang='lat' dir='ltr'><strong>alios</strong></span> <span class='ocrx_word' id='word_1_606' title='bbox 3563 3685 3817 3754; x_wconf 89' lang='lat' dir='ltr'><strong>perditos</strong></span> 
     </span>
    </p>
   </div>
   <div class='ocr_carea' id='block_1_82' title="bbox 2207 3773 3809 3842">
    <p class='ocr_par' dir='ltr' id='par_1_82' title="bbox 2207 3773 3809 3842">
     <span class='ocr_line' id='line_1_82' title="bbox 2207 3773 3809 3842; baseline 0.004 -14"><span class='ocrx_word' id='word_1_607' title='bbox 2207 3774 2453 3828; x_wconf 86' lang='lat' dir='ltr'><strong>homines</strong></span> <span class='ocrx_word' id='word_1_608' title='bbox 2483 3773 2654 3842; x_wconf 87' lang='lat' dir='ltr'><strong>pretio</strong></span> <span class='ocrx_word' id='word_1_609' title='bbox 2685 3788 2746 3826; x_wconf 91' lang='lat' dir='ltr'><strong>ac</strong></span> <span class='ocrx_word' id='word_1_610' title='bbox 2773 3773 3021 3827; x_wconf 85' lang='lat' dir='ltr'><strong>mercede</strong></span> <span class='ocrx_word' id='word_1_611' title='bbox 3050 3774 3099 3826; x_wconf 91' lang='lat' dir='ltr'><strong>in</strong></span> <span class='ocrx_word' id='word_1_612' title='bbox 3134 3781 3307 3841; x_wconf 88' lang='lat' dir='ltr'><strong>partes</strong></span> <span class='ocrx_word' id='word_1_613' title='bbox 3341 3775 3626 3830; x_wconf 88' lang='lat' dir='ltr'><strong>trahebant</strong></span> <span class='ocrx_word' id='word_1_614' title='bbox 3648 3793 3809 3837; x_wconf 85' lang='lat' dir='ltr'><strong>suas.</strong></span> 
     </span>
    </p>
   </div>
   <div class='ocr_carea' id='block_1_83' title="bbox 2275 3866 3811 3938">
    <p class='ocr_par' dir='ltr' id='par_1_83' title="bbox 2275 3866 3811 3938">
     <span class='ocr_line' id='line_1_83' title="bbox 2275 3866 3811 3938; baseline 0.008 -18"><span class='ocrx_word' id='word_1_615' title='bbox 2275 3866 2418 3920; x_wconf 86' lang='lat' dir='ltr'><strong>Nihil</strong></span> <span class='ocrx_word' id='word_1_616' title='bbox 2453 3877 2630 3920; x_wconf 89' lang='lat' dir='ltr'><strong>autem</strong></span> <span class='ocrx_word' id='word_1_617' title='bbox 2664 3868 2786 3936; x_wconf 85' lang='lat' dir='ltr'><strong>tale,</strong></span> <span class='ocrx_word' id='word_1_618' title='bbox 2829 3868 2912 3922; x_wconf 89' lang='lat' dir='ltr'><strong>vel</strong></span> <span class='ocrx_word' id='word_1_619' title='bbox 2943 3867 3067 3938; x_wconf 89' lang='lat' dir='ltr'><strong>quid</strong></span> <span class='ocrx_word' id='word_1_620' title='bbox 3099 3867 3181 3921; x_wconf 92' lang='lat' dir='ltr'><strong>his</strong></span> <span class='ocrx_word' id='word_1_621' title='bbox 3225 3868 3500 3922; x_wconf 89' lang='lat' dir='ltr'><strong>tninimmn</strong></span> <span class='ocrx_word' id='word_1_622' title='bbox 3536 3871 3724 3930; x_wconf 85' lang='lat' dir='ltr'><strong>simile</strong></span> <span class='ocrx_word' id='word_1_623' title='bbox 3783 3894 3811 3932; x_wconf 91' lang='lat' dir='ltr'><strong>a</strong></span> 
     </span>
    </p>
   </div>
   <div class='ocr_carea' id='block_1_84' title="bbox 2202 3957 3814 4033">
    <p class='ocr_par' dir='ltr' id='par_1_84' title="bbox 2202 3957 3814 4033">
     <span class='ocr_line' id='line_1_84' title="bbox 2202 3957 3814 4033; baseline 0.007 -21"><span class='ocrx_word' id='word_1_624' title='bbox 2202 3957 2521 4012; x_wconf 71' lang='lat' dir='ltr'><strong>Christianis</strong></span> <span class='ocrx_word' id='word_1_625' title='bbox 2572 3959 2864 4012; x_wconf 89' lang='lat' dir='ltr'><strong>timendum</strong></span> <span class='ocrx_word' id='word_1_626' title='bbox 2911 3968 3045 4014; x_wconf 89' lang='lat' dir='ltr'><strong>erat.</strong></span> <span class='ocrx_word' id='word_1_627' title='bbox 3096 3959 3272 4015; x_wconf 80' lang='lat' dir='ltr'><strong>Primo</strong></span> <span class='ocrx_word' id='word_1_628' title='bbox 3307 3961 3448 4015; x_wconf 89' lang='lat' dir='ltr'><strong>enim</strong></span> <span class='ocrx_word' id='word_1_629' title='bbox 3478 3960 3529 4016; x_wconf 89' lang='lat' dir='ltr'><strong>itt</strong></span> <span class='ocrx_word' id='word_1_630' title='bbox 3575 3965 3814 4033; x_wconf 87' lang='lat' dir='ltr'><strong>publicis</strong></span> 
     </span>
    </p>
   </div>
   <div class='ocr_carea' id='block_1_85' title="bbox 2202 4049 3804 4126">
    <p class='ocr_par' dir='ltr' id='par_1_85' title="bbox 2202 4049 3804 4126">
     <span class='ocr_line' id='line_1_85' title="bbox 2202 4049 3804 4126; baseline 0.005 -22"><span class='ocrx_word' id='word_1_631' title='bbox 2202 4049 2314 4104; x_wconf 85' lang='lat' dir='ltr'><strong>suis</strong></span> <span class='ocrx_word' id='word_1_632' title='bbox 2333 4049 2622 4121; x_wconf 76' lang='lat' dir='ltr'><strong>synaxibus</strong></span> <span class='ocrx_word' id='word_1_633' title='bbox 2651 4050 2780 4102; x_wconf 90' lang='lat' dir='ltr'><strong>nihil</strong></span> <span class='ocrx_word' id='word_1_634' title='bbox 2816 4052 3092 4118; x_wconf 81' lang='lat' dir='ltr'><strong>agebatur,</strong></span> <span class='ocrx_word' id='word_1_635' title='bbox 3124 4051 3224 4106; x_wconf 89' lang='lat' dir='ltr'><strong>nisi</strong></span> <span class='ocrx_word' id='word_1_636' title='bbox 3259 4053 3419 4121; x_wconf 89' lang='lat' dir='ltr'><strong>pimn,</strong></span> <span class='ocrx_word' id='word_1_637' title='bbox 3450 4061 3503 4107; x_wconf 89' lang='lat' dir='ltr'><strong>et</strong></span> <span class='ocrx_word' id='word_1_638' title='bbox 3531 4065 3804 4126; x_wconf 87' lang='lat' dir='ltr'><strong>sanctum;</strong></span> 
     </span>
    </p>
   </div>
   <div class='ocr_carea' id='block_1_86' title="bbox 2201 4141 3798 4216">
    <p class='ocr_par' dir='ltr' id='par_1_86' title="bbox 2201 4141 3798 4216">
     <span class='ocr_line' id='line_1_86' title="bbox 2201 4141 3798 4216; baseline 0.005 -22"><span class='ocrx_word' id='word_1_639' title='bbox 2201 4151 2360 4211; x_wconf 87' lang='lat' dir='ltr'><strong>atque</strong></span> <span class='ocrx_word' id='word_1_640' title='bbox 2393 4141 2459 4196; x_wconf 90' lang='lat' dir='ltr'><strong>ibi</strong></span> <span class='ocrx_word' id='word_1_641' title='bbox 2489 4181 2502 4204; x_wconf 91' lang='lat'><strong>,</strong></span> <span class='ocrx_word' id='word_1_642' title='bbox 2532 4141 2672 4196; x_wconf 90' lang='lat' dir='ltr'><strong>sicut</strong></span> <span class='ocrx_word' id='word_1_643' title='bbox 2701 4141 2858 4205; x_wconf 88' lang='lat' dir='ltr'><strong>alibi,</strong></span> <span class='ocrx_word' id='word_1_644' title='bbox 2898 4142 3062 4196; x_wconf 90' lang='lat' dir='ltr'><strong>Deum</strong></span> <span class='ocrx_word' id='word_1_645' title='bbox 3107 4152 3217 4196; x_wconf 91' lang='lat' dir='ltr'><strong>toto</strong></span> <span class='ocrx_word' id='word_1_646' title='bbox 3244 4144 3409 4198; x_wconf 90' lang='lat' dir='ltr'><strong>corde</strong></span> <span class='ocrx_word' id='word_1_647' title='bbox 3439 4146 3663 4200; x_wconf 90' lang='lat' dir='ltr'><strong>orabant</strong></span> <span class='ocrx_word' id='word_1_648' title='bbox 3693 4162 3798 4216; x_wconf 89' lang='lat' dir='ltr'><strong>pro</strong></span> 
     </span>
    </p>
   </div>
   <div class='ocr_carea' id='block_1_87' title="bbox 2202 4233 3805 4307">
    <p class='ocr_par' dir='ltr' id='par_1_87' title="bbox 2202 4233 3805 4307">
     <span class='ocr_line' id='line_1_87' title="bbox 2202 4233 3805 4307; baseline 0.004 -20"><span class='ocrx_word' id='word_1_649' title='bbox 2202 4233 2643 4301; x_wconf 87' lang='lat' dir='ltr'><strong>imperatoribus,</strong></span> <span class='ocrx_word' id='word_1_650' title='bbox 2677 4235 2960 4302; x_wconf 88' lang='lat' dir='ltr'><strong>tranquillo</strong></span> <span class='ocrx_word' id='word_1_651' title='bbox 2989 4235 3196 4303; x_wconf 85' lang='lat' dir='ltr'><strong>imperii</strong></span> <span class='ocrx_word' id='word_1_652' title='bbox 3231 4245 3369 4289; x_wconf 90' lang='lat' dir='ltr'><strong>statu</strong></span> <span class='ocrx_word' id='word_1_653' title='bbox 3391 4278 3404 4301; x_wconf 92' lang='lat'><strong>,</strong></span> <span class='ocrx_word' id='word_1_654' title='bbox 3435 4254 3530 4307; x_wconf 89' lang='lat' dir='ltr'><strong>pro</strong></span> <span class='ocrx_word' id='word_1_655' title='bbox 3553 4241 3661 4294; x_wconf 90' lang='lat' dir='ltr'><strong>suis</strong></span> <span class='ocrx_word' id='word_1_656' title='bbox 3690 4240 3805 4295; x_wconf 89' lang='lat' dir='ltr'><strong>ini-</strong></span> 
     </span>
    </p>
   </div>
   <div class='ocr_carea' id='block_1_88' title="bbox 2200 4325 3838 4404">
    <p class='ocr_par' dir='ltr' id='par_1_88' title="bbox 2200 4325 3838 4404">
     <span class='ocr_line' id='line_1_88' title="bbox 2200 4325 3838 4404; baseline 0.007 -26"><span class='ocrx_word' id='word_1_657' title='bbox 2200 4325 2370 4390; x_wconf 86' lang='lat' dir='ltr'><strong>micis,</strong></span> <span class='ocrx_word' id='word_1_658' title='bbox 2403 4342 2466 4380; x_wconf 85' lang='lat' dir='ltr'><strong>ac</strong></span> <span class='ocrx_word' id='word_1_659' title='bbox 2495 4326 2704 4381; x_wconf 71' lang='lat' dir='ltr'><strong>cmteris</strong></span> <span class='ocrx_word' id='word_1_660' title='bbox 2725 4325 2990 4380; x_wconf 91' lang='lat' dir='ltr'><strong>omnibus.</strong></span> <span class='ocrx_word' id='word_1_661' title='bbox 3015 4325 3200 4395; x_wconf 84' lang='lat' dir='ltr'><strong>(lbid.,</strong></span> <span class='ocrx_word' id='word_1_662' title='bbox 3229 4344 3346 4396; x_wconf 85' lang='lat' dir='ltr'><strong>cap.</strong></span> <span class='ocrx_word' id='word_1_663' title='bbox 3379 4329 3467 4393; x_wconf 89' lang='lat'><strong>59,</strong></span> <span class='ocrx_word' id='word_1_664' title='bbox 3496 4349 3613 4402; x_wconf 87' lang='lat' dir='ltr'><strong>pag.</strong></span> <span class='ocrx_word' id='word_1_665' title='bbox 3638 4331 3799 4404; x_wconf 86' lang='grc'><strong>468).</strong></span> <span class='ocrx_word' id='word_1_666' title='bbox 3833 4360 3838 4362; x_wconf 95' lang='grc'>·</span> 
     </span>
    </p>
   </div>
   <div class='ocr_carea' id='block_1_89' title="bbox 2197 4417 3803 4489">
    <p class='ocr_par' dir='ltr' id='par_1_89' title="bbox 2197 4417 3803 4489">
     <span class='ocr_line' id='line_1_89' title="bbox 2197 4417 3803 4489; baseline 0.007 -18"><span class='ocrx_word' id='word_1_667' title='bbox 2197 4417 2328 4487; x_wconf 80' lang='lat' dir='ltr'><strong>Quae</strong></span> <span class='ocrx_word' id='word_1_668' title='bbox 2353 4419 2570 4489; x_wconf 85' lang='lat' dir='ltr'><strong>quidem</strong></span> <span class='ocrx_word' id='word_1_669' title='bbox 2601 4420 2777 4473; x_wconf 78' lang='lat' dir='ltr'><strong>omnia</strong></span> <span class='ocrx_word' id='word_1_670' title='bbox 2805 4419 2914 4489; x_wconf 84' lang='lat' dir='ltr'><strong>jam</strong></span> <span class='ocrx_word' id='word_1_671' title='bbox 2946 4436 2973 4472; x_wconf 91' lang='lat' dir='ltr'><strong>a</strong></span> <span class='ocrx_word' id='word_1_672' title='bbox 3003 4419 3158 4473; x_wconf 84' lang='lat' dir='ltr'><strong>nobis</strong></span> <span class='ocrx_word' id='word_1_673' title='bbox 3185 4421 3398 4477; x_wconf 89' lang='lat' dir='ltr'><strong>abunde</strong></span> <span class='ocrx_word' id='word_1_674' title='bbox 3422 4425 3803 4484; x_wconf 83' lang='lat' dir='ltr'><strong>demonstrata</strong></span> 
     </span>
    </p>
   </div>
   <div class='ocr_carea' id='block_1_90' title="bbox 2197 4510 3576 4588">
    <p class='ocr_par' dir='ltr' id='par_1_90' title="bbox 2197 4510 3576 4588">
     <span class='ocr_line' id='line_1_90' title="bbox 2197 4510 3576 4588; baseline 0.005 -24"><span class='ocrx_word' id='word_1_675' title='bbox 2197 4518 2324 4564; x_wconf 90' lang='lat' dir='ltr'><strong>sunt</strong></span> <span class='ocrx_word' id='word_1_676' title='bbox 2348 4510 2556 4582; x_wconf 86' lang='lat' dir='ltr'><strong>(Supr.,</strong></span> <span class='ocrx_word' id='word_1_677' title='bbox 2587 4527 2702 4583; x_wconf 89' lang='lat' dir='ltr'><strong>cap.</strong></span> <span class='ocrx_word' id='word_1_678' title='bbox 2731 4511 2818 4577; x_wconf 76' lang='lat' dir='ltr'><strong>ll,</strong></span> <span class='ocrx_word' id='word_1_679' title='bbox 2842 4521 2940 4564; x_wconf 89' lang='lat' dir='ltr'><strong>art.</strong></span> <span class='ocrx_word' id='word_1_680' title='bbox 2967 4512 3022 4577; x_wconf 82' lang='lat'><strong>5,</strong></span> <span class='ocrx_word' id='word_1_681' title='bbox 3046 4521 3092 4565; x_wconf 88' lang='lat' dir='ltr'><strong>et</strong></span> <span class='ocrx_word' id='word_1_682' title='bbox 3113 4529 3228 4582; x_wconf 88' lang='lat' dir='ltr'><strong>cap.</strong></span> <span class='ocrx_word' id='word_1_683' title='bbox 3250 4513 3340 4580; x_wconf 70' lang='lat'><strong>2|,</strong></span> <span class='ocrx_word' id='word_1_684' title='bbox 3369 4527 3467 4570; x_wconf 88' lang='lat' dir='ltr'><strong>art.</strong></span> <span class='ocrx_word' id='word_1_685' title='bbox 3501 4515 3576 4588; x_wconf 81' lang='lat' dir='ltr'><strong>l).</strong></span> 
     </span>
    </p>
   </div>
   <div class='ocr_carea' id='block_1_91' title="bbox 2269 4602 3798 4680">
    <p class='ocr_par' dir='ltr' id='par_1_91' title="bbox 2269 4602 3798 4680">
     <span class='ocr_line' id='line_1_91' title="bbox 2269 4602 3798 4680; baseline 0.006 -24"><span class='ocrx_word' id='word_1_686' title='bbox 2269 4602 2518 4657; x_wconf 87' lang='lat' dir='ltr'><strong>Secundo</strong></span> <span class='ocrx_word' id='word_1_687' title='bbox 2551 4603 2632 4656; x_wconf 92' lang='lat' dir='ltr'><strong>his</strong></span> <span class='ocrx_word' id='word_1_688' title='bbox 2677 4604 2745 4658; x_wconf 89' lang='lat' dir='ltr'><strong>ab</strong></span> <span class='ocrx_word' id='word_1_689' title='bbox 2784 4605 2927 4657; x_wconf 91' lang='lat' dir='ltr'><strong>omni</strong></span> <span class='ocrx_word' id='word_1_690' title='bbox 2973 4604 3294 4671; x_wconf 88' lang='lat' dir='ltr'><strong>ambitione,</strong></span> <span class='ocrx_word' id='word_1_691' title='bbox 3345 4623 3410 4662; x_wconf 89' lang='lat' dir='ltr'><strong>ac</strong></span> <span class='ocrx_word' id='word_1_692' title='bbox 3442 4609 3798 4680; x_wconf 84' lang='lat' dir='ltr'><strong>dignitatum,</strong></span> 
     </span>
    </p>
   </div>
   <div class='ocr_carea' id='block_1_92' title="bbox 493 4694 3802 4776">
    <p class='ocr_par' dir='ltr' id='par_1_92' title="bbox 493 4694 3802 4776">
     <span class='ocr_line' id='line_1_92' title="bbox 493 4694 3802 4776; baseline 0.001 -20"><span class='ocrx_word' id='word_1_693' title='bbox 493 4705 634 4776; x_wconf 84' lang='lat' dir='ltr'><strong>quod</strong></span> <span class='ocrx_word' id='word_1_694' title='bbox 682 4705 818 4760; x_wconf 90' lang='lat' dir='ltr'><strong>hanc</strong></span> <span class='ocrx_word' id='word_1_695' title='bbox 849 4714 1051 4760; x_wconf 82' lang='lat' dir='ltr'><strong>sectam</strong></span> <span class='ocrx_word' id='word_1_696' title='bbox 1092 4705 1144 4758; x_wconf 91' lang='lat' dir='ltr'><strong>in</strong></span> <span class='ocrx_word' id='word_1_697' title='bbox 1186 4703 1472 4758; x_wconf 88' lang='lat' dir='ltr'><strong>faetionum</strong></span> <span class='ocrx_word' id='word_1_698' title='bbox 1519 4703 1820 4757; x_wconf 90' lang='lat' dir='ltr'><strong>illicitarum</strong></span> <span class='ocrx_word' id='word_1_699' title='bbox 1867 4717 2091 4757; x_wconf 89' lang='lat' dir='ltr'><strong>numero</strong></span> <span class='ocrx_word' id='word_1_700' title='bbox 2117 4707 2172 4768; x_wconf 79' lang='grc' dir='ltr'><strong><em>Β</em></strong></span> <span class='ocrx_word' id='word_1_701' title='bbox 2200 4694 2572 4768; x_wconf 83' lang='lat' dir='ltr'><strong>bonorumque</strong></span> <span class='ocrx_word' id='word_1_702' title='bbox 2599 4697 2887 4767; x_wconf 86' lang='lat' dir='ltr'><strong>cupiditate</strong></span> <span class='ocrx_word' id='word_1_703' title='bbox 2939 4715 3155 4769; x_wconf 81' lang='lat' dir='ltr'><strong>prorSus</strong></span> <span class='ocrx_word' id='word_1_704' title='bbox 3191 4700 3632 4765; x_wconf 89' lang='lat' dir='ltr'><strong>abhorrentibus,</strong></span> <span class='ocrx_word' id='word_1_705' title='bbox 3680 4705 3802 4762; x_wconf 87' lang='lat' dir='ltr'><strong>sive</strong></span> 
     </span>
    </p>
   </div>
   <div class='ocr_carea' id='block_1_93' title="bbox 492 4797 2089 4870">
    <p class='ocr_par' dir='ltr' id='par_1_93' title="bbox 492 4797 2089 4870">
     <span class='ocr_line' id='line_1_93' title="bbox 492 4797 2089 4870; baseline -0.002 -17"><span class='ocrx_word' id='word_1_706' title='bbox 492 4800 850 4855; x_wconf 88' lang='lat' dir='ltr'><strong>collocabant.</strong></span> <span class='ocrx_word' id='word_1_707' title='bbox 877 4799 981 4854; x_wconf 81' lang='lat' dir='ltr'><strong>Sed</strong></span> <span class='ocrx_word' id='word_1_708' title='bbox 1013 4799 1140 4870; x_wconf 90' lang='lat' dir='ltr'><strong>quid</strong></span> <span class='ocrx_word' id='word_1_709' title='bbox 1169 4799 1370 4853; x_wconf 84' lang='lat' dir='ltr'><strong>audeas</strong></span> <span class='ocrx_word' id='word_1_710' title='bbox 1399 4806 1582 4852; x_wconf 88' lang='lat' dir='ltr'><strong>contra</strong></span> <span class='ocrx_word' id='word_1_711' title='bbox 1615 4797 1921 4851; x_wconf 89' lang='lat' dir='ltr'><strong>unanimem</strong></span> <span class='ocrx_word' id='word_1_712' title='bbox 1941 4798 2089 4851; x_wconf 90' lang='lat' dir='ltr'><strong>codi-</strong></span> 
     </span>
    </p>
   </div>
   <div class='ocr_carea' id='block_1_94' title="bbox 492 4890 2085 4959">
    <p class='ocr_par' dir='ltr' id='par_1_94' title="bbox 492 4890 2085 4959">
     <span class='ocr_line' id='line_1_94' title="bbox 492 4890 2085 4959; baseline -0.001 -13"><span class='ocrx_word' id='word_1_713' title='bbox 492 4907 613 4946; x_wconf 92' lang='lat' dir='ltr'><strong>cum</strong></span> <span class='ocrx_word' id='word_1_714' title='bbox 655 4893 893 4946; x_wconf 92' lang='lat' dir='ltr'><strong>omnium</strong></span> <span class='ocrx_word' id='word_1_715' title='bbox 926 4891 1290 4948; x_wconf 87' lang='lat' dir='ltr'><strong>consensum?</strong></span> <span class='ocrx_word' id='word_1_716' title='bbox 1320 4890 1455 4957; x_wconf 79' lang='lat' dir='ltr'><strong>Quid</strong></span> <span class='ocrx_word' id='word_1_717' title='bbox 1486 4905 1641 4954; x_wconf 82' lang='lat' dir='ltr'><strong>vero,</strong></span> <span class='ocrx_word' id='word_1_718' title='bbox 1677 4891 1719 4944; x_wconf 90' lang='lat' dir='ltr'><strong>si</strong></span> <span class='ocrx_word' id='word_1_719' title='bbox 1765 4891 2085 4959; x_wconf 86' lang='lat' dir='ltr'><strong>transposita</strong></span> 
     </span>
    </p>
   </div>
   <div class='ocr_carea' id='block_1_95' title="bbox 491 4981 2085 5052">
    <p class='ocr_par' dir='ltr' id='par_1_95' title="bbox 491 4981 2085 5052">
     <span class='ocr_line' id='line_1_95' title="bbox 491 4981 2085 5052; baseline 0 -16"><span class='ocrx_word' id='word_1_720' title='bbox 491 4983 561 5036; x_wconf 85' lang='lat' dir='ltr'><strong>sit</strong></span> <span class='ocrx_word' id='word_1_721' title='bbox 589 4983 846 5052; x_wconf 88' lang='lat' dir='ltr'><strong>particula</strong></span> <span class='ocrx_word' id='word_1_722' title='bbox 877 5001 966 5038; x_wconf 86' lang='lat' dir='ltr'><strong>nec</strong></span> <span class='ocrx_word' id='word_1_723' title='bbox 989 5027 1002 5052; x_wconf 94' lang='lat'><strong>,</strong></span> <span class='ocrx_word' id='word_1_724' title='bbox 1028 4994 1120 5039; x_wconf 86' lang='lat' dir='ltr'><strong>aut</strong></span> <span class='ocrx_word' id='word_1_725' title='bbox 1149 4982 1430 5039; x_wconf 87' lang='lat' dir='ltr'><strong>referenda</strong></span> <span class='ocrx_word' id='word_1_726' title='bbox 1460 4981 1526 5035; x_wconf 87' lang='lat' dir='ltr'><strong>ad</strong></span> <span class='ocrx_word' id='word_1_727' title='bbox 1558 4995 1752 5035; x_wconf 91' lang='lat' dir='ltr'><strong>nomen</strong></span> <span class='ocrx_word' id='word_1_728' title='bbox 1785 4981 1948 5035; x_wconf 86' lang='lat' dir='ltr'><strong>licitas</strong></span> <span class='ocrx_word' id='word_1_729' title='bbox 1971 5024 1985 5049; x_wconf 93' lang='lat'><strong>,</strong></span> <span class='ocrx_word' id='word_1_730' title='bbox 2016 4983 2085 5036; x_wconf 88' lang='lat' dir='ltr'><strong>ita</strong></span> 
     </span>
    </p>
   </div>
   <div class='ocr_carea' id='block_1_96' title="bbox 492 5073 2086 5130">
    <p class='ocr_par' dir='ltr' id='par_1_96' title="bbox 492 5073 2086 5130">
     <span class='ocr_line' id='line_1_96' title="bbox 492 5073 2086 5130; baseline 0.001 -2"><span class='ocrx_word' id='word_1_731' title='bbox 492 5083 549 5128; x_wconf 91' lang='lat' dir='ltr'><strong>ut</strong></span> <span class='ocrx_word' id='word_1_732' title='bbox 583 5075 650 5127; x_wconf 90' lang='lat' dir='ltr'><strong>sit</strong></span> <span class='ocrx_word' id='word_1_733' title='bbox 681 5073 767 5129; x_wconf 91' lang='lat' dir='ltr'><strong>hic</strong></span> <span class='ocrx_word' id='word_1_734' title='bbox 792 5075 1041 5130; x_wconf 85' lang='lat' dir='ltr'><strong>Auctoris</strong></span> <span class='ocrx_word' id='word_1_735' title='bbox 1077 5077 1243 5130; x_wconf 88' lang='lat' dir='ltr'><strong>nostri</strong></span> <span class='ocrx_word' id='word_1_736' title='bbox 1282 5088 1474 5130; x_wconf 88' lang='lat' dir='ltr'><strong>sensus</strong></span> <span class='ocrx_word' id='word_1_737' title='bbox 1505 5093 1516 5126; x_wconf 87' lang='lat'><strong>:</strong></span> <span class='ocrx_word' id='word_1_738' title='bbox 1550 5073 1756 5127; x_wconf 84' lang='lat' dir='ltr'><strong>Ethnici</strong></span> <span class='ocrx_word' id='word_1_739' title='bbox 1799 5073 2086 5129; x_wconf 88' lang='lat' dir='ltr'><strong>falsissime</strong></span> 
     </span>
    </p>
   </div>
   <div class='ocr_carea' id='block_1_97' title="bbox 488 5165 2084 5238">
    <p class='ocr_par' dir='ltr' id='par_1_97' title="bbox 488 5165 2084 5238">
     <span class='ocr_line' id='line_1_97' title="bbox 488 5165 2084 5238; baseline 0 -16"><span class='ocrx_word' id='word_1_740' title='bbox 488 5165 821 5222; x_wconf 91' lang='lat' dir='ltr'><strong>Christianos</strong></span> <span class='ocrx_word' id='word_1_741' title='bbox 844 5167 1022 5223; x_wconf 86' lang='lat' dir='ltr'><strong>hostes</strong></span> <span class='ocrx_word' id='word_1_742' title='bbox 1046 5169 1285 5238; x_wconf 89' lang='lat' dir='ltr'><strong>publicos</strong></span> <span class='ocrx_word' id='word_1_743' title='bbox 1311 5183 1429 5223; x_wconf 91' lang='lat' dir='ltr'><strong>esse</strong></span> <span class='ocrx_word' id='word_1_744' title='bbox 1453 5167 1773 5222; x_wconf 73' lang='lat' dir='ltr'><strong>clan&#39;iabant.</strong></span> <span class='ocrx_word' id='word_1_745' title='bbox 1793 5165 1902 5222; x_wconf 85' lang='lat' dir='ltr'><strong>Nec</strong></span> <span class='ocrx_word' id='word_1_746' title='bbox 1929 5167 2084 5237; x_wconf 91' lang='lat' dir='ltr'><strong>paulo</strong></span> 
     </span>
    </p>
   </div>
   <div class='ocr_carea' id='block_1_98' title="bbox 489 5259 2083 5331">
    <p class='ocr_par' dir='ltr' id='par_1_98' title="bbox 489 5259 2083 5331">
     <span class='ocr_line' id='line_1_98' title="bbox 489 5259 2083 5331; baseline 0 -17"><span class='ocrx_word' id='word_1_747' title='bbox 489 5260 664 5315; x_wconf 90' lang='lat' dir='ltr'><strong>lenius</strong></span> <span class='ocrx_word' id='word_1_748' title='bbox 691 5260 724 5314; x_wconf 89' lang='lat' dir='ltr'><strong>ii</strong></span> <span class='ocrx_word' id='word_1_749' title='bbox 751 5275 873 5315; x_wconf 91' lang='lat' dir='ltr'><strong>eum</strong></span> <span class='ocrx_word' id='word_1_750' title='bbox 906 5261 1011 5315; x_wconf 85' lang='lat' dir='ltr'><strong>illis</strong></span> <span class='ocrx_word' id='word_1_751' title='bbox 1037 5261 1299 5331; x_wconf 85' lang='lat' dir='ltr'><strong>agebant,</strong></span> <span class='ocrx_word' id='word_1_752' title='bbox 1332 5277 1361 5315; x_wconf 89' lang='lat' dir='ltr'><strong>a</strong></span> <span class='ocrx_word' id='word_1_753' title='bbox 1392 5260 1583 5330; x_wconf 88' lang='lat' dir='ltr'><strong>quibus</strong></span> <span class='ocrx_word' id='word_1_754' title='bbox 1621 5275 1848 5313; x_wconf 87' lang='lat' dir='ltr'><strong>nmnero</strong></span> <span class='ocrx_word' id='word_1_755' title='bbox 1883 5259 2083 5314; x_wconf 87' lang='lat' dir='ltr'><strong>adscri-</strong></span> 
     </span>
    </p>
   </div>
   <div class='ocr_carea' id='block_1_99' title="bbox 488 5353 2081 5425">
    <p class='ocr_par' dir='ltr' id='par_1_99' title="bbox 488 5353 2081 5425">
     <span class='ocr_line' id='line_1_99' title="bbox 488 5353 2081 5425; baseline -0.001 -16"><span class='ocrx_word' id='word_1_756' title='bbox 488 5353 752 5410; x_wconf 84' lang='lat' dir='ltr'><strong>bebautur</strong></span> <span class='ocrx_word' id='word_1_757' title='bbox 779 5371 885 5411; x_wconf 94' lang='lat' dir='ltr'><strong>non</strong></span> <span class='ocrx_word' id='word_1_758' title='bbox 917 5355 1180 5412; x_wconf 88' lang='lat' dir='ltr'><strong>licitarqu</strong></span> <span class='ocrx_word' id='word_1_759' title='bbox 1223 5357 1512 5413; x_wconf 88' lang='lat' dir='ltr'><strong>factionum</strong></span> <span class='ocrx_word' id='word_1_760' title='bbox 1539 5396 1553 5420; x_wconf 96' lang='lat'><strong>,</strong></span> <span class='ocrx_word' id='word_1_761' title='bbox 1591 5354 1909 5425; x_wconf 89' lang='lat' dir='ltr'><strong>quibuscum</strong></span> <span class='ocrx_word' id='word_1_762' title='bbox 1950 5353 2081 5408; x_wconf 92' lang='lat' dir='ltr'><strong>nihil</strong></span> 
     </span>
    </p>
   </div>
   <div class='ocr_carea' id='block_1_100' title="bbox 488 5445 2080 5520">
    <p class='ocr_par' dir='ltr' id='par_1_100' title="bbox 488 5445 2080 5520">
     <span class='ocr_line' id='line_1_100' title="bbox 488 5445 2080 5520; baseline 0 -21"><span class='ocrx_word' id='word_1_763' title='bbox 488 5445 756 5502; x_wconf 69' lang='lat' dir='ltr'><strong>habebant</strong></span> <span class='ocrx_word' id='word_1_764' title='bbox 793 5463 1113 5514; x_wconf 90' lang='lat' dir='ltr'><strong>commune,</strong></span> <span class='ocrx_word' id='word_1_765' title='bbox 1155 5458 1210 5504; x_wconf 93' lang='lat' dir='ltr'><strong>et</strong></span> <span class='ocrx_word' id='word_1_766' title='bbox 1247 5464 1276 5503; x_wconf 89' lang='lat' dir='ltr'><strong>a</strong></span> <span class='ocrx_word' id='word_1_767' title='bbox 1317 5449 1509 5520; x_wconf 85' lang='lat' dir='ltr'><strong>quibus</strong></span> <span class='ocrx_word' id='word_1_768' title='bbox 1549 5445 1679 5500; x_wconf 91' lang='lat' dir='ltr'><strong>nihil</strong></span> <span class='ocrx_word' id='word_1_769' title='bbox 1720 5445 1821 5499; x_wconf 88' lang='lat' dir='ltr'><strong>tale</strong></span> <span class='ocrx_word' id='word_1_770' title='bbox 1853 5445 2080 5499; x_wconf 86' lang='lat' dir='ltr'><strong>commit-</strong></span> 
     </span>
    </p>
   </div>
   <div class='ocr_carea' id='block_1_101' title="bbox 486 5533 2028 5610">
    <p class='ocr_par' dir='ltr' id='par_1_101' title="bbox 486 5533 2028 5610">
     <span class='ocr_line' id='line_1_101' title="bbox 486 5533 2028 5610; baseline -0.001 -17"><span class='ocrx_word' id='word_1_771' title='bbox 486 5540 627 5605; x_wconf 81' lang='lat' dir='ltr'><strong>ti.‘ur,</strong></span> <span class='ocrx_word' id='word_1_772' title='bbox 653 5540 802 5610; x_wconf 86' lang='lat' dir='ltr'><strong>quale</strong></span> <span class='ocrx_word' id='word_1_773' title='bbox 832 5539 894 5594; x_wconf 87' lang='lat' dir='ltr'><strong>de</strong></span> <span class='ocrx_word' id='word_1_774' title='bbox 921 5539 1112 5594; x_wconf 87' lang='lat' dir='ltr'><strong>illicitis</strong></span> <span class='ocrx_word' id='word_1_775' title='bbox 1139 5541 1440 5610; x_wconf 85' lang='lat' dir='ltr'><strong>factionibus</strong></span> <span class='ocrx_word' id='word_1_776' title='bbox 1476 5541 1642 5595; x_wconf 88' lang='lat' dir='ltr'><strong>tinteri</strong></span> <span class='ocrx_word' id='word_1_777' title='bbox 1666 5533 1791 5593; x_wconf 69' lang='lat' dir='ltr'><strong>sole&#39;t</strong></span> <span class='ocrx_word' id='word_1_778' title='bbox 1817 5537 2028 5610; x_wconf 86' lang='lat' dir='ltr'><strong>(lbid.).</strong></span> 
     </span>
    </p>
   </div>
   <div class='ocr_carea' id='block_1_102' title="bbox 556 5631 2076 5699">
    <p class='ocr_par' dir='ltr' id='par_1_102' title="bbox 556 5631 2076 5699">
     <span class='ocr_line' id='line_1_102' title="bbox 556 5631 2076 5699; baseline -0.001 -14"><span class='ocrx_word' id='word_1_779' title='bbox 556 5633 672 5699; x_wconf 84' lang='lat' dir='ltr'><strong>Quo</strong></span> <span class='ocrx_word' id='word_1_780' title='bbox 709 5642 886 5687; x_wconf 90' lang='lat' dir='ltr'><strong>autem</strong></span> <span class='ocrx_word' id='word_1_781' title='bbox 932 5631 1092 5687; x_wconf 88' lang='lat' dir='ltr'><strong>modo</strong></span> <span class='ocrx_word' id='word_1_782' title='bbox 1120 5641 1320 5687; x_wconf 90' lang='lat' dir='ltr'><strong>sectam</strong></span> <span class='ocrx_word' id='word_1_783' title='bbox 1363 5631 1791 5687; x_wconf 84' lang='lat' dir='ltr'><strong>Christianorum</strong></span> <span class='ocrx_word' id='word_1_784' title='bbox 1816 5646 1920 5697; x_wconf 75' lang='lat' dir='ltr'><strong>non</strong></span> <span class='ocrx_word' id='word_1_785' title='bbox 1954 5644 2076 5685; x_wconf 91' lang='lat' dir='ltr'><strong>esse</strong></span> 
     </span>
    </p>
   </div>
   <div class='ocr_carea' id='block_1_103' title="bbox 484 5724 2075 5796">
    <p class='ocr_par' dir='ltr' id='par_1_103' title="bbox 484 5724 2075 5796">
     <span class='ocr_line' id='line_1_103' title="bbox 484 5724 2075 5796; baseline -0.003 -15"><span class='ocrx_word' id='word_1_786' title='bbox 484 5724 722 5781; x_wconf 74' lang='lat' dir='ltr'><strong>illicitum</strong></span> <span class='ocrx_word' id='word_1_787' title='bbox 763 5725 1090 5796; x_wconf 88' lang='lat' dir='ltr'><strong>probaverit,</strong></span> <span class='ocrx_word' id='word_1_788' title='bbox 1122 5726 1524 5782; x_wconf 89' lang='lat' dir='ltr'><strong>consideremus</strong></span> <span class='ocrx_word' id='word_1_789' title='bbox 1557 5744 1571 5780; x_wconf 92' lang='lat'><strong>:</strong></span> <span class='ocrx_word' id='word_1_790' title='bbox 1605 5725 2075 5792; x_wconf 86' lang='lat' dir='ltr'><strong>Prohibendarum,</strong></span> 
     </span>
    </p>
   </div>
   <div class='ocr_carea' id='block_1_104' title="bbox 482 5817 2077 5890">
    <p class='ocr_par' dir='ltr' id='par_1_104' title="bbox 482 5817 2077 5890">
     <span class='ocr_line' id='line_1_104' title="bbox 482 5817 2077 5890; baseline -0.001 -18"><span class='ocrx_word' id='word_1_791' title='bbox 482 5818 574 5883; x_wconf 85' lang='lat' dir='ltr'><strong>ait,</strong></span> <span class='ocrx_word' id='word_1_792' title='bbox 605 5817 882 5887; x_wconf 89' lang='lat' dir='ltr'><strong>factionunt</strong></span> <span class='ocrx_word' id='word_1_793' title='bbox 929 5833 1110 5873; x_wconf 89' lang='lat' dir='ltr'><strong>caussa</strong></span> <span class='ocrx_word' id='word_1_794' title='bbox 1138 5819 1201 5872; x_wconf 90' lang='lat' dir='ltr'><strong>de</strong></span> <span class='ocrx_word' id='word_1_795' title='bbox 1226 5819 1540 5890; x_wconf 86' lang='lat' dir='ltr'><strong>providentia</strong></span> <span class='ocrx_word' id='word_1_796' title='bbox 1577 5829 1771 5874; x_wconf 86' lang='lat' dir='ltr'><strong>constat</strong></span> <span class='ocrx_word' id='word_1_797' title='bbox 1815 5817 2077 5873; x_wconf 77' lang='lat' dir='ltr'><strong>modestia:</strong></span> 
     </span>
    </p>
   </div>
   <div class='ocr_carea' id='block_1_105' title="bbox 483 5909 2076 5985">
    <p class='ocr_par' dir='ltr' id='par_1_105' title="bbox 483 5909 2076 5985">
     <span class='ocr_line' id='line_1_105' title="bbox 483 5909 2076 5985; baseline 0.005 -21"><span class='ocrx_word' id='word_1_798' title='bbox 483 5909 718 5982; x_wconf 67' lang='lat' dir='ltr'><strong>publica,</strong></span> <span class='ocrx_word' id='word_1_799' title='bbox 743 5927 806 5968; x_wconf 87' lang='lat' dir='ltr'><strong>ne</strong></span> <span class='ocrx_word' id='word_1_800' title='bbox 826 5911 1001 5968; x_wconf 87' lang='lat' dir='ltr'><strong>civitas</strong></span> <span class='ocrx_word' id='word_1_801' title='bbox 1027 5913 1080 5968; x_wconf 89' lang='lat' dir='ltr'><strong>in</strong></span> <span class='ocrx_word' id='word_1_802' title='bbox 1107 5921 1274 5984; x_wconf 86' lang='lat' dir='ltr'><strong>partes</strong></span> <span class='ocrx_word' id='word_1_803' title='bbox 1301 5912 1613 5969; x_wconf 83' lang='lat' dir='ltr'><strong>scinderetur</strong></span> <span class='ocrx_word' id='word_1_804' title='bbox 1637 5911 1851 5985; x_wconf 86' lang='lat' dir='ltr'><strong>(Ibid.).</strong></span> <span class='ocrx_word' id='word_1_805' title='bbox 1883 5911 1941 5970; x_wconf 90' lang='lat' dir='ltr'><strong>In</strong></span> <span class='ocrx_word' id='word_1_806' title='bbox 1978 5925 2076 5972; x_wconf 82' lang='lat' dir='ltr'><strong>an-</strong></span> 
     </span>
    </p>
   </div>
   <div class='ocr_carea' id='block_1_106' title="bbox 2194 4790 3802 4864">
    <p class='ocr_par' dir='ltr' id='par_1_106' title="bbox 2194 4790 3802 4864">
     <span class='ocr_line' id='line_1_106' title="bbox 2194 4790 3802 4864; baseline 0.002 -18"><span class='ocrx_word' id='word_1_807' title='bbox 2194 4790 2515 4846; x_wconf 81' lang='lat' dir='ltr'><strong>utAuctoris</strong></span> <span class='ocrx_word' id='word_1_808' title='bbox 2544 4791 2710 4844; x_wconf 88' lang='lat' dir='ltr'><strong>nostri</strong></span> <span class='ocrx_word' id='word_1_809' title='bbox 2739 4791 2914 4845; x_wconf 86' lang='lat' dir='ltr'><strong>verbis</strong></span> <span class='ocrx_word' id='word_1_810' title='bbox 2943 4803 3172 4858; x_wconf 88' lang='lat' dir='ltr'><strong>utamur,</strong></span> <span class='ocrx_word' id='word_1_811' title='bbox 3202 4793 3346 4846; x_wconf 83' lang='lat' dir='ltr'><strong>nobis</strong></span> <span class='ocrx_word' id='word_1_812' title='bbox 3371 4792 3432 4847; x_wconf 87' lang='lat' dir='ltr'><strong>ab</strong></span> <span class='ocrx_word' id='word_1_813' title='bbox 3450 4796 3586 4848; x_wconf 89' lang='lat' dir='ltr'><strong>onmi</strong></span> <span class='ocrx_word' id='word_1_814' title='bbox 3613 4795 3802 4864; x_wconf 78' lang='lat' dir='ltr'><strong>gloria:</strong></span> 
     </span>
    </p>
   </div>
   <div class='ocr_carea' id='block_1_107' title="bbox 2193 4884 3801 4955">
    <p class='ocr_par' dir='ltr' id='par_1_107' title="bbox 2193 4884 3801 4955">
     <span class='ocr_line' id='line_1_107' title="bbox 2193 4884 3801 4955; baseline 0.006 -17"><span class='ocrx_word' id='word_1_815' title='bbox 2193 4895 2238 4938; x_wconf 85' lang='lat' dir='ltr'><strong>et</strong></span> <span class='ocrx_word' id='word_1_816' title='bbox 2264 4884 2524 4953; x_wconf 81' lang='lat' dir='ltr'><strong>dignitatis</strong></span> <span class='ocrx_word' id='word_1_817' title='bbox 2549 4884 2731 4938; x_wconf 87' lang='lat' dir='ltr'><strong>ardore</strong></span> <span class='ocrx_word' id='word_1_818' title='bbox 2756 4884 3054 4955; x_wconf 84' lang='lat' dir='ltr'><strong>frigentibus</strong></span> <span class='ocrx_word' id='word_1_819' title='bbox 3081 4885 3224 4938; x_wconf 90' lang='lat' dir='ltr'><strong>nulla</strong></span> <span class='ocrx_word' id='word_1_820' title='bbox 3253 4897 3326 4939; x_wconf 85' lang='lat' dir='ltr'><strong>est</strong></span> <span class='ocrx_word' id='word_1_821' title='bbox 3345 4889 3609 4943; x_wconf 86' lang='lat' dir='ltr'><strong>necessitas</strong></span> <span class='ocrx_word' id='word_1_822' title='bbox 3634 4903 3801 4948; x_wconf 71' lang='lat' dir='ltr'><strong>cretus</strong></span> 
     </span>
    </p>
   </div>
   <div class='ocr_carea' id='block_1_108' title="bbox 2192 4975 3797 5047">
    <p class='ocr_par' dir='ltr' id='par_1_108' title="bbox 2192 4975 3797 5047">
     <span class='ocr_line' id='line_1_108' title="bbox 2192 4975 3797 5047; baseline 0.007 -18"><span class='ocrx_word' id='word_1_823' title='bbox 2192 4975 2520 5046; x_wconf 85' lang='lat' dir='ltr'><strong>(Tertullian.</strong></span> <span class='ocrx_word' id='word_1_824' title='bbox 2565 4977 2738 5047; x_wconf 65' lang='lat' dir='ltr'><strong>ibid),</strong></span> <span class='ocrx_word' id='word_1_825' title='bbox 2773 4977 2823 5030; x_wconf 90' lang='lat' dir='ltr'><strong>id</strong></span> <span class='ocrx_word' id='word_1_826' title='bbox 2855 4987 2967 5042; x_wconf 82' lang='lat' dir='ltr'><strong>est,</strong></span> <span class='ocrx_word' id='word_1_827' title='bbox 2998 4987 3055 5030; x_wconf 89' lang='lat' dir='ltr'><strong>ut</strong></span> <span class='ocrx_word' id='word_1_828' title='bbox 3093 4981 3403 5034; x_wconf 89' lang='lat' dir='ltr'><strong>memoratis</strong></span> <span class='ocrx_word' id='word_1_829' title='bbox 3447 4981 3797 5041; x_wconf 90' lang='lat' dir='ltr'><strong>ethnicorum</strong></span> 
     </span>
    </p>
   </div>
   <div class='ocr_carea' id='block_1_109' title="bbox 2189 5067 3800 5143">
    <p class='ocr_par' dir='ltr' id='par_1_109' title="bbox 2189 5067 3800 5143">
     <span class='ocr_line' id='line_1_109' title="bbox 2189 5067 3800 5143; baseline 0.007 -21"><span class='ocrx_word' id='word_1_830' title='bbox 2189 5068 2417 5123; x_wconf 71' lang='lat' dir='ltr'><strong>canibus</strong></span> <span class='ocrx_word' id='word_1_831' title='bbox 2443 5069 2780 5133; x_wconf 90' lang='lat' dir='ltr'><strong>intersimus,</strong></span> <span class='ocrx_word' id='word_1_832' title='bbox 2833 5067 2920 5122; x_wconf 91' lang='lat' dir='ltr'><strong>ubi</strong></span> <span class='ocrx_word' id='word_1_833' title='bbox 2964 5067 3285 5138; x_wconf 81' lang='lat' dir='ltr'><strong>dignitates.</strong></span> <span class='ocrx_word' id='word_1_834' title='bbox 3327 5073 3704 5143; x_wconf 86' lang='lat' dir='ltr'><strong>magistratus,</strong></span> <span class='ocrx_word' id='word_1_835' title='bbox 3737 5087 3800 5133; x_wconf 89' lang='lat' dir='ltr'><strong>et</strong></span> 
     </span>
    </p>
   </div>
   <div class='ocr_carea' id='block_1_110' title="bbox 2189 5159 3795 5233">
    <p class='ocr_par' dir='ltr' id='par_1_110' title="bbox 2189 5159 3795 5233">
     <span class='ocr_line' id='line_1_110' title="bbox 2189 5159 3795 5233; baseline 0.006 -19"><span class='ocrx_word' id='word_1_836' title='bbox 2189 5159 2454 5215; x_wconf 85' lang='lat' dir='ltr'><strong>honorum</strong></span> <span class='ocrx_word' id='word_1_837' title='bbox 2483 5159 2710 5230; x_wconf 84' lang='lat' dir='ltr'><strong>insignia</strong></span> <span class='ocrx_word' id='word_1_838' title='bbox 2755 5159 2965 5228; x_wconf 90' lang='lat' dir='ltr'><strong>cupidis</strong></span> <span class='ocrx_word' id='word_1_839' title='bbox 2995 5161 3401 5233; x_wconf 84' lang='lat' dir='ltr'><strong>atnbitiosisque</strong></span> <span class='ocrx_word' id='word_1_840' title='bbox 3449 5166 3606 5220; x_wconf 91' lang='lat' dir='ltr'><strong>tribtti</strong></span> <span class='ocrx_word' id='word_1_841' title='bbox 3638 5167 3795 5224; x_wconf 64' lang='lat' dir='ltr'><strong>soleo</strong></span> 
     </span>
    </p>
   </div>
   <div class='ocr_carea' id='block_1_111' title="bbox 2187 5251 3795 5325">
    <p class='ocr_par' dir='ltr' id='par_1_111' title="bbox 2187 5251 3795 5325">
     <span class='ocr_line' id='line_1_111' title="bbox 2187 5251 3795 5325; baseline 0.007 -17"><span class='ocrx_word' id='word_1_842' title='bbox 2187 5253 2335 5309; x_wconf 88' lang='lat' dir='ltr'><strong>bant.</strong></span> <span class='ocrx_word' id='word_1_843' title='bbox 2365 5252 2442 5307; x_wconf 84' lang='lat' dir='ltr'><strong>Ad</strong></span> <span class='ocrx_word' id='word_1_844' title='bbox 2485 5252 2598 5306; x_wconf 76' lang='lat' dir='ltr'><strong>tunc</strong></span> <span class='ocrx_word' id='word_1_845' title='bbox 2629 5267 2778 5317; x_wconf 85' lang='lat' dir='ltr'><strong>vero,</strong></span> <span class='ocrx_word' id='word_1_846' title='bbox 2808 5251 2876 5306; x_wconf 87' lang='lat' dir='ltr'><strong>ab</strong></span> <span class='ocrx_word' id='word_1_847' title='bbox 2903 5253 3110 5309; x_wconf 87' lang='lat' dir='ltr'><strong>actibus</strong></span> <span class='ocrx_word' id='word_1_848' title='bbox 3141 5255 3366 5324; x_wconf 88' lang='lat' dir='ltr'><strong>publicis</strong></span> <span class='ocrx_word' id='word_1_849' title='bbox 3409 5258 3587 5325; x_wconf 76' lang='lat' dir='ltr'><strong>alieni,</strong></span> <span class='ocrx_word' id='word_1_850' title='bbox 3622 5276 3795 5320; x_wconf 87' lang='lat' dir='ltr'><strong>unam</strong></span> 
     </span>
    </p>
   </div>
   <div class='ocr_carea' id='block_1_112' title="bbox 2179 5342 3794 5422">
    <p class='ocr_par' dir='ltr' id='par_1_112' title="bbox 2179 5342 3794 5422">
     <span class='ocr_line' id='line_1_112' title="bbox 2179 5342 3794 5422; baseline 0.007 -24"><span class='ocrx_word' id='word_1_851' title='bbox 2179 5343 2441 5399; x_wconf 76' lang='lat' dir='ltr'><strong>duntaxat</strong></span> <span class='ocrx_word' id='word_1_852' title='bbox 2488 5342 2830 5413; x_wconf 88' lang='lat' dir='ltr'><strong>agnoscimus</strong></span> <span class='ocrx_word' id='word_1_853' title='bbox 2875 5345 3115 5400; x_wconf 91' lang='lat' dir='ltr'><strong>omnium</strong></span> <span class='ocrx_word' id='word_1_854' title='bbox 3161 5345 3437 5404; x_wconf 86' lang='lat' dir='ltr'><strong>hominum</strong></span> <span class='ocrx_word' id='word_1_855' title='bbox 3482 5353 3794 5422; x_wconf 83' lang='lat' dir='ltr'><strong>rempubli-</strong></span> 
     </span>
    </p>
   </div>
   <div class='ocr_carea' id='block_1_113' title="bbox 2184 5436 3796 5517">
    <p class='ocr_par' dir='ltr' id='par_1_113' title="bbox 2184 5436 3796 5517">
     <span class='ocr_line' id='line_1_113' title="bbox 2184 5436 3796 5517; baseline 0.007 -26"><span class='ocrx_word' id='word_1_856' title='bbox 2184 5453 2300 5492; x_wconf 90' lang='lat' dir='ltr'><strong>cam</strong></span> <span class='ocrx_word' id='word_1_857' title='bbox 2333 5479 2348 5504; x_wconf 91' lang='lat'><strong>,</strong></span> <span class='ocrx_word' id='word_1_858' title='bbox 2402 5436 2647 5491; x_wconf 81' lang='lat' dir='ltr'><strong>videlicet</strong></span> <span class='ocrx_word' id='word_1_859' title='bbox 2707 5437 2962 5492; x_wconf 90' lang='lat' dir='ltr'><strong>mundum</strong></span> <span class='ocrx_word' id='word_1_860' title='bbox 2986 5480 2999 5504; x_wconf 91' lang='lat'><strong>,</strong></span> <span class='ocrx_word' id='word_1_861' title='bbox 3032 5455 3189 5510; x_wconf 91' lang='lat' dir='ltr'><strong>quem</strong></span> <span class='ocrx_word' id='word_1_862' title='bbox 3222 5442 3561 5512; x_wconf 90' lang='lat' dir='ltr'><strong>tranquillum</strong></span> <span class='ocrx_word' id='word_1_863' title='bbox 3588 5453 3642 5500; x_wconf 89' lang='lat' dir='ltr'><strong>et</strong></span> <span class='ocrx_word' id='word_1_864' title='bbox 3687 5462 3796 5517; x_wconf 88' lang='lat' dir='ltr'><strong>pa-</strong></span> 
     </span>
    </p>
   </div>
   <div class='ocr_carea' id='block_1_114' title="bbox 2184 5527 3795 5610">
    <p class='ocr_par' dir='ltr' id='par_1_114' title="bbox 2184 5527 3795 5610">
     <span class='ocr_line' id='line_1_114' title="bbox 2184 5527 3795 5610; baseline 0.006 -25"><span class='ocrx_word' id='word_1_865' title='bbox 2184 5538 2360 5585; x_wconf 89' lang='lat' dir='ltr'><strong>catum</strong></span> <span class='ocrx_word' id='word_1_866' title='bbox 2401 5541 2668 5599; x_wconf 90' lang='lat' dir='ltr'><strong>optamus.</strong></span> <span class='ocrx_word' id='word_1_867' title='bbox 2721 5527 2776 5583; x_wconf 92' lang='lat' dir='ltr'><strong>In</strong></span> <span class='ocrx_word' id='word_1_868' title='bbox 2817 5546 2977 5586; x_wconf 91' lang='lat' dir='ltr'><strong>unam</strong></span> <span class='ocrx_word' id='word_1_869' title='bbox 3021 5532 3178 5601; x_wconf 85' lang='lat' dir='ltr'><strong>igitur</strong></span> <span class='ocrx_word' id='word_1_870' title='bbox 3224 5544 3426 5603; x_wconf 90' lang='lat' dir='ltr'><strong>partem</strong></span> <span class='ocrx_word' id='word_1_871' title='bbox 3459 5551 3565 5590; x_wconf 90' lang='lat' dir='ltr'><strong>non</strong></span> <span class='ocrx_word' id='word_1_872' title='bbox 3611 5541 3795 5610; x_wconf 85' lang='lat' dir='ltr'><strong>magis</strong></span> 
     </span>
    </p>
   </div>
   <div class='ocr_carea' id='block_1_115' title="bbox 2183 5621 3791 5694">
    <p class='ocr_par' dir='ltr' id='par_1_115' title="bbox 2183 5621 3791 5694">
     <span class='ocr_line' id='line_1_115' title="bbox 2183 5621 3791 5694; baseline 0.006 -18"><span class='ocrx_word' id='word_1_873' title='bbox 2183 5621 2424 5676; x_wconf 89' lang='lat' dir='ltr'><strong>inclinati</strong></span> <span class='ocrx_word' id='word_1_874' title='bbox 2467 5636 2626 5690; x_wconf 88' lang='lat' dir='ltr'><strong>quam</strong></span> <span class='ocrx_word' id='word_1_875' title='bbox 2658 5621 2906 5690; x_wconf 86' lang='lat' dir='ltr'><strong>alteram,</strong></span> <span class='ocrx_word' id='word_1_876' title='bbox 2941 5625 3126 5694; x_wconf 86' lang='lat' dir='ltr'><strong>procul</strong></span> <span class='ocrx_word' id='word_1_877' title='bbox 3153 5625 3221 5679; x_wconf 88' lang='lat' dir='ltr'><strong>ab</strong></span> <span class='ocrx_word' id='word_1_878' title='bbox 3245 5627 3388 5680; x_wconf 89' lang='lat' dir='ltr'><strong>omni</strong></span> <span class='ocrx_word' id='word_1_879' title='bbox 3415 5629 3634 5684; x_wconf 91' lang='lat' dir='ltr'><strong>omnino</strong></span> <span class='ocrx_word' id='word_1_880' title='bbox 3663 5639 3791 5686; x_wconf 86' lang='lat' dir='ltr'><strong>tur-</strong></span> 
     </span>
    </p>
   </div>
   <div class='ocr_carea' id='block_1_116' title="bbox 2183 5714 3584 5784">
    <p class='ocr_par' dir='ltr' id='par_1_116' title="bbox 2183 5714 3584 5784">
     <span class='ocr_line' id='line_1_116' title="bbox 2183 5714 3584 5784; baseline 0.002 -13"><span class='ocrx_word' id='word_1_881' title='bbox 2183 5714 2423 5781; x_wconf 87' lang='lat' dir='ltr'><strong>bulenta,</strong></span> <span class='ocrx_word' id='word_1_882' title='bbox 2452 5714 2730 5784; x_wconf 88' lang='lat' dir='ltr'><strong>seditiosa,</strong></span> <span class='ocrx_word' id='word_1_883' title='bbox 2762 5729 2816 5772; x_wconf 91' lang='lat' dir='ltr'><strong>et</strong></span> <span class='ocrx_word' id='word_1_884' title='bbox 2845 5717 3026 5774; x_wconf 90' lang='lat' dir='ltr'><strong>illicita</strong></span> <span class='ocrx_word' id='word_1_885' title='bbox 3053 5719 3285 5776; x_wconf 84' lang='lat' dir='ltr'><strong>factione</strong></span> <span class='ocrx_word' id='word_1_886' title='bbox 3305 5721 3584 5778; x_wconf 88' lang='lat' dir='ltr'><strong>absumus.</strong></span> 
     </span>
    </p>
   </div>
   <div class='ocr_carea' id='block_1_117' title="bbox 2255 5809 3784 5891">
    <p class='ocr_par' dir='ltr' id='par_1_117' title="bbox 2255 5809 3784 5891">
     <span class='ocr_line' id='line_1_117' title="bbox 2255 5809 3784 5891; baseline 0.008 -27"><span class='ocrx_word' id='word_1_887' title='bbox 2255 5810 2520 5866; x_wconf 63' lang='lat' dir='ltr'><strong>Praeterea</strong></span> <span class='ocrx_word' id='word_1_888' title='bbox 2537 5809 2822 5868; x_wconf 85' lang='lat' dir='ltr'><strong>Christiani</strong></span> <span class='ocrx_word' id='word_1_889' title='bbox 2855 5815 3065 5885; x_wconf 86' lang='lat' dir='ltr'><strong>publica</strong></span> <span class='ocrx_word' id='word_1_890' title='bbox 3092 5815 3425 5885; x_wconf 80' lang='lat' dir='ltr'><strong>ethnicorum</strong></span> <span class='ocrx_word' id='word_1_891' title='bbox 3451 5820 3784 5891; x_wconf 83' lang='lat' dir='ltr'><strong>spectacula,</strong></span> 
     </span>
    </p>
   </div>
   <div class='ocr_carea' id='block_1_118' title="bbox 2182 5904 3795 5986">
    <p class='ocr_par' dir='ltr' id='par_1_118' title="bbox 2182 5904 3795 5986">
     <span class='ocr_line' id='line_1_118' title="bbox 2182 5904 3795 5986; baseline 0.007 -28"><span class='ocrx_word' id='word_1_892' title='bbox 2182 5920 2302 5978; x_wconf 76' lang='lat' dir='ltr'><strong>qua:</strong></span> <span class='ocrx_word' id='word_1_893' title='bbox 2340 5904 2771 5978; x_wconf 87' lang='lat' dir='ltr'><strong>frequentissima</strong></span> <span class='ocrx_word' id='word_1_894' title='bbox 2824 5906 3115 5966; x_wconf 85' lang='lat' dir='ltr'><strong>factionum</strong></span> <span class='ocrx_word' id='word_1_895' title='bbox 3170 5907 3518 5968; x_wconf 85' lang='lat' dir='ltr'><strong>incitamenta</strong></span> <span class='ocrx_word' id='word_1_896' title='bbox 3577 5924 3795 5986; x_wconf 86' lang='lat' dir='ltr'><strong>erant,</strong></span> 
     </span>
    </p>
   </div>
  </div>
