4076 6356
324 335 485 413 1065,

1465 340 1914 402 DlSSERTATlO
1951 343 2015 402 Ι).
2054 342 2144 402 LE
2177 343 2478 404 NOURRY.

3486 351 3508 408 i
3519 351 3625 412 066

323 453 485 524 plane
534 454 852 528 penitusque
902 453 1172 529 fugiebant
1221 464 1278 513 et
1327 456 1752 517 detestabantur.
1803 460 1919 517 Non
1946 463 2001 526 Α
2025 477 2144 519 esse
2168 464 2334 519 voluit
2370 480 2431 521 se
2469 464 2610 522 hanc
2631 465 3062 525 emendationem
3102 469 3170 526 ab
3200 470 3264 527 iis
3299 472 3612 545 collegisse,

320 547 479 602 aliain
502 548 699 622 quippe
731 548 822 605 illa
863 549 1063 607 habent
1089 551 1349 623 originem
1372 595 1388 621 ,
1426 554 1529 609 nisi
1571 555 1638 610 de
1668 555 1917 626 supersti-

322 641 489 707 tione,
530 644 606 698 uti
639 645 741 711 ait,
779 643 897 702 sive
935 646 1100 715 impio
1139 643 1397 703 falsorum
1424 650 1708 705 numinum
1736 651 1911 718 cultu,

321 734 462 791 sicut
487 735 594 793 alio
607 736 724 809 ipse
739 739 792 795 in
816 739 952 796 libro
972 738 1140 796 fusius
1157 751 1212 821 et
1235 742 1539 814 singulatim
1559 745 1914 803 demonstrat.

322 825 490 885 Recte
515 845 645 903 ergo
675 832 728 887 in
756 832 1104 906 Apologetico
1138 848 1237 890 suo
1264 833 1405 892 hanc
1454 836 1576 893 inde
1601 837 1745 894 elicit
1782 852 1917 893 con-

319 923 616 981 clusionem
651 943 664 978 :
698 922 849 982 Nihil
886 937 961 982 est
998 927 1140 983 nobis
1169 929 1336 996 dictu,
1377 929 1520 998 visu,
1553 932 1763 999 auditu,
1802 948 1918 985 cum

319 1017 522 1072 insania
548 1019 699 1085 circi,
732 1036 848 1076 cum
887 1022 1207 1093 impudicitia
1241 1025 1457 1093 theatri,
1498 1042 1612 1080 cum
1655 1026 1919 1082 atrocitate

320 1124 516 1175 arente,
546 1127 661 1166 cum
688 1109 844 1184 Xysti
870 1115 1112 1171 vanitate.
1143 1116 1317 1187 Atque
1342 1117 1415 1172 ita
1441 1116 1494 1172 in
1524 1118 1772 1173 omnibus
1799 1134 1915 1173 ma-

319 1202 609 1273 nuscriptis
630 1203 907 1261 codicibus
927 1247 942 1272 ,
975 1214 1031 1263 et
1076 1208 1314 1280 antiquis
1340 1208 1666 1266 editiouibus
1697 1226 1710 1264 :
1742 1210 1837 1266 sed
1885 1225 1916 1265 a

246 1292 255 1297 ’
318 1292 552 1366 Rigaltio
591 1294 815 1369 ejusque
851 1298 1173 1370 sequacibus
1201 1300 1319 1357 hinc
1356 1302 1519 1357 verba
1550 1301 1690 1357 dictu
1712 1345 1726 1368 ,
1764 1303 1874 1358 visu
1895 1345 1911 1370 ,

319 1388 519 1470 auditu,
549 1389 758 1447 sublata
782 1402 927 1461 sunt,
946 1408 1014 1449 an
1041 1403 1207 1462 recte,
1238 1403 1293 1451 te
1315 1394 1551 1467 judicem
1580 1397 1815 1470 appello.
1841 1398 1915 1453 Ea

316 1465 464 1538 enim
490 1484 721 1551 genuina
747 1493 798 1541 et
819 1486 1217 1543 consultissime
1245 1465 1435 1545 abillo
1459 1465 1793 1546 addita'sunt
1811 1533 1825 1558 ,
1859 1500 1918 1546 ut

317 1578 630 1636 ostenderet
653 1578 771 1636 lucc
794 1581 1101 1651 spectacula
1130 1580 1251 1638 ideo
1280 1583 1642 1642 aChristianis
1663 1588 1911 1661 devitari,

208 1742 217 1756 ‘
316 1674 442 1746 quia
462 1683 659 1745 praeter
694 1673 1010 1731 idololatria:
1038 1675 1244 1733 crimen
1275 1678 1425 1735 nefas
1448 1678 1716 1738 ducebant
1751 1685 1912 1741 illici-

317 1778 400 1827 tos
427 1769 593 1837 dictu,
610 1772 748 1838 visu,
769 1779 823 1827 et
844 1771 1031 1827 auditu
1044 1787 1240 1844 capere
1260 1774 1562 1846 voluptates
1580 1776 1911 1850 (Tertullion.

2021 557 2111 627 qui
2143 555 2462 614 Fuldensem
2489 557 2730 616 codicem
2760 560 3027 618 viderant.
3058 561 3164 619 Sed
3200 564 3299 620 etsi
3332 582 3418 622 res
3452 569 3522 622 ita
3549 582 3610 625 se

2022 639 2237 714 habeat,
2272 648 2530 722 numquid
2558 650 2758 707 ideirco
2786 653 2941 709 unius
2964 653 3250 712 Fuldensis
3272 656 3396 712 libri
3425 669 3617 715 aucto-

2020 739 2151 796 ritas
2177 743 2387 798 cieteris
2415 742 2683 810 omnibus,
2717 759 2941 816 quorum
2972 747 3151 818 plures
3182 750 3340 821 longe
3367 752 3620 807 vetustio-

1970 895 1975 899 η
2020 846 2110 889 res
2139 842 2285 898 sunt,
2313 833 2498 891 debuit
2523 834 2804 893 anteferri?
2827 836 3017 895 Nonne
3037 854 3098 894 ea
3126 841 3314 908 verba,
3344 843 3391 897 si
3421 858 3617 900 nomen

2020 922 2339 993 christianaz,
2367 927 2818 997 quemadmodum
2848 930 3112 1000 diximus,
3145 942 3394 1005 tanquam
3424 949 3618 1006 super-

2012 1015 2185 1071 ﬂuum
2213 1017 2480 1075 ademeris
2500 1063 2515 1089 ,
2546 1022 2796 1078 Auctoris
2842 1020 3014 1079 nostri
3057 1026 3332 1096 proposito
3355 1041 3420 1084 ac
3453 1030 3621 1087 menti

2020 1109 2151 1165 satis
2178 1109 2317 1167 belle
2342 1113 2709 1169 conveniunt?

2092 1201 2230 1260 Eum
2284 1206 2559 1264 enimvero
2609 1209 2660 1263 in
2712 1209 2931 1265 modum
2983 1222 3390 1283 argumentatur
3439 1234 3454 1270 :
3509 1215 3620 1272 Cu.-

2019 1298 2327 1354 Christianis
2366 1315 2475 1356 non
2519 1300 2710 1371 liceat,
2742 1318 2903 1373 quam
2942 1303 3223 1360 honestam
3274 1307 3616 1377 existimant,

1978 1396 1982 1403 “
2019 1393 2170 1464 sequi
2197 1393 2525 1465 voluptatem
2549 1437 2565 1462 ,
2596 1411 2718 1453 cum
2759 1399 3025 1467 epicureis
3067 1400 3278 1457 licuerit
3306 1403 3452 1458 iltam
3493 1405 3622 1460 seli-

2018 1500 2169 1556 gere,
2192 1501 2312 1557 qua:
2343 1497 2561 1558 praestat
2587 1490 2748 1543 animi
2772 1493 3078 1562 aequitatem,
3102 1495 3217 1550 sive
3242 1495 3419 1565 potius
3442 1511 3623 1567 aequa-

2018 1578 2280 1637 bilitatem
2320 1586 2375 1637 et.
2423 1584 2895 1656 tranquillitatem,
2952 1605 3071 1660 qua:
3115 1591 3261 1645 nullo
3291 1600 3437 1648 motu
3482 1593 3622 1664 inju-

2018 1672 2215 1738 cuudo,
2245 1690 2343 1731 nec
2365 1675 2558 1746 amplis
2583 1678 2809 1747 negotiis
2832 1681 3110 1736 turbetur?
3135 1681 3268 1739 Nam
3292 1700 3509 1752 summa,
3535 1686 3622 1740 iu-

2019 1768 2238 1838 quiehat
2263 1766 2484 1835 Cicero,
2519 1770 2751 1842 voluptas
2784 1782 2857 1825 est
2876 1814 2891 1840 ,
2922 1783 2976 1827 ut
3013 1771 3239 1844 Epicuro
3270 1777 3461 1846 placet,
3491 1779 3623 1833 nihil

317 1862 417 1917 loc.
451 1863 535 1917 cit.
561 1872 607 1918 et
634 1863 724 1920 lib.
748 1863 812 1920 de
835 1863 1104 1936 Spectac.,
1135 1881 1249 1937 cap.
1281 1865 1316 1922 6
1336 1877 1385 1922 et
1413 1867 1445 1922 7
1475 1878 1522 1924 et
1546 1873 1712 1942 seqq.)
1741 1873 1912 1958 Quam

2020 1858 2192 1914 dolere
2217 1861 2427 1931 (Cicera,
2458 1860 2546 1917 lib.
2582 1862 2597 1917 Ι
2628 1864 2691 1917 de
2724 1862 2921 1933 Finib.,
2954 1883 3075 1937 pag.
3116 1868 3220 1935 45,
3255 1867 3348 1924 lin.
3377 1868 3506 1941 28),
3537 1871 3621 1927 vel

315 1966 491 2011 autem
523 1956 640 2012 istm
664 1957 841 2013 noxiae
863 1972 927 2014 ac
952 1958 1220 2028 pestiferre
1244 1971 1447 2028 essent,
1481 1960 1565 2017 his
1594 1963 1770 2022 disces
1793 1956 1913 2039 ejus

316 2049 514 2117 verbis,
539 2049 733 2121 quibus
763 2050 887 2107 illas
913 2051 1043 2107 alibi
1070 2052 1341 2124 appellat:
1376 2053 1652 2111 Solemnes
1675 2059 1914 2131 volupta-

315 2152 387 2198 tes
407 2144 527 2198 circi
547 2144 782 2214 [urentis,
801 2154 851 2199 et
871 2161 1040 2202 cavete
1063 2148 1334 2216 servientis,
1362 2158 1410 2204 et
1425 2165 1589 2205 scema
1606 2151 1913 2210 lascivientis

316 2232 487 2307 (Idem
508 2277 524 2303 ,
557 2236 645 2290 lib.
677 2234 701 2291 Ι
735 2237 935 2291 advers.
961 2235 1249 2306 Marciam,
1269 2255 1388 2307 cap.
1419 2239 1533 2313 9.7).
1566 2243 1708 2300 Alibi
1737 2260 1863 2300 vero
1894 2264 1909 2301 :

314 2326 492 2396 Perit,
539 2339 588 2385 et
641 2329 812 2400 ﬁdelis
862 2331 1065 2401 elapsus
1120 2333 1173 2386 in
1212 2335 1554 2403 spectaculum
1596 2338 1912 2409 quadrigarii

312 2424 501 2495 furoris
527 2433 574 2476 et
598 2421 893 2494 gladiatorii
940 2425 1169 2491 cruoris,
1207 2435 1256 2480 et
1303 2428 1516 2482 scenica:
1542 2431 1808 2503 (tarditatis,
1862 2442 1910 2488 et

310 2517 522 2588 xystica:
563 2517 800 2571 vanitatis
851 2515 1043 2590 (Idem,
1093 2520 1184 2576 lib.
1245 2520 1308 2587 de
1355 2520 1609 2592 Pudicit.,
1658 2542 1775 2595 cap.
1826 2527 1905 2598 7).

311 2607 420 2662 Sed
458 2605 527 2664 de
551 2605 636 2664 bis
656 2609 807 2679 plura
834 2608 888 2664 in
917 2609 1055 2666 libro
1097 2610 1167 2667 de
1213 2611 1565 2684 Spectaculis,
1602 2631 1813 2690 nosque
1852 2619 1906 2676 in

230 2706 237 2709 '
312 2700 413 2758 hac
439 2711 492 2758 et
519 2701 640 2757 aliis
665 2702 1128 2762 dissertationibus
1155 2706 1378 2764 nostris.

383 2795 716 2868 Objiciebant
763 2808 938 2855 tamen
993 2800 1220 2871 gentiles
1257 2801 1344 2858 vel
1389 2817 1456 2859 eo
1520 2804 1638 2876 ipso
1689 2806 1907 2864 nomine

312 2888 699 2960 prohibendam
728 2890 1196 2964 damnandamque
1220 2892 1648 2953 Christianorum
1678 2907 1904 2966 sectam,

312 2985 452 3054 quod
480 2985 549 3041 illi
571 2994 890 3043 eteterorum
920 2985 1196 3042 hominum
1220 2997 1398 3045 cintus
1426 2989 1908 3059 adSpernarentur,

311 3091 373 3132 ac
406 3079 735 3148 publicorum
774 3080 1201 3150 spectaculorum
1242 3084 1678 3154 oblectamenta,
1719 3086 1913 3157 quibus

312 3169 402 3242 im,
423 3184 685 3239 eratores,
713 3173 1149 3245 antiquioresque
1178 3175 1427 3233 humana:
1456 3176 1605 3249 leges
1635 3174 1909 3247 favebant,

2024 1950 2182 2007 sicuti
2220 1952 2436 2009 tradidit
2477 1953 2877 2023 Theodoretus,
2906 1972 2969 2014 ea
2996 1958 3278 2030 voluptas,
3312 1978 3431 2031 qua}
3461 1977 3625 2019 omne

2022 2060 2270 2102 curarum
2301 2046 2604 2120 fastidiique
2644 2065 2812 2123 genus
2847 2067 2910 2108 ac
2947 2056 3171 2124 proinde
3208 2057 3385 2123 ampla
3421 2059 3624 2130 negotia

2021 2137 2250 2194 excludit
2274 2138 2624 2222 (Theodoret.,
2653 2159 2805 2198 serm.
2830 2143 2896 2198 l2
2913 2144 2976 2198 de
3005 2144 3105 2201 Vit.
3137 2146 3310 2215 Beat.,
3329 2166 3450 2222 pag.
3470 2150 3620 2221 675).

2019 2232 2078 2287 Si
2108 2242 2286 2288 autem
2318 2218 2406 2289 hic
2426 2234 2540 2305 ipse
2560 2243 2642 2292 est
2670 2236 2981 2293 Tertulliani
3010 2255 3223 2309 sensus,
3257 2242 3308 2296 in
3330 2218 3447 2313 ejus
3474 2253 3622 2300 textu

2017 2325 2178 2381 scribi
2208 2326 2368 2382 debet
2391 2343 2503 2397 nec,
2546 2344 2652 2385 non
2675 2345 2824 2398 vero,
2857 2343 2902 2387 et
2929 2333 3103 2405 ampla
3131 2338 3352 2407 negotia,
3386 2337 3487 2393 nisi
3519 2339 3622 2395 hoc

2016 2419 2235 2475 nomine
2258 2435 2321 2476 ea
2348 2422 2557 2492 negotia
2587 2423 2939 2493 intellexerit,
2967 2442 3088 2497 quae
3127 2430 3490 2500 amplitudine
3517 2448 3617 2490 sua

2015 2512 2213 2568 nullam
2265 2528 2609 2571 commovent
2659 2519 2824 2574 animi
2875 2522 3350 2591 perturbationem.
3402 2525 3479 2582 De
3532 2527 3622 2582 illa

2014 2622 2176 2678 porro
2205 2607 2419 2678 Epicuri
2444 2618 2879 2684 sectatorumque
2900 2613 3017 2685 ejus
3046 2615 3299 2685 opinione
3325 2618 3470 2685 alibi,
3511 2634 3614 2675 nec

2012 2703 2179 2759 semel
2199 2703 2609 2776 disputavimus.
2650 2707 3007 2766 Tertullianus
3029 2726 3188 2782 porro
3216 2728 3283 2768 ex
3314 2713 3396 2769 his
3427 2716 3614 2770 enmi-

2013 2792 2113 2850 bus
2131 2797 2399 2851 rationum
2415 2799 2700 2855 momentis
2717 2808 2866 2877 recte
2882 2801 3149 2857 concludit
3165 2802 3619 2874 Christianorum,

2015 2891 2107 2962 qui
2136 2891 2347 2948 illicitas
2372 2895 2650 2966 gentilium
2674 2896 2978 2969 voluptates
3008 2900 3363 2970 repudiabant
3380 2946 3395 2969 ,
3420 2913 3622 2960 sectam

2014 3000 2121 3041 non
2159 3001 2281 3044 esse
2316 2987 2599 3045 factionem
2640 2990 2879 3047 illicitam
2943 3008 3008 3047 ac
3052 2996 3472 3066 prohibendam,
3529 3001 3622 3055 sed

2015 3082 2271 3149 optimam
2304 3097 2434 3139 sane
2468 3091 2523 3139 et
2542 3083 2659 3139 aliis
2680 3085 2929 3141 omnibus
2947 3088 3397 3157 praestantiorem.
3420 3088 3623 3146 Contra

2016 3186 2145 3228 vero
2173 3171 2381 3229 factiosi
2418 3174 2577 3246 plane
2618 3184 2674 3230 et
2700 3175 2940 3231 seditiosi
2967 3188 3121 3232 erant
3146 3179 3391 3249 gentiles,
3421 3181 3533 3251 qui,
3567 3192 3626 3236 ut

312 3279 421 3319 ῃοι,
468 3281 626 3321 secus
660 3281 725 3322 ac
764 3276 970 3337 pestem
1021 3268 1286 3338 publicam
1315 3270 1641 3328 ἀθγίιειι-ρηι,
1684 3272 1791 3330 sed
1833 3274 1915 3330 his
1941 3279 1986 3341 ρ
2018 3265 2258 3322 articulis
2283 3268 2649 3337 superioribus
2669 3269 2920 3336 vidimus,
2946 3270 3299 3341 imperatores
3318 3288 3446 3328 suos
3465 3289 3621 3330 scur-

314 3355 670 3417 Tertullianus
692 3362 1137 3433 respondetzEsto
1156 3373 1265 3421 tam
1288 3366 1469 3435 licitae,
1490 3385 1648 3440 quam
1674 3369 1915 3435 nefariae,

313 3451 421 3507 siut
452 3454 533 3507 lite
576 3454 919 3524 voluptates:
952 3454 1065 3522 Quo
1089 3473 1208 3526 vos,
1255 3459 1459 3531 inquit,
1500 3458 1918 3529 o/fendinius,si

312 3545 443 3600 alias
473 3548 830 3616 praesumimus
852 3557 1226 3621 sectamurque
1251 3550 1534 3623 voluptates
1552 3552 1578 3606 ?
1604 3552 1741 3621 Quid
1766 3570 1913 3624 vero,

313 3642 358 3695 si
386 3640 623 3697 oblectari
651 3643 848 3698 nouisse
874 3644 1110 3699 nolumus
1129 3685 1146 3713 ,
1181 3659 1246 3715 ac
1285 3659 1447 3700 omne
1485 3649 1792 3719 respuimus
1821 3664 1917 3705 vo-

316 3734 777 3808 luptatisgenus?
811 3737 974 3795 Certe
999 3747 1175 3794 nostra
1207 3740 1404 3802 iniuria
1427 3750 1501 3795 est
1520 3782 1535 3807 ,
1566 3741 1612 3794 si
1652 3744 1784 3814 forte
1815 3759 1915 3799 non

314 3843 479 3887 vestra
505 3830 714 3904 (Idem,
745 3832 1038 3907 Apologet.,
1066 3850 1181 3905 cap.
1213 3833 1310 3900 58,
1332 3851 1454 3907 pag.
1484 3834 1634 3908 467),
1674 3834 1776 3891 hoc
1803 3848 1910 3903 est,

316 3924 470 3980 nobis
499 3926 872 3982 tantummodo
903 3927 1157 3983 damnum
1208 3925 1491 3982 inferimus
1513 3970 1529 3997 ,
1576 3943 1916 4001 nequaquam

315 4027 496 4073 autem
512 4019 684 4086 vobis,
706 4021 805 4074 nisi
824 4018 963 4076 forte
987 4030 1043 4075 et
1067 4029 1302 4076 vestrum
1320 4019 1575 4077 damnum
1598 4020 1669 4076 sit
1691 4032 1795 4076 tam
1821 4036 1918 4078 ne-

315 4105 463 4163 fariis
489 4125 581 4165 vos
608 4120 747 4165 totos
768 4111 969 4168 dedere
998 4112 1387 4182 voluptatibus.

386 4199 571 4271 Neque
597 4204 828 4275 urgeatis
853 4219 916 4260 ea
949 4218 1047 4265 nos
1076 4205 1392 4275 reprobare‘,
1413 4220 1529 4276 quia
1553 4205 1755 4275 placent
1781 4204 1918 4259 vobis

318 4290 528 4364 (lbid.).
559 4293 673 4350 Non
698 4294 990 4352 diffitemur
1033 4298 1212 4364 enim,
1267 4297 1562 4373 imo.inde
1601 4298 1937 4368 gloriamur.'

318 4382 424 4439 Sed
452 4385 578 4456 quid
618 4400 795 4443 veStra
826 4388 955 4443 illud
995 4388 1257 4445 interest?
1296 4389 1486 4444 Nonne
1522 4390 1685 4445 etiam
1714 4405 1806 4443 nec
1832 4405 1919 4444 vos

318 4487 495 4531 nostra
550 4479 841 4534 delectant?
885 4480 942 4537 Si
989 4499 1116 4553 ergo
1164 4493 1377 4538 nostras
1415 4483 1590 4539 licitas
1633 4495 1918 4555 casiasque

320 4570 706 4627 delectationes
734 4572 1062 4644 repudiatis,
1101 4591 1200 4630 cur
1230 4585 1437 4632 vestras
1479 4578 1635 4648 plane
1663 4577 1916 4633 libidino—

2021 3357 2106 3411 rili
2134 3356 2445 3426 dicacitate,
2475 3359 2732 3415 conviciis
2785 3375 2851 3417 ac
2900 3364 3240 3419 contumeliis
3269 3365 3442 3435 palam
3482 3367 3626 3423 inse-

2020 3450 2358 3520 quebantur,
2408 3459 2636 3507 mortem
2679 3467 2866 3508 eorum
2908 3454 3203 3525 optabant,
3260 3469 3443 3515 contra
3500 3460 3624 3519 illos
3707 3507 3732 3522 ς

2019 3544 2416 3615 conspirabant,
2441 3547 2805 3619 violentasque
2829 3547 2909 3604 eis
2933 3547 3229 3607 inferebant
3257 3568 3464 3610 manus.

2555 3659 2813 3732 [CAPUT
2852 3661 3046 3719 xxm.

2092 3777 2407 3833 Christianos
2436 3776 2755 3848 publicarum
2784 3778 3009 3833 cladium
3034 3796 3135 3836 non
3161 3797 3268 3837 esse
3289 3799 3545 3842 caussam.
3618 3806 3623 3810 ‘

2561 3909 2852 3952 ARTICULUS
2891 3910 3098 3952 PRIMUS.

2023 3985 2153 4053 Qute
2181 3987 2281 4042 sint
2315 3987 2532 4059 publica:
2562 3988 2766 4054 clades,
2808 4004 3024 4059 quarum
3060 3986 3373 4047 Christianos
3392 4004 3624 4051 auctores

2090 4095 2199 4135 esse
2226 4089 2329 4134 tam
2350 4096 2484 4148 stupe
2519 4096 2671 4148 quam
2700 4082 2835 4153 falso
2865 4080 3052 4136 ethnici
3076 4087 3531 4155 conquerebantur,
3561 4105 3623 4143 ac

2092 4173 2345 4240 quomodo
2369 4164 2712 4227 Tertullianus
2735 4189 2819 4228 eos
2842 4174 3063 4245 refellat.

2095 4286 2445 4345 Observatum
2463 4303 2493 4342 a
2522 4287 2677 4343 nobis
2703 4288 2803 4343 fuit
2823 4289 2876 4344 in
2905 4291 3269 4361 superioribus
3290 4292 3622 4368 dissertatio-

2021 4380 2179 4436 nibus
2210 4382 2409 4437 nostris
2433 4380 2720 4453 (Dissertat.
2755 4384 2808 4437 in
2832 4383 3023 4439 Arnob.
3053 4402 3169 4458 cap.
3198 4385 3253 4455 6,
3283 4400 3381 4443 art.
3413 4391 3432 4444 1
3467 4403 3514 4445 et
3539 4391 3618 4465 2),

2023 4473 2224 4527 nullam
2243 4472 2405 4528 fuisse
2441 4474 2865 4531 criminationem
2893 4492 2955 4532 ca
2977 4479 3175 4549 saepius
3196 4482 3500 4550 repetitam,
3515 4500 3617 4554 qua

2023 4565 2221 4621 ethnici
2258 4568 2722 4637 conquerebantur
2763 4568 3100 4627 Christianos
3126 4574 3321 4640 omnis,
3371 4575 3511 4630 sicut
3545 4578 3621 4632 ait

319 4678 429 4732 sas,
456 4672 617 4736 atque
638 4665 853 4721 homine
877 4668 1100 4723 rationis
1127 4679 1376 4740 compote
1407 4686 1626 4742 prorsus
1652 4670 1915 4742 indignas,

2026 4657 2388 4714 Tertullianus
2418 4659 2633 4729 publica:
2663 4656 2873 4730 cladis,
2908 4664 3071 4719 cuiuis
3115 4666 3377 4735 papulan's
3421 4669 3621 4725 incom-

321 4759 543 4830 rejicere
570 4760 724 4818 nobis
751 4777 856 4817 non
890 4761 1112 4817 licebit?

394 4854 739 4925 l’rosequhur
777 4854 1174 4923 Tertullianus,
1205 4856 1443 4928 illudque
1484 4858 1768 4914 conﬁrmat
1793 4858 1919 4930 Epié

321 4958 604 5000 cureorum
647 4949 927 5019 exemplo,
961 4949 1102 5020 quod
1135 4949 1218 5004 his
1257 4951 1480 5006 totidem
1511 4951 1760 5007 codicum
1792 4965 1919 5006 nos-

323 5047 526 5095 trorum
558 5042 735 5097 verbis
765 5044 1015 5114 proiionit
1046 5060 1059 5097 :
1092 5042 1256 5099 Licuit
1283 5041 1552 5115 Epicureis
1577 5044 1804 5115 aliquam
1833 5045 1921 5100 de-

321 5146 524 5188 cernere
550 5134 833 5215 voluptatis
849 5137 1103 5192 veritatem
1124 5177 1138 5201 ,
1167 5136 1220 5193 id
1245 5148 1326 5193 est
1346 5178 1361 5203 ,
1389 5138 1561 5191 animi
1580 5138 1882 5208 aequitatem
1904 5177 1920 5203 ,

322 5233 369 5279 ct
396 5225 568 5297 ampla
592 5228 792 5298 negotia
823 5229 1109 5285 christiana:
1137 5228 1188 5301 (1
1197 5227 1350 5303 bid.).
1383 5229 1587 5286 Eadem
1616 5245 1830 5301 quoque
1865 5230 1918 5284 in

331 5317 563 5388 antiquis
592 5317 918 5376 editiouibus
947 5320 1230 5389 habemur,
1263 5324 1307 5378 si
1338 5331 1521 5377 tamen
1545 5321 1784 5392 excipias
1810 5322 1927 5377 ulti-

322 5427 467 5466 mum
513 5429 707 5473 nomen
751 5416 1042 5472 christiana:
1057 5433 1076 5482 ;
1124 5415 1268 5487 quod
1313 5415 1530 5487 quidem
1576 5415 1918 5471 librariorum

320 5509 603 5565 oscitantia
632 5509 899 5581 adjectum
943 5524 1103 5565 nemo
1128 5524 1258 5566 sane
1286 5511 1580 5580 negaverit.
1607 5508 1807 5565 Verum
1827 5509 1920 5564 Ri-

324 5602 546 5667 saltius,
589 5603 664 5658 uti
707 5617 871 5674 supra
905 5603 1212 5657 monuimus
1253 5603 1395 5674 (cap.
1428 5603 1500 5672 3,
1543 5610 1643 5658 art.
1689 5600 1767 5671 l),
1804 5602 1921 5658 haec

326 5695 530 5744 ιεηιῑιιιιδ
563 5695 782 5753 retinuit
818 5712 832 5750 :
888 5693 1058 5750 Licuit
1100 5696 1346 5765 epicureis
1391 5697 1618 5767 aliquam
1654 5697 1924 5752 decernere

323 5781 593 5847 voluptatis
615 5790 895 5855 veritatem,
925 5804 1095 5860 eaque
1124 5789 1245 5845 loco
1274 5805 1373 5845 suo
1400 5799 1544 5845 mota
1576 5792 1692 5846 istis
1722 5805 1923 5861 praepo-

322 5870 472 5927 ευίιε
516 5860 630 5938 Quo
672 5897 758 5933 vos
819 5881 1147 5955 offendimus.
1190 5881 1303 5939 Nos
1345 5893 1525 5940 autem
1569 5882 1639 5939 ibi
1687 5860 1925 5939 monitos

605 5962 1041 6027 Turonum
1084 5976 1132 6036 l.

2019 4758 2160 4815 modi
2184 4768 2291 4808 esse
2333 4766 2583 4806 caussam.
2643 4750 2886 4809 Tenderet
2934 4769 3033 4809 nos
3067 4770 3196 4810 sane
3216 4757 3488 4813 cramben'
3514 4768 3622 4816 tam

2020 4867 2165 4924 saepe
2208 4859 2511 4914 recoctam,
2551 4847 2746 4902 iterum
2790 4860 3114 4917 recoquere,
3146 4846 3283 4903 hanc
3322 4864 3509 4905 rursus
3534 4867 3624 4908 re.

2022 4944 2255 5003 fellendo
2285 4943 2537 5000 insulsam
2559 4939 2781 4996 omnino
2809 4940 3344 5009 argumentationem,
3368 4942 3413 4997 si
3441 4943 3619 5000 ethni-

2022 5055 2115 5096 cos
2142 5038 2285 5094 illam
2313 5045 2418 5092 tam
2440 5036 2619 5105 inepte
2640 5031 2926 5089 obtrudere
2946 5030 3233 5102 aliquando
3258 5037 3617 5103 paenituisset.

2022 5133 2128 5191 Sed
2169 5132 2416 5188 homines
2444 5128 2625 5185 vesani
2647 5169 2661 5189 ,
2701 5126 3027 5196 humanique
3049 5126 3100 5181 in
3129 5125 3460 5186 Christianos
3494 5133 3621 5188 odio

2021 5227 2285 5293 furentes,
2313 5225 2400 5279 vix
2421 5220 2567 5277 aliud
2608 5218 2675 5275 ad
2714 5217 3017 5290 perdendos
3042 5218 3375 5277 Christianos
3404 5224 3505 5279 hac
3532 5240 3621 5280 ca—

2022 5319 2226 5377 lumnia
2259 5317 2436 5388 aptius
2475 5306 2807 5381 escogilasse
2854 5311 3249 5367 arbitrabantur
3277 5312 3621 5386 (Tertullian.

2026 5412 2323 5482 Apologet.,
2367 5424 2482 5477 cap.
2524 5404 2631 5469 40,
2674 5419 2796 5475 pag.
2833 5402 2959 5469 479,
3004 5411 3050 5457 et
3076 5404 3165 5458 lib.
3212 5404 3235 5459 Ι
3277 5407 3346 5460 ad
3376 5407 3619 5481 Nation.,

2024 5524 2141 5578 cap.
2177 5505 2232 5573 9,
2262 5520 2380 5575 pag.
2409 5496 2938 5572 57l).Quamobrem
2961 5496 3347 5556 Tertullianum
3379 5513 3621 5560 nostrum

2024 5613 2332 5672 sequamur,
2360 5611 2420 5651 ac
2455 5593 2577 5665 quid
2609 5606 2726 5647 eam
2751 5590 3091 5661 exponendo,
3122 5601 3283 5662 atque
3305 5598 3618 5664 evertendo,

2024 5705 2117 5749 aut
2142 5691 2441 5761 singulare,
2469 5694 2559 5741 aut
2589 5683 2745 5756 paulo
2770 5683 3054 5739 obscurius
3078 5684 3305 5754 dixerit,
3334 5691 3622 5749 enucleare

2028 5793 2314 5841 tentcmus.
3492 5788 3496 5791 ⁷

2102 5878 2147 5931 A
2192 5872 2450 5932 Romanis
2509 5879 2686 5928 autem
2742 5872 2821 5928 sic
2874 5872 2965 5928 ille
3003 5869 3252 5927 orditur:
3313 5873 3376 5929 Si
3422 5873 3626 5932 Tiberis

2783 5964 3345 6051 (Trente-quatrc.)
