4050 6350
457 321 595 379 1067

1524 317 1590 374 IN
1628 300 2091 377 manuum
2126 312 2654 378 APOLOGETICUM

3621 311 3753 377 I068

455 437 680 493 ascendit
712 435 780 491 ad
812 433 998 490 mania
1035 430 1307 506 (Ibidem),
1336 439 1428 489 aut
1452 439 1513 488 ut
1550 433 1657 489 alio
1678 433 1733 490 in
1766 430 1905 489 libro
1945 450 1959 492 :
1997 431 2057 490 Si
2083 436 2137 496 Α
2160 432 2267 490 sit?
2297 432 2396 491 Ubi
2433 445 2551 490 tunc
2576 434 2871 500 Christiani,
2898 440 3011 489 eum
3038 440 3117 491 ret
3152 432 3387 490 Humana
3414 436 3488 490 tot
3523 432 3750 490 historias

461 530 652 586 Tiberis
677 528 1068 593 redundaverit,
1116 527 1169 583 id
1217 534 1330 594 est,
1380 527 1427 583 εἰ
1471 528 1697 584 nimium
1741 510 2050 597 extrudam,

458 622 616 679 Urbis
638 620 927 687 manibus,
957 636 1019 677 ac
1041 618 1305 678 terrarum
1327 621 1490 676 etiam
1509 621 1765 677 fertilitati
1789 621 2052 689 nocuerit;

2157 528 2389 585 laborum
2413 538 2619 586 suorum
2638 528 3039 587 subministravit
3060 526 3252 601 (Ibid.,
3270 538 3387 602 cap.
3410 522 3469 596 9,
3494 547 3545 601 p.
3594 526 3748 594 571)?

2155 622 2358 693 Quibus
2377 634 2556 681 autem
2584 624 2845 695 exemplis
2865 620 2983 679 haec
3001 620 3472 690 demonstrarerit,
3496 626 3618 678 e'um
3643 619 3749 677 sine

455 724 643 772 contra
668 730 817 781 vero,
845 712 906 771 Si
923 714 1078 771 Nilus
1102 724 1204 770 non
1237 715 1466 770 ascendit
1494 715 1562 769 ad
1587 726 1729 783 arva,
1773 728 1874 772 nec
1898 728 2056 787 agros
2158 718 2334 790 aliqua
2372 721 2729 790 explicatione
2780 719 3055 791 praeterire
3098 728 3203 775 non
3245 718 3532 791 possimus,
3586 715 3651 772 ad
3692 730 3749 772 ea

458 809 617 864 solita
642 808 1012 876 inundatione,
1039 809 1153 865 sive
1183 817 1241 864 ut
1269 808 1413 865 canit
1444 806 1733 879 Virgilius:

815 962 825 973 .
896 962 908 975 .
972 922 1126 987 Nigra
1149 932 1247 975 non
1270 919 1707 974 {meundatarena

1088 1002 1311 1076 (Yirgil.,
1346 1001 1433 1059 lib.
1459 1014 1509 1057 ιν
1538 1008 1714 1076 Georg.
1735 1019 1779 1059 υ.
1798 1002 1935 1072 290.)

532 1114 798 1169 Praeterea
828 1114 870 1168 si
891 1114 1091 1179 caelum,
1117 1113 1265 1169 addit
1296 1114 1495 1171 Auctor
1525 1124 1729 1181 noster,
1762 1115 1915 1181 stetit,
1949 1114 2063 1170 sive

461 1216 519 1263 ut
549 1216 750 1278 postea,
778 1218 892 1263 cum
926 1208 988 1263 ab
1016 1207 1259 1263 imbribus
1296 1208 1470 1264 aestiva
1511 1204 1719 1263 hiberna
1748 1205 2063 1279 suspendunt

461 1294 816 1375 (Tertullian.,
845 1298 942 1355 lac.
976 1300 1090 1371 cit.)
1115 1316 1129 1366 ;
1161 1304 1213 1355 et
1242 1299 1315 1355 ibi
1344 1298 1465 1356 caeli
1494 1298 1711 1355 nomine
1741 1297 1867 1371 quid
1898 1299 2066 1354 deno—

462 1404 559 1461 tet,
592 1396 637 1449 si
666 1395 921 1465 poswles,
958 1394 1050 1451 tibi
1074 1388 1519 1465 resitondebimus
1545 1392 1630 1450 liis
1656 1390 1814 1450 Tullii
1843 1392 2022 1450 verbis
2047 1414 2059 1449 :

461 1486 656 1544 Cretum
687 1487 811 1555 hoc,
854 1487 909 1542 in
936 1502 1035 1558 quo
1091 1487 1246 1542 nubes
1271 1531 1286 1556 ,
1314 1486 1497 1543 imbres
1548 1486 1779 1560 ventique
1818 1497 2067 1557 coguntur

462 1578 647 1654 (Cicer.
671 1622 686 1645 ,
741 1580 828 1645 lib.
862 1579 906 1634 Il
956 1580 1166 1635 Tuscul.
1190 1622 1204 1646 ,
1237 1590 1359 1651 pag.
1394 1580 1519 1645 122,
1563 1576 1656 1636 lin.
1691 1574 1782 1653 M)
1811 1597 1825 1647 ;
1865 1596 1935 1636 ex
1965 1581 2068 1637 hoc

462 1673 598 1729 caelo
618 1673 662 1728 si
693 1672 894 1729 imbres
922 1674 1225 1743 opportuno
1247 1672 1455 1744 byemis
1482 1672 1569 1728 vel
1591 1673 1797 1729 :estatis
1823 1681 2069 1743 tempore

460 1780 569 1821 non
596 1760 834 1829 efﬂuant,
870 1772 1173 1837 terramque
1199 1781 1305 1821 non
1357 1762 1584 1822 reddant
1614 1760 1879 1831 fertilem;
1924 1763 2067 1835 quod

459 1857 761 1929 Cyprianus
791 1827 1183 1913 Tertullian-nm
1216 1867 1453 1926 secutus,
1502 1859 1605 1915 hoc
1657 1859 1729 1915 ita
1757 1827 2023 1931 expressit
2052 1877 2065 1913 :
2096 1827 2144 1901 Β

462 1950 589 2007 Cum
635 1949 777 2005 dicas
815 1950 1061 2021 plurimos
1108 1956 1346 2024 conqueri
1397 1952 1535 2024 quod
1572 1953 1755 2008 imbres
1784 1964 1831 2007 et
1871 1950 2070 2024 pluvias

460 2053 640 2099 serena
667 2045 820 2117 tango
841 2046 1180 2116 Suspendant;
1211 2056 1263 2102 et
1295 2030 1418 2103 alibi
1453 2065 1466 2102 :
1491 2047 1697 2116 quando
1725 2046 1936 2102 imbrem
1974 2064 2070 2101 nu-

462 2135 567 2189 bila
615 2144 791 2190 serena
832 2135 1147 2208 suspendunt
1192 2136 1461 2210 (Cyprian.
1512 2144 1657 2193 tract.
1701 2137 1769 2193 ad
1811 2134 2069 2207 Demetr.;

464 2236 511 2281 et
575 2226 690 2283 libr.
751 2228 815 2283 de
861 2226 1114 2284 Mortalit.
1145 2227 1188 2302 ),
1247 2230 1379 2286 item
1424 2231 1468 2286 si
1524 2238 1659 2286 terra
1710 2232 1893 2299 movit,
1927 2231 2071 2302 ejus-

463 2330 570 2392 que
634 2322 849 2379 insolito
912 2330 1060 2379 metu
1127 2320 1322 2396 Oppida
1386 2327 1721 2395 corruerint,
1788 2336 1879 2381 aut
1954 2324 2071 2397 ejus

466 2414 613 2470 hiatu
663 2402 914 2486 absorpti’
951 2416 1058 2471 sint
1120 2416 1366 2474 homines
1394 2460 1409 2486 ,
1462 2418 1537 2473 uti
1584 2417 1748 2491 paulo
1780 2427 1899 2490 post
1922 2417 2072 2474 vide-

464 2508 676 2575 bimus;
707 2508 938 2581 denique
971 2511 1014 2565 si
1052 2510 1221 2582 {antes
1235 2520 1281 2566 et
1312 2512 1421 2567 lues
1462 2508 1560 2583 (ibi
1592 2513 1947 2585 supplendum
1975 2528 2070 2568 sa:-

466 2601 789 2672 ciont,atque
816 2606 1171 2674 grassantur);
1196 2612 1369 2659 autut
1390 2604 1517 2661 alibi
1533 2604 1731 2661 clarius
1765 2622 1779 2658 :
1815 2603 1877 2661 Si
1912 2604 2073 2677 fames

467 2693 642 2763 aﬂiait
666 2691 994 2765 (Tertullian.
1022 2695 1314 2767 Apologet.,
1340 2708 1456 2770 cap.
1504 2695 1574 2753 40
1599 2740 1612 2766 ,
1640 2716 1691 2769 p.
1733 2697 1841 2754 480
1864 2704 1909 2753 ct
1937 2696 2024 2753 lib.
2052 2697 2073 2753 1

465 2786 537 2839 ad
560 2784 798 2853 Notium,
838 2800 953 2858 cap.
993 2788 1047 2855 9,
1089 2802 1209 2859 pag.
1236 2788 1387 2862 571);
1436 2790 1488 2845 in
1511 2790 1595 2846 bis
1615 2834 1628 2859 ,
1661 2791 1831 2862 inquit
1858 2788 2072 2847 Tertul-

468 2879 644 2935 lianus
665 2921 683 2959 ,η
721 2882 970 2937 omnibus
1000 2882 1226 2954 publicis
1252 2882 1666 2953 calamitatibus,
1696 2895 1798 2941 una
1834 2887 2074 2941 omnium

468 2975 973 3045 gentiliunr;,voce,
1016 2975 1334 3033 Christianos
1382 2979 1451 3035 ad
1507 2977 1721 3048 leonem,
1766 2978 2077 3036 acclamatur

469 3070 688 3142 (Idem,
730 3071 1024 3144 Apologet.,
1057 3070 1235 3144 ibid.).
1276 3066 1381 3132 Sed
1424 3072 1525 3130 hoc
1553 3074 1797 3131 ultimum
1818 3074 2073 3145 verbum,

468 3163 610 3235 quod
659 3166 713 3220 in
752 3165 951 3221 nostris
994 3162 1271 3222 codicibus
1316 3167 1695 3240 mantiscriptis
1741 3176 1798 3223 ct
1841 3166 2076 3240 antiquis

2160 812 2466 886 singillatim
2494 796 2830 887 exponenda,
2861 812 2906 869 si
2936 810 3130 886 plaeet,
3163 811 3555 886 aggrediantur.

2760 944 3054 987 Αιιτιουωε
3091 945 3152 984 ιι.
3258 993 3263 998 ,

2167 1048 2434 1117 Quomodo
2497 1049 2849 1106 Tertullianus
2919 1051 3228 1106 demonstret
3282 1047 3601 1105 Christianos
3642 1048 3749 1103 ideo

2236 1144 2562 1215 publicarum
2610 1144 2838 1199 cladium
2887 1160 2988 1199 non
3036 1159 3143 1198 esse
3188 1146 3457 1206 auctores,
3484 1142 3605 1210 quia
3646 1150 3753 1197 ante
3822 1168 3829 1177 -

2237 1235 2431 1291 Christi
2461 1247 2629 1292 ortum
2677 1237 2916 1307 plurimis
2954 1245 3206 1291 terrarum
3254 1233 3669 1289 inundationibus
3700 1246 3756 1288 ac

2170 1362 2179 1389 ξ
2240 1330 2458 1385 motibus
2474 1346 2676 1401 pessum
2704 1330 2935 1385 abierunt
2970 1327 3151 1394 Hiera,
3180 1329 3415 1398 Anaphe,
3434 1325 3606 1391 Delos,
3624 1323 3756 1379 Rho-

2240 1424 2355 1491 dos,
2386 1423 2480 1491 Co,
2510 1424 2629 1478 item
2660 1425 2829 1493 major
2855 1423 3013 1488 Acie,
3041 1422 3120 1478 uel
3154 1422 3344 1495 Afri“:
3380 1437 3503 1492 pars
3521 1458 3538 1488 ,
3561 1430 3756 1490 clepe-

2242 1527 2350 1572 tum
2380 1534 2520 1572 mare
2546 1516 2868 1573 Corinthium
2887 1560 2904 1584 ,
2935 1526 3086 1589 atque
3109 1532 3174 1571 etc
3199 1514 3433 1571 Lucania
3472 1514 3642 1570 Italic
3669 1515 3755 1568 οι-
3814 1494 3821 1515 ³

2243 1611 2405 1665 scissa
2443 1614 2581 1681 facta
2615 1618 2691 1665 est
2731 1610 2914 1666 Sicilia
2941 1651 2958 1677 ,
3008 1624 3280 1680 omnesque
3347 1607 3581 1663 homines
3621 1618 3761 1662 cm-

2242 1704 2434 1776 clysmo
2470 1720 2574 1761 non
2604 1714 2804 1760 tantum
2834 1704 3108 1777 campestri
3127 1743 3144 1771 ,
3172 1703 3263 1760 sed
3298 1702 3583 1759 universali
3608 1702 3767 1774 peris-

2243 1807 2382 1852 runt.

2245 1933 2405 1990 Nullo
2452 1920 2611 1990 certe
2653 1932 2901 1990 validiori
2948 1938 3265 2004 argumento
3316 1928 3530 2005 probari
3593 1936 3770 2003 potest

2172 2023 2511 2081 Christianos
2545 2030 2794 2082 auctores
2836 2036 2943 2081 non
2989 2038 3109 2081 esse
3132 2016 3467 2096 publicarum
3511 2022 3767 2091 cladium,

2173 2130 2333 2189 quam
2365 2117 2715 2189 plurimarum
2750 2112 3033 2189 exemplis,
3062 2130 3181 2189 qua:
3208 2126 3331 2173 ante
3359 2113 3560 2173 Christi
3591 2124 3772 2172 ortum

2174 2212 2533 2281 contigerunt.
2564 2210 2728 2282 Atqui
2763 2212 2944 2267 inritus
2967 2255 2980 2277 ,
3011 2211 3103 2281 qui
3129 2211 3214 2267 vel
3246 2208 3571 2282 primoribus
3587 2207 3778 2283 digitis

2174 2304 2431 2361 historias
2446 2308 2689 2362 veterum
2719 2313 3022 2377 temporum
3061 2302 3254 2376 attigit,
3303 2302 3553 2375 ignarare
3574 2309 3777 2373 pOtest,

2174 2413 2334 2471 quam
2360 2397 2695 2471 frequentem
2735 2399 2945 2455 illarum
2976 2400 3304 2455 mentionem
3334 2396 3632 2467 seriptores
3659 2395 3779 2467 ple-

2175 2492 2331 2563 rique
2370 2506 2558 2549 omnes
2589 2490 2843 2549 iecerint.
2889 2491 3085 2548 Parum
3128 2492 3308 2564 itaque
3349 2498 3574 2547 necesse
3613 2488 3784 2546 vide-'-

2176 2585 2334 2642 butur
2377 2585 2526 2657 plura
2568 2580 2875 2657 huiusmodi
2913 2586 3162 2656 exempla
3200 2590 3231 2641 a
3266 2574 3605 2640 Tertulliano
3644 2597 3785 2639 con-

2177 2679 2311 2750 geri,
2337 2679 2438 2733 nisi
2466 2677 2534 2734 ad
2556 2677 2940 2734 conterendam
2968 2678 3245 2749 gentilium
3269 2674 3624 2749 pervicaciam
3655 2688 3784 2747 pro-

2178 2770 2396 2827 ferenda
2414 2786 2535 2829 esse
2556 2773 2876 2829 cenauisset.
2902 2771 2977 2827 Ea
2997 2773 3178 2844 itaque
3204 2782 3233 2827 τι
3262 2772 3419 2828 nobis
3440 2769 3784 2828 disetttienda

2179 2872 2325 2934 sunt,
2351 2874 2462 2922 tum
2491 2874 2713 2939 prepter
2732 2866 2976 2924 diversas
2998 2865 3243 2923 codicum
3270 2866 3556 2936 lcetiOne's,
3587 2865 3787 2938 quibus

2182 2960 2397 3033 propria
2428 2962 2647 3019 nomina
2689 2958 3095 3030 deformantur,
3128 2970 3239 3019 tnui
3271 2964 3491 3035 propter
3516 2961 3784 3035 Quasdam

2181 3054 2525 3113 difﬁcultates
2547 3100 2562 3125 ,
2592 3068 2713 3130 qua!
2744 3057 2998 3115 nonnulis
3037 3057 3312 3130 negotium
3351 3052 3629 3115 lacessere
3652 3070 3780 3129 pos-

2179 3157 2325 3206 sunt.

424 3264 431 3267 '
469 3256 799 3312 editionibus
843 3256 1148 3329 reperitur,
1180 3265 1208 3312 ιι
1240 3238 1833 3331 Rtgaltioamputa'tum
1874 3238 1984 3317 est.
2007 3259 2074 3317 At

2254 3243 2493 3299 Primum
2523 3252 2703 3301 autem
2728 3245 3035 3316 exemplum
3069 3240 3150 3298 hls
3191 3242 3243 3298 in
3286 3238 3502 3314 Rigaltii
3545 3238 3789 3331 editione

470 3348 685 3404 etiamsi
706 3348 864 3415 absit,
892 3348 1166 3406 subaudiri
1196 3352 1381 3423 utiQue
1409 3342 1587 3409 debet.
1619 3352 1711 3409 Illa
1734 3370 1862 3410 vero
1892 3353 2073 3410 accla-

471 3442 654 3506 mtttio,
684 3440 752 3498 de
776 3452 880 3513 (tua
910 3456 1009 3499 nos
1035 3456 1196 3515 supra
1223 3444 1450 3516 egimus,
1483 3445 1534 3500 in
1562 3447 1707 3503 circo
1739 3444 2078 3516 potissimum

472 3534 589 3590 ﬁeri
609 3534 981 3591 consueverat.
1009 3530 1211 3592 Verum
1229 3550 1291 3593 ea
1317 3537 1453 3606 sola,
1478 3539 1821 3610 quantumvis
1849 3539 2075 3610 iniquis-

474 3627 607 3681 sima
629 3669 642 3693 ,
684 3628 1030 3699 rapiebantur
1061 3627 1339 3685 christiani
1363 3673 1377 3698 ,
1421 3634 1485 3685 ac
1521 3630 1813 3695 confestim,
1837 3630 2080 3687 leonibus

474 3718 698 3790 aliisque
728 3705 922 3777 belluis
945 3720 1239 3778 devorandi
1262 3725 1685 3793 exponebantur.
1716 3724 2080 3781 Tertullianus

450 3825 605 3867 vero
637 3812 779 3868 illam
809 3814 978 3869 tribus
1008 3822 1213 3869 tantum
1246 3815 1327 3870 his
1361 3816 1536 3871 verbis
1566 3816 1859 3883 irridendo,
1895 3817 2082 3887 explo-

474 3903 554 3958 dit
581 3921 593 3957 :
633 3903 821 3959 Tantos
852 3906 920 3959 ad
961 3923 1118 3961 unum
1148 3896 1359 3978 (ibid),
1390 3908 1612 3979 perinde
1643 3924 1705 3964 ac
1735 3910 1779 3964 si
1808 3909 2034 3965 dixisset
2063 3926 2075 3961 :

478 3988 681 4065 Papa)!
731 3990 998 4067 Namquid
1072 3998 1271 4069 putatis
1339 3998 1602 4054 infinitam
1656 3999 2079 4071 propemodum,

478 4087 618 4143 sicut
641 4092 795 4144 antea
828 4088 1247 4147 observabamus
1269 4133 1285 4158 ,
1317 4080 1733 4148 Christianorum
1778 4092 2080 4149 multitudi-

433 4222 441 4227 μ
483 4195 608 4236 nem
631 4181 829 4252 exponi
858 4184 1095 4253 potuisse
1123 4178 1263 4239 leOni
1292 4184 1471 4251 unico,
1516 4192 1676 4256 atque
1711 4185 1778 4241 ab
1805 4186 1897 4241 illo
1918 4185 2081 4242 devo-

482 4275 588 4330 rari
605 4273 629 4328 't

553 4365 690 4422 Tum
732 4376 853 4438 post
901 4368 1016 4423 hate
1047 4366 1137 4425 ille
1180 4366 1431 4440 gravibus
1477 4371 1744 4426 rationum
1795 4369 2084 4427 momentis

481 4453 815 4515 demonstrat
840 4457 973 4514 nihil
999 4457 1183 4523 falsius
1211 4460 1333 4534 llngi
1357 4461 1618 4532 potuisse,
1638 4476 1795 4534 quam
1822 4460 2085 4519 Christia-

480 4560 581 4609 nus
608 4552 958 4625 publicarum,
989 4562 1079 4608 aut
1102 4554 1324 4610 aliarum
1356 4555 1720 4612 calamitatum
1754 4572 1874 4614 esse
1899 4566 2084 4614 aucto-

2189 3334 2372 3390 verbis
2421 3336 2733 3407 proptmitur
2765 3351 2784 3390 :
2816 3332 3055 3407 Legitrttts
3088 3328 3454 3404 Hieramtapen
3474 3375 3488 3399 ,
3515 3334 3565 3388 et
3591 3326 3786 3397 Delon,

2182 3437 2229 3483 et
2269 3426 2511 3498 Rhodon,
2542 3438 2586 3483 et
2614 3429 2685 3485 Ca
2713 3429 2916 3485 insulas
2940 3427 3115 3485 inultis
3133 3442 3248 3483 cum
3274 3426 3499 3483 millibus'
3521 3428 3791 3482 heminam

2183 3534 2389 3597 pessum
2454 3525 2637 3581 abiisse
2697 3514 3060 3596 (Terltttlittn.
3120 3518 3433 3596 Apotbget.,
3484 3530 3603 3593 cap.
3672 3521 3791 3588 45,

2184 3630 2307 3691 pug.
2372 3616 2508 3691 '56).
2567 3618 2636 3674 At
2702 3617 2758 3673 in
2811 3621 3013 3674 nostris
3067 3614 3465 3688 exemplaribus
3527 3613 3795 3685 seriptum

2185 3720 2269 3770 est
2300 3731 2314 3769 :
2340 3711 2776 3783 Hierananpettm,
2802 3712 2851 3768 et
2884 3704 3074 3780 Delon,
3100 3720 3146 3766 et
3174 3706 3394 3766 Rhodon
3416 3753 3430 3777 ,
3461 3714 3509 3765 et
3538 3706 3668 3775 Cha,
3694 3722 3797 3763 ex-

2184 3817 2343 3878 cepto
2368 3815 2549 3862 tamen
2574 3814 2683 3861 uno
2703 3804 3027 3878 exemplari,
3061 3806 3114 3860 in
3142 3812 3251 3877 duo
3284 3803 3531 3868 habetur,
3564 3798 3793 3887 Hieran:

2185 3917 2343 3975 pean,
2389 3901 2441 3958 in
2481 3896 2853 3974 Bongarsiauo
2891 3899 3232 3971 Iherrapetm,
3278 3900 3330 3953 in
3373 3913 3479 3953 uno
3527 3894 3800 3952 Vaticano

2189 3994 2606 4069 Hierantapeam,
2630 4000 2685 4052 et
2711 3997 2764 4051 in
2794 3994 2961 4050 altero
2994 3991 3174 4049 itidem
3197 3988 3455 4049 Vaticano
3478 3980 3643 4045 Hiera
3662 3985 3800 4042 Nie-

2189 4106 2391 4160 pteam,
2444 4089 2497 4143 in
2544 4086 2801 4143 Fuldensi
2851 4080 3240 4141 Hlerearranda
3284 4096 3471 4155 penes,
3530 4081 3584 4137 in
3631 4078 3802 4136 editis

2188 4184 2313 4237 ante
2333 4174 2621 4251 Rigaltium
2654 4176 2949 4251 Hierapatis
2973 4221 2988 4246 ,
3031 4176 3127 4234 sed
3168 4173 3452 4233 mendose.
3494 4168 3613 4229 Non
3646 4172 3802 4227 enim

2189 4273 2306 4331 haec
2334 4274 2463 4331 urbs
2502 4270 2766 4330 cecidisSe
2808 4271 3124 4343 perhibetur
3159 4272 3287 4325 ante
3324 4264 3637 4324 Christianae
3664 4262 3805 4320 reli-

2186 4368 2363 4443 gionis
2390 4366 2708 4441 primurdia.
2754 4362 2946 4423 Cernis
2973 4374 3123 4422 certe
3161 4366 3423 4437 quantum
3462 4369 3516 4419 et
3556 4372 3720 4432 quam
3765 4372 3803 4415 a

2187 4458 2348 4535 longo
2388 4469 2635 4532 tempore
2673 4459 2761 4517 hic
2794 4460 2944 4516 locus
2992 4462 3279 4530 corruptus
3323 4448 3503 4512 fuerit.
3554 4452 3609 4508 ln
3653 4451 3807 4509 libro

2191 4563 2368 4612 tamen
2393 4555 2459 4611 ad
2482 4554 2741 4611 Nationes
2767 4556 2954 4624 aperte
2981 4551 3196 4624 legitur,
3226 4542 3573 4620 Hierennnpe,
3593 4555 3641 4601 ct
3667 4543 3806 4600 Del-

480 4660 611 4704 res:
643 4646 782 4701 Nam
808 4657 927 4702 ante
953 4646 1232 4717 Tiberium,
1263 4649 1464 4720 inquit,
1498 4648 1550 4706 id
1585 4656 1667 4707 est
1704 4658 1827 4707 ante
1883 4649 2086 4708 Christi
2110 4637 2164 4712 Ῐ)
2192 4652 2341 4724 phus.
2376 4654 2425 4705 et
2460 4646 2673 4705 Rhodos
2694 4693 2707 4717 ,
2742 4658 2790 4705 et
2824 4647 2974 4704 Creta
3004 4646 3186 4703 insula:
3218 4644 3389 4700 multis
3414 4652 3531 4698 cum
3563 4641 3802 4696 millibus

481 4739 767 4795 adventum
800 4782 814 4807 ,
861 4746 1065 4811 quanta:
1088 4740 1259 4797 clades
1289 4743 1459 4798 orbem
1500 4750 1549 4799 et
1597 4742 1746 4800 urbes
1793 4746 2085 4801 ceciderunt
2188 4745 2452 4800 hominum
2484 4760 2682 4814 pessum
2710 4744 2874 4798 ierunt
2903 4734 3112 4811 (Idem,
3137 4737 3224 4795 lib.
3250 4735 3359 4791 [ad
3391 4732 3627 4800 Nullam,
3655 4751 3706 4788 c.
3736 4730 3801 4797 9,

482 4830 713 4905 (Ibid)?
738 4833 855 4889 Non
895 4848 961 4890 eo
1001 4842 1178 4891 antem
1209 4844 1370 4891 sensu
1414 4835 1549 4893 dixit
1604 4846 1728 4894 ante
1767 4836 2042 4895 Tiberium
2064 4881 2081 4909 ,
2190 4854 2308 4912 pag.
2342 4837 2431 4905 54,
2460 4838 2543 4894 ed.
2566 4834 2737 4908 Rig.).
2758 4834 2864 4893 Sed
2884 4834 3001 4890 hare
3025 4832 3186 4890 verba
3218 4822 3587 4887 difﬁcultatem
3616 4837 3810 4894 neque

481 4938 590 4996 quo
612 4925 880 4995 signiﬁcet
916 4924 1190 4983 Christum
1223 4942 1329 4982 non
1359 4936 1513 4984 antea
1545 4930 1599 4985 in
1638 4928 1782 4985 hunc
1824 4932 2083 4987 mundum
2194 4932 2410 5000 tollunt,
2439 4942 2612 5005 neque
2642 4931 2804 4988 etiam
2838 4929 3108 4985 minuunt.
3138 4925 3250 4982 Nec
3296 4924 3467 4995 magis
3490 4934 3622 4976 sana
3670 4926 3811 4976 sunt

479 5017 693 5073 venisse
716 5059 730 5085 ,
762 5018 856 5073 Sed
884 5018 1173 5075 adventum
1207 5020 1323 5092 ejus
1364 5020 1565 5078 mundo
1606 5021 1932 5093 patefactum
1959 5032 2082 5080 cum
2191 5021 2311 5084 lucc
2345 5025 2586 5098 ejusdem
2616 5022 2930 5081 Tertulliani
2973 5022 3081 5077 alio
3128 5020 3181 5074 ln
3204 5014 3345 5073 libro
3372 5014 3531 5071 verba
3562 5031 3579 5098 :1
3629 5008 3811 5068 Nulla

479 5109 594 5178 ille,
625 5121 884 5182 regnante
912 5112 1148 5180 Tiberio,
1183 5110 1349 5169 edidit
1370 5114 1622 5171 miracula
1644 5157 1661 5184 ,
1694 5128 1953 5188 suamque
1985 5114 2088 5175 Ec—

480 5202 700 5258 clesiam
724 5203 979 5259 fundavit.
1003 5204 1137 5260 Nam
1157 5206 1210 5260 in
1240 5205 1381 5261 libro
1407 5204 1474 5261 ad
1496 5205 1748 5263 Nationes
1773 5224 1786 5262 :
1820 5206 2083 5281 l’rincipe,

478 5296 553 5352 ait
573 5339 586 5363 ,
620 5298 848 5369 Augusto
878 5308 1060 5353 nomen
1104 5296 1199 5354 hoc
1232 5306 1400 5354 ortum
1432 5306 1537 5367 est;
1577 5291 1776 5357 Tiberio
1813 5303 2088 5376 disciplina

479 5390 590 5461 ejus
608 5389 779 5443 illuxit
806 5387 996 5459 (Ident,
1029 5389 1117 5445 lib.
1148 5382 1257 5446 Iad
1279 5391 1518 5461 Nullam,
1537 5398 1655 5465 (ἔαρ.
1691 5392 1743 5462 7,
1777 5406 1899 5468 pag.
1927 5394 2084 5470 567).

480 5479 741 5549 Quocirca
785 5480 874 5537 ille
913 5491 1097 5553 poStea
1143 5480 1277 5539 dixit
1323 5499 1337 5539 :
1385 5478 1581 5540 ditatis
1625 5497 1812 5543 nostrte
1853 5491 2081 5545 nondum

482 5577 606 5629 anni
649 5576 856 5630 trecenti
878 5617 893 5644 ,
941 5585 1146 5647 quantm
1194 5575 1365 5633 clades
1407 5586 1525 5634 ante
1562 5580 1617 5635 id
1654 5582 1877 5649 spatiunt
1921 5599 2083 5657 supra

481 5667 771 5721 universum
793 5668 962 5723 orbem
989 5668 1058 5722 ad
1076 5669 1306 5740 singulas
1328 5670 1474 5726 urbes
1495 5682 1542 5726 et
1568 5675 1857 5744 provincias
1883 5676 2080 5734 cecideo

479 5759 645 5812 runt?
674 5758 879 5827 Quanta
917 5759 1047 5815 bella
1087 5771 1295 5817 externa
1333 5773 1378 5818 et
1416 5764 1702 5822 intestina?
1732 5768 1867 5835 Quot
1895 5779 2088 5842 pestes,

482 5851 665 5920 fames,
694 5851 855 5924 ignes,
886 5851 1059 5911 hiatus
1079 5863 1344 5929 motusque
1367 5866 1615 5917 terrarum
1637 5858 1881 5920 stecultttu
1902 5862 2077 5937 diges~

2183 5120 2301 5191 jam
2338 5096 2518 5185 Delos,
2549 5112 2742 5179 Rhene,
2775 5112 2963 5171 Samos
3005 5108 3199 5187 (Idem,
3231 5106 3321 5164 tib.
3365 5102 3429 5162 de
3474 5096 3646 5171 Palt.,
3678 5116 3810 5175 cap.

2192 5214 2277 5286 Ξ).
2328 5210 2759 5283 Plures'quippe
2810 5208 2882 5265 ibi
2940 5221 3037 5279 pro
3096 5202 3309 5271 Rhene,
3362 5198 3654 5274 legendum
3708 5211 3817 5254 V00,

2192 5304 2333 5373 lunt,
2369 5298 2614 5372 Harena,
2648 5300 2862 5359 tametsi
2900 5299 3110 5355 Plinius
3146 5295 3341 5369 (Ptin,
3369 5290 3458 5349 tib.
3497 5287 3567 5347 IV
3598 5286 3811 5357 ﬂatur.

2198 5396 2362 5465 Hist,
2386 5414 2506 5467 cap.
2537 5394 2625 5463 12,
2652 5404 2771 5467 pag.
2800 5390 2933 5465 456)
2964 5391 3164 5463 aliique
3184 5384 3363 5444 Rhene
3388 5383 3583 5441 insulto.
3607 5381 3818 5439 memi-

2192 5492 2391 5550 nerint.
2412 5489 2705 5548 Videamus
2738 5484 2901 5559 igitur
2938 5492 3120 5541 utrum
3166 5478 3383 5538 aliunde
3407 5475 3473 5534 ad
3520 5472 3815 5548 explican-

2191 5584 2322 5643 dum
2348 5584 2496 5643 illum
2526 5585 2816 5641 obscurum
2843 5586 2897 5637 et
2925 5564 3241 5650 corruptum
3268 5568 3586 5635 Tertulliani
3619 5569 3813 5626 luem

2196 5679 2417 5735 luminis
2439 5676 2641 5751 aliquid
2671 5672 2904 5731 mutuari
2933 5672 3225 5745 possimus.

2270 5768 2487 5827 Primus
2511 5748 2689 5825 autem
2719 5767 2873 5824 nobis
2894 5761 3131 5822 oceurrit
3156 5757 3395 5825 Plinius,
3423 5760 3553 5812 mox
3568 5748 3805 5814 citatus;

2199 5860 2293 5923 ubi
2330 5856 2399 5923 de
2431 5859 2588 5934 locis,
2629 5856 2773 5920 unde
2798 5856 2969 5918 maria
2999 5858 3363 5916 recesserant,
3400 5848 3453 5897 et
3490 5834 3670 5896 emis
3714 5834 3809 5895 ln-
