4050 6350
253 344 396 404 1069

1392 353 1839 414 ΒΙΞΞΕΒΤΛΤΙΟ
1879 357 1941 415 D.
1981 356 2071 415 LE
2112 358 2414 417 NOURRY.

3416 372 3557 429 1070

255 465 387 521 sulis
411 463 623 520 disserit
647 482 659 519 :
696 464 881 533 Clarte,
909 466 1100 538 inquit,
1122 470 1237 541 jam
1259 470 1457 539 pridem
1484 472 1666 527 insula:
1696 472 1852 530 Delos
1878 472 1930 535 Α
1952 474 2061 545 jam
2090 474 2370 545 probatum
2395 477 2599 532 dixeris
2620 474 2955 534 Christianos
2984 479 3312 551 publicarum
3338 485 3556 544 calami-
3650 512 3655 521 ~

256 566 303 611 et
333 557 545 612 Rhodos
562 560 831 613 memoria:
854 560 1145 630 prodantur
1179 570 1365 618 enatat.
1409 560 1601 619 Postea
1631 567 1855 622 minores

256 652 395 704 ultra
419 649 591 705 Melon
622 651 867 721 Anaphe;
908 656 1039 708 inter
1069 653 1316 709 Lemnum
1352 667 1398 711 et
1441 655 1852 729 Hellespontum,

260 742 401 810 Non;
428 745 561 799 inter
584 743 820 800 Lebedon
868 756 915 801 et
943 745 1082 802 Teon
1105 791 1119 815 ,
1159 748 1399 815 llanelo,‘
1430 753 1561 805 inter
1601 751 1857 823 Cycladas

259 836 571 908 Olympiadis
601 839 728 903 155,
748 854 883 894 anno
904 851 1105 911 quarto,
1143 841 1310 899 Tltera
1334 852 1381 898 et
1410 843 1687 910 Tlteresia;
1728 846 1858 900 inter

262 930 465 984 easdem
509 941 623 1001 post
668 947 831 987 annos
871 934 995 999 1⁸50,
1046 934 1209 989 Hiera
1260 936 1533 1009 cadentque
1589 938 1860 994 Automate

263 1020 459 1094 (Plin.,
503 1025 590 1079 lib.
624 1025 668 1079 ll
705 1027 856 1093 ibid.,
897 1044 1012 1099 cap.
1045 1030 1114 1085 87
1139 1072 1152 1092 ,
1187 1047 1304 1103 pag.
1336 1030 1488 1105 2‘56).
1533 1031 1649 1089 Huc
1695 1035 1858 1089 etiam

263 1117 468 1171 accedit
508 1117 824 1173 Ammianus
858 1119 1205 1177 Marcellinus
1228 1166 1242 1190 ,
1282 1124 1370 1179 ubi
1402 1116 1652 1181 ‘motuum
1702 1136 1859 1183 terra:

263 1218 454 1288 causas
476 1211 761 1283 investigat
784 1229 805 1266 ηε
835 1212 1142 1271 Brasmatiw
1160 1259 1176 1283 ,
1203 1218 1297 1285 ait,
1323 1218 1409 1290 qui
1438 1218 1647 1274 humum
1675 1220 1860 1277 moles-

266 1304 365 1361 tias
391 1304 691 1359 suscitantes
733 1308 1025 1379 propellunt
1067 1311 1468 1367 immanissimas
1502 1314 1663 1369 moles
1684 1358 1698 1382 ,
1729 1322 1782 1369 ut
1808 1316 1861 1370 in

265 1395 388 1451 Asia
429 1395 585 1452 Delos
625 1400 850 1467 emersit,
879 1408 924 1455 et
953 1401 1119 1456 Hiera
1146 1446 1160 1467 ,
1190 1411 1236 1457 et
1263 1402 1858 1476 Anaphane(ll1arcell.,

265 1489 353 1544 lib.
382 1489 541 1557 XVII,
581 1493 769 1563 cap.7,
800 1511 918 1566 pag.
947 1496 1101 1568 456).
1139 1497 1373 1554 Videsne
1406 1501 1456 1553 in
1478 1497 1559 1554 his
1582 1500 1715 1555 locis
1744 1514 1860 1556 tne-

265 1584 464 1638 ntorari
496 1584 680 1652 Delon,
710 1596 762 1640 et
785 1586 1039 1655 Rhodon,
1062 1588 1515 1659 quemadmodum
1537 1590 1605 1645 ab
1629 1592 1864 1662 ipsemet

171 1726 179 1741 ,
266 1674 632 1731 Tertulliano?
672 1676 861 1734 Nonne
915 1688 1096 1735 autem
1152 1681 1449 1751 SUSlliClOﬂi
1502 1682 1652 1737 locus
1708 1682 1865 1739 datur

265 1782 329 1822 ex
359 1768 567 1823 duabus
595 1770 716 1824 aliis
745 1771 940 1827 insulis
973 1771 1131 1827 Hiera
1170 1785 1224 1829 et
1257 1775 1474 1844 Anaphe
1497 1818 1511 1841 ,
1546 1776 1701 1832 sicuti
1749 1775 1860 1831 Pli-

265 1861 411 1927 nius,
440 1864 525 1918 vel
555 1861 716 1917 Hiera
742 1873 796 1919 et
847 1864 1160 1934 Antiphane,
1188 1877 1248 1921 ut
1278 1866 1623 1923 Marcellinus
1649 1869 1853 1937 scribit,
1890 1879 1937 1940 Β

266 1955 463 2013 factum
494 1956 660 2013 fuisse
704 1960 771 2014 ab
799 1960 1059 2030 imperitis
1102 1961 1339 2017 librariis
1378 1971 1695 2033 corruptum
1721 1962 1853 2019 illud

265 2051 583 2106 vocabulum
616 2051 1003 2123 Hierannapen.
1036 2053 1240 2111 Verum
1282 2056 1346 2112 iis
1378 2054 1534 2113 facile
1577 2058 1856 2125 cedemus,

266 2143 355 2214 qui
380 2144 602 2200 meliora
634 2145 1024 2215 suggesserim.

337 2238 597 2309 Superest
628 2240 810 2295 ultima
840 2240 1014 2296 insula
1037 2256 1067 2296 a
1094 2241 1431 2299 Tertulliano
1461 2244 1732 2300 nominata
1765 2244 1858 2311 Co,

268 2335 356 2390 vel
381 2334 508 2397 ϐΙιο,
539 2344 598 2390 ut
627 2336 678 2391 in
720 2336 926 2392 nostris
954 2337 1233 2393 codicibus
1254 2382 1268 2406 ,
1306 2353 1369 2394 ac
1389 2339 1499 2410 jam
1530 2340 1694 2395 citato
1724 2340 1865 2395 libro

267 2616 461 2672 melius
503 2619 876 2688 corrigendum
905 2631 1148 2677 autumat
1189 2622 1337 2689 Coo;
1379 2623 1503 2694 quia
1549 2622 1601 2677 in
1643 2620 1866 2679 Eusebii

269 2705 535 2765 Chronico
567 2711 829 2783 legimus:
859 2714 1102 2770 ininsula
1129 2714 1231 2769 Coo
1269 2723 1420 2769 terrae
1455 2722 1600 2768 motu
1641 2715 1869 2786 plurima

270 2802 595 2857 conciderunt
642 2804 871 2877 (Cltron.
925 2804 1137 2872 Euseb,
1167 2807 1255 2862 ad.
1303 2807 1371 2862 '58
1422 2823 1545 2861 ann.
1593 2804 1863 2879 August.).

270 2892 387 2948 Non
421 2896 638 2951 omnino
667 2896 887 2955 forsitan
927 2898 1102 2965 male;
1133 2915 1255 2954 nam
1288 2898 1482 2955 Strabo
1525 2898 1866 2956 mentionem

271 2987 399 3043 facit
427 2989 612 3047 insula:
639 3000 748 3055 Κῶς
775 2992 1002 3068 (Strab.,
1032 2996 1120 3051 lib.
1161 2994 1206 3051 ll
1238 2994 1448 3071 Geogr.,
1479 3014 1601 3069 pag.
1653 2995 1781 3068 124,
1806 3002 1861 3055 et

276 3078 364 3134 lib.
397 3078 465 3150 Χ,
491 3099 612 3155 pag.
654 3083 779 3156 489)
802 3129 816 3151 ,
862 3087 1001 3141 sicut
1040 3095 1094 3142 et
1131 3087 1240 3143 alii.
1274 3086 1472 3144 Verum
1516 3090 1738 3160 quidam
1771 3106 1869 3146 nos

274 3182 599 3231 monuerunt
627 3177 679 3233 in
719 3178 1007 3235 Eusebiani
1030 3177 1279 3236 Chronici
1311 3190 1457 3236 textu
1489 3184 1745 3253 scriptum
1770 3227 1783 3251 ,
1815 3184 1868 3238 in

1962 578 2127 625 tatqu
2161 572 2403 627 caussam
2432 588 2542 626 non
2577 570 2762 640 fuisse,
2799 583 2956 645 teque
2988 577 3108 631 aliis
3137 577 3312 634 adhuc
3336 580 3555 650 probari

1960 678 2065 720 non
2101 665 2309 722 taedeat.
2375 666 2551 739 Pergit
2590 678 2767 724 autem
2803 670 2919 734 ille,
2964 681 3019 726 et
3040 671 3113 726 ait
3143 690 3155 727 :
3193 671 3338 728 Mare
3373 674 3555 731 Corin-

1961 760 2124 814 thium
2150 770 2296 815 teme
2324 771 2489 816 motus
2534 760 2682 815 ebibit
2736 758 3088 835 (Ter-tullium,
3132 765 3221 820 lib.
3277 766 3340 821 de
3388 766 3556 837 Pall.,

1962 868 2076 923 cap.
2120 852 2154 906 2
2186 852 2222 924 );
2256 860 2310 907 et
2354 853 2407 908 in
2462 852 2604 909 libro
2633 852 2701 908 ad
2728 852 3016 911 Nationes:
3045 856 3221 912 Terra:
3249 868 3389 913 motu
3416 877 3558 916 utare

1962 944 2279 1002 Corinthium
2321 958 2549 1019 ereptum
2578 960 2672 1004 est.
2702 948 2999 1019 Opinantur
3042 951 3286 1007 nonnulli
3325 966 3447 1010 eum
3479 953 3555 1010 ibi

1963 1038 2212 1094 allusisse
2243 1039 2311 1094 ad
2342 1041 2549 1095 urbium
2579 1042 2754 1097 Elices
2781 1052 2835 1097 et
2867 1042 3026 1098 Bura:
3052 1045 3261 1100 ruinam
3285 1088 3300 1113 ,
3331 1045 3398 1102 de
3434 1048 3575 1117 qui-'

1962 1132 2061 1189 bus
2085 1148 2299 1189 rursum
2333 1134 2537 1189 Plinius
2566 1154 2577 1190 :
2611 1134 2813 1190 Ponltts
2838 1135 3043 1190 abstulit
3076 1136 3270 1192 Elicem
3290 1149 3345 1193 et
3368 1138 3563 1195 Buram

1964 1225 2018 1279 in
2065 1226 2181 1280 sinu
2230 1226 2517 1289 Corinthio.
2560 1244 2776 1298 quarunt
2804 1228 2856 1283 in
2901 1229 3005 1283 alto
3050 1230 3261 1301 vestigia
3310 1211 3563 1301 apparent

1969 1315 2159 1387 (Plin.,
2200 1318 2308 1373 ‘lib.
2366 1318 2407 1373 ΙΙ
2449 1317 2641 1383 Natat.
2682 1318 2860 1384 Hist.,
2924 1336 3042 1389 cap.
3095 1319 3185 1385 92,
3234 1337 3355 1392 pag.
3404 1321 3564 1393 259)a

1966 1410 2126 1466 Plura
2167 1411 2212 1466 si
2256 1410 2412 1479 velis,
2452 1412 2676 1468 consule
2724 1412 3045 1468 Strabonem
3095 1411 3337 1483 (Strab.,
3395 1414 3485 1468 lib.
3542 1413 3565 1469 ἰ

1968 1501 2178 1575 Geogr.,
2228 1520 2352 1575 pag.
2405 1504 2522 1575 59),
2581 1503 2898 1559 Pausaniam
2947 1504 3205 1573 (Pausan.
3242 1547 3257 1573 ,
3310 1505 3399 1563 lib.
3447 1504 3564 1574 VII,

1967 1613 2088 1667 pag.
2118 1596 2225 1651 212
2251 1607 2298 1649 et
2342 1594 2510 1666 251),
2554 1596 2813 1651 Senecam
2858 1596 3092 1670 (Senec.,
3141 1597 3231 1651 lib.
3261 1595 3329 1651 Vl
3370 1595 3563 1654 Natur.

1972 1687 2189 1754 Quium,
2220 1702 2335 1758 cap.
2359 1687 2450 1752 23,
2480 1704 2602 1760 pag.
2635 1686 2785 1760 895'),
2811 1702 2873 1743 ac
2901 1688 3079 1747 missis
3121 1687 3261 1757 aliis,
3293 1686 3565 1756 Ovidium,

1971 1783 2056 1854 qui
2084 1782 2310 1839 canebat
2340 1800 2352 1836 :

2120 1897 2178 1961 Si
2197 1909 2386 1961 quaeras
2407 1895 2633 1947 Helicem
2654 1905 2704 1948 ct
2721 1896 2919 1961 Buram.
2944 1880 3192 1948 Achaidas
3210 1899 3380 1958 urbes,

2124 1959 2358 2023 invenies
2381 1961 2473 2010 sub
2496 1962 2661 2023 aquis;
2691 1967 2743 2010 et
2775 1960 2935 2011 adhuc
2958 1960 3227 2011 ostendere
3253 1968 3413 2012 nautas

2124 2021 2361 2074 Inclinata
2383 2021 2551 2073 solent
2569 2037 2679 2072 cum
2700 2025 2947 2075 moenibus
2966 2025 3143 2088 Oppida
3165 2026 3385 2075 summis.

2351 2103 2513 2169 (Ovid.
2541 2107 2865 2172 Metamorplt.
2892 2104 2977 2159 lib.
2997 2116 3092 2171 xv,
3119 2121 3162 2159 υ.
3188 2108 3302 2170 295,
3329 2109 3447 2172 etc.)

1969 2212 2038 2267 At
2065 2212 2223 2283 paulo
2260 2221 2417 2269 antea
2446 2213 2537 2270 ille
2566 2229 2673 2269 non
2702 2216 2918 2286 quidem
2946 2215 3016 2272 de
3056 2216 3278 2272 urbibus
3298 2256 3314 2282 ,
3354 2213 3449 2271 sed
3495 2216 3565 2272 de

1970 2305 2128 2360 terris
2153 2347 2168 2373 ,
2207 2321 2341 2377 quas
2390 2306 2596 2362 Auctor
2628 2316 2812 2364 noster
2852 2308 3187 2375 nominavit,
3236 2307 3400 2364 hosce
3444 2307 3568 2365 iecit

268 2428 440 2497 primo
464 2427 531 2482 ad
561 2426 839 2495 Nationes,
871 2436 965 2485 aut
994 2429 1126 2484 Coro
1147 2471 1161 2495 ,
1196 2402 1360 2486 veluti
1389 2402 1450 2486 in
1481 2431 1718 2502 antiquis
1747 2429 1863 2487 edi-
1924 2402 2207 2502 '."e"f,','?,‘

178 2602 185 2607 θ
268 2522 524 2590 tionibus,
553 2526 638 2580 vel
664 2526 825 2595 Coon,
852 2528 991 2584 sicut
1030 2529 1082 2584 in
1108 2528 1341 2585 editione
1368 2528 1608 2585 lleraldi.
1639 2530 1707 2584 At
1754 2528 1859 2584 Pa-

2062 2488 2175 2555 Yidi
2201 2502 2317 2555 ego,
2340 2491 2471 2554 quod
2490 2489 2658 2555 fuerat
2680 2492 2922 2555 quondam
2946 2490 3235 2543 solidissima
3258 2492 3408 2545 tellus
3429 2532 3445 2555 ,

2064 2551 2187 2618 Esse
2202 2550 2401 2618 ﬁctum,
2430 2553 2523 2618 vidi
2550 2550 2786 2618 lactasiex
2816 2568 3021 2618 aequore
3041 2563 3224 2618 terras;

2063 2614 2125 2679 Et
2151 2616 2315 2677 procul
2337 2628 2365 2664 a
2389 2614 2566 2679 pelago
2588 2617 2790 2667 conchae
2807 2614 3014 2678 iacuere
3040 2614 3260 2677 marinae,

2064 2676 2126 2728 Et
2150 2676 2293 2729 vetus
2315 2676 2522 2729 inventa
2537 2687 2615 2731 est
2637 2680 2688 2730 in
2711 2676 2957 2730 montibus
2974 2680 3185 2731 anchora
3199 2676 3420 2734 summis.
3527 2700 3535 2707 ⁸

1972 2783 2183 2840 Videsie
2225 2799 2344 2856 qua:
2389 2788 2442 2841 in
2488 2780 2775 2858 superiore
2823 2787 3204 2844 dissertatione
3249 2804 3277 2843 a
3318 2789 3474 2846 nobis
3517 2790 3572 2847 in‘

1972 2878 2269 2933 Arnobium
2300 2888 2550 2934 annotata
2579 2889 2703 2935 sunt
2731 2861 3026 2952 (Dissertat.
3049 2882 3104 2936 in
3125 2882 3340 2950 Arnob,
3371 2900 3487 2955 cap.
3518 2884 3575 2952 6,

1973 2980 2075 3026 art.
2117 2972 2195 3043 ὃ).
2238 2970 2347 3029 Sed
2392 2982 2583 3044 arguet
2617 2974 2813 3044 aliquis
2844 2975 2961 3031 haec
2989 2975 3055 3030 ad
3089 2976 3402 3033 Tertulliani
3452 2986 3581 3047 pro-

1974 3064 2206 3133 positum
2239 3078 2343 3119 non
2374 3064 2645 3128 sufﬁcere,
2678 3067 2777 3120 nisi
2811 3067 3022 3122 ratione
3052 3067 3225 3138 aliqua
3266 3066 3580 3124 OStendatur

1975 3168 2128 3212 mare
2155 3155 2515 3221 Corinthium,
2546 3159 2687 3213 sicut
2714 3158 2805 3213 ille
2827 3160 2923 3225 ait,
2949 3167 3097 3214 motu
3129 3168 3288 3215 terra:
3310 3169 3578 3231 ereptum,

277 3265 467 3338 Cypro,
492 3269 652 3340 idque
677 3270 896 3329 Seneca:
924 3275 1229 3330 tesumonio
1255 3275 1577 3332 confirmare
1602 3248 1868 3333 nituntur.
1898 3281 1945 3344 ε
1977 3258 2033 3303 θί
2057 3259 2314 3344 γθβίηυπδ
2341 3248 2427 3344 ΑΜ
2474 3250 2598 3306 huic
2646 3251 2805 3322 plene
2843 3251 3141 3307 satismic‘
3181 3252 3291 3322 iam
3325 3254 3517 3308 Citatus
3546 3266 3579 3307 ³

276 3361 518 3433 Denique
536 3364 751 3435 quidam
774 3369 1025 3437 suspicati
1046 3367 1568 3426 suntTertullianum
1588 3370 1873 3442 scripsisse

279 3456 400 3524 Cea,
429 3457 672 3528 hancque
701 3459 1133 3517 emendationem
1154 3464 1365 3533 probari
1392 3477 1550 3534 posse
1574 3472 1764 3536 putant
1793 3465 1876 3520 his

277 3550 439 3609 Plinii
492 3553 689 3621 verbis,
731 3570 795 3609 ea:
840 3554 1008 3609 insula
1047 3554 1148 3611 Cea
1197 3558 1418 3629 amplius
1457 3558 1663 3631 triginta
1714 3559 1879 3615 millia

282 3636 525 3720 passuum
550 3648 766 3721 abrupta
793 3652 955 3706 subito
977 3668 1089 3707 cum
1116 3652 1350 3724 plurimis
1375 3654 1670 3709 ntortalium
1705 3654 1879 3725 rapuit

288 3734 479 3813 (Plin.,
503 3742 592 3797 lib.
622 3740 664 3797 ll
693 3741 884 3797 Natur.
914 3743 1072 3811 llist.,
1101 3761 1216 3815 cap.
1246 3744 1336 3814 9i,
1366 3764 1485 3819 pag.
1511 3746 1660 3819 9.39).
1687 3744 1878 3803 Nonne

285 3846 464 3891 autem
503 3835 626 3892 huic
647 3837 970 3907 conjectura:
1012 3838 1221 3895 roboris
1248 3839 1447 3912 aliquid
1488 3840 1610 3897 inde
1636 3842 1879 3906 accedet,

287 3929 429 3999 quod
470 3939 653 4000 postea
699 3930 838 3986 idem
870 3931 1072 3987 Plinius
1112 3932 1359 3989 observat
1388 3933 1523 4003 Cos,
1553 3950 1582 4001 ξι
1622 3934 1884 4008 Staphylo

290 4016 454 4080 Ceam
491 4024 744 4096 appellari
785 4022 971 4099 (Ibid,
1017 4024 1104 4080 lib.
1142 4025 1204 4095 V,
1244 4044 1358 4099 cap.
1410 4026 1636 4099 9)?Sed
1683 4031 1884 4086 certius

290 4121 476 4192 procul
503 4121 666 4177 dubio
701 4120 751 4176 id
790 4122 1110 4190 stabilietur,
1143 4123 1186 4178 si
1223 4123 1436 4194 probari
1466 4124 1639 4196 possit
1671 4123 1886 4181 Tertul-

291 4213 492 4271 lianum
519 4216 586 4270 ad
618 4215 774 4272 Plinii
801 4219 1101 4289 respexisse
1129 4218 1312 4274 libros.

364 4306 435 4365 At
471 4319 619 4364 certe
661 4308 730 4364 ad
767 4324 890 4365 eum
930 4311 1248 4366 colliueasse
1296 4309 1509 4366 videtur
1547 4326 1670 4367 cum
1701 4308 1839 4368 dixit
1870 4328 1883 4367 :

294 4397 548 4456 Memorat
611 4400 765 4457 Plato
819 4405 1066 4474 majorem
1122 4404 1258 4459 Asilo
1322 4405 1400 4459 vel
1455 4403 1646 4475 Africa:
1700 4412 1891 4460 terram

294 4484 548 4549 Atlantico
570 4495 699 4549 mari
713 4506 935 4568 ereptam
962 4493 1314 4567 (Tertullian.,
1334 4496 1626 4568 Apologet.,
1655 4514 1770 4567 cap.
1794 4496 1887 4565 40,

296 4603 416 4658 pag.
447 4587 599 4660 481).
632 4588 697 4644 Et
724 4589 830 4645 alio
853 4603 1037 4644 rursus
1062 4589 1264 4644 iulihro
1282 4605 1300 4642 :
1328 4586 1478 4643 Plato
1507 4598 1748 4643 memorat
1776 4604 1889 4642 ma-

1980 3343 2136 3399 nobis
2183 3352 2299 3413 post
2330 3342 2589 3400 Senecam
2631 3344 3022 3409 Callisthenes,
3055 3345 3146 3416 qui
3202 3345 3364 3401 docet
3413 3344 3576 3401 urbes

1982 3446 2263 3510 terrasque
2290 3439 2359 3495 ab
2388 3438 2783 3495 exundantibus
2823 3441 2976 3511 aquis
3007 3451 3168 3511 posse
3203 3439 3359 3496 facile
3383 3440 3576 3496 absor-

1982 3531 2117 3598 beri,
2140 3542 2263 3586 eum
2282 3531 2501 3602 spiritus
2540 3547 2638 3602 per
2663 3533 2870 3587 occulta
2900 3532 3161 3588 foramina
3194 3532 3435 3605 illapsus,
3470 3538 3583 3588 ter-

1984 3638 2099 3679 ram
2127 3624 2365 3679 concutit
2392 3623 2625 3697 (Senec.,
2646 3625 2736 3679 lib.
2773 3625 2834 3681 Vl
2863 3636 3035 3680 natur.
3079 3626 3301 3695 Quwst.,
3340 3644 3455 3698 cap.
3486 3627 3576 3694 85,

1986 3732 2104 3788 pag.
2137 3715 2285 3788 895).
2317 3715 2453 3771 Tum
2483 3716 2682 3773 ctenim
2724 3718 2784 3773 iit
2831 3717 3036 3783 hiatus,
3074 3734 3180 3790 quo
3214 3721 3393 3776 omnia
3422 3720 3584 3775 absu-

1986 3820 2222 3866 muntur.
2279 3811 2615 3882 Quapropter
2665 3811 2805 3866 idem
2874 3813 3076 3869 Seneca
3134 3830 3320 3877 rursus
3383 3816 3520 3871 dixit
3566 3832 3582 3869 :

1999 3901 2153 3958 Vasta
2179 3906 2442 3959 concussio
2472 3904 2603 3958 duas
2627 3905 2908 3975 suppressit
2935 3905 3082 3959 urbes
3121 3903 3354 3961 Helicem
3393 3916 3441 3961 et
3469 3902 3578 3961 Bu-

1987 3996 2105 4049 rim.
2156 3996 2227 4049 At
2274 3994 2430 4051 Buris
2457 4006 2513 4051 et
2542 3995 2724 4051 llelice
2772 3994 2950 4051 isthnti
2998 3997 3458 4068 Peloponnesiaci,
3487 4012 3586 4055 seu

1988 4087 2277 4154 Corinthii,
2310 4089 2470 4144 urbes
2513 4099 2686 4155 erant,
2717 4106 2837 4160 qua:
2863 4091 3015 4162 aquis
3046 4092 3211 4163 mergi
3250 4108 3353 4146 non
3399 4102 3586 4163 potue-

1990 4191 2137 4250 runt,
2166 4183 2295 4253 quin
2324 4182 2486 4237 simili
2531 4196 2664 4238 casu
2713 4197 2861 4238 mare
2892 4181 3228 4238 Corinthium
3272 4184 3587 4256 absorptum

1992 4275 2172 4331 fuerit.
2220 4274 2336 4330 Non
2366 4284 2536 4331 totum
2564 4283 2741 4331 tamen
2787 4275 3097 4347 absorptum
3120 4284 3234 4342 est,
3263 4276 3358 4334 sed
3387 4276 3586 4350 duplex

1992 4367 2169 4425 effecit
2199 4385 2346 4425 mare
2364 4369 2435 4425 de
2463 4384 2569 4439 quo
2596 4369 2815 4425 Ovidius
2842 4388 2853 4423 :

2089 4486 2281 4549 Quique
2307 4486 2454 4535 maris
2476 4485 2662 4549 gemini
2686 4484 2892 4534 distinct
2918 4486 3122 4543 isthmos
3146 4498 3314 4548 aquas.

2775 4565 2941 4631 (oua.
2967 4565 3107 4633 epist.
3133 4567 3205 4629 ιε,
3231 4578 3273 4619 υ.
3304 4566 3436 4631 tut.)

292 4681 459 4750 jorem
496 4682 669 4737 Asiam
714 4691 805 4736 aut
840 4680 1071 4755 Africam
1114 4683 1168 4737 in
1208 4682 1461 4737 Atlantico
1498 4683 1632 4737 mari
1672 4698 1889 4737 mersam
1916 4687 1971 4747 1)
1998 4680 2067 4737 Et
2092 4678 2339 4735 Lucanus
2372 4696 2385 4734 :

302 4771 412 4843 (lib.
446 4774 555 4829 lad
576 4774 789 4831 Nation.
810 4817 823 4842 ,
861 4793 974 4847 cap.
1003 4775 1055 4840 9,
1093 4792 1215 4848 pag.
1237 4774 1387 4849 57f).
1420 4775 1690 4846 Scriptum
1722 4775 1893 4847 siqui~

303 4864 425 4921 dem
457 4868 525 4922 ab
551 4870 739 4924 eodem
769 4869 943 4925 Plinio
977 4869 1209 4925 vidimus
1235 4885 1253 4924 :
1279 4867 1345 4924 In
1374 4877 1531 4925 totum
1557 4867 1766 4924 abstulit
1787 4881 1892 4925 ter-

304 4976 408 5027 ras,
443 4962 662 5033 primum
685 4969 930 5031 omnium,
963 4964 1046 5020 ubi
1076 4965 1389 5020 Atlanticum
1412 4972 1549 5019 mare
1574 4970 1666 5032 est,
1692 4965 1736 5019 si
1766 4963 1897 5018 Pla-

308 5057 411 5110 loni
457 5057 739 5123 credimus,
789 5059 1032 5113 immenso
1086 5060 1252 5130 spatio
1293 5056 1487 5130 (Plin.,
1531 5058 1618 5113 lib.
1657 5046 1705 5113 ΙῘ
1756 5056 1893 5111 Hist.

306 5150 505 5221 natur.,
534 5169 654 5222 cap.
688 5150 778 5217 90,
809 5170 927 5224 pag.
957 5151 1108 5219 258).
1138 5149 1343 5209 Citatus
1382 5167 1543 5223 porro
1572 5151 1641 5205 ab
1671 5160 1900 5222 utroque

305 5240 546 5301 Platonis
568 5247 715 5300 locus
743 5246 794 5300 in
821 5246 938 5315 eius
963 5244 1164 5300 Timaeo
1185 5244 1464 5301 invenitur
1486 5241 1711 5315 (Plato.,
1735 5241 1893 5313 Tim.,

310 5346 430 5393 tom.
465 5337 552 5403 Ill,
571 5357 690 5411 pag.
723 5337 843 5411 25),
872 5339 1318 5412 quemadmodum
1342 5338 1467 5395 alibi
1495 5338 1904 5395 observavimus

314 5429 607 5504 (Dissertat.
645 5435 697 5488 in
738 5434 955 5500 Arnob,
989 5451 1103 5505 cap.
1147 5432 1214 5498 6,
1252 5441 1351 5488 art.
1386 5432 1463 5500 5).
1488 5432 1753 5488 Czetcrum
1798 5430 1899 5486 clsi

311 5518 670 5583 Tertullianus
701 5525 830 5584 nihil
865 5542 1098 5600 unquam
1141 5530 1209 5586 de
1246 5528 1419 5585 Plinio
1456 5530 1572 5586 lucc
1601 5528 1892 5585 scribendo

314 5622 632 5687 cogitasset,
659 5638 763 5679 non
792 5623 967 5678 minus
993 5632 1168 5680 tamen
1200 5622 1324 5680 inde
1344 5621 1714 5693 conﬁrmatur,
1757 5614 1900 5694 quod

315 5706 404 5792 ille
429 5712 554 5768 alibi
582 5716 755 5772 adhuc
779 5719 972 5789 repetit
999 5716 1053 5771 in
1082 5715 1350 5774 Atlantico
1376 5719 1509 5774 mari
1546 5717 1665 5776 adu:
1679 5726 1903 5792 quatam

312 5786 535 5871 Libyam
561 5814 651 5859 aut
674 5786 878 5864 ﬁsiani.

382 5891 492 5951 Sed
514 5898 637 5951 eum
665 5898 838 5951 adhuc
878 5914 1184 5973 sequamur,
1212 5896 1316 5961 nisi
1360 5906 1442 5960 tot
1469 5892 1737 5975 exemplis
1777 5890 1910 5961 satis

2098 4811 2111 4824 .
2212 4810 2225 4825 .
2325 4809 2338 4823 .
2440 4810 2451 4821 .
2555 4808 2567 4820 .
2665 4767 2887 4830 Qualiter
2911 4769 3066 4821 undas

2093 4836 2184 4897 Qui
2208 4842 2361 4895 secat,
2390 4838 2444 4885 et
2478 4834 2727 4895 geminum
2753 4834 2966 4895 graciles
2989 4845 3123 4882 mare
3150 4834 3346 4897 separat
3365 4829 3588 4894 isthmos,

2092 4893 2199 4964 ﬁet;
2220 4893 2401 4964 patitu_r
2424 4893 2647 4964 conferre
2671 4893 2871 4954 fretum,
2891 4898 2934 4946 si
2955 4902 3090 4946 terra
3122 4893 3326 4945 recedat

2092 4958 2312 5013 Ionicum
2337 4958 2505 5023 lling
2528 4958 2900 5022 fraugetmarc.
2970 4995 2982 5007 .
3053 4993 3064 5006 .
3133 4991 3146 5005 .
3218 4990 3231 5003 .

2810 5043 3018 5105 (Lucan.
3035 5036 3118 5092 lib.
3145 5047 3197 5100 ιι,
3223 5054 3265 5091 υ.
3285 5038 3390 5105 99.)

2075 5153 2336 5208 Omnibus
2357 5167 2517 5223 porro
2539 5167 2601 5208 ea
2620 5150 2834 5222 cognitu
2861 5150 3014 5221 longe
3043 5148 3276 5228 faciliora
3302 5159 3446 5216 sunt,
3471 5165 3592 5222 qua:

2007 5244 2365 5301 Tcrtullianus
2395 5245 2708 5315 subjunxit:
2748 5242 2835 5298 Vis
2864 5243 3120 5297 undarum
3164 5241 3448 5297 Lucaniam
3488 5242 3605 5298 Ita-

2009 5338 2094 5393 lia:
2119 5339 2417 5403 abscissam,
2468 5339 2523 5393 in
2553 5337 2752 5393 Sicilia:
2778 5353 2959 5391 nomen
2998 5336 3236 5407 relegavit
3268 5334 3603 5408 (Tertullian.

2010 5431 2279 5504 Apologet.
2311 5449 2427 5503 cap.
2462 5431 2551 5496 40,
2582 5448 2703 5504 pag.
2733 5430 2886 5502 481).
2909 5430 3073 5484 Paulo
3098 5440 3276 5484 autem
3308 5429 3476 5485 iusius
3499 5429 3607 5485 alio

2012 5525 2066 5581 in
2112 5527 2289 5583 libro:
2322 5523 2492 5579 Italia:
2519 5524 2773 5594 quondam
2825 5523 2978 5588 latus,
3028 5522 3195 5577 Adria
3241 5521 3604 5593 Tyrrhenoque

2013 5624 2383 5696 quassantibus,
2420 5621 2732 5675 mediotenus
2778 5620 3129 5691 interceptum,
3192 5618 3434 5688 reliquias
3474 5616 3613 5672 Sici-

2012 5718 2134 5773 liam
2162 5717 2304 5789 facit,
2353 5732 2469 5770 cum
2508 5724 2613 5769 tota
2659 5713 2753 5768 illa
2798 5711 2951 5785 plaga
3012 5710 3225 5766 discidii
3270 5711 3614 5765 contentiosos

2013 5824 2276 5880 cequornm
2324 5808 2482 5863 coitus
2511 5807 2738 5879 angustis
2782 5816 3100 5876 retorquens,
3132 5818 3316 5858 novum
3350 5801 3457 5856 uitii
3488 5799 3619 5855 mari

2012 5900 2197 5971 induit,
2226 5916 2327 5959 non
2357 5901 2647 5974 exspuentis
2672 5898 2969 5973 naufragia,
2999 5895 3087 5954 sed
3109 5893 3398 5954 devorantis
3420 5891 3615 5964 (Idem,
