  <div class='ocr_page' id='page_1' title='image "/cluster/home/n/w/nwhite01/storage/ocr_20150623/1/hvd.32044015466733/561.png"; bbox 0 0 4076 6356; ppageno 0'>
   <div class='ocr_carea' id='block_1_1' title="bbox 508 333 646 399">
    <p class='ocr_par' dir='ltr' id='par_1_1' title="bbox 508 333 646 399">
     <span class='ocr_line' id='line_1_1' title="bbox 508 333 646 399; baseline -0.007 0"><span class='ocrx_word' id='word_1_1' title='bbox 508 333 646 399; x_wconf 65' lang='grc'><strong>1091</strong></span> 
     </span>
    </p>
   </div>
   <div class='ocr_carea' id='block_1_2' title="bbox 1593 329 2734 392">
    <p class='ocr_par' dir='ltr' id='par_1_2' title="bbox 1593 329 2734 392">
     <span class='ocr_line' id='line_1_2' title="bbox 1593 329 2734 392; baseline -0.003 -2"><span class='ocrx_word' id='word_1_2' title='bbox 1593 334 1658 391; x_wconf 69' lang='grc' dir='ltr'><strong>ΙΝ</strong></span> <span class='ocrx_word' id='word_1_3' title='bbox 1700 331 2164 392; x_wconf 61' lang='grc' dir='ltr'>τΕιιΤυιιιιΑΝι</span> <span class='ocrx_word' id='word_1_4' title='bbox 2202 329 2734 391; x_wconf 78' lang='lat' dir='ltr'><strong>APOLOGETICUM</strong></span> 
     </span>
    </p>
   </div>
   <div class='ocr_carea' id='block_1_3' title="bbox 3666 319 3806 380">
    <p class='ocr_par' dir='ltr' id='par_1_3' title="bbox 3666 319 3806 380">
     <span class='ocr_line' id='line_1_3' title="bbox 3666 319 3806 380; baseline -0.036 0"><span class='ocrx_word' id='word_1_5' title='bbox 3666 319 3806 380; x_wconf 63' lang='lat'><strong>1072</strong></span> 
     </span>
    </p>
   </div>
   <div class='ocr_carea' id='block_1_4' title="bbox 505 439 3807 535">
    <p class='ocr_par' dir='ltr' id='par_1_4' title="bbox 505 439 3807 535">
     <span class='ocr_line' id='line_1_4' title="bbox 505 439 3807 535; baseline -0.006 -21"><span class='ocrx_word' id='word_1_6' title='bbox 505 457 596 514; x_wconf 89' lang='lat' dir='ltr'><strong>lib.</strong></span> <span class='ocrx_word' id='word_1_7' title='bbox 625 458 689 513; x_wconf 86' lang='lat' dir='ltr'><strong>de</strong></span> <span class='ocrx_word' id='word_1_8' title='bbox 720 454 885 535; x_wconf 18' lang='lat' dir='ltr'><strong>,Pall.</strong></span> <span class='ocrx_word' id='word_1_9' title='bbox 942 466 1061 525; x_wconf 88' lang='lat' dir='ltr'><strong>cap.</strong></span> <span class='ocrx_word' id='word_1_10' title='bbox 1099 446 1179 524; x_wconf 72' lang='grc'><strong>2).</strong></span> <span class='ocrx_word' id='word_1_11' title='bbox 1220 450 1352 521; x_wconf 66' lang='lat' dir='ltr'><strong>Quae</strong></span> <span class='ocrx_word' id='word_1_12' title='bbox 1393 449 1608 524; x_wconf 85' lang='lat' dir='ltr'><strong>quidem</strong></span> <span class='ocrx_word' id='word_1_13' title='bbox 1656 468 1687 508; x_wconf 87' lang='lat' dir='ltr'><strong>a</strong></span> <span class='ocrx_word' id='word_1_14' title='bbox 1739 451 2104 524; x_wconf 84' lang='lat' dir='ltr'><strong>compluribus</strong></span> <span class='ocrx_word' id='word_1_15' title='bbox 2130 452 2185 512; x_wconf 81' lang='grc' dir='ltr'><strong>Α</strong></span> <span class='ocrx_word' id='word_1_16' title='bbox 2278 450 2509 506; x_wconf 70' lang='lat' dir='ltr'><strong>excitatae</strong></span> <span class='ocrx_word' id='word_1_17' title='bbox 2549 459 2667 506; x_wconf 88' lang='lat' dir='ltr'><strong>sunt</strong></span> <span class='ocrx_word' id='word_1_18' title='bbox 2703 449 2822 520; x_wconf 89' lang='lat' dir='ltr'><strong>igne</strong></span> <span class='ocrx_word' id='word_1_19' title='bbox 2861 445 3070 516; x_wconf 71' lang='lat' dir='ltr'><strong>caelesti,</strong></span> <span class='ocrx_word' id='word_1_20' title='bbox 3117 453 3166 502; x_wconf 88' lang='lat' dir='ltr'><strong>et</strong></span> <span class='ocrx_word' id='word_1_21' title='bbox 3201 443 3467 500; x_wconf 87' lang='lat' dir='ltr'><strong>hominum</strong></span> <span class='ocrx_word' id='word_1_22' title='bbox 3508 439 3670 498; x_wconf 85' lang='lat' dir='ltr'><strong>armis</strong></span> <span class='ocrx_word' id='word_1_23' title='bbox 3700 458 3721 497; x_wconf 89' lang='lat'><strong><em>:</em></strong></span> <span class='ocrx_word' id='word_1_24' title='bbox 3745 441 3807 494; x_wconf 88' lang='lat' dir='ltr'><strong>de</strong></span> 
     </span>
    </p>
   </div>
   <div class='ocr_carea' id='block_1_5' title="bbox 507 544 2104 623">
    <p class='ocr_par' dir='ltr' id='par_1_5' title="bbox 507 544 2104 623">
     <span class='ocr_line' id='line_1_5' title="bbox 507 544 2104 623; baseline -0.006 -16"><span class='ocrx_word' id='word_1_25' title='bbox 507 549 852 623; x_wconf 72' lang='lat' dir='ltr'><strong>geographis,</strong></span> <span class='ocrx_word' id='word_1_26' title='bbox 896 548 1071 619; x_wconf 90' lang='lat' dir='ltr'><strong>poetis</strong></span> <span class='ocrx_word' id='word_1_27' title='bbox 1112 545 1337 617; x_wconf 83' lang='lat' dir='ltr'><strong>aliisque</strong></span> <span class='ocrx_word' id='word_1_28' title='bbox 1384 546 1660 600; x_wconf 74' lang='lat' dir='ltr'><strong>memoria:</strong></span> <span class='ocrx_word' id='word_1_29' title='bbox 1710 544 1920 615; x_wconf 88' lang='lat' dir='ltr'><strong>prodita</strong></span> <span class='ocrx_word' id='word_1_30' title='bbox 1959 552 2104 599; x_wconf 88' lang='lat' dir='ltr'><strong>sunt.</strong></span> 
     </span>
    </p>
   </div>
   <div class='ocr_carea' id='block_1_6' title="bbox 505 635 2106 708">
    <p class='ocr_par' dir='ltr' id='par_1_6' title="bbox 505 635 2106 708">
     <span class='ocr_line' id='line_1_6' title="bbox 505 635 2106 708; baseline -0.004 -11"><span class='ocrx_word' id='word_1_31' title='bbox 505 640 730 697; x_wconf 82' lang='lat' dir='ltr'><strong>Ovidius</strong></span> <span class='ocrx_word' id='word_1_32' title='bbox 774 647 952 695; x_wconf 89' lang='lat' dir='ltr'><strong>autem</strong></span> <span class='ocrx_word' id='word_1_33' title='bbox 982 636 1196 701; x_wconf 70' lang='lat' dir='ltr'><strong>eodem.</strong></span> <span class='ocrx_word' id='word_1_34' title='bbox 1237 651 1399 708; x_wconf 86' lang='lat' dir='ltr'><strong>quem</strong></span> <span class='ocrx_word' id='word_1_35' title='bbox 1446 636 1609 708; x_wconf 91' lang='lat' dir='ltr'><strong>paulo</strong></span> <span class='ocrx_word' id='word_1_36' title='bbox 1650 649 1777 693; x_wconf 83' lang='lat' dir='ltr'><strong>ante</strong></span> <span class='ocrx_word' id='word_1_37' title='bbox 1802 635 2106 705; x_wconf 87' lang='lat' dir='ltr'><strong>citavimus,</strong></span> 
     </span>
    </p>
   </div>
   <div class='ocr_carea' id='block_1_7' title="bbox 503 728 1757 813">
    <p class='ocr_par' dir='ltr' id='par_1_7' title="bbox 503 728 1757 813">
     <span class='ocr_line' id='line_1_7' title="bbox 503 728 1757 813; baseline -0.002 -25"><span class='ocrx_word' id='word_1_38' title='bbox 503 730 719 813; x_wconf 76' lang='lat' dir='ltr'><strong>locode</strong></span> <span class='ocrx_word' id='word_1_39' title='bbox 741 729 940 787; x_wconf 85' lang='lat' dir='ltr'><strong>Zancle</strong></span> <span class='ocrx_word' id='word_1_40' title='bbox 968 746 1070 786; x_wconf 83' lang='lat' dir='ltr'><strong>una</strong></span> <span class='ocrx_word' id='word_1_41' title='bbox 1096 728 1294 786; x_wconf 66' lang='lat' dir='ltr'><strong>Siciliae</strong></span> <span class='ocrx_word' id='word_1_42' title='bbox 1320 729 1451 786; x_wconf 86' lang='lat' dir='ltr'><strong>urbe</strong></span> <span class='ocrx_word' id='word_1_43' title='bbox 1476 730 1711 785; x_wconf 85' lang='lat' dir='ltr'><strong>cantavit</strong></span> <span class='ocrx_word' id='word_1_44' title='bbox 1742 746 1757 785; x_wconf 90' lang='lat'>:</span> 
     </span>
    </p>
   </div>
   <div class='ocr_carea' id='block_1_8' title="bbox 697 845 1799 911">
    <p class='ocr_par' dir='ltr' id='par_1_8' title="bbox 697 845 1799 911">
     <span class='ocr_line' id='line_1_8' title="bbox 697 845 1799 911; baseline 0.003 -15"><span class='ocrx_word' id='word_1_45' title='bbox 697 883 724 911; x_wconf 35' lang='grc' dir='ltr'><strong>ι</strong></span> <span class='ocrx_word' id='word_1_46' title='bbox 748 909 755 911; x_wconf 81' lang='lat'><strong><em>_</em></strong></span> <span class='ocrx_word' id='word_1_47' title='bbox 796 884 823 911; x_wconf 17' lang='grc' dir='ltr'><strong>ν.</strong></span> <span class='ocrx_word' id='word_1_48' title='bbox 916 884 937 911; x_wconf 16' lang='grc' dir='ltr'><strong>ί.</strong></span> <span class='ocrx_word' id='word_1_49' title='bbox 986 845 1213 911; x_wconf 34' lang='grc' dir='ltr'><strong>νΖωιοΙθ</strong></span> <span class='ocrx_word' id='word_1_50' title='bbox 1236 859 1435 911; x_wconf 90' lang='lat' dir='ltr'><strong>quoque</strong></span> <span class='ocrx_word' id='word_1_51' title='bbox 1453 845 1622 908; x_wconf 83' lang='lat' dir='ltr'><strong>juncta</strong></span> <span class='ocrx_word' id='word_1_52' title='bbox 1645 845 1799 899; x_wconf 86' lang='lat' dir='ltr'><strong>fuisse</strong></span> 
     </span>
    </p>
   </div>
   <div class='ocr_carea' id='block_1_9' title="bbox 694 908 1692 972">
    <p class='ocr_par' dir='ltr' id='par_1_9' title="bbox 694 908 1692 972">
     <span class='ocr_line' id='line_1_9' title="bbox 694 908 1692 972; baseline 0 -12"><span class='ocrx_word' id='word_1_53' title='bbox 694 908 888 972; x_wconf 87' lang='lat' dir='ltr'><strong>Dicitur</strong></span> <span class='ocrx_word' id='word_1_54' title='bbox 911 908 1084 972; x_wconf 44' lang='lat' dir='ltr'><strong>italiae,</strong></span> <span class='ocrx_word' id='word_1_55' title='bbox 1108 908 1271 972; x_wconf 70' lang='lat' dir='ltr'><strong>donec</strong></span> <span class='ocrx_word' id='word_1_56' title='bbox 1283 908 1497 972; x_wconf 76' lang='lat' dir='ltr'><strong>conﬁnia</strong></span> <span class='ocrx_word' id='word_1_57' title='bbox 1515 920 1692 972; x_wconf 82' lang='lat' dir='ltr'><strong>pontus</strong></span> 
     </span>
    </p>
   </div>
   <div class='ocr_carea' id='block_1_10' title="bbox 691 970 1840 1037">
    <p class='ocr_par' dir='ltr' id='par_1_10' title="bbox 691 970 1840 1037">
     <span class='ocr_line' id='line_1_10' title="bbox 691 970 1840 1037; baseline 0 -15"><span class='ocrx_word' id='word_1_58' title='bbox 691 971 928 1034; x_wconf 72' lang='lat' dir='ltr'><strong>Abstulit,</strong></span> <span class='ocrx_word' id='word_1_59' title='bbox 955 980 1008 1024; x_wconf 93' lang='lat' dir='ltr'><strong>et</strong></span> <span class='ocrx_word' id='word_1_60' title='bbox 1022 970 1182 1023; x_wconf 75' lang='lat' dir='ltr'><strong>media</strong></span> <span class='ocrx_word' id='word_1_61' title='bbox 1207 970 1439 1023; x_wconf 89' lang='lat' dir='ltr'><strong>tellurem</strong></span> <span class='ocrx_word' id='word_1_62' title='bbox 1461 970 1679 1037; x_wconf 84' lang='lat' dir='ltr'><strong>reppulit</strong></span> <span class='ocrx_word' id='word_1_63' title='bbox 1694 970 1840 1022; x_wconf 87' lang='lat' dir='ltr'><strong>unda.</strong></span> 
     </span>
    </p>
   </div>
   <div class='ocr_carea' id='block_1_11' title="bbox 1043 1052 1954 1120">
    <p class='ocr_par' dir='ltr' id='par_1_11' title="bbox 1043 1052 1954 1120">
     <span class='ocr_line' id='line_1_11' title="bbox 1043 1052 1954 1120; baseline -0.004 -12"><span class='ocrx_word' id='word_1_64' title='bbox 1043 1053 1227 1119; x_wconf 85' lang='lat' dir='ltr'><strong>(Ovid.,</strong></span> <span class='ocrx_word' id='word_1_65' title='bbox 1253 1052 1336 1107; x_wconf 90' lang='lat' dir='ltr'><strong>lib.</strong></span> <span class='ocrx_word' id='word_1_66' title='bbox 1373 1061 1446 1106; x_wconf 84' lang='lat' dir='ltr'><strong>xv</strong></span> <span class='ocrx_word' id='word_1_67' title='bbox 1479 1057 1791 1106; x_wconf 59' lang='lat' dir='ltr'><strong>Metamarm.</strong></span> <span class='ocrx_word' id='word_1_68' title='bbox 1816 1053 1954 1120; x_wconf 75' lang='lat'><strong>290.)</strong></span> 
     </span>
    </p>
   </div>
   <div class='ocr_carea' id='block_1_12' title="bbox 582 1155 2112 1218">
    <p class='ocr_par' dir='ltr' id='par_1_12' title="bbox 582 1155 2112 1218">
     <span class='ocr_line' id='line_1_12' title="bbox 582 1155 2112 1218; baseline -0.003 -1"><span class='ocrx_word' id='word_1_69' title='bbox 582 1160 854 1218; x_wconf 78' lang='lat' dir='ltr'><strong>Laudatus</strong></span> <span class='ocrx_word' id='word_1_70' title='bbox 877 1159 1038 1217; x_wconf 89' lang='lat' dir='ltr'><strong>etiam</strong></span> <span class='ocrx_word' id='word_1_71' title='bbox 1060 1177 1090 1216; x_wconf 88' lang='lat' dir='ltr'><strong>a</strong></span> <span class='ocrx_word' id='word_1_72' title='bbox 1122 1159 1276 1216; x_wconf 90' lang='lat' dir='ltr'><strong>nobis</strong></span> <span class='ocrx_word' id='word_1_73' title='bbox 1302 1159 1548 1216; x_wconf 85' lang='lat' dir='ltr'><strong>Lucanus</strong></span> <span class='ocrx_word' id='word_1_74' title='bbox 1576 1158 1765 1216; x_wconf 89' lang='lat' dir='ltr'><strong>eadem</strong></span> <span class='ocrx_word' id='word_1_75' title='bbox 1793 1159 1861 1215; x_wconf 90' lang='lat' dir='ltr'><strong>de</strong></span> <span class='ocrx_word' id='word_1_76' title='bbox 1889 1166 2000 1214; x_wconf 87' lang='lat' dir='ltr'><strong>tota</strong></span> <span class='ocrx_word' id='word_1_77' title='bbox 2026 1155 2112 1214; x_wconf 85' lang='lat' dir='ltr'><strong>Si-</strong></span> 
     </span>
    </p>
   </div>
   <div class='ocr_carea' id='block_1_13' title="bbox 511 1251 2111 1327">
    <p class='ocr_par' dir='ltr' id='par_1_13' title="bbox 511 1251 2111 1327">
     <span class='ocr_line' id='line_1_13' title="bbox 511 1251 2111 1327; baseline -0.003 -15"><span class='ocrx_word' id='word_1_78' title='bbox 511 1256 657 1319; x_wconf 84' lang='lat' dir='ltr'><strong>cilia.</strong></span> <span class='ocrx_word' id='word_1_79' title='bbox 682 1271 783 1312; x_wconf 88' lang='lat' dir='ltr'><strong>nec</strong></span> <span class='ocrx_word' id='word_1_80' title='bbox 805 1255 970 1312; x_wconf 82' lang='lat' dir='ltr'><strong>semel</strong></span> <span class='ocrx_word' id='word_1_81' title='bbox 988 1252 1205 1327; x_wconf 86' lang='lat' dir='ltr'><strong>quidem</strong></span> <span class='ocrx_word' id='word_1_82' title='bbox 1233 1253 1428 1311; x_wconf 88' lang='lat' dir='ltr'><strong>cecinit</strong></span> <span class='ocrx_word' id='word_1_83' title='bbox 1455 1252 1676 1327; x_wconf 87' lang='lat' dir='ltr'><strong>(Lucan.</strong></span> <span class='ocrx_word' id='word_1_84' title='bbox 1704 1252 1792 1307; x_wconf 87' lang='lat' dir='ltr'><strong>lib.</strong></span> <span class='ocrx_word' id='word_1_85' title='bbox 1825 1251 1890 1317; x_wconf 87' lang='lat' dir='ltr'><strong>ll,</strong></span> <span class='ocrx_word' id='word_1_86' title='bbox 1912 1267 1960 1306; x_wconf 83' lang='grc' dir='ltr'><strong>υ.</strong></span> <span class='ocrx_word' id='word_1_87' title='bbox 1980 1251 2111 1318; x_wconf 63' lang='grc'><strong>545,</strong></span> 
     </span>
    </p>
   </div>
   <div class='ocr_carea' id='block_1_14' title="bbox 511 1342 2111 1419">
    <p class='ocr_par' dir='ltr' id='par_1_14' title="bbox 511 1342 2111 1419">
     <span class='ocr_line' id='line_1_14' title="bbox 511 1342 2111 1419; baseline -0.004 -14"><span class='ocrx_word' id='word_1_88' title='bbox 511 1359 560 1405; x_wconf 87' lang='lat' dir='ltr'><strong>et</strong></span> <span class='ocrx_word' id='word_1_89' title='bbox 583 1348 673 1404; x_wconf 89' lang='lat' dir='ltr'><strong>lib.</strong></span> <span class='ocrx_word' id='word_1_90' title='bbox 700 1347 786 1416; x_wconf 85' lang='lat' dir='ltr'><strong>ill,</strong></span> <span class='ocrx_word' id='word_1_91' title='bbox 814 1365 862 1404; x_wconf 89' lang='lat' dir='ltr'><strong>v.</strong></span> <span class='ocrx_word' id='word_1_92' title='bbox 885 1347 955 1405; x_wconf 83' lang='lat'><strong>58</strong></span> <span class='ocrx_word' id='word_1_93' title='bbox 986 1358 1029 1403; x_wconf 91' lang='lat' dir='ltr'><strong>et</strong></span> <span class='ocrx_word' id='word_1_94' title='bbox 1052 1346 1240 1419; x_wconf 79' lang='lat' dir='ltr'><strong>seqq),</strong></span> <span class='ocrx_word' id='word_1_95' title='bbox 1273 1345 1722 1418; x_wconf 81' lang='lat' dir='ltr'><strong>quemadmodum</strong></span> <span class='ocrx_word' id='word_1_96' title='bbox 1753 1344 2008 1416; x_wconf 81' lang='lat' dir='ltr'><strong>Virgilius</strong></span> <span class='ocrx_word' id='word_1_97' title='bbox 2028 1342 2111 1399; x_wconf 84' lang='lat' dir='ltr'><strong>his</strong></span> 
     </span>
    </p>
   </div>
   <div class='ocr_carea' id='block_1_15' title="bbox 515 1442 805 1500">
    <p class='ocr_par' dir='ltr' id='par_1_15' title="bbox 515 1442 805 1500">
     <span class='ocr_line' id='line_1_15' title="bbox 515 1442 805 1500; baseline 0.007 -3"><span class='ocrx_word' id='word_1_98' title='bbox 515 1442 761 1500; x_wconf 79' lang='lat' dir='ltr'><strong>versibus</strong></span> <span class='ocrx_word' id='word_1_99' title='bbox 790 1462 805 1499; x_wconf 90' lang='lat'><strong>:</strong></span> 
     </span>
    </p>
   </div>
   <div class='ocr_carea' id='block_1_16' title="bbox 603 1554 1851 1617">
    <p class='ocr_par' dir='ltr' id='par_1_16' title="bbox 603 1554 1851 1617">
     <span class='ocr_line' id='line_1_16' title="bbox 603 1554 1851 1617; baseline -0.003 -9"><span class='ocrx_word' id='word_1_100' title='bbox 603 1556 723 1609; x_wconf 71' lang='lat' dir='ltr'><strong>Haec</strong></span> <span class='ocrx_word' id='word_1_101' title='bbox 745 1556 848 1608; x_wconf 87' lang='lat' dir='ltr'><strong>loca</strong></span> <span class='ocrx_word' id='word_1_102' title='bbox 871 1556 916 1606; x_wconf 82' lang='lat' dir='ltr'><strong>ri</strong></span> <span class='ocrx_word' id='word_1_103' title='bbox 938 1555 1179 1617; x_wconf 88' lang='lat' dir='ltr'><strong>quondam</strong></span> <span class='ocrx_word' id='word_1_104' title='bbox 1203 1564 1258 1608; x_wconf 89' lang='lat' dir='ltr'><strong>et</strong></span> <span class='ocrx_word' id='word_1_105' title='bbox 1288 1561 1423 1608; x_wconf 87' lang='lat' dir='ltr'><strong>vasta</strong></span> <span class='ocrx_word' id='word_1_106' title='bbox 1446 1554 1674 1606; x_wconf 88' lang='lat' dir='ltr'><strong>convulsa</strong></span> <span class='ocrx_word' id='word_1_107' title='bbox 1692 1556 1851 1617; x_wconf 83' lang='lat' dir='ltr'><strong>ruina,</strong></span> 
     </span>
    </p>
   </div>
   <div class='ocr_carea' id='block_1_17' title="bbox 607 1619 1839 1683">
    <p class='ocr_par' dir='ltr' id='par_1_17' title="bbox 607 1619 1839 1683">
     <span class='ocr_line' id='line_1_17' title="bbox 607 1619 1839 1683; baseline -0.002 -14"><span class='ocrx_word' id='word_1_108' title='bbox 607 1620 817 1683; x_wconf 71' lang='lat' dir='ltr'><strong>Tantum</strong></span> <span class='ocrx_word' id='word_1_109' title='bbox 839 1621 936 1683; x_wconf 66' lang='lat' dir='ltr'><strong>aevi</strong></span> <span class='ocrx_word' id='word_1_110' title='bbox 951 1619 1212 1683; x_wconf 80' lang='lat' dir='ltr'><strong>longinqua</strong></span> <span class='ocrx_word' id='word_1_111' title='bbox 1233 1619 1364 1671; x_wconf 86' lang='lat' dir='ltr'><strong>valet</strong></span> <span class='ocrx_word' id='word_1_112' title='bbox 1385 1627 1578 1669; x_wconf 86' lang='lat' dir='ltr'><strong>mutare</strong></span> <span class='ocrx_word' id='word_1_113' title='bbox 1603 1624 1839 1683; x_wconf 71' lang='lat' dir='ltr'><strong>vetustas.</strong></span> 
     </span>
    </p>
   </div>
   <div class='ocr_carea' id='block_1_18' title="bbox 606 1679 1863 1745">
    <p class='ocr_par' dir='ltr' id='par_1_18' title="bbox 606 1679 1863 1745">
     <span class='ocr_line' id='line_1_18' title="bbox 606 1679 1863 1745; baseline -0.001 -14"><span class='ocrx_word' id='word_1_114' title='bbox 606 1681 889 1745; x_wconf 76' lang='lat' dir='ltr'><strong>Dissiluisse</strong></span> <span class='ocrx_word' id='word_1_115' title='bbox 915 1679 1095 1739; x_wconf 76' lang='lat' dir='ltr'><strong>lerunt.</strong></span> <span class='ocrx_word' id='word_1_116' title='bbox 1116 1679 1226 1745; x_wconf 71' lang='lat' dir='ltr'><strong>etim</strong></span> <span class='ocrx_word' id='word_1_117' title='bbox 1246 1683 1465 1745; x_wconf 79' lang='lat' dir='ltr'><strong>protinus</strong></span> <span class='ocrx_word' id='word_1_118' title='bbox 1487 1679 1863 1745; x_wconf 81' lang='lat' dir='ltr'><strong>utraquetellus</strong></span> 
     </span>
    </p>
   </div>
   <div class='ocr_carea' id='block_1_19' title="bbox 610 1742 1741 1807">
    <p class='ocr_par' dir='ltr' id='par_1_19' title="bbox 610 1742 1741 1807">
     <span class='ocr_line' id='line_1_19' title="bbox 610 1742 1741 1807; baseline 0 -14"><span class='ocrx_word' id='word_1_119' title='bbox 610 1742 716 1807; x_wconf 68' lang='lat' dir='ltr'><strong>lina</strong></span> <span class='ocrx_word' id='word_1_120' title='bbox 734 1743 880 1806; x_wconf 72' lang='lat' dir='ltr'><strong>foret,</strong></span> <span class='ocrx_word' id='word_1_121' title='bbox 906 1745 1042 1795; x_wconf 85' lang='lat' dir='ltr'><strong>venit</strong></span> <span class='ocrx_word' id='word_1_122' title='bbox 1056 1744 1220 1794; x_wconf 89' lang='lat' dir='ltr'><strong>medio</strong></span> <span class='ocrx_word' id='word_1_123' title='bbox 1238 1742 1281 1793; x_wconf 68' lang='lat' dir='ltr'><strong>vi</strong></span> <span class='ocrx_word' id='word_1_124' title='bbox 1307 1750 1499 1807; x_wconf 81' lang='lat' dir='ltr'><strong>pontus,</strong></span> <span class='ocrx_word' id='word_1_125' title='bbox 1522 1750 1572 1792; x_wconf 70' lang='lat' dir='ltr'><strong>et</strong></span> <span class='ocrx_word' id='word_1_126' title='bbox 1595 1742 1741 1793; x_wconf 77' lang='lat' dir='ltr'><strong>undis</strong></span> 
     </span>
    </p>
   </div>
   <div class='ocr_carea' id='block_1_20' title="bbox 606 1804 1988 1870">
    <p class='ocr_par' dir='ltr' id='par_1_20' title="bbox 606 1804 1988 1870">
     <span class='ocr_line' id='line_1_20' title="bbox 606 1804 1988 1870; baseline -0.001 -16"><span class='ocrx_word' id='word_1_127' title='bbox 606 1804 903 1870; x_wconf 64' lang='lat' dir='ltr'><strong>[imperium</strong></span> <span class='ocrx_word' id='word_1_128' title='bbox 919 1807 1083 1857; x_wconf 90' lang='lat' dir='ltr'><strong>Siculo</strong></span> <span class='ocrx_word' id='word_1_129' title='bbox 1104 1807 1233 1855; x_wconf 86' lang='lat' dir='ltr'><strong>latus</strong></span> <span class='ocrx_word' id='word_1_130' title='bbox 1253 1804 1477 1870; x_wconf 74' lang='lat' dir='ltr'><strong>abscidit,</strong></span> <span class='ocrx_word' id='word_1_131' title='bbox 1506 1818 1719 1868; x_wconf 82' lang='lat' dir='ltr'><strong>arvaque</strong></span> <span class='ocrx_word' id='word_1_132' title='bbox 1743 1812 1795 1856; x_wconf 85' lang='lat' dir='ltr'><strong>et</strong></span> <span class='ocrx_word' id='word_1_133' title='bbox 1817 1804 1988 1864; x_wconf 69' lang='lat' dir='ltr'><strong>urbes,</strong></span> 
     </span>
    </p>
   </div>
   <div class='ocr_carea' id='block_1_21' title="bbox 609 1869 1707 1931">
    <p class='ocr_par' dir='ltr' id='par_1_21' title="bbox 609 1869 1707 1931">
     <span class='ocr_line' id='line_1_21' title="bbox 609 1869 1707 1931; baseline -0.002 -14"><span class='ocrx_word' id='word_1_134' title='bbox 609 1869 801 1920; x_wconf 79' lang='lat' dir='ltr'><strong>Littere</strong></span> <span class='ocrx_word' id='word_1_135' title='bbox 823 1869 1063 1920; x_wconf 84' lang='lat' dir='ltr'><strong>deductas</strong></span> <span class='ocrx_word' id='word_1_136' title='bbox 1086 1877 1296 1931; x_wconf 71' lang='lat' dir='ltr'><strong>angusto</strong></span> <span class='ocrx_word' id='word_1_137' title='bbox 1320 1869 1540 1918; x_wconf 87' lang='lat' dir='ltr'><strong>interluit</strong></span> <span class='ocrx_word' id='word_1_138' title='bbox 1564 1876 1707 1918; x_wconf 69' lang='lat' dir='ltr'><strong>aestu.</strong></span> 
     </span>
    </p>
   </div>
   <div class='ocr_carea' id='block_1_22' title="bbox 887 1948 2021 2018">
    <p class='ocr_par' dir='ltr' id='par_1_22' title="bbox 887 1948 2021 2018">
     <span class='ocr_line' id='line_1_22' title="bbox 887 1948 2021 2018; baseline -0.004 -15"><span class='ocrx_word' id='word_1_139' title='bbox 887 1948 1116 2018; x_wconf 68' lang='lat' dir='ltr'><strong>(Virgil,</strong></span> <span class='ocrx_word' id='word_1_140' title='bbox 1134 1949 1217 2001; x_wconf 85' lang='lat' dir='ltr'><strong>lib.</strong></span> <span class='ocrx_word' id='word_1_141' title='bbox 1244 1959 1294 1999; x_wconf 88' lang='lat' dir='ltr'><strong>tu</strong></span> <span class='ocrx_word' id='word_1_142' title='bbox 1314 1949 1521 2011; x_wconf 41' lang='lat' dir='ltr'><strong>,tineidq</strong></span> <span class='ocrx_word' id='word_1_143' title='bbox 1546 1964 1589 2001; x_wconf 88' lang='lat' dir='ltr'><strong>v.</strong></span> <span class='ocrx_word' id='word_1_144' title='bbox 1616 1951 1710 2001; x_wconf 74' lang='grc'><strong>414</strong></span> <span class='ocrx_word' id='word_1_145' title='bbox 1731 1957 1777 2002; x_wconf 89' lang='lat' dir='ltr'><strong>et</strong></span> <span class='ocrx_word' id='word_1_146' title='bbox 1798 1950 1952 2016; x_wconf 87' lang='lat' dir='ltr'><strong>seqq.)</strong></span> <span class='ocrx_word' id='word_1_147' title='bbox 2012 1954 2021 1967; x_wconf 94' lang='lat'><strong>‘</strong></span> 
     </span>
    </p>
   </div>
   <div class='ocr_carea' id='block_1_23' title="bbox 508 2056 2115 2114">
    <p class='ocr_par' dir='ltr' id='par_1_23' title="bbox 508 2056 2115 2114">
     <span class='ocr_line' id='line_1_23' title="bbox 508 2056 2115 2114; baseline -0.002 -1"><span class='ocrx_word' id='word_1_148' title='bbox 508 2057 697 2114; x_wconf 84' lang='lat' dir='ltr'><strong>Citatis</strong></span> <span class='ocrx_word' id='word_1_149' title='bbox 726 2068 903 2114; x_wconf 83' lang='lat' dir='ltr'><strong>autem</strong></span> <span class='ocrx_word' id='word_1_150' title='bbox 945 2058 1030 2114; x_wconf 86' lang='lat' dir='ltr'><strong>his</strong></span> <span class='ocrx_word' id='word_1_151' title='bbox 1059 2058 1302 2114; x_wconf 75' lang='lat' dir='ltr'><strong>versibus</strong></span> <span class='ocrx_word' id='word_1_152' title='bbox 1354 2059 1559 2114; x_wconf 83' lang='lat' dir='ltr'><strong>Seneca</strong></span> <span class='ocrx_word' id='word_1_153' title='bbox 1605 2056 1845 2112; x_wconf 81' lang='lat' dir='ltr'><strong>addidit:</strong></span> <span class='ocrx_word' id='word_1_154' title='bbox 1888 2056 1982 2113; x_wconf 88' lang='lat' dir='ltr'><strong>Sic</strong></span> <span class='ocrx_word' id='word_1_155' title='bbox 2018 2056 2115 2110; x_wconf 93' lang='lat' dir='ltr'><strong>hac</strong></span> 
     </span>
    </p>
   </div>
   <div class='ocr_carea' id='block_1_24' title="bbox 512 2148 2115 2222">
    <p class='ocr_par' dir='ltr' id='par_1_24' title="bbox 512 2148 2115 2222">
     <span class='ocr_line' id='line_1_24' title="bbox 512 2148 2115 2222; baseline -0.001 -18"><span class='ocrx_word' id='word_1_156' title='bbox 512 2151 868 2217; x_wconf 73' lang='lat' dir='ltr'><strong>inundatione,</strong></span> <span class='ocrx_word' id='word_1_157' title='bbox 886 2168 1037 2222; x_wconf 88' lang='lat' dir='ltr'><strong>quam</strong></span> <span class='ocrx_word' id='word_1_158' title='bbox 1058 2161 1319 2222; x_wconf 87' lang='lat' dir='ltr'><strong>poetarum</strong></span> <span class='ocrx_word' id='word_1_159' title='bbox 1347 2151 1558 2204; x_wconf 73' lang='lat' dir='ltr'><strong>maximi</strong></span> <span class='ocrx_word' id='word_1_160' title='bbox 1574 2151 1848 2216; x_wconf 90' lang='lat' dir='ltr'><strong>celebrant,</strong></span> <span class='ocrx_word' id='word_1_161' title='bbox 1866 2152 1929 2204; x_wconf 94' lang='lat' dir='ltr'><strong>ab</strong></span> <span class='ocrx_word' id='word_1_162' title='bbox 1954 2148 2115 2203; x_wconf 83' lang='lat' dir='ltr'><strong>Italia</strong></span> 
     </span>
    </p>
   </div>
   <div class='ocr_carea' id='block_1_25' title="bbox 512 2239 2112 2314">
    <p class='ocr_par' dir='ltr' id='par_1_25' title="bbox 512 2239 2112 2314">
     <span class='ocr_line' id='line_1_25' title="bbox 512 2239 2112 2314; baseline -0.003 -14"><span class='ocrx_word' id='word_1_163' title='bbox 512 2243 697 2300; x_wconf 81' lang='lat' dir='ltr'><strong>Sicilia</strong></span> <span class='ocrx_word' id='word_1_164' title='bbox 715 2245 904 2314; x_wconf 88' lang='lat' dir='ltr'><strong>rejecta</strong></span> <span class='ocrx_word' id='word_1_165' title='bbox 919 2254 989 2298; x_wconf 90' lang='lat' dir='ltr'><strong>est</strong></span> <span class='ocrx_word' id='word_1_166' title='bbox 1011 2244 1243 2314; x_wconf 84' lang='lat' dir='ltr'><strong>(Senec.,</strong></span> <span class='ocrx_word' id='word_1_167' title='bbox 1265 2240 1351 2296; x_wconf 86' lang='lat' dir='ltr'><strong>lib.</strong></span> <span class='ocrx_word' id='word_1_168' title='bbox 1374 2242 1437 2297; x_wconf 85' lang='lat' dir='ltr'><strong>IV</strong></span> <span class='ocrx_word' id='word_1_169' title='bbox 1458 2252 1629 2297; x_wconf 89' lang='lat' dir='ltr'><strong>natur.</strong></span> <span class='ocrx_word' id='word_1_170' title='bbox 1648 2241 1864 2308; x_wconf 63' lang='grc' dir='ltr'><strong>(λίπει,</strong></span> <span class='ocrx_word' id='word_1_171' title='bbox 1882 2257 1998 2312; x_wconf 94' lang='lat' dir='ltr'><strong>cap.</strong></span> <span class='ocrx_word' id='word_1_172' title='bbox 2019 2239 2112 2309; x_wconf 69' lang='lat'><strong>29,</strong></span> 
     </span>
    </p>
   </div>
   <div class='ocr_carea' id='block_1_26' title="bbox 520 2333 2111 2407">
    <p class='ocr_par' dir='ltr' id='par_1_26' title="bbox 520 2333 2111 2407">
     <span class='ocr_line' id='line_1_26' title="bbox 520 2333 2111 2407; baseline -0.001 -18"><span class='ocrx_word' id='word_1_173' title='bbox 520 2353 643 2407; x_wconf 88' lang='lat' dir='ltr'><strong>pag.</strong></span> <span class='ocrx_word' id='word_1_174' title='bbox 676 2335 1065 2401; x_wconf 41' lang='lat' dir='ltr'><strong>898)..Videsis</strong></span> <span class='ocrx_word' id='word_1_175' title='bbox 1093 2335 1321 2390; x_wconf 85' lang='lat' dir='ltr'><strong>Plinium</strong></span> <span class='ocrx_word' id='word_1_176' title='bbox 1352 2334 1543 2400; x_wconf 87' lang='lat' dir='ltr'><strong>(Plin.,</strong></span> <span class='ocrx_word' id='word_1_177' title='bbox 1572 2334 1659 2390; x_wconf 87' lang='lat' dir='ltr'><strong>lib.</strong></span> <span class='ocrx_word' id='word_1_178' title='bbox 1692 2335 1734 2390; x_wconf 87' lang='lat' dir='ltr'><strong>Il</strong></span> <span class='ocrx_word' id='word_1_179' title='bbox 1763 2345 1937 2390; x_wconf 91' lang='lat' dir='ltr'><strong>natur.</strong></span> <span class='ocrx_word' id='word_1_180' title='bbox 1971 2333 2111 2389; x_wconf 89' lang='lat' dir='ltr'><strong>Hist.</strong></span> 
     </span>
    </p>
   </div>
   <div class='ocr_carea' id='block_1_27' title="bbox 510 2424 2116 2500">
    <p class='ocr_par' dir='ltr' id='par_1_27' title="bbox 510 2424 2116 2500">
     <span class='ocr_line' id='line_1_27' title="bbox 510 2424 2116 2500; baseline 0 -20"><span class='ocrx_word' id='word_1_181' title='bbox 510 2444 629 2496; x_wconf 90' lang='lat' dir='ltr'><strong>cap.</strong></span> <span class='ocrx_word' id='word_1_182' title='bbox 658 2427 750 2495; x_wconf 88' lang='lat'><strong>87,</strong></span> <span class='ocrx_word' id='word_1_183' title='bbox 773 2444 894 2500; x_wconf 86' lang='lat' dir='ltr'><strong>pag.</strong></span> <span class='ocrx_word' id='word_1_184' title='bbox 921 2427 1076 2495; x_wconf 77' lang='lat'><strong>255),</strong></span> <span class='ocrx_word' id='word_1_185' title='bbox 1099 2426 1327 2482; x_wconf 88' lang='lat' dir='ltr'><strong>Statium</strong></span> <span class='ocrx_word' id='word_1_186' title='bbox 1356 2427 1549 2496; x_wconf 86' lang='lat' dir='ltr'><strong>(Stat.,</strong></span> <span class='ocrx_word' id='word_1_187' title='bbox 1582 2427 1671 2481; x_wconf 91' lang='lat' dir='ltr'><strong>lib.</strong></span> <span class='ocrx_word' id='word_1_188' title='bbox 1704 2426 1766 2482; x_wconf 86' lang='lat' dir='ltr'><strong>Ill</strong></span> <span class='ocrx_word' id='word_1_189' title='bbox 1796 2424 2042 2482; x_wconf 81' lang='lat' dir='ltr'><strong>Thebaid.</strong></span> <span class='ocrx_word' id='word_1_190' title='bbox 2067 2436 2116 2481; x_wconf 90' lang='lat' dir='ltr'><strong>et</strong></span> 
     </span>
    </p>
   </div>
   <div class='ocr_carea' id='block_1_28' title="bbox 512 2518 2076 2593">
    <p class='ocr_par' dir='ltr' id='par_1_28' title="bbox 512 2518 2076 2593">
     <span class='ocr_line' id='line_1_28' title="bbox 512 2518 2076 2593; baseline -0.001 -18"><span class='ocrx_word' id='word_1_191' title='bbox 512 2519 602 2575; x_wconf 90' lang='lat' dir='ltr'><strong>lib.</strong></span> <span class='ocrx_word' id='word_1_192' title='bbox 633 2518 655 2575; x_wconf 86' lang='grc' dir='ltr'>Ι</span> <span class='ocrx_word' id='word_1_193' title='bbox 682 2519 939 2591; x_wconf 79' lang='lat' dir='ltr'><strong>Sglvar.),</strong></span> <span class='ocrx_word' id='word_1_194' title='bbox 971 2519 1161 2575; x_wconf 88' lang='lat' dir='ltr'><strong>Silium</strong></span> <span class='ocrx_word' id='word_1_195' title='bbox 1187 2518 1456 2585; x_wconf 84' lang='lat' dir='ltr'><strong>Italicum,</strong></span> <span class='ocrx_word' id='word_1_196' title='bbox 1487 2520 1800 2593; x_wconf 77' lang='lat' dir='ltr'><strong>Cluver-ium</strong></span> <span class='ocrx_word' id='word_1_197' title='bbox 1828 2531 1883 2577; x_wconf 90' lang='lat' dir='ltr'><strong>et</strong></span> <span class='ocrx_word' id='word_1_198' title='bbox 1921 2521 2076 2575; x_wconf 87' lang='lat' dir='ltr'><strong>alios.</strong></span> 
     </span>
    </p>
   </div>
   <div class='ocr_carea' id='block_1_29' title="bbox 584 2611 2116 2686">
    <p class='ocr_par' dir='ltr' id='par_1_29' title="bbox 584 2611 2116 2686">
     <span class='ocr_line' id='line_1_29' title="bbox 584 2611 2116 2686; baseline 0.003 -21"><span class='ocrx_word' id='word_1_199' title='bbox 584 2611 723 2680; x_wconf 86' lang='lat' dir='ltr'><strong>Quid</strong></span> <span class='ocrx_word' id='word_1_200' title='bbox 755 2611 939 2682; x_wconf 88' lang='lat' dir='ltr'><strong>plura!</strong></span> <span class='ocrx_word' id='word_1_201' title='bbox 974 2613 1114 2667; x_wconf 84' lang='lat' dir='ltr'><strong>Ante</strong></span> <span class='ocrx_word' id='word_1_202' title='bbox 1145 2613 1433 2668; x_wconf 83' lang='lat' dir='ltr'><strong>Saturnum</strong></span> <span class='ocrx_word' id='word_1_203' title='bbox 1466 2614 1706 2684; x_wconf 87' lang='lat' dir='ltr'><strong>aliosque</strong></span> <span class='ocrx_word' id='word_1_204' title='bbox 1755 2628 1947 2670; x_wconf 88' lang='lat' dir='ltr'><strong>omnes</strong></span> <span class='ocrx_word' id='word_1_205' title='bbox 1983 2629 2116 2686; x_wconf 81' lang='lat' dir='ltr'><strong>gen-</strong></span> 
     </span>
    </p>
   </div>
   <div class='ocr_carea' id='block_1_30' title="bbox 515 2706 2117 2778">
    <p class='ocr_par' dir='ltr' id='par_1_30' title="bbox 515 2706 2117 2778">
     <span class='ocr_line' id='line_1_30' title="bbox 515 2706 2117 2778; baseline 0.002 -18"><span class='ocrx_word' id='word_1_206' title='bbox 515 2706 689 2761; x_wconf 88' lang='lat' dir='ltr'><strong>tilium</strong></span> <span class='ocrx_word' id='word_1_207' title='bbox 726 2706 861 2762; x_wconf 89' lang='lat' dir='ltr'><strong>dcos</strong></span> <span class='ocrx_word' id='word_1_208' title='bbox 886 2718 1144 2764; x_wconf 86' lang='lat' dir='ltr'><strong>evenerat</strong></span> <span class='ocrx_word' id='word_1_209' title='bbox 1191 2708 1255 2772; x_wconf 89' lang='lat' dir='ltr'><strong>is,</strong></span> <span class='ocrx_word' id='word_1_210' title='bbox 1303 2709 1392 2778; x_wconf 88' lang='lat' dir='ltr'><strong>qui</strong></span> <span class='ocrx_word' id='word_1_211' title='bbox 1440 2717 1600 2761; x_wconf 89' lang='lat' dir='ltr'><strong>totum</strong></span> <span class='ocrx_word' id='word_1_212' title='bbox 1629 2709 1822 2775; x_wconf 82' lang='lat' dir='ltr'><strong>orbem,</strong></span> <span class='ocrx_word' id='word_1_213' title='bbox 1873 2708 2013 2763; x_wconf 89' lang='lat' dir='ltr'><strong>sicut</strong></span> <span class='ocrx_word' id='word_1_214' title='bbox 2042 2709 2117 2763; x_wconf 91' lang='lat' dir='ltr'><strong>ait</strong></span> 
     </span>
    </p>
   </div>
   <div class='ocr_carea' id='block_1_31' title="bbox 512 2795 2113 2870">
    <p class='ocr_par' dir='ltr' id='par_1_31' title="bbox 512 2795 2113 2870">
     <span class='ocr_line' id='line_1_31' title="bbox 512 2795 2113 2870; baseline 0 -17"><span class='ocrx_word' id='word_1_215' title='bbox 512 2795 899 2863; x_wconf 82' lang='lat' dir='ltr'><strong>Tertullianus,</strong></span> <span class='ocrx_word' id='word_1_216' title='bbox 914 2798 1254 2870; x_wconf 71' lang='lat' dir='ltr'><strong>cataclysmus</strong></span> <span class='ocrx_word' id='word_1_217' title='bbox 1270 2798 1503 2863; x_wconf 87' lang='lat' dir='ltr'><strong>abolevit,</strong></span> <span class='ocrx_word' id='word_1_218' title='bbox 1526 2797 1625 2861; x_wconf 81' lang='lat' dir='ltr'><strong>vel,</strong></span> <span class='ocrx_word' id='word_1_219' title='bbox 1648 2807 1699 2852; x_wconf 85' lang='lat' dir='ltr'><strong>ut</strong></span> <span class='ocrx_word' id='word_1_220' title='bbox 1722 2797 1876 2853; x_wconf 91' lang='lat' dir='ltr'><strong>Plato</strong></span> <span class='ocrx_word' id='word_1_221' title='bbox 1898 2799 2113 2870; x_wconf 82' lang='lat' dir='ltr'><strong>putavit,</strong></span> 
     </span>
    </p>
   </div>
   <div class='ocr_carea' id='block_1_32' title="bbox 512 2886 2114 2961">
    <p class='ocr_par' dir='ltr' id='par_1_32' title="bbox 512 2886 2114 2961">
     <span class='ocr_line' id='line_1_32' title="bbox 512 2886 2114 2961; baseline 0.004 -21"><span class='ocrx_word' id='word_1_222' title='bbox 512 2900 796 2956; x_wconf 83' lang='lat' dir='ltr'><strong>campestre</strong></span> <span class='ocrx_word' id='word_1_223' title='bbox 820 2888 1134 2943; x_wconf 87' lang='lat' dir='ltr'><strong>solummodo</strong></span> <span class='ocrx_word' id='word_1_224' title='bbox 1165 2886 1500 2959; x_wconf 85' lang='lat' dir='ltr'><strong>(Tertullian.</strong></span> <span class='ocrx_word' id='word_1_225' title='bbox 1534 2889 1827 2961; x_wconf 82' lang='lat' dir='ltr'><strong>Apologet.,</strong></span> <span class='ocrx_word' id='word_1_226' title='bbox 1860 2906 1980 2961; x_wconf 88' lang='lat' dir='ltr'><strong>cap.</strong></span> <span class='ocrx_word' id='word_1_227' title='bbox 2021 2890 2114 2958; x_wconf 72' lang='grc'><strong>40,</strong></span> 
     </span>
    </p>
   </div>
   <div class='ocr_carea' id='block_1_33' title="bbox 515 2976 2118 3050">
    <p class='ocr_par' dir='ltr' id='par_1_33' title="bbox 515 2976 2118 3050">
     <span class='ocr_line' id='line_1_33' title="bbox 515 2976 2118 3050; baseline 0.001 -16"><span class='ocrx_word' id='word_1_228' title='bbox 515 2990 571 3047; x_wconf 83' lang='lat' dir='ltr'><strong>p.</strong></span> <span class='ocrx_word' id='word_1_229' title='bbox 598 2976 701 3034; x_wconf 68' lang='grc'><strong>481</strong></span> <span class='ocrx_word' id='word_1_230' title='bbox 730 2979 770 3050; x_wconf 90' lang='grc'><strong>).</strong></span> <span class='ocrx_word' id='word_1_231' title='bbox 797 2977 1018 3035; x_wconf 86' lang='lat' dir='ltr'><strong>Brevius</strong></span> <span class='ocrx_word' id='word_1_232' title='bbox 1065 2981 1117 3035; x_wconf 90' lang='lat' dir='ltr'><strong>in</strong></span> <span class='ocrx_word' id='word_1_233' title='bbox 1158 2980 1294 3035; x_wconf 90' lang='lat' dir='ltr'><strong>libro</strong></span> <span class='ocrx_word' id='word_1_234' title='bbox 1323 2981 1388 3036; x_wconf 87' lang='lat' dir='ltr'><strong>ad</strong></span> <span class='ocrx_word' id='word_1_235' title='bbox 1418 2979 1669 3037; x_wconf 83' lang='lat' dir='ltr'><strong>Nationes</strong></span> <span class='ocrx_word' id='word_1_236' title='bbox 1694 2999 1707 3035; x_wconf 89' lang='lat'><strong>:</strong></span> <span class='ocrx_word' id='word_1_237' title='bbox 1739 2979 1927 3036; x_wconf 87' lang='lat' dir='ltr'><strong>Totum</strong></span> <span class='ocrx_word' id='word_1_238' title='bbox 1948 2980 2118 3036; x_wconf 91' lang='lat' dir='ltr'><strong>orbem</strong></span> 
     </span>
    </p>
   </div>
   <div class='ocr_carea' id='block_1_34' title="bbox 513 3070 2115 3144">
    <p class='ocr_par' dir='ltr' id='par_1_34' title="bbox 513 3070 2115 3144">
     <span class='ocr_line' id='line_1_34' title="bbox 513 3070 2115 3144; baseline 0.004 -23"><span class='ocrx_word' id='word_1_239' title='bbox 513 3070 854 3141; x_wconf 82' lang='lat' dir='ltr'><strong>cataclysmus</strong></span> <span class='ocrx_word' id='word_1_240' title='bbox 874 3071 1087 3125; x_wconf 84' lang='lat' dir='ltr'><strong>abolevit</strong></span> <span class='ocrx_word' id='word_1_241' title='bbox 1106 3071 1265 3141; x_wconf 54' lang='grc' dir='ltr'>(ωλι</span> <span class='ocrx_word' id='word_1_242' title='bbox 1294 3071 1364 3124; x_wconf 89' lang='lat' dir='ltr'><strong>ad</strong></span> <span class='ocrx_word' id='word_1_243' title='bbox 1386 3070 1603 3126; x_wconf 82' lang='lat' dir='ltr'><strong>Nation.</strong></span> <span class='ocrx_word' id='word_1_244' title='bbox 1647 3088 1762 3144; x_wconf 88' lang='lat' dir='ltr'><strong>cap.</strong></span> <span class='ocrx_word' id='word_1_245' title='bbox 1785 3071 1841 3139; x_wconf 87' lang='lat'><strong>9,</strong></span> <span class='ocrx_word' id='word_1_246' title='bbox 1877 3090 1930 3143; x_wconf 90' lang='lat' dir='ltr'><strong>p.</strong></span> <span class='ocrx_word' id='word_1_247' title='bbox 1954 3072 2115 3144; x_wconf 82' lang='lat' dir='ltr'><strong>57l);</strong></span> 
     </span>
    </p>
   </div>
   <div class='ocr_carea' id='block_1_35' title="bbox 512 3160 2115 3235">
    <p class='ocr_par' dir='ltr' id='par_1_35' title="bbox 512 3160 2115 3235">
     <span class='ocr_line' id='line_1_35' title="bbox 512 3160 2115 3235; baseline 0 -18"><span class='ocrx_word' id='word_1_248' title='bbox 512 3160 612 3217; x_wconf 83' lang='lat' dir='ltr'><strong>sed</strong></span> <span class='ocrx_word' id='word_1_249' title='bbox 639 3161 854 3217; x_wconf 88' lang='lat' dir='ltr'><strong>uberius</strong></span> <span class='ocrx_word' id='word_1_250' title='bbox 880 3162 986 3219; x_wconf 91' lang='lat' dir='ltr'><strong>alio</strong></span> <span class='ocrx_word' id='word_1_251' title='bbox 1012 3163 1066 3218; x_wconf 91' lang='lat' dir='ltr'><strong>in</strong></span> <span class='ocrx_word' id='word_1_252' title='bbox 1094 3162 1235 3218; x_wconf 85' lang='lat' dir='ltr'><strong>libro</strong></span> <span class='ocrx_word' id='word_1_253' title='bbox 1255 3181 1269 3219; x_wconf 93' lang='lat'>:</span> <span class='ocrx_word' id='word_1_254' title='bbox 1287 3163 1469 3218; x_wconf 78' lang='lat' dir='ltr'><strong>Adhuc</strong></span> <span class='ocrx_word' id='word_1_255' title='bbox 1489 3163 1645 3219; x_wconf 88' lang='lat' dir='ltr'><strong>maris</strong></span> <span class='ocrx_word' id='word_1_256' title='bbox 1663 3164 1891 3229; x_wconf 68' lang='lat' dir='ltr'><strong>conchae,</strong></span> <span class='ocrx_word' id='word_1_257' title='bbox 1922 3162 2115 3235; x_wconf 85' lang='lat' dir='ltr'><strong>inquit,</strong></span> 
     </span>
    </p>
   </div>
   <div class='ocr_carea' id='block_1_36' title="bbox 2284 538 3804 611">
    <p class='ocr_par' dir='ltr' id='par_1_36' title="bbox 2284 538 3804 611">
     <span class='ocr_line' id='line_1_36' title="bbox 2284 538 3804 611; baseline -0.009 -8"><span class='ocrx_word' id='word_1_258' title='bbox 2284 545 2513 603; x_wconf 88' lang='lat' dir='ltr'><strong>Sodoma</strong></span> <span class='ocrx_word' id='word_1_259' title='bbox 2554 555 2601 600; x_wconf 88' lang='lat' dir='ltr'><strong>et</strong></span> <span class='ocrx_word' id='word_1_260' title='bbox 2629 543 2935 599; x_wconf 85' lang='lat' dir='ltr'><strong>Gomorrha.</strong></span> <span class='ocrx_word' id='word_1_261' title='bbox 2955 541 3167 607; x_wconf 71' lang='lat' dir='ltr'><strong>exustis,</strong></span> <span class='ocrx_word' id='word_1_262' title='bbox 3212 548 3360 611; x_wconf 84' lang='lat' dir='ltr'><strong>atque</strong></span> <span class='ocrx_word' id='word_1_263' title='bbox 3396 538 3605 594; x_wconf 89' lang='lat' dir='ltr'><strong>illorum</strong></span> <span class='ocrx_word' id='word_1_264' title='bbox 3646 547 3804 603; x_wconf 84' lang='lat' dir='ltr'><strong>terra,</strong></span> 
     </span>
    </p>
   </div>
   <div class='ocr_carea' id='block_1_37' title="bbox 2280 632 3804 709">
    <p class='ocr_par' dir='ltr' id='par_1_37' title="bbox 2280 632 3804 709">
     <span class='ocr_line' id='line_1_37' title="bbox 2280 632 3804 709; baseline -0.01 -13"><span class='ocrx_word' id='word_1_265' title='bbox 2280 654 2396 709; x_wconf 78' lang='lat' dir='ltr'><strong>qua:</strong></span> <span class='ocrx_word' id='word_1_266' title='bbox 2416 650 2666 694; x_wconf 84' lang='lat' dir='ltr'><strong>conantur</strong></span> <span class='ocrx_word' id='word_1_267' title='bbox 2694 654 2869 709; x_wconf 89' lang='lat' dir='ltr'><strong>poma,</strong></span> <span class='ocrx_word' id='word_1_268' title='bbox 2885 652 2945 690; x_wconf 91' lang='lat' dir='ltr'><strong>ac</strong></span> <span class='ocrx_word' id='word_1_269' title='bbox 2973 633 3156 689; x_wconf 88' lang='lat' dir='ltr'><strong>deinde</strong></span> <span class='ocrx_word' id='word_1_270' title='bbox 3190 642 3426 688; x_wconf 90' lang='lat' dir='ltr'><strong>contacta</strong></span> <span class='ocrx_word' id='word_1_271' title='bbox 3453 632 3804 693; x_wconf 78' lang='lat' dir='ltr'><strong>cinerescunt;</strong></span> 
     </span>
    </p>
   </div>
   <div class='ocr_carea' id='block_1_38' title="bbox 2286 721 3807 800">
    <p class='ocr_par' dir='ltr' id='par_1_38' title="bbox 2286 721 3807 800">
     <span class='ocr_line' id='line_1_38' title="bbox 2286 721 3807 800; baseline -0.009 -14"><span class='ocrx_word' id='word_1_272' title='bbox 2286 734 2349 786; x_wconf 88' lang='lat' dir='ltr'><strong>de</strong></span> <span class='ocrx_word' id='word_1_273' title='bbox 2379 730 2637 795; x_wconf 82' lang='lat' dir='ltr'><strong>Volsiniis,</strong></span> <span class='ocrx_word' id='word_1_274' title='bbox 2658 727 2943 800; x_wconf 84' lang='lat' dir='ltr'><strong>Pompeiis,</strong></span> <span class='ocrx_word' id='word_1_275' title='bbox 2970 742 3058 782; x_wconf 87' lang='lat' dir='ltr'><strong>seu</strong></span> <span class='ocrx_word' id='word_1_276' title='bbox 3083 724 3314 796; x_wconf 82' lang='lat' dir='ltr'><strong>Tarpeiis</strong></span> <span class='ocrx_word' id='word_1_277' title='bbox 3341 725 3460 795; x_wconf 83' lang='lat' dir='ltr'><strong>igne</strong></span> <span class='ocrx_word' id='word_1_278' title='bbox 3485 721 3807 791; x_wconf 82' lang='lat' dir='ltr'><strong>absumptis;</strong></span> 
     </span>
    </p>
   </div>
   <div class='ocr_carea' id='block_1_39' title="bbox 2284 816 3810 893">
    <p class='ocr_par' dir='ltr' id='par_1_39' title="bbox 2284 816 3810 893">
     <span class='ocr_line' id='line_1_39' title="bbox 2284 816 3810 893; baseline -0.007 -13"><span class='ocrx_word' id='word_1_279' title='bbox 2284 827 2348 881; x_wconf 89' lang='lat' dir='ltr'><strong>de</strong></span> <span class='ocrx_word' id='word_1_280' title='bbox 2372 825 2517 880; x_wconf 86' lang='lat' dir='ltr'><strong>clade</strong></span> <span class='ocrx_word' id='word_1_281' title='bbox 2555 822 2812 879; x_wconf 86' lang='lat' dir='ltr'><strong>Cannensi</strong></span> <span class='ocrx_word' id='word_1_282' title='bbox 2838 831 2949 893; x_wconf 87' lang='lat' dir='ltr'><strong>post</strong></span> <span class='ocrx_word' id='word_1_283' title='bbox 2988 837 3143 892; x_wconf 85' lang='lat' dir='ltr'><strong>quant</strong></span> <span class='ocrx_word' id='word_1_284' title='bbox 3189 818 3409 873; x_wconf 81' lang='lat' dir='ltr'><strong>Annibal</strong></span> <span class='ocrx_word' id='word_1_285' title='bbox 3458 816 3810 872; x_wconf 79' lang='lat' dir='ltr'><strong>Romanorum</strong></span> 
     </span>
    </p>
   </div>
   <div class='ocr_carea' id='block_1_40' title="bbox 2283 908 3812 989">
    <p class='ocr_par' dir='ltr' id='par_1_40' title="bbox 2283 908 3812 989">
     <span class='ocr_line' id='line_1_40' title="bbox 2283 908 3812 989; baseline -0.007 -16"><span class='ocrx_word' id='word_1_286' title='bbox 2283 919 2442 974; x_wconf 78' lang='lat' dir='ltr'><strong>aedes</strong></span> <span class='ocrx_word' id='word_1_287' title='bbox 2469 926 2733 989; x_wconf 75' lang='lat' dir='ltr'><strong>raptorum</strong></span> <span class='ocrx_word' id='word_1_288' title='bbox 2754 914 3062 970; x_wconf 88' lang='lat' dir='ltr'><strong>annulorum</strong></span> <span class='ocrx_word' id='word_1_289' title='bbox 3088 912 3259 967; x_wconf 90' lang='lat' dir='ltr'><strong>modio</strong></span> <span class='ocrx_word' id='word_1_290' title='bbox 3287 927 3492 967; x_wconf 86' lang='lat' dir='ltr'><strong>mensus</strong></span> <span class='ocrx_word' id='word_1_291' title='bbox 3521 922 3617 976; x_wconf 81' lang='lat' dir='ltr'><strong>est,</strong></span> <span class='ocrx_word' id='word_1_292' title='bbox 3643 924 3707 964; x_wconf 85' lang='lat' dir='ltr'><strong>ac</strong></span> <span class='ocrx_word' id='word_1_293' title='bbox 3744 908 3812 963; x_wconf 87' lang='lat' dir='ltr'><strong>de</strong></span> 
     </span>
    </p>
   </div>
   <div class='ocr_carea' id='block_1_41' title="bbox 2282 1009 3213 1080">
    <p class='ocr_par' dir='ltr' id='par_1_41' title="bbox 2282 1009 3213 1080">
     <span class='ocr_line' id='line_1_41' title="bbox 2282 1009 3213 1080; baseline -0.008 -11"><span class='ocrx_word' id='word_1_294' title='bbox 2282 1010 2537 1080; x_wconf 84' lang='lat' dir='ltr'><strong>Capitolio</strong></span> <span class='ocrx_word' id='word_1_295' title='bbox 2565 1028 2598 1066; x_wconf 92' lang='lat' dir='ltr'><strong>a</strong></span> <span class='ocrx_word' id='word_1_296' title='bbox 2623 1009 2910 1067; x_wconf 83' lang='lat' dir='ltr'><strong>Senonibus</strong></span> <span class='ocrx_word' id='word_1_297' title='bbox 2939 1017 3213 1079; x_wconf 87' lang='lat' dir='ltr'><strong>occupato.</strong></span> 
     </span>
    </p>
   </div>
   <div class='ocr_carea' id='block_1_42' title="bbox 2290 1095 3810 1173">
    <p class='ocr_par' dir='ltr' id='par_1_42' title="bbox 2290 1095 3810 1173">
     <span class='ocr_line' id='line_1_42' title="bbox 2290 1095 3810 1173; baseline -0.006 -13"><span class='ocrx_word' id='word_1_298' title='bbox 2290 1104 2371 1160; x_wconf 80' lang='lat' dir='ltr'><strong>Ad</strong></span> <span class='ocrx_word' id='word_1_299' title='bbox 2415 1105 2549 1160; x_wconf 87' lang='lat' dir='ltr'><strong>alias</strong></span> <span class='ocrx_word' id='word_1_300' title='bbox 2576 1102 2758 1160; x_wconf 86' lang='lat' dir='ltr'><strong>clades</strong></span> <span class='ocrx_word' id='word_1_301' title='bbox 2808 1103 2929 1173; x_wconf 75' lang='lat' dir='ltr'><strong>igne</strong></span> <span class='ocrx_word' id='word_1_302' title='bbox 2957 1098 3189 1167; x_wconf 73' lang='lat' dir='ltr'><strong>ctelesti,</strong></span> <span class='ocrx_word' id='word_1_303' title='bbox 3221 1107 3278 1156; x_wconf 89' lang='lat' dir='ltr'><strong>et</strong></span> <span class='ocrx_word' id='word_1_304' title='bbox 3316 1097 3596 1153; x_wconf 89' lang='lat' dir='ltr'><strong>hominum</strong></span> <span class='ocrx_word' id='word_1_305' title='bbox 3640 1095 3810 1152; x_wconf 85' lang='lat' dir='ltr'><strong>armis</strong></span> 
     </span>
    </p>
   </div>
   <div class='ocr_carea' id='block_1_43' title="bbox 2212 1184 3812 1265">
    <p class='ocr_par' dir='ltr' id='par_1_43' title="bbox 2212 1184 3812 1265">
     <span class='ocr_line' id='line_1_43' title="bbox 2212 1184 3812 1265; baseline -0.006 -10"><span class='ocrx_word' id='word_1_306' title='bbox 2212 1198 2471 1255; x_wconf 86' lang='lat' dir='ltr'><strong>excitatas</strong></span> <span class='ocrx_word' id='word_1_307' title='bbox 2515 1196 2663 1253; x_wconf 82' lang='lat' dir='ltr'><strong>venit</strong></span> <span class='ocrx_word' id='word_1_308' title='bbox 2708 1194 3091 1265; x_wconf 80' lang='lat' dir='ltr'><strong>Tertullianus,</strong></span> <span class='ocrx_word' id='word_1_309' title='bbox 3123 1184 3192 1248; x_wconf 86' lang='lat' dir='ltr'><strong>ac</strong></span> <span class='ocrx_word' id='word_1_310' title='bbox 3231 1192 3480 1257; x_wconf 84' lang='lat' dir='ltr'><strong>Sodoma,</strong></span> <span class='ocrx_word' id='word_1_311' title='bbox 3514 1190 3718 1262; x_wconf 82' lang='lat' dir='ltr'><strong>inquit,</strong></span> <span class='ocrx_word' id='word_1_312' title='bbox 3760 1198 3812 1245; x_wconf 87' lang='lat' dir='ltr'><strong>et</strong></span> 
     </span>
    </p>
   </div>
   <div class='ocr_carea' id='block_1_44' title="bbox 2216 1282 3809 1361">
    <p class='ocr_par' dir='ltr' id='par_1_44' title="bbox 2216 1282 3809 1361">
     <span class='ocr_line' id='line_1_44' title="bbox 2216 1282 3809 1361; baseline -0.006 -14"><span class='ocrx_word' id='word_1_313' title='bbox 2216 1290 2502 1347; x_wconf 79' lang='lat' dir='ltr'><strong>Gomorrha</strong></span> <span class='ocrx_word' id='word_1_314' title='bbox 2518 1291 2695 1361; x_wconf 88' lang='lat' dir='ltr'><strong>igneus</strong></span> <span class='ocrx_word' id='word_1_315' title='bbox 2723 1289 2884 1343; x_wconf 85' lang='lat' dir='ltr'><strong>imber</strong></span> <span class='ocrx_word' id='word_1_316' title='bbox 2928 1287 3121 1343; x_wconf 71' lang='lat' dir='ltr'><strong>exussit</strong></span> <span class='ocrx_word' id='word_1_317' title='bbox 3150 1284 3485 1356; x_wconf 82' lang='lat' dir='ltr'><strong>(Tertullian.</strong></span> <span class='ocrx_word' id='word_1_318' title='bbox 3536 1282 3809 1356; x_wconf 80' lang='lat' dir='ltr'><strong>Apologet.</strong></span> 
     </span>
    </p>
   </div>
   <div class='ocr_carea' id='block_1_45' title="bbox 2214 1376 3816 1459">
    <p class='ocr_par' dir='ltr' id='par_1_45' title="bbox 2214 1376 3816 1459">
     <span class='ocr_line' id='line_1_45' title="bbox 2214 1376 3816 1459; baseline -0.006 -17"><span class='ocrx_word' id='word_1_319' title='bbox 2214 1403 2331 1459; x_wconf 89' lang='lat' dir='ltr'><strong>cap.</strong></span> <span class='ocrx_word' id='word_1_320' title='bbox 2355 1385 2450 1450; x_wconf 73' lang='grc'><strong>40,</strong></span> <span class='ocrx_word' id='word_1_321' title='bbox 2483 1403 2536 1457; x_wconf 86' lang='lat' dir='ltr'><strong>p.</strong></span> <span class='ocrx_word' id='word_1_322' title='bbox 2579 1384 2735 1456; x_wconf 65' lang='lat'><strong>48%),</strong></span> <span class='ocrx_word' id='word_1_323' title='bbox 2766 1393 3054 1452; x_wconf 84' lang='lat' dir='ltr'><strong>antequam</strong></span> <span class='ocrx_word' id='word_1_324' title='bbox 3084 1379 3343 1437; x_wconf 68' lang='lat' dir='ltr'><strong>israelitze</strong></span> <span class='ocrx_word' id='word_1_325' title='bbox 3361 1394 3425 1434; x_wconf 80' lang='lat' dir='ltr'><strong>ex</strong></span> <span class='ocrx_word' id='word_1_326' title='bbox 3451 1376 3689 1450; x_wconf 70' lang='lat' dir='ltr'><strong>Egypto</strong></span> <span class='ocrx_word' id='word_1_327' title='bbox 3712 1376 3816 1432; x_wconf 88' lang='lat' dir='ltr'><strong>mi-</strong></span> 
     </span>
    </p>
   </div>
   <div class='ocr_carea' id='block_1_46' title="bbox 2214 1468 3816 1551">
    <p class='ocr_par' dir='ltr' id='par_1_46' title="bbox 2214 1468 3816 1551">
     <span class='ocr_line' id='line_1_46' title="bbox 2214 1468 3816 1551; baseline -0.006 -18"><span class='ocrx_word' id='word_1_328' title='bbox 2214 1487 2462 1551; x_wconf 78' lang='lat' dir='ltr'><strong>grassent</strong></span> <span class='ocrx_word' id='word_1_329' title='bbox 2502 1477 2557 1532; x_wconf 90' lang='lat' dir='ltr'><strong>in</strong></span> <span class='ocrx_word' id='word_1_330' title='bbox 2587 1476 2949 1541; x_wconf 61' lang='lat' dir='ltr'><strong>Palaestinam,</strong></span> <span class='ocrx_word' id='word_1_331' title='bbox 2982 1489 3046 1529; x_wconf 89' lang='lat' dir='ltr'><strong>ac</strong></span> <span class='ocrx_word' id='word_1_332' title='bbox 3093 1471 3320 1544; x_wconf 85' lang='lat' dir='ltr'><strong>proinde</strong></span> <span class='ocrx_word' id='word_1_333' title='bbox 3363 1471 3523 1540; x_wconf 82' lang='lat' dir='ltr'><strong>longe</strong></span> <span class='ocrx_word' id='word_1_334' title='bbox 3569 1468 3816 1541; x_wconf 81' lang='lat' dir='ltr'><strong>pluribus</strong></span> 
     </span>
    </p>
   </div>
   <div class='ocr_carea' id='block_1_47' title="bbox 2216 1560 3815 1640">
    <p class='ocr_par' dir='ltr' id='par_1_47' title="bbox 2216 1560 3815 1640">
     <span class='ocr_line' id='line_1_47' title="bbox 2216 1560 3815 1640; baseline -0.008 -14"><span class='ocrx_word' id='word_1_335' title='bbox 2216 1569 2453 1638; x_wconf 76' lang='lat' dir='ltr'><strong>saeculis,</strong></span> <span class='ocrx_word' id='word_1_336' title='bbox 2483 1568 2627 1640; x_wconf 88' lang='lat' dir='ltr'><strong>prius</strong></span> <span class='ocrx_word' id='word_1_337' title='bbox 2654 1582 2813 1639; x_wconf 86' lang='lat' dir='ltr'><strong>quam</strong></span> <span class='ocrx_word' id='word_1_338' title='bbox 2835 1565 3141 1629; x_wconf 84' lang='lat' dir='ltr'><strong>Christiani,</strong></span> <span class='ocrx_word' id='word_1_339' title='bbox 3173 1579 3240 1619; x_wconf 81' lang='lat' dir='ltr'><strong>ex</strong></span> <span class='ocrx_word' id='word_1_340' title='bbox 3270 1560 3815 1627; x_wconf 77' lang='lat' dir='ltr'><strong>illis&#39;orti,venissent</strong></span> 
     </span>
    </p>
   </div>
   <div class='ocr_carea' id='block_1_48' title="bbox 2218 1655 3813 1731">
    <p class='ocr_par' dir='ltr' id='par_1_48' title="bbox 2218 1655 3813 1731">
     <span class='ocr_line' id='line_1_48' title="bbox 2218 1655 3813 1731; baseline -0.008 -12"><span class='ocrx_word' id='word_1_341' title='bbox 2218 1664 2269 1719; x_wconf 92' lang='lat' dir='ltr'><strong>iu</strong></span> <span class='ocrx_word' id='word_1_342' title='bbox 2312 1663 2587 1719; x_wconf 90' lang='lat' dir='ltr'><strong>mundum.</strong></span> <span class='ocrx_word' id='word_1_343' title='bbox 2619 1660 2915 1731; x_wconf 82' lang='lat' dir='ltr'><strong>Utriusque</strong></span> <span class='ocrx_word' id='word_1_344' title='bbox 2945 1670 3122 1714; x_wconf 89' lang='lat' dir='ltr'><strong>autem</strong></span> <span class='ocrx_word' id='word_1_345' title='bbox 3148 1656 3309 1728; x_wconf 82' lang='lat' dir='ltr'><strong>hujus</strong></span> <span class='ocrx_word' id='word_1_346' title='bbox 3326 1656 3477 1711; x_wconf 82' lang='lat' dir='ltr'><strong>urbis</strong></span> <span class='ocrx_word' id='word_1_347' title='bbox 3504 1655 3655 1710; x_wconf 87' lang='lat' dir='ltr'><strong>ruina</strong></span> <span class='ocrx_word' id='word_1_348' title='bbox 3684 1669 3813 1711; x_wconf 83' lang='lat' dir='ltr'><strong>eer-</strong></span> 
     </span>
    </p>
   </div>
   <div class='ocr_carea' id='block_1_49' title="bbox 2218 1747 3817 1824">
    <p class='ocr_par' dir='ltr' id='par_1_49' title="bbox 2218 1747 3817 1824">
     <span class='ocr_line' id='line_1_49' title="bbox 2218 1747 3817 1824; baseline -0.006 -12"><span class='ocrx_word' id='word_1_349' title='bbox 2218 1757 2427 1812; x_wconf 89' lang='lat' dir='ltr'><strong>tissimo</strong></span> <span class='ocrx_word' id='word_1_350' title='bbox 2477 1771 2647 1810; x_wconf 82' lang='lat' dir='ltr'><strong>sacra:</strong></span> <span class='ocrx_word' id='word_1_351' title='bbox 2718 1753 3012 1824; x_wconf 67' lang='lat' dir='ltr'><strong>Scriptura:</strong></span> <span class='ocrx_word' id='word_1_352' title='bbox 3079 1751 3387 1807; x_wconf 77' lang='lat' dir='ltr'><strong>testimonio</strong></span> <span class='ocrx_word' id='word_1_353' title='bbox 3434 1747 3817 1821; x_wconf 84' lang='lat' dir='ltr'><strong>comprobatur</strong></span> 
     </span>
    </p>
   </div>
   <div class='ocr_carea' id='block_1_50' title="bbox 2143 1840 3814 1922">
    <p class='ocr_par' dir='ltr' id='par_1_50' title="bbox 2143 1840 3814 1922">
     <span class='ocr_line' id='line_1_50' title="bbox 2143 1840 3814 1922; baseline -0.005 -16"><span class='ocrx_word' id='word_1_354' title='bbox 2143 1856 2192 1916; x_wconf 89' lang='lat' dir='ltr'><strong>B</strong></span> <span class='ocrx_word' id='word_1_355' title='bbox 2220 1848 2429 1922; x_wconf 73' lang='lat' dir='ltr'><strong>(lienes.</strong></span> <span class='ocrx_word' id='word_1_356' title='bbox 2456 1865 2573 1921; x_wconf 89' lang='lat' dir='ltr'><strong>cap.</strong></span> <span class='ocrx_word' id='word_1_357' title='bbox 2598 1846 2743 1914; x_wconf 79' lang='lat' dir='ltr'><strong>XIX,</strong></span> <span class='ocrx_word' id='word_1_358' title='bbox 2772 1863 2820 1902; x_wconf 77' lang='grc' dir='ltr'><strong>ιν.</strong></span> <span class='ocrx_word' id='word_1_359' title='bbox 2847 1846 2963 1917; x_wconf 70' lang='grc'><strong>24).</strong></span> <span class='ocrx_word' id='word_1_360' title='bbox 2986 1844 3089 1901; x_wconf 89' lang='lat' dir='ltr'><strong>Sed</strong></span> <span class='ocrx_word' id='word_1_361' title='bbox 3112 1844 3360 1915; x_wconf 82' lang='lat' dir='ltr'><strong>quamvis</strong></span> <span class='ocrx_word' id='word_1_362' title='bbox 3385 1842 3514 1898; x_wconf 92' lang='lat' dir='ltr'><strong>illud</strong></span> <span class='ocrx_word' id='word_1_363' title='bbox 3538 1841 3693 1897; x_wconf 82' lang='lat' dir='ltr'><strong>nobis</strong></span> <span class='ocrx_word' id='word_1_364' title='bbox 3714 1840 3814 1897; x_wconf 87' lang='lat' dir='ltr'><strong>de-</strong></span> 
     </span>
    </p>
   </div>
   <div class='ocr_carea' id='block_1_51' title="bbox 2217 1932 3816 2011">
    <p class='ocr_par' dir='ltr' id='par_1_51' title="bbox 2217 1932 3816 2011">
     <span class='ocr_line' id='line_1_51' title="bbox 2217 1932 3816 2011; baseline -0.008 -11"><span class='ocrx_word' id='word_1_365' title='bbox 2217 1952 2382 2011; x_wconf 89' lang='lat' dir='ltr'><strong>esset,</strong></span> <span class='ocrx_word' id='word_1_366' title='bbox 2414 1941 2585 1997; x_wconf 87' lang='lat' dir='ltr'><strong>cladis</strong></span> <span class='ocrx_word' id='word_1_367' title='bbox 2616 1942 2755 1996; x_wconf 89' lang='lat' dir='ltr'><strong>illius</strong></span> <span class='ocrx_word' id='word_1_368' title='bbox 2786 1938 3043 1994; x_wconf 89' lang='lat' dir='ltr'><strong>iudicium</strong></span> <span class='ocrx_word' id='word_1_369' title='bbox 3072 1936 3213 1991; x_wconf 87' lang='lat' dir='ltr'><strong>haud</strong></span> <span class='ocrx_word' id='word_1_370' title='bbox 3244 1936 3466 1991; x_wconf 92' lang='lat' dir='ltr'><strong>dubium</strong></span> <span class='ocrx_word' id='word_1_371' title='bbox 3508 1936 3624 2005; x_wconf 82' lang='lat' dir='ltr'><strong>ipsa</strong></span> <span class='ocrx_word' id='word_1_372' title='bbox 3651 1932 3816 1989; x_wconf 84' lang='lat' dir='ltr'><strong>etiam</strong></span> 
     </span>
    </p>
   </div>
   <div class='ocr_carea' id='block_1_52' title="bbox 2216 2024 3807 2107">
    <p class='ocr_par' dir='ltr' id='par_1_52' title="bbox 2216 2024 3807 2107">
     <span class='ocr_line' id='line_1_52' title="bbox 2216 2024 3807 2107; baseline -0.009 -14"><span class='ocrx_word' id='word_1_373' title='bbox 2216 2036 2391 2102; x_wconf 87' lang='lat' dir='ltr'><strong>daret,</strong></span> <span class='ocrx_word' id='word_1_374' title='bbox 2422 2051 2543 2107; x_wconf 82' lang='lat' dir='ltr'><strong>quae</strong></span> <span class='ocrx_word' id='word_1_375' title='bbox 2586 2034 2660 2088; x_wconf 89' lang='lat' dir='ltr'><strong>uti</strong></span> <span class='ocrx_word' id='word_1_376' title='bbox 2684 2031 3048 2088; x_wconf 84' lang='lat' dir='ltr'><strong>Tertullianus</strong></span> <span class='ocrx_word' id='word_1_377' title='bbox 3099 2029 3243 2099; x_wconf 90' lang='lat' dir='ltr'><strong>loqui</strong></span> <span class='ocrx_word' id='word_1_378' title='bbox 3277 2038 3457 2082; x_wconf 87' lang='lat' dir='ltr'><strong>amat:</strong></span> <span class='ocrx_word' id='word_1_379' title='bbox 3491 2024 3608 2081; x_wconf 86' lang='lat' dir='ltr'><strong>Olet</strong></span> <span class='ocrx_word' id='word_1_380' title='bbox 3632 2025 3807 2079; x_wconf 82' lang='lat' dir='ltr'><strong>adhuc</strong></span> 
     </span>
    </p>
   </div>
   <div class='ocr_carea' id='block_1_53' title="bbox 2215 2120 3815 2195">
    <p class='ocr_par' dir='ltr' id='par_1_53' title="bbox 2215 2120 3815 2195">
     <span class='ocr_line' id='line_1_53' title="bbox 2215 2120 3815 2195; baseline -0.009 -9"><span class='ocrx_word' id='word_1_381' title='bbox 2215 2130 2449 2186; x_wconf 84' lang='lat' dir='ltr'><strong>incendio</strong></span> <span class='ocrx_word' id='word_1_382' title='bbox 2477 2139 2645 2193; x_wconf 85' lang='lat' dir='ltr'><strong>terra;</strong></span> <span class='ocrx_word' id='word_1_383' title='bbox 2670 2136 2717 2181; x_wconf 90' lang='lat' dir='ltr'><strong>et</strong></span> <span class='ocrx_word' id='word_1_384' title='bbox 2740 2126 2783 2181; x_wconf 88' lang='lat' dir='ltr'><strong>si</strong></span> <span class='ocrx_word' id='word_1_385' title='bbox 2808 2141 2911 2195; x_wconf 88' lang='lat' dir='ltr'><strong>qua</strong></span> <span class='ocrx_word' id='word_1_386' title='bbox 2937 2123 3043 2178; x_wconf 87' lang='lat' dir='ltr'><strong>illic</strong></span> <span class='ocrx_word' id='word_1_387' title='bbox 3084 2120 3324 2176; x_wconf 88' lang='lat' dir='ltr'><strong>arborum</strong></span> <span class='ocrx_word' id='word_1_388' title='bbox 3366 2136 3519 2189; x_wconf 83' lang='lat' dir='ltr'><strong>poma</strong></span> <span class='ocrx_word' id='word_1_389' title='bbox 3561 2127 3815 2173; x_wconf 77' lang='lat' dir='ltr'><strong>conantur</strong></span> 
     </span>
    </p>
   </div>
   <div class='ocr_carea' id='block_1_54' title="bbox 2217 2208 3810 2287">
    <p class='ocr_par' dir='ltr' id='par_1_54' title="bbox 2217 2208 3810 2287">
     <span class='ocr_line' id='line_1_54' title="bbox 2217 2208 3810 2287; baseline -0.011 -8"><span class='ocrx_word' id='word_1_390' title='bbox 2217 2224 2378 2279; x_wconf 87' lang='lat' dir='ltr'><strong>oculis</strong></span> <span class='ocrx_word' id='word_1_391' title='bbox 2405 2231 2569 2287; x_wconf 88' lang='lat' dir='ltr'><strong>tenus,</strong></span> <span class='ocrx_word' id='word_1_392' title='bbox 2598 2228 2832 2274; x_wconf 80' lang='lat' dir='ltr'><strong>cteterum</strong></span> <span class='ocrx_word' id='word_1_393' title='bbox 2861 2224 3093 2270; x_wconf 87' lang='lat' dir='ltr'><strong>contacta</strong></span> <span class='ocrx_word' id='word_1_394' title='bbox 3122 2215 3434 2267; x_wconf 79' lang='lat' dir='ltr'><strong>cinerescunt</strong></span> <span class='ocrx_word' id='word_1_395' title='bbox 3456 2208 3810 2284; x_wconf 84' lang='lat' dir='ltr'><strong>(Tertullian.,</strong></span> 
     </span>
    </p>
   </div>
   <div class='ocr_carea' id='block_1_55' title="bbox 2218 2301 3820 2385">
    <p class='ocr_par' dir='ltr' id='par_1_55' title="bbox 2218 2301 3820 2385">
     <span class='ocr_line' id='line_1_55' title="bbox 2218 2301 3820 2385; baseline -0.01 -14"><span class='ocrx_word' id='word_1_396' title='bbox 2218 2317 2318 2372; x_wconf 88' lang='lat' dir='ltr'><strong>loc.</strong></span> <span class='ocrx_word' id='word_1_397' title='bbox 2367 2314 2505 2385; x_wconf 88' lang='lat' dir='ltr'><strong>cit.).</strong></span> <span class='ocrx_word' id='word_1_398' title='bbox 2556 2312 2630 2367; x_wconf 89' lang='lat' dir='ltr'><strong>lta</strong></span> <span class='ocrx_word' id='word_1_399' title='bbox 2685 2310 2898 2381; x_wconf 80' lang='lat' dir='ltr'><strong>quidem</strong></span> <span class='ocrx_word' id='word_1_400' title='bbox 2946 2309 2997 2362; x_wconf 92' lang='lat' dir='ltr'><strong>iu</strong></span> <span class='ocrx_word' id='word_1_401' title='bbox 3056 2303 3435 2375; x_wconf 85' lang='lat' dir='ltr'><strong>manuscriptis</strong></span> <span class='ocrx_word' id='word_1_402' title='bbox 3478 2301 3680 2358; x_wconf 89' lang='lat' dir='ltr'><strong>nostris</strong></span> <span class='ocrx_word' id='word_1_403' title='bbox 3725 2315 3820 2356; x_wconf 87' lang='lat' dir='ltr'><strong>co-</strong></span> 
     </span>
    </p>
   </div>
   <div class='ocr_carea' id='block_1_56' title="bbox 2164 2396 3819 2470">
    <p class='ocr_par' dir='ltr' id='par_1_56' title="bbox 2164 2396 3819 2470">
     <span class='ocr_line' id='line_1_56' title="bbox 2164 2396 3819 2470; baseline -0.011 -3"><span class='ocrx_word' id='word_1_404' title='bbox 2164 2406 2173 2416; x_wconf 86' lang='grc'><strong>”</strong></span> <span class='ocrx_word' id='word_1_405' title='bbox 2216 2410 2424 2466; x_wconf 88' lang='lat' dir='ltr'><strong>dicibus</strong></span> <span class='ocrx_word' id='word_1_406' title='bbox 2467 2416 2523 2462; x_wconf 88' lang='lat' dir='ltr'><strong>et</strong></span> <span class='ocrx_word' id='word_1_407' title='bbox 2572 2404 2709 2459; x_wconf 87' lang='lat' dir='ltr'><strong>aliis.</strong></span> <span class='ocrx_word' id='word_1_408' title='bbox 2757 2403 2891 2459; x_wconf 79' lang='lat' dir='ltr'><strong>Male</strong></span> <span class='ocrx_word' id='word_1_409' title='bbox 2921 2416 3047 2456; x_wconf 82' lang='lat' dir='ltr'><strong>vem</strong></span> <span class='ocrx_word' id='word_1_410' title='bbox 3097 2402 3148 2454; x_wconf 92' lang='lat' dir='ltr'><strong>in</strong></span> <span class='ocrx_word' id='word_1_411' title='bbox 3196 2396 3537 2470; x_wconf 82' lang='lat' dir='ltr'><strong>quibusdam,</strong></span> <span class='ocrx_word' id='word_1_412' title='bbox 3582 2396 3819 2450; x_wconf 84' lang='lat' dir='ltr'><strong>oriuntur</strong></span> 
     </span>
    </p>
   </div>
   <div class='ocr_carea' id='block_1_57' title="bbox 2218 2486 3815 2564">
    <p class='ocr_par' dir='ltr' id='par_1_57' title="bbox 2218 2486 3815 2564">
     <span class='ocr_line' id='line_1_57' title="bbox 2218 2486 3815 2564; baseline -0.01 -7"><span class='ocrx_word' id='word_1_413' title='bbox 2218 2511 2272 2557; x_wconf 85' lang='lat' dir='ltr'><strong>et</strong></span> <span class='ocrx_word' id='word_1_414' title='bbox 2297 2508 2589 2556; x_wconf 88' lang='lat' dir='ltr'><strong>cernuntur.</strong></span> <span class='ocrx_word' id='word_1_415' title='bbox 2623 2495 2756 2552; x_wconf 85' lang='lat' dir='ltr'><strong>Nam</strong></span> <span class='ocrx_word' id='word_1_416' title='bbox 2808 2495 3012 2564; x_wconf 91' lang='lat' dir='ltr'><strong>ellipsis</strong></span> <span class='ocrx_word' id='word_1_417' title='bbox 3043 2501 3148 2560; x_wconf 87' lang='lat' dir='ltr'><strong>est,</strong></span> <span class='ocrx_word' id='word_1_418' title='bbox 3180 2501 3234 2547; x_wconf 90' lang='lat' dir='ltr'><strong>et</strong></span> <span class='ocrx_word' id='word_1_419' title='bbox 3274 2490 3344 2545; x_wconf 93' lang='lat' dir='ltr'><strong>ihi</strong></span> <span class='ocrx_word' id='word_1_420' title='bbox 3387 2486 3815 2544; x_wconf 85' lang='lat' dir='ltr'><strong>subaudiendum</strong></span> 
     </span>
    </p>
   </div>
   <div class='ocr_carea' id='block_1_58' title="bbox 2218 2580 3815 2651">
    <p class='ocr_par' dir='ltr' id='par_1_58' title="bbox 2218 2580 3815 2651">
     <span class='ocr_line' id='line_1_58' title="bbox 2218 2580 3815 2651; baseline -0.011 0"><span class='ocrx_word' id='word_1_421' title='bbox 2218 2606 2552 2651; x_wconf 85' lang='lat' dir='ltr'><strong>maturescere</strong></span> <span class='ocrx_word' id='word_1_422' title='bbox 2585 2600 2852 2647; x_wconf 85' lang='lat' dir='ltr'><strong>conantur.</strong></span> <span class='ocrx_word' id='word_1_423' title='bbox 2899 2588 3019 2643; x_wconf 81' lang='lat' dir='ltr'><strong>Alio</strong></span> <span class='ocrx_word' id='word_1_424' title='bbox 3059 2595 3238 2642; x_wconf 85' lang='lat' dir='ltr'><strong>autem</strong></span> <span class='ocrx_word' id='word_1_425' title='bbox 3273 2582 3325 2639; x_wconf 93' lang='lat' dir='ltr'><strong>in</strong></span> <span class='ocrx_word' id='word_1_426' title='bbox 3357 2584 3495 2639; x_wconf 89' lang='lat' dir='ltr'><strong>libro</strong></span> <span class='ocrx_word' id='word_1_427' title='bbox 3522 2601 3535 2637; x_wconf 73' lang='grc' dir='ltr'><em>ε</em></span> <span class='ocrx_word' id='word_1_428' title='bbox 3566 2580 3815 2649; x_wconf 83' lang='lat' dir='ltr'><strong>Impietas</strong></span> 
     </span>
    </p>
   </div>
   <div class='ocr_carea' id='block_1_59' title="bbox 2220 2673 3817 2759">
    <p class='ocr_par' dir='ltr' id='par_1_59' title="bbox 2220 2673 3817 2759">
     <span class='ocr_line' id='line_1_59' title="bbox 2220 2673 3817 2759; baseline -0.012 -15"><span class='ocrx_word' id='word_1_429' title='bbox 2220 2688 2411 2758; x_wconf 86' lang='lat' dir='ltr'><strong>inquit.</strong></span> <span class='ocrx_word' id='word_1_430' title='bbox 2444 2687 2638 2759; x_wconf 87' lang='lat' dir='ltr'><strong>ignium</strong></span> <span class='ocrx_word' id='word_1_431' title='bbox 2683 2683 2861 2739; x_wconf 84' lang='lat' dir='ltr'><strong>meruit</strong></span> <span class='ocrx_word' id='word_1_432' title='bbox 2908 2680 3110 2734; x_wconf 80' lang='lat' dir='ltr'><strong>imbres.</strong></span> <span class='ocrx_word' id='word_1_433' title='bbox 3168 2676 3432 2733; x_wconf 78' lang='lat' dir='ltr'><strong>Hactenus</strong></span> <span class='ocrx_word' id='word_1_434' title='bbox 3481 2673 3731 2738; x_wconf 86' lang='lat' dir='ltr'><strong>Sodoma,</strong></span> <span class='ocrx_word' id='word_1_435' title='bbox 3769 2680 3817 2726; x_wconf 85' lang='lat' dir='ltr'><strong>et</strong></span> 
     </span>
    </p>
   </div>
   <div class='ocr_carea' id='block_1_60' title="bbox 2219 2768 3814 2843">
    <p class='ocr_par' dir='ltr' id='par_1_60' title="bbox 2219 2768 3814 2843">
     <span class='ocr_line' id='line_1_60' title="bbox 2219 2768 3814 2843; baseline -0.009 -9"><span class='ocrx_word' id='word_1_436' title='bbox 2219 2779 2364 2834; x_wconf 80' lang='lat' dir='ltr'><strong>nulla</strong></span> <span class='ocrx_word' id='word_1_437' title='bbox 2390 2776 2706 2843; x_wconf 80' lang='lat' dir='ltr'><strong>Gomorrha,</strong></span> <span class='ocrx_word' id='word_1_438' title='bbox 2739 2788 2785 2830; x_wconf 85' lang='lat' dir='ltr'><strong>et</strong></span> <span class='ocrx_word' id='word_1_439' title='bbox 2828 2774 2956 2828; x_wconf 87' lang='lat' dir='ltr'><strong>cinis</strong></span> <span class='ocrx_word' id='word_1_440' title='bbox 2998 2773 3201 2835; x_wconf 83' lang='lat' dir='ltr'><strong>omnia,</strong></span> <span class='ocrx_word' id='word_1_441' title='bbox 3234 2780 3280 2823; x_wconf 85' lang='lat' dir='ltr'><strong>et</strong></span> <span class='ocrx_word' id='word_1_442' title='bbox 3324 2768 3678 2840; x_wconf 80' lang='lat' dir='ltr'><strong>propinquitas</strong></span> <span class='ocrx_word' id='word_1_443' title='bbox 3704 2781 3814 2820; x_wconf 89' lang='lat' dir='ltr'><strong>ma-</strong></span> 
     </span>
    </p>
   </div>
   <div class='ocr_carea' id='block_1_61' title="bbox 2218 2856 3813 2942">
    <p class='ocr_par' dir='ltr' id='par_1_61' title="bbox 2218 2856 3813 2942">
     <span class='ocr_line' id='line_1_61' title="bbox 2218 2856 3813 2942; baseline -0.01 -16"><span class='ocrx_word' id='word_1_444' title='bbox 2218 2871 2312 2935; x_wconf 88' lang='lat' dir='ltr'><strong>ris,</strong></span> <span class='ocrx_word' id='word_1_445' title='bbox 2330 2872 2489 2942; x_wconf 75' lang='lat' dir='ltr'><strong>juxta</strong></span> <span class='ocrx_word' id='word_1_446' title='bbox 2530 2886 2646 2925; x_wconf 87' lang='lat' dir='ltr'><strong>cum</strong></span> <span class='ocrx_word' id='word_1_447' title='bbox 2683 2867 2794 2922; x_wconf 92' lang='lat' dir='ltr'><strong>solo</strong></span> <span class='ocrx_word' id='word_1_448' title='bbox 2836 2862 3047 2920; x_wconf 78' lang='lat' dir='ltr'><strong>mortem</strong></span> <span class='ocrx_word' id='word_1_449' title='bbox 3090 2863 3206 2917; x_wconf 82' lang='lat' dir='ltr'><strong>vivit</strong></span> <span class='ocrx_word' id='word_1_450' title='bbox 3238 2860 3429 2934; x_wconf 76' lang='lat' dir='ltr'><strong>(Idem,</strong></span> <span class='ocrx_word' id='word_1_451' title='bbox 3461 2860 3550 2914; x_wconf 90' lang='lat' dir='ltr'><strong>lib.</strong></span> <span class='ocrx_word' id='word_1_452' title='bbox 3580 2859 3645 2912; x_wconf 87' lang='lat' dir='ltr'><strong>de</strong></span> <span class='ocrx_word' id='word_1_453' title='bbox 3672 2856 3813 2911; x_wconf 82' lang='lat' dir='ltr'><strong>Pall.</strong></span> 
     </span>
    </p>
   </div>
   <div class='ocr_carea' id='block_1_62' title="bbox 2218 2950 3816 3036">
    <p class='ocr_par' dir='ltr' id='par_1_62' title="bbox 2218 2950 3816 3036">
     <span class='ocr_line' id='line_1_62' title="bbox 2218 2950 3816 3036; baseline -0.01 -16"><span class='ocrx_word' id='word_1_454' title='bbox 2218 2981 2334 3036; x_wconf 85' lang='lat' dir='ltr'><strong>cap.</strong></span> <span class='ocrx_word' id='word_1_455' title='bbox 2375 2962 2458 3035; x_wconf 74' lang='lat'><strong>2).</strong></span> <span class='ocrx_word' id='word_1_456' title='bbox 2496 2960 2970 3018; x_wconf 76' lang='lat' dir='ltr'><strong>\‘erumenimvero</strong></span> <span class='ocrx_word' id='word_1_457' title='bbox 3009 2966 3190 3013; x_wconf 74' lang='lat' dir='ltr'><strong>narrat</strong></span> <span class='ocrx_word' id='word_1_458' title='bbox 3229 2954 3498 3024; x_wconf 83' lang='lat' dir='ltr'><strong>losephus</strong></span> <span class='ocrx_word' id='word_1_459' title='bbox 3545 2953 3614 3006; x_wconf 93' lang='lat' dir='ltr'><strong>ibi</strong></span> <span class='ocrx_word' id='word_1_460' title='bbox 3641 2950 3816 3006; x_wconf 87' lang='lat' dir='ltr'><strong>adhuc</strong></span> 
     </span>
    </p>
   </div>
   <div class='ocr_carea' id='block_1_63' title="bbox 2220 3045 3811 3129">
    <p class='ocr_par' dir='ltr' id='par_1_63' title="bbox 2220 3045 3811 3129">
     <span class='ocr_line' id='line_1_63' title="bbox 2220 3045 3811 3129; baseline -0.01 -15"><span class='ocrx_word' id='word_1_461' title='bbox 2220 3058 2390 3115; x_wconf 83' lang='lat' dir='ltr'><strong>videri</strong></span> <span class='ocrx_word' id='word_1_462' title='bbox 2419 3056 2674 3129; x_wconf 81' lang='lat' dir='ltr'><strong>reliquias</strong></span> <span class='ocrx_word' id='word_1_463' title='bbox 2718 3054 2855 3126; x_wconf 84' lang='lat' dir='ltr'><strong>ignis</strong></span> <span class='ocrx_word' id='word_1_464' title='bbox 2887 3052 3080 3118; x_wconf 86' lang='lat' dir='ltr'><strong>divini,</strong></span> <span class='ocrx_word' id='word_1_465' title='bbox 3112 3061 3166 3105; x_wconf 92' lang='lat' dir='ltr'><strong>et</strong></span> <span class='ocrx_word' id='word_1_466' title='bbox 3205 3049 3445 3120; x_wconf 88' lang='lat' dir='ltr'><strong>quinque</strong></span> <span class='ocrx_word' id='word_1_467' title='bbox 3489 3045 3811 3117; x_wconf 79' lang='lat' dir='ltr'><strong>oppidorum</strong></span> 
     </span>
    </p>
   </div>
   <div class='ocr_carea' id='block_1_64' title="bbox 2221 3137 3817 3222">
    <p class='ocr_par' dir='ltr' id='par_1_64' title="bbox 2221 3137 3817 3222">
     <span class='ocr_line' id='line_1_64' title="bbox 2221 3137 3817 3222; baseline -0.01 -15"><span class='ocrx_word' id='word_1_468' title='bbox 2221 3151 2484 3222; x_wconf 82' lang='lat' dir='ltr'><strong>imagines</strong></span> <span class='ocrx_word' id='word_1_469' title='bbox 2521 3151 2839 3219; x_wconf 82' lang='lat' dir='ltr'><strong>cineresque</strong></span> <span class='ocrx_word' id='word_1_470' title='bbox 2885 3153 3234 3202; x_wconf 81' lang='lat' dir='ltr'><strong>renascentes</strong></span> <span class='ocrx_word' id='word_1_471' title='bbox 3284 3158 3353 3198; x_wconf 80' lang='lat' dir='ltr'><strong>ex</strong></span> <span class='ocrx_word' id='word_1_472' title='bbox 3401 3139 3683 3203; x_wconf 82' lang='lat' dir='ltr'><strong>fructibus,</strong></span> <span class='ocrx_word' id='word_1_473' title='bbox 3724 3137 3817 3208; x_wconf 90' lang='lat' dir='ltr'><strong>qui</strong></span> 
     </span>
    </p>
   </div>
   <div class='ocr_carea' id='block_1_65' title="bbox 513 3230 3816 3327">
    <p class='ocr_par' dir='ltr' id='par_1_65' title="bbox 513 3230 3816 3327">
     <span class='ocr_line' id='line_1_65' title="bbox 513 3230 3816 3327; baseline -0.003 -20"><span class='ocrx_word' id='word_1_474' title='bbox 513 3264 562 3308; x_wconf 86' lang='lat' dir='ltr'><strong>et</strong></span> <span class='ocrx_word' id='word_1_475' title='bbox 587 3252 811 3309; x_wconf 76' lang='lat' dir='ltr'><strong>buccime</strong></span> <span class='ocrx_word' id='word_1_476' title='bbox 836 3255 1231 3326; x_wconf 84' lang='lat' dir='ltr'><strong>peregrinantur</strong></span> <span class='ocrx_word' id='word_1_477' title='bbox 1255 3256 1307 3309; x_wconf 91' lang='lat' dir='ltr'><strong>in</strong></span> <span class='ocrx_word' id='word_1_478' title='bbox 1333 3256 1605 3321; x_wconf 87' lang='lat' dir='ltr'><strong>montibus,</strong></span> <span class='ocrx_word' id='word_1_479' title='bbox 1623 3256 1881 3327; x_wconf 87' lang='lat' dir='ltr'><strong>cupientes</strong></span> <span class='ocrx_word' id='word_1_480' title='bbox 1909 3230 2118 3311; x_wconf 77' lang='lat' dir='ltr'><strong>Platoni</strong></span> <span class='ocrx_word' id='word_1_481' title='bbox 2144 3254 2189 3316; x_wconf 89' lang='lat' dir='ltr'>C</span> <span class='ocrx_word' id='word_1_482' title='bbox 2225 3244 2435 3300; x_wconf 70' lang='grc' dir='ltr'>ωηιθιεὶ</span> <span class='ocrx_word' id='word_1_483' title='bbox 2462 3241 2711 3298; x_wconf 71' lang='grc' dir='ltr'><strong>θάυιὶυιιε</strong></span> <span class='ocrx_word' id='word_1_484' title='bbox 2735 3239 2963 3303; x_wconf 67' lang='lat' dir='ltr'><strong>Similes.</strong></span> <span class='ocrx_word' id='word_1_485' title='bbox 2996 3236 3243 3293; x_wconf 68' lang='lat' dir='ltr'><strong>nlﬂﬂiblls</strong></span> <span class='ocrx_word' id='word_1_486' title='bbox 3274 3244 3452 3290; x_wconf 72' lang='grc' dir='ltr'><strong>ῑειηὶθη</strong></span> <span class='ocrx_word' id='word_1_487' title='bbox 3512 3231 3734 3327; x_wconf 45' lang='lat' dir='ltr'><strong>“Mucii.</strong></span> <span class='ocrx_word' id='word_1_488' title='bbox 3764 3230 3816 3327; x_wconf 47' lang='lat' dir='ltr'><strong>in</strong></span> 
     </span>
    </p>
   </div>
   <div class='ocr_carea' id='block_1_66' title="bbox 515 3346 2115 3420">
    <p class='ocr_par' dir='ltr' id='par_1_66' title="bbox 515 3346 2115 3420">
     <span class='ocr_line' id='line_1_66' title="bbox 515 3346 2115 3420; baseline 0.002 -20"><span class='ocrx_word' id='word_1_489' title='bbox 515 3349 734 3419; x_wconf 83' lang='lat' dir='ltr'><strong>probare</strong></span> <span class='ocrx_word' id='word_1_490' title='bbox 777 3348 930 3403; x_wconf 87' lang='lat' dir='ltr'><strong>etiam</strong></span> <span class='ocrx_word' id='word_1_491' title='bbox 978 3347 1142 3403; x_wconf 85' lang='lat' dir='ltr'><strong>ardua</strong></span> <span class='ocrx_word' id='word_1_492' title='bbox 1185 3350 1416 3419; x_wconf 80' lang='lat' dir='ltr'><strong>ﬂuitasse</strong></span> <span class='ocrx_word' id='word_1_493' title='bbox 1465 3346 1680 3420; x_wconf 84' lang='lat' dir='ltr'><strong>(Idem,</strong></span> <span class='ocrx_word' id='word_1_494' title='bbox 1728 3348 1820 3404; x_wconf 91' lang='lat' dir='ltr'><strong>lib.</strong></span> <span class='ocrx_word' id='word_1_495' title='bbox 1865 3349 1930 3404; x_wconf 87' lang='lat' dir='ltr'><strong>de</strong></span> <span class='ocrx_word' id='word_1_496' title='bbox 1976 3347 2115 3404; x_wconf 87' lang='lat' dir='ltr'><strong>Pall.</strong></span> 
     </span>
    </p>
   </div>
   <div class='ocr_carea' id='block_1_67' title="bbox 516 3441 2119 3515">
    <p class='ocr_par' dir='ltr' id='par_1_67' title="bbox 516 3441 2119 3515">
     <span class='ocr_line' id='line_1_67' title="bbox 516 3441 2119 3515; baseline 0 -17"><span class='ocrx_word' id='word_1_497' title='bbox 516 3460 635 3515; x_wconf 84' lang='lat' dir='ltr'><strong>cap.</strong></span> <span class='ocrx_word' id='word_1_498' title='bbox 665 3442 746 3515; x_wconf 72' lang='lat'><strong>2).</strong></span> <span class='ocrx_word' id='word_1_499' title='bbox 779 3442 951 3500; x_wconf 84' lang='lat' dir='ltr'><strong>Nemo</strong></span> <span class='ocrx_word' id='word_1_500' title='bbox 976 3452 1060 3499; x_wconf 90' lang='lat' dir='ltr'><strong>est</strong></span> <span class='ocrx_word' id='word_1_501' title='bbox 1083 3452 1290 3509; x_wconf 88' lang='lat' dir='ltr'><strong>autem,</strong></span> <span class='ocrx_word' id='word_1_502' title='bbox 1322 3442 1412 3513; x_wconf 88' lang='lat' dir='ltr'><strong>qui</strong></span> <span class='ocrx_word' id='word_1_503' title='bbox 1442 3457 1549 3497; x_wconf 92' lang='lat' dir='ltr'><strong>non</strong></span> <span class='ocrx_word' id='word_1_504' title='bbox 1583 3441 1842 3513; x_wconf 82' lang='lat' dir='ltr'><strong>intelligat</strong></span> <span class='ocrx_word' id='word_1_505' title='bbox 1870 3442 2017 3498; x_wconf 92' lang='lat' dir='ltr'><strong>illum</strong></span> <span class='ocrx_word' id='word_1_506' title='bbox 2046 3443 2119 3498; x_wconf 92' lang='lat' dir='ltr'><strong>ibi</strong></span> 
     </span>
    </p>
   </div>
   <div class='ocr_carea' id='block_1_68' title="bbox 515 3534 2120 3608">
    <p class='ocr_par' dir='ltr' id='par_1_68' title="bbox 515 3534 2120 3608">
     <span class='ocr_line' id='line_1_68' title="bbox 515 3534 2120 3608; baseline 0.001 -18"><span class='ocrx_word' id='word_1_507' title='bbox 515 3535 663 3608; x_wconf 88' lang='lat' dir='ltr'><strong>loqui</strong></span> <span class='ocrx_word' id='word_1_508' title='bbox 693 3536 763 3592; x_wconf 90' lang='lat' dir='ltr'><strong>de</strong></span> <span class='ocrx_word' id='word_1_509' title='bbox 787 3535 994 3592; x_wconf 91' lang='lat' dir='ltr'><strong>diluvio</strong></span> <span class='ocrx_word' id='word_1_510' title='bbox 1023 3537 1333 3603; x_wconf 84' lang='lat' dir='ltr'><strong>universali,</strong></span> <span class='ocrx_word' id='word_1_511' title='bbox 1379 3535 1523 3608; x_wconf 90' lang='lat' dir='ltr'><strong>quod</strong></span> <span class='ocrx_word' id='word_1_512' title='bbox 1573 3541 1625 3591; x_wconf 93' lang='lat' dir='ltr'><strong>in</strong></span> <span class='ocrx_word' id='word_1_513' title='bbox 1654 3551 1807 3591; x_wconf 86' lang='lat' dir='ltr'><strong>sacro</strong></span> <span class='ocrx_word' id='word_1_514' title='bbox 1845 3534 2120 3593; x_wconf 86' lang='lat' dir='ltr'><strong>Geneseos</strong></span> 
     </span>
    </p>
   </div>
   <div class='ocr_carea' id='block_1_69' title="bbox 518 3624 2119 3701">
    <p class='ocr_par' dir='ltr' id='par_1_69' title="bbox 518 3624 2119 3701">
     <span class='ocr_line' id='line_1_69' title="bbox 518 3624 2119 3701; baseline 0.002 -21"><span class='ocrx_word' id='word_1_515' title='bbox 518 3626 659 3683; x_wconf 91' lang='lat' dir='ltr'><strong>libro</strong></span> <span class='ocrx_word' id='word_1_516' title='bbox 695 3627 1021 3685; x_wconf 89' lang='lat' dir='ltr'><strong>describitur</strong></span> <span class='ocrx_word' id='word_1_517' title='bbox 1063 3627 1297 3701; x_wconf 80' lang='lat' dir='ltr'><strong>(Gencs.,</strong></span> <span class='ocrx_word' id='word_1_518' title='bbox 1329 3645 1445 3697; x_wconf 88' lang='lat' dir='ltr'><strong>cap.</strong></span> <span class='ocrx_word' id='word_1_519' title='bbox 1484 3627 1546 3682; x_wconf 76' lang='lat' dir='ltr'><strong>VI</strong></span> <span class='ocrx_word' id='word_1_520' title='bbox 1576 3638 1623 3682; x_wconf 90' lang='lat' dir='ltr'><strong>et</strong></span> <span class='ocrx_word' id='word_1_521' title='bbox 1667 3626 1794 3700; x_wconf 86' lang='lat' dir='ltr'><strong>\ll).</strong></span> <span class='ocrx_word' id='word_1_522' title='bbox 1844 3624 2119 3685; x_wconf 81' lang='lat' dir='ltr'><strong>Platonem</strong></span> 
     </span>
    </p>
   </div>
   <div class='ocr_carea' id='block_1_70' title="bbox 519 3719 2122 3799">
    <p class='ocr_par' dir='ltr' id='par_1_70' title="bbox 519 3719 2122 3799">
     <span class='ocr_line' id='line_1_70' title="bbox 519 3719 2122 3799; baseline 0.004 -27"><span class='ocrx_word' id='word_1_523' title='bbox 519 3733 653 3777; x_wconf 88' lang='lat' dir='ltr'><strong>vero</strong></span> <span class='ocrx_word' id='word_1_524' title='bbox 673 3719 743 3775; x_wconf 91' lang='lat' dir='ltr'><strong>ibi</strong></span> <span class='ocrx_word' id='word_1_525' title='bbox 767 3721 1013 3790; x_wconf 84' lang='lat' dir='ltr'><strong>corripit,</strong></span> <span class='ocrx_word' id='word_1_526' title='bbox 1039 3723 1130 3792; x_wconf 92' lang='lat' dir='ltr'><strong>qui</strong></span> <span class='ocrx_word' id='word_1_527' title='bbox 1153 3724 1441 3776; x_wconf 87' lang='lat' dir='ltr'><strong>arbitratus</strong></span> <span class='ocrx_word' id='word_1_528' title='bbox 1461 3730 1545 3776; x_wconf 89' lang='lat' dir='ltr'><strong>est</strong></span> <span class='ocrx_word' id='word_1_529' title='bbox 1569 3720 1727 3799; x_wconf 77' lang='lat' dir='ltr'><strong>hujus</strong></span> <span class='ocrx_word' id='word_1_530' title='bbox 1747 3721 1928 3778; x_wconf 86' lang='lat' dir='ltr'><strong>diluvii</strong></span> <span class='ocrx_word' id='word_1_531' title='bbox 1955 3736 2122 3795; x_wconf 89' lang='lat' dir='ltr'><strong>aquas</strong></span> 
     </span>
    </p>
   </div>
   <div class='ocr_carea' id='block_1_71' title="bbox 520 3813 2120 3886">
    <p class='ocr_par' dir='ltr' id='par_1_71' title="bbox 520 3813 2120 3886">
     <span class='ocr_line' id='line_1_71' title="bbox 520 3813 2120 3886; baseline 0.002 -18"><span class='ocrx_word' id='word_1_532' title='bbox 520 3813 589 3869; x_wconf 85' lang='lat' dir='ltr'><strong>ad</strong></span> <span class='ocrx_word' id='word_1_533' title='bbox 639 3829 848 3870; x_wconf 82' lang='lat' dir='ltr'><strong>summa</strong></span> <span class='ocrx_word' id='word_1_534' title='bbox 896 3830 1002 3870; x_wconf 89' lang='lat' dir='ltr'><strong>non</strong></span> <span class='ocrx_word' id='word_1_535' title='bbox 1050 3816 1364 3886; x_wconf 64' lang='lat' dir='ltr'><strong>pervenisse</strong></span> <span class='ocrx_word' id='word_1_536' title='bbox 1412 3816 1673 3871; x_wconf 88' lang='lat' dir='ltr'><strong>montium</strong></span> <span class='ocrx_word' id='word_1_537' title='bbox 1713 3814 2014 3882; x_wconf 89' lang='lat' dir='ltr'><strong>cacumina,</strong></span> <span class='ocrx_word' id='word_1_538' title='bbox 2069 3817 2120 3871; x_wconf 89' lang='lat' dir='ltr'><strong>in</strong></span> 
     </span>
    </p>
   </div>
   <div class='ocr_carea' id='block_1_72' title="bbox 518 3907 2120 3979">
    <p class='ocr_par' dir='ltr' id='par_1_72' title="bbox 518 3907 2120 3979">
     <span class='ocr_line' id='line_1_72' title="bbox 518 3907 2120 3979; baseline 0.003 -20"><span class='ocrx_word' id='word_1_539' title='bbox 518 3921 661 3979; x_wconf 62' lang='lat' dir='ltr'><strong>quae,</strong></span> <span class='ocrx_word' id='word_1_540' title='bbox 691 3907 767 3963; x_wconf 89' lang='lat' dir='ltr'><strong>uti</strong></span> <span class='ocrx_word' id='word_1_541' title='bbox 799 3908 888 3962; x_wconf 90' lang='lat' dir='ltr'><strong>ille</strong></span> <span class='ocrx_word' id='word_1_542' title='bbox 934 3908 1318 3972; x_wconf 86' lang='lat' dir='ltr'><strong>somniavcrat,</strong></span> <span class='ocrx_word' id='word_1_543' title='bbox 1372 3918 1613 3976; x_wconf 72' lang='lat' dir='ltr'><strong>pastores</strong></span> <span class='ocrx_word' id='word_1_544' title='bbox 1670 3907 1885 3979; x_wconf 90' lang='lat' dir='ltr'><strong>plurimi</strong></span> <span class='ocrx_word' id='word_1_545' title='bbox 1914 3924 2120 3964; x_wconf 76' lang='lat' dir='ltr'><strong>convo~</strong></span> 
     </span>
    </p>
   </div>
   <div class='ocr_carea' id='block_1_73' title="bbox 522 3999 2119 4069">
    <p class='ocr_par' dir='ltr' id='par_1_73' title="bbox 522 3999 2119 4069">
     <span class='ocr_line' id='line_1_73' title="bbox 522 3999 2119 4069; baseline 0.002 -16"><span class='ocrx_word' id='word_1_546' title='bbox 522 4000 717 4064; x_wconf 75' lang='lat' dir='ltr'><strong>lautos,</strong></span> <span class='ocrx_word' id='word_1_547' title='bbox 746 4014 867 4054; x_wconf 89' lang='lat' dir='ltr'><strong>cum</strong></span> <span class='ocrx_word' id='word_1_548' title='bbox 895 4000 1015 4054; x_wconf 89' lang='lat' dir='ltr'><strong>aliis</strong></span> <span class='ocrx_word' id='word_1_549' title='bbox 1046 4015 1149 4053; x_wconf 88' lang='lat' dir='ltr'><strong>non</strong></span> <span class='ocrx_word' id='word_1_550' title='bbox 1173 4000 1347 4055; x_wconf 81' lang='lat' dir='ltr'><strong>fecere</strong></span> <span class='ocrx_word' id='word_1_551' title='bbox 1370 4000 1703 4069; x_wconf 76' lang='lat' dir='ltr'><strong>naufragium</strong></span> <span class='ocrx_word' id='word_1_552' title='bbox 1732 3999 1968 4064; x_wconf 83' lang='lat' dir='ltr'><strong>(Platon.</strong></span> <span class='ocrx_word' id='word_1_553' title='bbox 1997 4011 2119 4057; x_wconf 90' lang='lat' dir='ltr'><strong>tom.</strong></span> 
     </span>
    </p>
   </div>
   <div class='ocr_carea' id='block_1_74' title="bbox 522 4087 2121 4166">
    <p class='ocr_par' dir='ltr' id='par_1_74' title="bbox 522 4087 2121 4166">
     <span class='ocr_line' id='line_1_74' title="bbox 522 4087 2121 4166; baseline 0.004 -24"><span class='ocrx_word' id='word_1_554' title='bbox 522 4087 588 4151; x_wconf 88' lang='lat' dir='ltr'><strong>ll,</strong></span> <span class='ocrx_word' id='word_1_555' title='bbox 612 4087 703 4144; x_wconf 87' lang='lat' dir='ltr'><strong>lib.</strong></span> <span class='ocrx_word' id='word_1_556' title='bbox 724 4087 789 4144; x_wconf 91' lang='lat' dir='ltr'><strong>Ill</strong></span> <span class='ocrx_word' id='word_1_557' title='bbox 807 4091 867 4144; x_wconf 88' lang='lat' dir='ltr'><strong>de</strong></span> <span class='ocrx_word' id='word_1_558' title='bbox 891 4091 1043 4163; x_wconf 85' lang='lat' dir='ltr'><strong>legib.</strong></span> <span class='ocrx_word' id='word_1_559' title='bbox 1075 4108 1195 4160; x_wconf 85' lang='lat' dir='ltr'><strong>pag.</strong></span> <span class='ocrx_word' id='word_1_560' title='bbox 1223 4093 1346 4156; x_wconf 77' lang='lat'><strong>077;</strong></span> <span class='ocrx_word' id='word_1_561' title='bbox 1370 4102 1417 4145; x_wconf 84' lang='lat' dir='ltr'><strong>et</strong></span> <span class='ocrx_word' id='word_1_562' title='bbox 1442 4102 1565 4146; x_wconf 77' lang='lat' dir='ltr'><strong>toni.</strong></span> <span class='ocrx_word' id='word_1_563' title='bbox 1599 4090 1664 4147; x_wconf 85' lang='lat' dir='ltr'><strong>Ill</strong></span> <span class='ocrx_word' id='word_1_564' title='bbox 1696 4091 1829 4148; x_wconf 84' lang='lat' dir='ltr'><strong>Tun.</strong></span> <span class='ocrx_word' id='word_1_565' title='bbox 1862 4111 1982 4166; x_wconf 89' lang='lat' dir='ltr'><strong>pag.</strong></span> <span class='ocrx_word' id='word_1_566' title='bbox 2004 4094 2121 4166; x_wconf 62' lang='grc' dir='ltr'>εἰ).</span> 
     </span>
    </p>
   </div>
   <div class='ocr_carea' id='block_1_75' title="bbox 525 4178 2123 4253">
    <p class='ocr_par' dir='ltr' id='par_1_75' title="bbox 525 4178 2123 4253">
     <span class='ocr_line' id='line_1_75' title="bbox 525 4178 2123 4253; baseline 0.005 -18"><span class='ocrx_word' id='word_1_567' title='bbox 525 4178 739 4247; x_wconf 75' lang='lat' dir='ltr'><strong>Falsum</strong></span> <span class='ocrx_word' id='word_1_568' title='bbox 785 4198 912 4238; x_wconf 86' lang='lat' dir='ltr'><strong>vero</strong></span> <span class='ocrx_word' id='word_1_569' title='bbox 936 4183 1072 4238; x_wconf 88' lang='lat' dir='ltr'><strong>hanc</strong></span> <span class='ocrx_word' id='word_1_570' title='bbox 1098 4185 1404 4253; x_wconf 77' lang='lat' dir='ltr'><strong>Opinionem</strong></span> <span class='ocrx_word' id='word_1_571' title='bbox 1439 4183 1562 4249; x_wconf 79' lang='lat' dir='ltr'><strong>inde</strong></span> <span class='ocrx_word' id='word_1_572' title='bbox 1589 4188 1791 4240; x_wconf 79' lang='lat' dir='ltr'><strong>Auctor</strong></span> <span class='ocrx_word' id='word_1_573' title='bbox 1820 4199 2005 4242; x_wconf 90' lang='lat' dir='ltr'><strong>noster</strong></span> <span class='ocrx_word' id='word_1_574' title='bbox 2034 4204 2123 4244; x_wconf 90' lang='lat' dir='ltr'><strong>re-</strong></span> 
     </span>
    </p>
   </div>
   <div class='ocr_carea' id='block_1_76' title="bbox 516 4273 2125 4344">
    <p class='ocr_par' dir='ltr' id='par_1_76' title="bbox 516 4273 2125 4344">
     <span class='ocr_line' id='line_1_76' title="bbox 516 4273 2125 4344; baseline 0.006 -18"><span class='ocrx_word' id='word_1_575' title='bbox 516 4273 679 4337; x_wconf 78' lang='lat' dir='ltr'><strong>fellit,</strong></span> <span class='ocrx_word' id='word_1_576' title='bbox 727 4275 868 4344; x_wconf 91' lang='lat' dir='ltr'><strong>quod</strong></span> <span class='ocrx_word' id='word_1_577' title='bbox 902 4276 955 4330; x_wconf 92' lang='lat' dir='ltr'><strong>iu</strong></span> <span class='ocrx_word' id='word_1_578' title='bbox 1011 4279 1283 4332; x_wconf 89' lang='lat' dir='ltr'><strong>montibus</strong></span> <span class='ocrx_word' id='word_1_579' title='bbox 1312 4278 1566 4335; x_wconf 15' lang='lat' dir='ltr'><strong>{iuventte</strong></span> <span class='ocrx_word' id='word_1_580' title='bbox 1616 4277 1812 4335; x_wconf 78' lang='lat' dir='ltr'><strong>fuerint</strong></span> <span class='ocrx_word' id='word_1_581' title='bbox 1841 4283 2052 4336; x_wconf 72' lang='lat' dir='ltr'><strong>concha:</strong></span> <span class='ocrx_word' id='word_1_582' title='bbox 2079 4292 2125 4336; x_wconf 89' lang='lat' dir='ltr'><strong>et</strong></span> 
     </span>
    </p>
   </div>
   <div class='ocr_carea' id='block_1_77' title="bbox 525 4366 2128 4443">
    <p class='ocr_par' dir='ltr' id='par_1_77' title="bbox 525 4366 2128 4443">
     <span class='ocr_line' id='line_1_77' title="bbox 525 4366 2128 4443; baseline 0.006 -24"><span class='ocrx_word' id='word_1_583' title='bbox 525 4366 770 4433; x_wconf 67' lang='lat' dir='ltr'><strong>buccinae,</strong></span> <span class='ocrx_word' id='word_1_584' title='bbox 817 4368 928 4422; x_wconf 86' lang='lat' dir='ltr'><strong>sive</strong></span> <span class='ocrx_word' id='word_1_585' title='bbox 960 4368 1203 4438; x_wconf 85' lang='lat' dir='ltr'><strong>buccina,</strong></span> <span class='ocrx_word' id='word_1_586' title='bbox 1235 4379 1291 4424; x_wconf 92' lang='lat' dir='ltr'><strong>ut</strong></span> <span class='ocrx_word' id='word_1_587' title='bbox 1317 4371 1395 4424; x_wconf 87' lang='lat' dir='ltr'><strong>ait</strong></span> <span class='ocrx_word' id='word_1_588' title='bbox 1422 4371 1647 4439; x_wconf 64' lang='lat' dir='ltr'><strong>Plinius,</strong></span> <span class='ocrx_word' id='word_1_589' title='bbox 1680 4373 1769 4443; x_wconf 86' lang='lat' dir='ltr'><strong>qui</strong></span> <span class='ocrx_word' id='word_1_590' title='bbox 1799 4372 2001 4429; x_wconf 88' lang='lat' dir='ltr'><strong>ibidem</strong></span> <span class='ocrx_word' id='word_1_591' title='bbox 2030 4374 2128 4429; x_wconf 88' lang='lat' dir='ltr'><strong>ob-</strong></span> 
     </span>
    </p>
   </div>
   <div class='ocr_carea' id='block_1_78' title="bbox 528 4461 2118 4536">
    <p class='ocr_par' dir='ltr' id='par_1_78' title="bbox 528 4461 2118 4536">
     <span class='ocr_line' id='line_1_78' title="bbox 528 4461 2118 4536; baseline 0.006 -21"><span class='ocrx_word' id='word_1_592' title='bbox 528 4470 706 4516; x_wconf 76' lang='lat' dir='ltr'><strong>servat</strong></span> <span class='ocrx_word' id='word_1_593' title='bbox 736 4461 839 4516; x_wconf 84' lang='lat' dir='ltr'><strong>hoc</strong></span> <span class='ocrx_word' id='word_1_594' title='bbox 864 4462 1042 4517; x_wconf 89' lang='lat' dir='ltr'><strong>minus</strong></span> <span class='ocrx_word' id='word_1_595' title='bbox 1062 4478 1182 4518; x_wconf 84' lang='lat' dir='ltr'><strong>esse</strong></span> <span class='ocrx_word' id='word_1_596' title='bbox 1208 4465 1533 4521; x_wconf 79' lang='lat' dir='ltr'><strong>concharum</strong></span> <span class='ocrx_word' id='word_1_597' title='bbox 1578 4481 1766 4536; x_wconf 82' lang='lat' dir='ltr'><strong>genus,</strong></span> <span class='ocrx_word' id='word_1_598' title='bbox 1816 4469 1868 4523; x_wconf 89' lang='lat' dir='ltr'><strong>in</strong></span> <span class='ocrx_word' id='word_1_599' title='bbox 1909 4467 2118 4525; x_wconf 91' lang='lat' dir='ltr'><strong>bnccini</strong></span> 
     </span>
    </p>
   </div>
   <div class='ocr_carea' id='block_1_79' title="bbox 525 4555 2123 4635">
    <p class='ocr_par' dir='ltr' id='par_1_79' title="bbox 525 4555 2123 4635">
     <span class='ocr_line' id='line_1_79' title="bbox 525 4555 2123 4635; baseline 0.005 -25"><span class='ocrx_word' id='word_1_600' title='bbox 525 4570 620 4610; x_wconf 80' lang='lat' dir='ltr'><strong>seu</strong></span> <span class='ocrx_word' id='word_1_601' title='bbox 645 4555 783 4610; x_wconf 71' lang='lat' dir='ltr'><strong>tubae</strong></span> <span class='ocrx_word' id='word_1_602' title='bbox 810 4555 1414 4627; x_wconf 73' lang='lat' dir='ltr'><strong>similitudinem(l’lin.,</strong></span> <span class='ocrx_word' id='word_1_603' title='bbox 1436 4560 1523 4614; x_wconf 77' lang='lat' dir='ltr'><strong>lib.</strong></span> <span class='ocrx_word' id='word_1_604' title='bbox 1553 4560 1623 4615; x_wconf 79' lang='lat' dir='ltr'><strong>IX</strong></span> <span class='ocrx_word' id='word_1_605' title='bbox 1644 4571 1814 4617; x_wconf 88' lang='lat' dir='ltr'><strong>natur.</strong></span> <span class='ocrx_word' id='word_1_606' title='bbox 1841 4560 1979 4619; x_wconf 83' lang='lat' dir='ltr'><strong>Hist.</strong></span> <span class='ocrx_word' id='word_1_607' title='bbox 2004 4580 2123 4635; x_wconf 90' lang='lat' dir='ltr'><strong>cap.</strong></span> 
     </span>
    </p>
   </div>
   <div class='ocr_carea' id='block_1_80' title="bbox 2224 3323 3816 3399">
    <p class='ocr_par' dir='ltr' id='par_1_80' title="bbox 2224 3323 3816 3399">
     <span class='ocr_line' id='line_1_80' title="bbox 2224 3323 3816 3399; baseline -0.011 -4"><span class='ocrx_word' id='word_1_608' title='bbox 2224 3339 2426 3395; x_wconf 81' lang='lat' dir='ltr'><strong>fumum</strong></span> <span class='ocrx_word' id='word_1_609' title='bbox 2459 3345 2515 3391; x_wconf 83' lang='lat' dir='ltr'><strong>et</strong></span> <span class='ocrx_word' id='word_1_610' title='bbox 2538 3337 2775 3392; x_wconf 90' lang='lat' dir='ltr'><strong>cinerem</strong></span> <span class='ocrx_word' id='word_1_611' title='bbox 2824 3332 3192 3389; x_wconf 84' lang='lat' dir='ltr'><strong>dissolvuntur</strong></span> <span class='ocrx_word' id='word_1_612' title='bbox 3241 3328 3482 3399; x_wconf 52' lang='lat' dir='ltr'><strong>(Ioseph;</strong></span> <span class='ocrx_word' id='word_1_613' title='bbox 3535 3326 3625 3383; x_wconf 88' lang='lat' dir='ltr'><strong>lib.</strong></span> <span class='ocrx_word' id='word_1_614' title='bbox 3660 3323 3703 3380; x_wconf 72' lang='grc' dir='ltr'><strong>γ</strong></span> <span class='ocrx_word' id='word_1_615' title='bbox 3752 3325 3816 3379; x_wconf 86' lang='lat' dir='ltr'><strong>de</strong></span> 
     </span>
    </p>
   </div>
   <div class='ocr_carea' id='block_1_81' title="bbox 2222 3412 3819 3496">
    <p class='ocr_par' dir='ltr' id='par_1_81' title="bbox 2222 3412 3819 3496">
     <span class='ocr_line' id='line_1_81' title="bbox 2222 3412 3819 3496; baseline -0.011 -7"><span class='ocrx_word' id='word_1_616' title='bbox 2222 3431 2367 3488; x_wconf 89' lang='lat' dir='ltr'><strong>Bello</strong></span> <span class='ocrx_word' id='word_1_617' title='bbox 2411 3430 2654 3486; x_wconf 71' lang='lat' dir='ltr'><strong>Iudaico.</strong></span> <span class='ocrx_word' id='word_1_618' title='bbox 2725 3444 2842 3493; x_wconf 89' lang='lat' dir='ltr'><strong>cap.</strong></span> <span class='ocrx_word' id='word_1_619' title='bbox 2913 3426 2970 3489; x_wconf 83' lang='lat'><strong>5,</strong></span> <span class='ocrx_word' id='word_1_620' title='bbox 3027 3412 3163 3496; x_wconf 36' lang='lat' dir='ltr'><strong>pag.‘</strong></span> <span class='ocrx_word' id='word_1_621' title='bbox 3199 3421 3366 3493; x_wconf 71' lang='lat'><strong>892).</strong></span> <span class='ocrx_word' id='word_1_622' title='bbox 3441 3419 3585 3489; x_wconf 86' lang='lat' dir='ltr'><strong>Quin</strong></span> <span class='ocrx_word' id='word_1_623' title='bbox 3657 3417 3819 3474; x_wconf 84' lang='lat' dir='ltr'><strong>etiam</strong></span> 
     </span>
    </p>
   </div>
   <div class='ocr_carea' id='block_1_82' title="bbox 2221 3516 3811 3600">
    <p class='ocr_par' dir='ltr' id='par_1_82' title="bbox 2221 3516 3811 3600">
     <span class='ocr_line' id='line_1_82' title="bbox 2221 3516 3811 3600; baseline -0.014 -15"><span class='ocrx_word' id='word_1_624' title='bbox 2221 3527 2549 3600; x_wconf 75' lang='lat' dir='ltr'><strong>Augustinus</strong></span> <span class='ocrx_word' id='word_1_625' title='bbox 2587 3523 2782 3579; x_wconf 87' lang='lat' dir='ltr'><strong>asserit</strong></span> <span class='ocrx_word' id='word_1_626' title='bbox 2808 3520 2938 3576; x_wconf 88' lang='lat' dir='ltr'><strong>illud</strong></span> <span class='ocrx_word' id='word_1_627' title='bbox 2984 3518 3259 3590; x_wconf 78' lang='lat' dir='ltr'><strong>gentilium</strong></span> <span class='ocrx_word' id='word_1_628' title='bbox 3309 3516 3634 3584; x_wconf 65' lang='lat' dir='ltr'><strong>scriptorum</strong></span> <span class='ocrx_word' id='word_1_629' title='bbox 3680 3524 3811 3565; x_wconf 86' lang='lat' dir='ltr'><strong>auc-</strong></span> 
     </span>
    </p>
   </div>
   <div class='ocr_carea' id='block_1_83' title="bbox 2222 3603 3814 3685">
    <p class='ocr_par' dir='ltr' id='par_1_83' title="bbox 2222 3603 3814 3685">
     <span class='ocr_line' id='line_1_83' title="bbox 2222 3603 3814 3685; baseline -0.012 -7"><span class='ocrx_word' id='word_1_630' title='bbox 2222 3622 2438 3678; x_wconf 85' lang='lat' dir='ltr'><strong>toritate</strong></span> <span class='ocrx_word' id='word_1_631' title='bbox 2498 3615 2832 3673; x_wconf 86' lang='lat' dir='ltr'><strong>corroborari</strong></span> <span class='ocrx_word' id='word_1_632' title='bbox 2900 3615 3136 3685; x_wconf 72' lang='lat' dir='ltr'><strong>(August.</strong></span> <span class='ocrx_word' id='word_1_633' title='bbox 3192 3610 3280 3664; x_wconf 86' lang='lat' dir='ltr'><strong>lib.</strong></span> <span class='ocrx_word' id='word_1_634' title='bbox 3346 3605 3487 3670; x_wconf 75' lang='lat' dir='ltr'><strong>XXI.</strong></span> <span class='ocrx_word' id='word_1_635' title='bbox 3541 3606 3606 3659; x_wconf 87' lang='lat' dir='ltr'><strong>de</strong></span> <span class='ocrx_word' id='word_1_636' title='bbox 3661 3603 3814 3660; x_wconf 82' lang='lat' dir='ltr'><strong>Civil.</strong></span> 
     </span>
    </p>
   </div>
   <div class='ocr_carea' id='block_1_84' title="bbox 2223 3697 3821 3785">
    <p class='ocr_par' dir='ltr' id='par_1_84' title="bbox 2223 3697 3821 3785">
     <span class='ocr_line' id='line_1_84' title="bbox 2223 3697 3821 3785; baseline -0.01 -16"><span class='ocrx_word' id='word_1_637' title='bbox 2223 3730 2339 3785; x_wconf 89' lang='lat' dir='ltr'><strong>cap.</strong></span> <span class='ocrx_word' id='word_1_638' title='bbox 2391 3715 2447 3780; x_wconf 81' lang='grc'><strong>5,</strong></span> <span class='ocrx_word' id='word_1_639' title='bbox 2480 3730 2599 3784; x_wconf 86' lang='lat' dir='ltr'><strong>pag.</strong></span> <span class='ocrx_word' id='word_1_640' title='bbox 2632 3710 2782 3784; x_wconf 73' lang='lat'><strong>629).</strong></span> <span class='ocrx_word' id='word_1_641' title='bbox 2831 3708 2886 3765; x_wconf 83' lang='lat' dir='ltr'><strong>Si</strong></span> <span class='ocrx_word' id='word_1_642' title='bbox 2939 3708 3059 3779; x_wconf 88' lang='lat' dir='ltr'><strong>quis</strong></span> <span class='ocrx_word' id='word_1_643' title='bbox 3099 3720 3227 3761; x_wconf 87' lang='lat' dir='ltr'><strong>vero</strong></span> <span class='ocrx_word' id='word_1_644' title='bbox 3257 3705 3486 3775; x_wconf 82' lang='lat' dir='ltr'><strong>aliquem</strong></span> <span class='ocrx_word' id='word_1_645' title='bbox 3516 3700 3618 3756; x_wconf 83' lang='lat' dir='ltr'><strong>sibi</strong></span> <span class='ocrx_word' id='word_1_646' title='bbox 3661 3697 3821 3755; x_wconf 82' lang='lat' dir='ltr'><strong>citari</strong></span> 
     </span>
    </p>
   </div>
   <div class='ocr_carea' id='block_1_85' title="bbox 2224 3793 3815 3877">
    <p class='ocr_par' dir='ltr' id='par_1_85' title="bbox 2224 3793 3815 3877">
     <span class='ocr_line' id='line_1_85' title="bbox 2224 3793 3815 3877; baseline -0.011 -14"><span class='ocrx_word' id='word_1_647' title='bbox 2224 3808 2374 3874; x_wconf 85' lang='lat' dir='ltr'><strong>velit,</strong></span> <span class='ocrx_word' id='word_1_648' title='bbox 2430 3811 2537 3862; x_wconf 89' lang='lat' dir='ltr'><strong>cito</strong></span> <span class='ocrx_word' id='word_1_649' title='bbox 2601 3805 2818 3877; x_wconf 90' lang='lat' dir='ltr'><strong>quidem</strong></span> <span class='ocrx_word' id='word_1_650' title='bbox 2871 3802 3119 3858; x_wconf 86' lang='lat' dir='ltr'><strong>dabimus</strong></span> <span class='ocrx_word' id='word_1_651' title='bbox 3187 3797 3493 3854; x_wconf 75' lang='lat' dir='ltr'><strong>Cornelium</strong></span> <span class='ocrx_word' id='word_1_652' title='bbox 3545 3793 3815 3857; x_wconf 80' lang='lat' dir='ltr'><strong>Tacitum,</strong></span> 
     </span>
    </p>
   </div>
   <div class='ocr_carea' id='block_1_86' title="bbox 2224 3886 3827 3975">
    <p class='ocr_par' dir='ltr' id='par_1_86' title="bbox 2224 3886 3827 3975">
     <span class='ocr_line' id='line_1_86' title="bbox 2224 3886 3827 3975; baseline -0.014 -13"><span class='ocrx_word' id='word_1_653' title='bbox 2224 3903 2377 3975; x_wconf 87' lang='lat' dir='ltr'><strong>cujus</strong></span> <span class='ocrx_word' id='word_1_654' title='bbox 2406 3902 2521 3957; x_wconf 74' lang='lat' dir='ltr'><strong>hzcc</strong></span> <span class='ocrx_word' id='word_1_655' title='bbox 2550 3910 2676 3958; x_wconf 90' lang='lat' dir='ltr'><strong>sunt</strong></span> <span class='ocrx_word' id='word_1_656' title='bbox 2707 3898 2871 3954; x_wconf 90' lang='lat' dir='ltr'><strong>verba</strong></span> <span class='ocrx_word' id='word_1_657' title='bbox 2902 3914 2915 3951; x_wconf 90' lang='lat'><strong>:</strong></span> <span class='ocrx_word' id='word_1_658' title='bbox 2963 3893 3119 3950; x_wconf 83' lang='lat' dir='ltr'><strong>Haud</strong></span> <span class='ocrx_word' id='word_1_659' title='bbox 3166 3893 3344 3964; x_wconf 88' lang='lat' dir='ltr'><strong>procul</strong></span> <span class='ocrx_word' id='word_1_660' title='bbox 3387 3890 3524 3957; x_wconf 83' lang='lat' dir='ltr'><strong>inde,</strong></span> <span class='ocrx_word' id='word_1_661' title='bbox 3554 3904 3584 3942; x_wconf 90' lang='lat' dir='ltr'><strong>a</strong></span> <span class='ocrx_word' id='word_1_662' title='bbox 3614 3886 3827 3943; x_wconf 76' lang='lat' dir='ltr'><strong>Mortuo</strong></span> 
     </span>
    </p>
   </div>
   <div class='ocr_carea' id='block_1_87' title="bbox 2226 3983 3832 4062">
    <p class='ocr_par' dir='ltr' id='par_1_87' title="bbox 2226 3983 3832 4062">
     <span class='ocr_line' id='line_1_87' title="bbox 2226 3983 3832 4062; baseline -0.013 -8"><span class='ocrx_word' id='word_1_663' title='bbox 2226 3999 2430 4054; x_wconf 88' lang='lat' dir='ltr'><strong>scilicet</strong></span> <span class='ocrx_word' id='word_1_664' title='bbox 2460 3996 2615 4059; x_wconf 89' lang='lat' dir='ltr'><strong>mari,</strong></span> <span class='ocrx_word' id='word_1_665' title='bbox 2649 3991 2816 4062; x_wconf 87' lang='lat' dir='ltr'><strong>campi</strong></span> <span class='ocrx_word' id='word_1_666' title='bbox 2832 4006 2957 4062; x_wconf 89' lang='lat' dir='ltr'><strong>quos</strong></span> <span class='ocrx_word' id='word_1_667' title='bbox 2984 3994 3151 4062; x_wconf 87' lang='lat' dir='ltr'><strong>ferunt</strong></span> <span class='ocrx_word' id='word_1_668' title='bbox 3174 3989 3295 4042; x_wconf 91' lang='lat' dir='ltr'><strong>olim</strong></span> <span class='ocrx_word' id='word_1_669' title='bbox 3316 3986 3509 4053; x_wconf 86' lang='lat' dir='ltr'><strong>uberes,</strong></span> <span class='ocrx_word' id='word_1_670' title='bbox 3531 3983 3832 4056; x_wconf 79' lang='lat' dir='ltr'><strong>magnisque</strong></span> 
     </span>
    </p>
   </div>
   <div class='ocr_carea' id='block_1_88' title="bbox 2226 4084 3828 4158">
    <p class='ocr_par' dir='ltr' id='par_1_88' title="bbox 2226 4084 3828 4158">
     <span class='ocr_line' id='line_1_88' title="bbox 2226 4084 3828 4158; baseline -0.012 -11"><span class='ocrx_word' id='word_1_671' title='bbox 2226 4091 2433 4148; x_wconf 83' lang='lat' dir='ltr'><strong>urbibus</strong></span> <span class='ocrx_word' id='word_1_672' title='bbox 2459 4092 2728 4154; x_wconf 85' lang='lat' dir='ltr'><strong>habitatos,</strong></span> <span class='ocrx_word' id='word_1_673' title='bbox 2771 4087 3045 4158; x_wconf 79' lang='lat' dir='ltr'><strong>fulminum</strong></span> <span class='ocrx_word' id='word_1_674' title='bbox 3080 4085 3229 4155; x_wconf 87' lang='lat' dir='ltr'><strong>jactu</strong></span> <span class='ocrx_word' id='word_1_675' title='bbox 3274 4084 3478 4147; x_wconf 87' lang='lat' dir='ltr'><strong>arsisse,</strong></span> <span class='ocrx_word' id='word_1_676' title='bbox 3525 4087 3571 4132; x_wconf 90' lang='lat' dir='ltr'><strong>et</strong></span> <span class='ocrx_word' id='word_1_677' title='bbox 3617 4089 3828 4130; x_wconf 82' lang='lat' dir='ltr'><strong>manere</strong></span> 
     </span>
    </p>
   </div>
   <div class='ocr_carea' id='block_1_89' title="bbox 2228 4171 3838 4255">
    <p class='ocr_par' dir='ltr' id='par_1_89' title="bbox 2228 4171 3838 4255">
     <span class='ocr_line' id='line_1_89' title="bbox 2228 4171 3838 4255; baseline -0.012 -15"><span class='ocrx_word' id='word_1_678' title='bbox 2228 4185 2457 4255; x_wconf 85' lang='lat' dir='ltr'><strong>vestigia,</strong></span> <span class='ocrx_word' id='word_1_679' title='bbox 2486 4194 2769 4253; x_wconf 88' lang='lat' dir='ltr'><strong>terramque</strong></span> <span class='ocrx_word' id='word_1_680' title='bbox 2810 4180 2975 4249; x_wconf 78' lang='lat' dir='ltr'><strong>specie</strong></span> <span class='ocrx_word' id='word_1_681' title='bbox 2999 4176 3247 4231; x_wconf 87' lang='lat' dir='ltr'><strong>torridam</strong></span> <span class='ocrx_word' id='word_1_682' title='bbox 3267 4175 3363 4228; x_wconf 84' lang='lat' dir='ltr'><strong>vim</strong></span> <span class='ocrx_word' id='word_1_683' title='bbox 3386 4171 3685 4245; x_wconf 73' lang='lat' dir='ltr'><strong>frugiferam</strong></span> <span class='ocrx_word' id='word_1_684' title='bbox 3714 4183 3838 4238; x_wconf 82' lang='lat' dir='ltr'><strong>per-</strong></span> 
     </span>
    </p>
   </div>
   <div class='ocr_carea' id='block_1_90' title="bbox 2228 4264 3836 4346">
    <p class='ocr_par' dir='ltr' id='par_1_90' title="bbox 2228 4264 3836 4346">
     <span class='ocr_line' id='line_1_90' title="bbox 2228 4264 3836 4346; baseline -0.011 -12"><span class='ocrx_word' id='word_1_685' title='bbox 2228 4279 2419 4334; x_wconf 84' lang='lat' dir='ltr'><strong>didisse</strong></span> <span class='ocrx_word' id='word_1_686' title='bbox 2441 4320 2456 4341; x_wconf 87' lang='grc'><em>,</em></span> <span class='ocrx_word' id='word_1_687' title='bbox 2481 4294 2599 4331; x_wconf 92' lang='lat' dir='ltr'><strong>nam</strong></span> <span class='ocrx_word' id='word_1_688' title='bbox 2638 4285 2820 4331; x_wconf 86' lang='lat' dir='ltr'><strong>cuncta</strong></span> <span class='ocrx_word' id='word_1_689' title='bbox 2864 4284 3044 4346; x_wconf 86' lang='lat' dir='ltr'><strong>sponte</strong></span> <span class='ocrx_word' id='word_1_690' title='bbox 3072 4272 3227 4337; x_wconf 89' lang='lat' dir='ltr'><strong>edita,</strong></span> <span class='ocrx_word' id='word_1_691' title='bbox 3260 4280 3348 4325; x_wconf 89' lang='lat' dir='ltr'><strong>aut</strong></span> <span class='ocrx_word' id='word_1_692' title='bbox 3381 4284 3535 4322; x_wconf 87' lang='lat' dir='ltr'><strong>manu</strong></span> <span class='ocrx_word' id='word_1_693' title='bbox 3566 4274 3698 4329; x_wconf 88' lang='lat' dir='ltr'><strong>sata,</strong></span> <span class='ocrx_word' id='word_1_694' title='bbox 3727 4264 3836 4319; x_wconf 78' lang='lat' dir='ltr'><strong>sive</strong></span> 
     </span>
    </p>
   </div>
   <div class='ocr_carea' id='block_1_91' title="bbox 2230 4359 3828 4442">
    <p class='ocr_par' dir='ltr' id='par_1_91' title="bbox 2230 4359 3828 4442">
     <span class='ocr_line' id='line_1_91' title="bbox 2230 4359 3828 4442; baseline -0.011 -14"><span class='ocrx_word' id='word_1_695' title='bbox 2230 4373 2384 4428; x_wconf 84' lang='lat' dir='ltr'><strong>herba</strong></span> <span class='ocrx_word' id='word_1_696' title='bbox 2405 4382 2569 4439; x_wconf 88' lang='lat' dir='ltr'><strong>tenus,</strong></span> <span class='ocrx_word' id='word_1_697' title='bbox 2598 4381 2687 4425; x_wconf 91' lang='lat' dir='ltr'><strong>aut</strong></span> <span class='ocrx_word' id='word_1_698' title='bbox 2710 4371 2858 4442; x_wconf 81' lang='lat' dir='ltr'><strong>ﬂore,</strong></span> <span class='ocrx_word' id='word_1_699' title='bbox 2884 4384 2972 4423; x_wconf 87' lang='lat' dir='ltr'><strong>seu</strong></span> <span class='ocrx_word' id='word_1_700' title='bbox 2997 4366 3199 4422; x_wconf 91' lang='lat' dir='ltr'><strong>solitam</strong></span> <span class='ocrx_word' id='word_1_701' title='bbox 3228 4365 3281 4418; x_wconf 89' lang='lat' dir='ltr'><strong>in</strong></span> <span class='ocrx_word' id='word_1_702' title='bbox 3304 4364 3519 4435; x_wconf 88' lang='lat' dir='ltr'><strong>speciem</strong></span> <span class='ocrx_word' id='word_1_703' title='bbox 3537 4359 3828 4421; x_wconf 78' lang='lat' dir='ltr'><strong>adolevere,</strong></span> 
     </span>
    </p>
   </div>
   <div class='ocr_carea' id='block_1_92' title="bbox 2230 4446 3834 4527">
    <p class='ocr_par' dir='ltr' id='par_1_92' title="bbox 2230 4446 3834 4527">
     <span class='ocr_line' id='line_1_92' title="bbox 2230 4446 3834 4527; baseline -0.011 -7"><span class='ocrx_word' id='word_1_704' title='bbox 2230 4476 2342 4521; x_wconf 87' lang='lat' dir='ltr'><strong>atra</strong></span> <span class='ocrx_word' id='word_1_705' title='bbox 2363 4475 2410 4522; x_wconf 84' lang='lat' dir='ltr'><strong>et</strong></span> <span class='ocrx_word' id='word_1_706' title='bbox 2435 4464 2611 4519; x_wconf 89' lang='lat' dir='ltr'><strong>inania</strong></span> <span class='ocrx_word' id='word_1_707' title='bbox 2638 4464 2770 4519; x_wconf 84' lang='lat' dir='ltr'><strong>velut</strong></span> <span class='ocrx_word' id='word_1_708' title='bbox 2794 4464 2847 4517; x_wconf 90' lang='lat' dir='ltr'><strong>in</strong></span> <span class='ocrx_word' id='word_1_709' title='bbox 2872 4464 3088 4517; x_wconf 88' lang='lat' dir='ltr'><strong>cinerem</strong></span> <span class='ocrx_word' id='word_1_710' title='bbox 3120 4467 3393 4514; x_wconf 87' lang='lat' dir='ltr'><strong>vanescunt</strong></span> <span class='ocrx_word' id='word_1_711' title='bbox 3423 4459 3441 4527; x_wconf 97' lang='lat'><strong>(</strong></span> <span class='ocrx_word' id='word_1_712' title='bbox 3466 4454 3629 4511; x_wconf 85' lang='lat' dir='ltr'><strong>Tacit.</strong></span> <span class='ocrx_word' id='word_1_713' title='bbox 3663 4451 3754 4507; x_wconf 87' lang='lat' dir='ltr'><strong>lib.</strong></span> <span class='ocrx_word' id='word_1_714' title='bbox 3782 4446 3834 4502; x_wconf 62' lang='grc' dir='ltr'><em>Ἴ</em></span> 
     </span>
    </p>
   </div>
   <div class='ocr_carea' id='block_1_93' title="bbox 2236 4552 3833 4628">
    <p class='ocr_par' dir='ltr' id='par_1_93' title="bbox 2236 4552 3833 4628">
     <span class='ocr_line' id='line_1_93' title="bbox 2236 4552 3833 4628; baseline -0.007 -16"><span class='ocrx_word' id='word_1_715' title='bbox 2236 4556 2433 4613; x_wconf 83' lang='lat' dir='ltr'><strong>Hister.</strong></span> <span class='ocrx_word' id='word_1_716' title='bbox 2460 4557 2612 4627; x_wconf 88' lang='lat' dir='ltr'><strong>paulo</strong></span> <span class='ocrx_word' id='word_1_717' title='bbox 2632 4566 2743 4627; x_wconf 87' lang='lat' dir='ltr'><strong>post</strong></span> <span class='ocrx_word' id='word_1_718' title='bbox 2771 4553 2930 4628; x_wconf 88' lang='lat' dir='ltr'><strong>init.).</strong></span> <span class='ocrx_word' id='word_1_719' title='bbox 2956 4555 3061 4612; x_wconf 89' lang='lat' dir='ltr'><strong>Sed</strong></span> <span class='ocrx_word' id='word_1_720' title='bbox 3082 4554 3331 4610; x_wconf 88' lang='lat' dir='ltr'><strong>ethnicus</strong></span> <span class='ocrx_word' id='word_1_721' title='bbox 3364 4552 3549 4616; x_wconf 91' lang='lat' dir='ltr'><strong>homo,</strong></span> <span class='ocrx_word' id='word_1_722' title='bbox 3575 4559 3630 4605; x_wconf 89' lang='lat' dir='ltr'><strong>et</strong></span> <span class='ocrx_word' id='word_1_723' title='bbox 3655 4559 3833 4603; x_wconf 73' lang='lat' dir='ltr'><strong>sacra:</strong></span> 
     </span>
    </p>
   </div>
   <div class='ocr_carea' id='block_1_94' title="bbox 528 4640 3835 4725">
    <p class='ocr_par' dir='ltr' id='par_1_94' title="bbox 528 4640 3835 4725">
     <span class='ocr_line' id='line_1_94' title="bbox 528 4640 3835 4725; baseline -0.006 -11"><span class='ocrx_word' id='word_1_724' title='bbox 528 4644 619 4708; x_wconf 64' lang='lat'><strong>36.</strong></span> <span class='ocrx_word' id='word_1_725' title='bbox 652 4661 773 4719; x_wconf 65' lang='lat' dir='ltr'><strong>pag.</strong></span> <span class='ocrx_word' id='word_1_726' title='bbox 809 4646 937 4714; x_wconf 65' lang='lat'><strong>340.</strong></span> <span class='ocrx_word' id='word_1_727' title='bbox 966 4655 1011 4701; x_wconf 80' lang='grc' dir='ltr'>ει</span> <span class='ocrx_word' id='word_1_728' title='bbox 1037 4664 1151 4719; x_wconf 73' lang='lat' dir='ltr'><strong>cap.</strong></span> <span class='ocrx_word' id='word_1_729' title='bbox 1181 4649 1269 4715; x_wconf 81' lang='lat'><strong>53,</strong></span> <span class='ocrx_word' id='word_1_730' title='bbox 1322 4667 1443 4721; x_wconf 86' lang='lat' dir='ltr'><strong>pag.</strong></span> <span class='ocrx_word' id='word_1_731' title='bbox 1472 4651 1623 4723; x_wconf 70' lang='lat'><strong>528).</strong></span> <span class='ocrx_word' id='word_1_732' title='bbox 1653 4653 1722 4708; x_wconf 81' lang='lat' dir='ltr'><strong>At</strong></span> <span class='ocrx_word' id='word_1_733' title='bbox 1765 4654 1923 4725; x_wconf 86' lang='lat' dir='ltr'><strong>paulo</strong></span> <span class='ocrx_word' id='word_1_734' title='bbox 1965 4665 2122 4711; x_wconf 90' lang='lat' dir='ltr'><strong>antea</strong></span> <span class='ocrx_word' id='word_1_735' title='bbox 2149 4650 2203 4711; x_wconf 90' lang='lat' dir='ltr'><strong>D</strong></span> <span class='ocrx_word' id='word_1_736' title='bbox 2228 4650 2521 4721; x_wconf 72' lang='lat' dir='ltr'><strong>Scriptura:</strong></span> <span class='ocrx_word' id='word_1_737' title='bbox 2594 4651 2824 4722; x_wconf 78' lang='lat' dir='ltr'><strong>ignarus,</strong></span> <span class='ocrx_word' id='word_1_738' title='bbox 2895 4648 3034 4703; x_wconf 88' lang='lat' dir='ltr'><strong>hanc</strong></span> <span class='ocrx_word' id='word_1_739' title='bbox 3076 4647 3342 4702; x_wconf 85' lang='lat' dir='ltr'><strong>fructuum</strong></span> <span class='ocrx_word' id='word_1_740' title='bbox 3388 4640 3835 4701; x_wconf 85' lang='lat' dir='ltr'><strong>immaturitatem</strong></span> 
     </span>
    </p>
   </div>
   <div class='ocr_carea' id='block_1_95' title="bbox 526 4737 2124 4813">
    <p class='ocr_par' dir='ltr' id='par_1_95' title="bbox 526 4737 2124 4813">
     <span class='ocr_line' id='line_1_95' title="bbox 526 4737 2124 4813; baseline 0.006 -20"><span class='ocrx_word' id='word_1_741' title='bbox 526 4737 773 4795; x_wconf 90' lang='lat' dir='ltr'><strong>Ovidium</strong></span> <span class='ocrx_word' id='word_1_742' title='bbox 800 4740 1102 4807; x_wconf 83' lang='lat' dir='ltr'><strong>citavimus,</strong></span> <span class='ocrx_word' id='word_1_743' title='bbox 1127 4740 1217 4813; x_wconf 86' lang='lat' dir='ltr'><strong>qui</strong></span> <span class='ocrx_word' id='word_1_744' title='bbox 1247 4743 1481 4799; x_wconf 86' lang='lat' dir='ltr'><strong>conchas</strong></span> <span class='ocrx_word' id='word_1_745' title='bbox 1506 4754 1561 4799; x_wconf 89' lang='lat' dir='ltr'><strong>et</strong></span> <span class='ocrx_word' id='word_1_746' title='bbox 1578 4747 1874 4803; x_wconf 87' lang='lat' dir='ltr'><strong>anchoram</strong></span> <span class='ocrx_word' id='word_1_747' title='bbox 1902 4747 1953 4803; x_wconf 91' lang='lat' dir='ltr'><strong>in</strong></span> <span class='ocrx_word' id='word_1_748' title='bbox 1974 4763 2124 4804; x_wconf 90' lang='lat' dir='ltr'><strong>sum-</strong></span> 
     </span>
    </p>
   </div>
   <div class='ocr_carea' id='block_1_96' title="bbox 529 4829 2124 4911">
    <p class='ocr_par' dir='ltr' id='par_1_96' title="bbox 529 4829 2124 4911">
     <span class='ocr_line' id='line_1_96' title="bbox 529 4829 2124 4911; baseline 0.007 -26"><span class='ocrx_word' id='word_1_749' title='bbox 529 4829 633 4887; x_wconf 88' lang='lat' dir='ltr'><strong>mis</strong></span> <span class='ocrx_word' id='word_1_750' title='bbox 658 4832 926 4887; x_wconf 86' lang='lat' dir='ltr'><strong>montibus</strong></span> <span class='ocrx_word' id='word_1_751' title='bbox 949 4832 1194 4888; x_wconf 86' lang='lat' dir='ltr'><strong>iuventas</strong></span> <span class='ocrx_word' id='word_1_752' title='bbox 1223 4832 1382 4889; x_wconf 81' lang='lat' dir='ltr'><strong>fuisse</strong></span> <span class='ocrx_word' id='word_1_753' title='bbox 1407 4834 1743 4893; x_wconf 82' lang='lat' dir='ltr'><strong>testiﬁcatur.</strong></span> <span class='ocrx_word' id='word_1_754' title='bbox 1775 4838 1931 4910; x_wconf 85' lang='lat' dir='ltr'><strong>Atqui</strong></span> <span class='ocrx_word' id='word_1_755' title='bbox 1952 4855 2124 4911; x_wconf 72' lang='lat' dir='ltr'><strong>gene-</strong></span> 
     </span>
    </p>
   </div>
   <div class='ocr_carea' id='block_1_97' title="bbox 530 4923 2123 4996">
    <p class='ocr_par' dir='ltr' id='par_1_97' title="bbox 530 4923 2123 4996">
     <span class='ocr_line' id='line_1_97' title="bbox 530 4923 2123 4996; baseline 0.005 -18"><span class='ocrx_word' id='word_1_756' title='bbox 530 4923 660 4978; x_wconf 84' lang='lat' dir='ltr'><strong>ralis</strong></span> <span class='ocrx_word' id='word_1_757' title='bbox 705 4923 850 4979; x_wconf 89' lang='lat' dir='ltr'><strong>illius</strong></span> <span class='ocrx_word' id='word_1_758' title='bbox 892 4923 1079 4980; x_wconf 91' lang='lat' dir='ltr'><strong>diluvii</strong></span> <span class='ocrx_word' id='word_1_759' title='bbox 1111 4933 1353 4996; x_wconf 86' lang='lat' dir='ltr'><strong>tempore</strong></span> <span class='ocrx_word' id='word_1_760' title='bbox 1405 4925 1642 4981; x_wconf 88' lang='lat' dir='ltr'><strong>nondum</strong></span> <span class='ocrx_word' id='word_1_761' title='bbox 1674 4939 1828 4983; x_wconf 87' lang='lat' dir='ltr'><strong>erant</strong></span> <span class='ocrx_word' id='word_1_762' title='bbox 1856 4929 2123 4986; x_wconf 86' lang='lat' dir='ltr'><strong>Saturnus</strong></span> 
     </span>
    </p>
   </div>
   <div class='ocr_carea' id='block_1_98' title="bbox 530 5016 2122 5094">
    <p class='ocr_par' dir='ltr' id='par_1_98' title="bbox 530 5016 2122 5094">
     <span class='ocr_line' id='line_1_98' title="bbox 530 5016 2122 5094; baseline 0.006 -25"><span class='ocrx_word' id='word_1_763' title='bbox 530 5016 728 5087; x_wconf 85' lang='lat' dir='ltr'><strong>aliique</strong></span> <span class='ocrx_word' id='word_1_764' title='bbox 773 5016 845 5073; x_wconf 92' lang='lat' dir='ltr'><strong>dii</strong></span> <span class='ocrx_word' id='word_1_765' title='bbox 898 5016 967 5073; x_wconf 89' lang='lat' dir='ltr'><strong>ab</strong></span> <span class='ocrx_word' id='word_1_766' title='bbox 999 5018 1228 5074; x_wconf 89' lang='lat' dir='ltr'><strong>ethnicis</strong></span> <span class='ocrx_word' id='word_1_767' title='bbox 1270 5020 1526 5091; x_wconf 83' lang='lat' dir='ltr'><strong>deinceps</strong></span> <span class='ocrx_word' id='word_1_768' title='bbox 1571 5018 1810 5090; x_wconf 82' lang='lat' dir='ltr'><strong>conﬁcti,</strong></span> <span class='ocrx_word' id='word_1_769' title='bbox 1844 5023 1916 5079; x_wconf 91' lang='lat' dir='ltr'><strong>uti</strong></span> <span class='ocrx_word' id='word_1_770' title='bbox 1964 5024 2122 5094; x_wconf 90' lang='lat' dir='ltr'><strong>plane</strong></span> 
     </span>
    </p>
   </div>
   <div class='ocr_carea' id='block_1_99' title="bbox 530 5106 2128 5187">
    <p class='ocr_par' dir='ltr' id='par_1_99' title="bbox 530 5106 2128 5187">
     <span class='ocr_line' id='line_1_99' title="bbox 530 5106 2128 5187; baseline 0.006 -25"><span class='ocrx_word' id='word_1_771' title='bbox 530 5106 903 5166; x_wconf 77' lang='lat' dir='ltr'><strong>demonstrant</strong></span> <span class='ocrx_word' id='word_1_772' title='bbox 973 5111 1133 5168; x_wconf 88' lang='lat' dir='ltr'><strong>nrbes</strong></span> <span class='ocrx_word' id='word_1_773' title='bbox 1176 5111 1244 5168; x_wconf 88' lang='lat' dir='ltr'><strong>ab</strong></span> <span class='ocrx_word' id='word_1_774' title='bbox 1289 5111 1355 5168; x_wconf 91' lang='lat' dir='ltr'><strong>iis</strong></span> <span class='ocrx_word' id='word_1_775' title='bbox 1395 5112 1644 5178; x_wconf 63' lang='lat' dir='ltr'><strong>condita},</strong></span> <span class='ocrx_word' id='word_1_776' title='bbox 1702 5124 1795 5169; x_wconf 87' lang='lat' dir='ltr'><strong>aut</strong></span> <span class='ocrx_word' id='word_1_777' title='bbox 1836 5114 1888 5169; x_wconf 93' lang='lat' dir='ltr'><strong>in</strong></span> <span class='ocrx_word' id='word_1_778' title='bbox 1932 5115 2128 5187; x_wconf 90' lang='lat' dir='ltr'><strong>quibus</strong></span> 
     </span>
    </p>
   </div>
   <div class='ocr_carea' id='block_1_100' title="bbox 538 5202 2127 5275">
    <p class='ocr_par' dir='ltr' id='par_1_100' title="bbox 538 5202 2127 5275">
     <span class='ocr_line' id='line_1_100' title="bbox 538 5202 2127 5275; baseline 0.003 -17"><span class='ocrx_word' id='word_1_779' title='bbox 538 5204 646 5259; x_wconf 88' lang='lat' dir='ltr'><strong>nati</strong></span> <span class='ocrx_word' id='word_1_780' title='bbox 672 5210 727 5259; x_wconf 83' lang='lat' dir='ltr'><strong>et</strong></span> <span class='ocrx_word' id='word_1_781' title='bbox 758 5202 977 5269; x_wconf 88' lang='lat' dir='ltr'><strong>mortui,</strong></span> <span class='ocrx_word' id='word_1_782' title='bbox 1010 5203 1095 5258; x_wconf 83' lang='lat' dir='ltr'><strong>vel</strong></span> <span class='ocrx_word' id='word_1_783' title='bbox 1121 5203 1279 5260; x_wconf 86' lang='lat' dir='ltr'><strong>sicuti</strong></span> <span class='ocrx_word' id='word_1_784' title='bbox 1312 5206 1364 5260; x_wconf 91' lang='lat' dir='ltr'><strong>in</strong></span> <span class='ocrx_word' id='word_1_785' title='bbox 1394 5204 1533 5261; x_wconf 89' lang='lat' dir='ltr'><strong>libro</strong></span> <span class='ocrx_word' id='word_1_786' title='bbox 1581 5204 1650 5258; x_wconf 88' lang='lat' dir='ltr'><strong>ad</strong></span> <span class='ocrx_word' id='word_1_787' title='bbox 1692 5202 1966 5275; x_wconf 85' lang='lat' dir='ltr'><strong>Nationes,</strong></span> <span class='ocrx_word' id='word_1_788' title='bbox 1995 5209 2127 5275; x_wconf 88' lang='lat' dir='ltr'><strong>nati,</strong></span> 
     </span>
    </p>
   </div>
   <div class='ocr_carea' id='block_1_101' title="bbox 533 5293 2131 5369">
    <p class='ocr_par' dir='ltr' id='par_1_101' title="bbox 533 5293 2131 5369">
     <span class='ocr_line' id='line_1_101' title="bbox 533 5293 2131 5369; baseline 0.004 -21"><span class='ocrx_word' id='word_1_789' title='bbox 533 5294 715 5349; x_wconf 87' lang='lat' dir='ltr'><strong>morati</strong></span> <span class='ocrx_word' id='word_1_790' title='bbox 754 5304 801 5348; x_wconf 90' lang='lat' dir='ltr'><strong>et</strong></span> <span class='ocrx_word' id='word_1_791' title='bbox 830 5294 1018 5363; x_wconf 87' lang='lat' dir='ltr'><strong>sepulti</strong></span> <span class='ocrx_word' id='word_1_792' title='bbox 1069 5304 1187 5349; x_wconf 90' lang='lat' dir='ltr'><strong>sunt</strong></span> <span class='ocrx_word' id='word_1_793' title='bbox 1237 5293 1567 5367; x_wconf 84' lang='lat' dir='ltr'><strong>(Tertullian.</strong></span> <span class='ocrx_word' id='word_1_794' title='bbox 1617 5296 1718 5353; x_wconf 90' lang='lat' dir='ltr'><strong>loc.</strong></span> <span class='ocrx_word' id='word_1_795' title='bbox 1750 5295 1888 5369; x_wconf 87' lang='lat' dir='ltr'><strong>cit.).</strong></span> <span class='ocrx_word' id='word_1_796' title='bbox 1922 5297 2000 5354; x_wconf 89' lang='lat' dir='ltr'><strong>De</strong></span> <span class='ocrx_word' id='word_1_797' title='bbox 2046 5298 2131 5355; x_wconf 86' lang='lat' dir='ltr'><strong>his</strong></span> 
     </span>
    </p>
   </div>
   <div class='ocr_carea' id='block_1_102' title="bbox 532 5384 2133 5461">
    <p class='ocr_par' dir='ltr' id='par_1_102' title="bbox 532 5384 2133 5461">
     <span class='ocr_line' id='line_1_102' title="bbox 532 5384 2133 5461; baseline 0.003 -19"><span class='ocrx_word' id='word_1_798' title='bbox 532 5400 791 5459; x_wconf 87' lang='lat' dir='ltr'><strong>porro,ac</strong></span> <span class='ocrx_word' id='word_1_799' title='bbox 811 5385 879 5441; x_wconf 91' lang='lat' dir='ltr'><strong>de</strong></span> <span class='ocrx_word' id='word_1_800' title='bbox 900 5384 1123 5441; x_wconf 88' lang='lat' dir='ltr'><strong>deorum</strong></span> <span class='ocrx_word' id='word_1_801' title='bbox 1144 5394 1198 5442; x_wconf 85' lang='lat' dir='ltr'><strong>et</strong></span> <span class='ocrx_word' id='word_1_802' title='bbox 1226 5386 1546 5444; x_wconf 69' lang='lat' dir='ltr'><strong>idololatria:</strong></span> <span class='ocrx_word' id='word_1_803' title='bbox 1571 5389 1794 5461; x_wconf 84' lang='lat' dir='ltr'><strong>origine,</strong></span> <span class='ocrx_word' id='word_1_804' title='bbox 1818 5391 1869 5444; x_wconf 90' lang='lat' dir='ltr'><strong>in</strong></span> <span class='ocrx_word' id='word_1_805' title='bbox 1888 5390 2133 5461; x_wconf 88' lang='lat' dir='ltr'><strong>superio-</strong></span> 
     </span>
    </p>
   </div>
   <div class='ocr_carea' id='block_1_103' title="bbox 533 5475 2130 5555">
    <p class='ocr_par' dir='ltr' id='par_1_103' title="bbox 533 5475 2130 5555">
     <span class='ocr_line' id='line_1_103' title="bbox 533 5475 2130 5555; baseline 0.005 -22"><span class='ocrx_word' id='word_1_806' title='bbox 533 5479 684 5534; x_wconf 86' lang='lat' dir='ltr'><strong>ribus</strong></span> <span class='ocrx_word' id='word_1_807' title='bbox 711 5475 1182 5533; x_wconf 87' lang='lat' dir='ltr'><strong>dissertationibus</strong></span> <span class='ocrx_word' id='word_1_808' title='bbox 1227 5478 1635 5550; x_wconf 88' lang='lat' dir='ltr'><strong>disputavimus,</strong></span> <span class='ocrx_word' id='word_1_809' title='bbox 1670 5491 1723 5538; x_wconf 91' lang='lat' dir='ltr'><strong>et</strong></span> <span class='ocrx_word' id='word_1_810' title='bbox 1749 5480 1925 5538; x_wconf 87' lang='lat' dir='ltr'><strong>adhuc</strong></span> <span class='ocrx_word' id='word_1_811' title='bbox 1953 5482 2130 5555; x_wconf 86' lang='lat' dir='ltr'><strong>aliqua</strong></span> 
     </span>
    </p>
   </div>
   <div class='ocr_carea' id='block_1_104' title="bbox 536 5569 1059 5627">
    <p class='ocr_par' dir='ltr' id='par_1_104' title="bbox 536 5569 1059 5627">
     <span class='ocr_line' id='line_1_104' title="bbox 536 5569 1059 5627; baseline 0 -1"><span class='ocrx_word' id='word_1_812' title='bbox 536 5569 764 5627; x_wconf 76' lang='lat' dir='ltr'><strong>inferius</strong></span> <span class='ocrx_word' id='word_1_813' title='bbox 787 5570 1059 5627; x_wconf 86' lang='lat' dir='ltr'><strong>dicentur.</strong></span> 
     </span>
    </p>
   </div>
   <div class='ocr_carea' id='block_1_105' title="bbox 1118 5726 1507 5770">
    <p class='ocr_par' dir='ltr' id='par_1_105' title="bbox 1118 5726 1507 5770">
     <span class='ocr_line' id='line_1_105' title="bbox 1118 5726 1507 5770; baseline 0.005 -2"><span class='ocrx_word' id='word_1_814' title='bbox 1118 5726 1409 5769; x_wconf 73' lang='grc' dir='ltr'>Αιιτιοιιιιιε</span> <span class='ocrx_word' id='word_1_815' title='bbox 1432 5729 1507 5770; x_wconf 84' lang='lat' dir='ltr'><strong>Ill.</strong></span> 
     </span>
    </p>
   </div>
   <div class='ocr_carea' id='block_1_106' title="bbox 2226 4737 3824 4815">
    <p class='ocr_par' dir='ltr' id='par_1_106' title="bbox 2226 4737 3824 4815">
     <span class='ocr_line' id='line_1_106' title="bbox 2226 4737 3824 4815; baseline -0.008 -15"><span class='ocrx_word' id='word_1_816' title='bbox 2226 4745 2356 4807; x_wconf 89' lang='lat' dir='ltr'><strong>oriri</strong></span> <span class='ocrx_word' id='word_1_817' title='bbox 2389 4743 2690 4815; x_wconf 84' lang='lat' dir='ltr'><strong>suspicatur</strong></span> <span class='ocrx_word' id='word_1_818' title='bbox 2715 4758 2783 4799; x_wconf 81' lang='lat' dir='ltr'><strong>ex</strong></span> <span class='ocrx_word' id='word_1_819' title='bbox 2809 4743 2954 4797; x_wconf 89' lang='lat' dir='ltr'><strong>lacus</strong></span> <span class='ocrx_word' id='word_1_820' title='bbox 2976 4740 3163 4804; x_wconf 85' lang='lat' dir='ltr'><strong>halitu,</strong></span> <span class='ocrx_word' id='word_1_821' title='bbox 3189 4753 3296 4809; x_wconf 89' lang='lat' dir='ltr'><strong>quo</strong></span> <span class='ocrx_word' id='word_1_822' title='bbox 3321 4737 3635 4809; x_wconf 78' lang='lat' dir='ltr'><strong>superfusus</strong></span> <span class='ocrx_word' id='word_1_823' title='bbox 3660 4745 3824 4790; x_wconf 71' lang='lat' dir='ltr'><strong>terra:</strong></span> 
     </span>
    </p>
   </div>
   <div class='ocr_carea' id='block_1_107' title="bbox 2228 4827 3842 4911">
    <p class='ocr_par' dir='ltr' id='par_1_107' title="bbox 2228 4827 3842 4911">
     <span class='ocr_line' id='line_1_107' title="bbox 2228 4827 3842 4911; baseline -0.007 -18"><span class='ocrx_word' id='word_1_824' title='bbox 2228 4837 2469 4911; x_wconf 85' lang='lat' dir='ltr'><strong>spiritus,</strong></span> <span class='ocrx_word' id='word_1_825' title='bbox 2500 4836 2728 4906; x_wconf 88' lang='lat' dir='ltr'><strong>primum</strong></span> <span class='ocrx_word' id='word_1_826' title='bbox 2754 4834 3143 4905; x_wconf 89' lang='lat' dir='ltr'><strong>corrumpitur,</strong></span> <span class='ocrx_word' id='word_1_827' title='bbox 3174 4827 3842 4901; x_wconf 77' lang='lat' dir='ltr'><strong>terramque‘deindecor-</strong></span> 
     </span>
    </p>
   </div>
   <div class='ocr_carea' id='block_1_108' title="bbox 2231 4919 3839 5000">
    <p class='ocr_par' dir='ltr' id='par_1_108' title="bbox 2231 4919 3839 5000">
     <span class='ocr_line' id='line_1_108' title="bbox 2231 4919 3839 5000; baseline -0.007 -15"><span class='ocrx_word' id='word_1_828' title='bbox 2231 4931 2448 5000; x_wconf 88' lang='lat' dir='ltr'><strong>rumpit.</strong></span> <span class='ocrx_word' id='word_1_829' title='bbox 2480 4928 2591 4984; x_wconf 85' lang='lat' dir='ltr'><strong>Nec</strong></span> <span class='ocrx_word' id='word_1_830' title='bbox 2616 4929 2797 4985; x_wconf 89' lang='lat' dir='ltr'><strong>minus</strong></span> <span class='ocrx_word' id='word_1_831' title='bbox 2818 4927 3017 4983; x_wconf 86' lang='lat' dir='ltr'><strong>erravit</strong></span> <span class='ocrx_word' id='word_1_832' title='bbox 3035 4927 3271 4992; x_wconf 87' lang='lat' dir='ltr'><strong>Solinus,</strong></span> <span class='ocrx_word' id='word_1_833' title='bbox 3298 4924 3387 4996; x_wconf 89' lang='lat' dir='ltr'><strong>qui</strong></span> <span class='ocrx_word' id='word_1_834' title='bbox 3419 4923 3669 4978; x_wconf 87' lang='lat' dir='ltr'><strong>similiter</strong></span> <span class='ocrx_word' id='word_1_835' title='bbox 3689 4919 3839 4975; x_wconf 86' lang='lat' dir='ltr'><strong>hunc</strong></span> 
     </span>
    </p>
   </div>
   <div class='ocr_carea' id='block_1_109' title="bbox 2189 5014 3841 5083">
    <p class='ocr_par' dir='ltr' id='par_1_109' title="bbox 2189 5014 3841 5083">
     <span class='ocr_line' id='line_1_109' title="bbox 2189 5014 3841 5083; baseline -0.008 -4"><span class='ocrx_word' id='word_1_836' title='bbox 2189 5048 2196 5059; x_wconf 69' lang='grc' dir='ltr'><strong>ι</strong></span> <span class='ocrx_word' id='word_1_837' title='bbox 2229 5024 2423 5080; x_wconf 69' lang='lat' dir='ltr'><strong>divinat</strong></span> <span class='ocrx_word' id='word_1_838' title='bbox 2446 5021 2693 5078; x_wconf 71' lang='lat' dir='ltr'><strong>vindictae</strong></span> <span class='ocrx_word' id='word_1_839' title='bbox 2721 5019 2972 5077; x_wconf 77' lang='lat' dir='ltr'><strong>effectum</strong></span> <span class='ocrx_word' id='word_1_840' title='bbox 3000 5018 3100 5075; x_wconf 90' lang='lat' dir='ltr'><strong>soli</strong></span> <span class='ocrx_word' id='word_1_841' title='bbox 3129 5017 3316 5074; x_wconf 89' lang='lat' dir='ltr'><strong>tribuit</strong></span> <span class='ocrx_word' id='word_1_842' title='bbox 3340 5014 3568 5079; x_wconf 69' lang='lat' dir='ltr'><strong>caelesti,</strong></span> <span class='ocrx_word' id='word_1_843' title='bbox 3592 5027 3700 5083; x_wconf 90' lang='lat' dir='ltr'><strong>quo</strong></span> <span class='ocrx_word' id='word_1_844' title='bbox 3727 5019 3841 5066; x_wconf 90' lang='lat' dir='ltr'><strong>ter-</strong></span> 
     </span>
    </p>
   </div>
   <div class='ocr_carea' id='block_1_110' title="bbox 2231 5101 3839 5179">
    <p class='ocr_par' dir='ltr' id='par_1_110' title="bbox 2231 5101 3839 5179">
     <span class='ocr_line' id='line_1_110' title="bbox 2231 5101 3839 5179; baseline -0.009 -8"><span class='ocrx_word' id='word_1_845' title='bbox 2231 5131 2346 5172; x_wconf 87' lang='lat' dir='ltr'><strong>ram</strong></span> <span class='ocrx_word' id='word_1_846' title='bbox 2377 5115 2516 5172; x_wconf 89' lang='lat' dir='ltr'><strong>hanc</strong></span> <span class='ocrx_word' id='word_1_847' title='bbox 2545 5123 2739 5170; x_wconf 87' lang='lat' dir='ltr'><strong>tactam</strong></span> <span class='ocrx_word' id='word_1_848' title='bbox 2771 5112 2935 5168; x_wconf 79' lang='lat' dir='ltr'><strong>fuisse</strong></span> <span class='ocrx_word' id='word_1_849' title='bbox 2959 5110 3037 5166; x_wconf 88' lang='lat' dir='ltr'><strong>sic</strong></span> <span class='ocrx_word' id='word_1_850' title='bbox 3063 5118 3281 5166; x_wconf 88' lang='lat' dir='ltr'><strong>enarrat</strong></span> <span class='ocrx_word' id='word_1_851' title='bbox 3298 5126 3311 5162; x_wconf 91' lang='lat'>:</span> <span class='ocrx_word' id='word_1_852' title='bbox 3328 5107 3525 5179; x_wconf 25' lang='lat' dir='ltr'><strong>(Longo</strong></span> <span class='ocrx_word' id='word_1_853' title='bbox 3550 5107 3614 5160; x_wconf 87' lang='lat' dir='ltr'><strong>ab</strong></span> <span class='ocrx_word' id='word_1_854' title='bbox 3642 5101 3839 5158; x_wconf 84' lang='lat' dir='ltr'><strong>Hiero-</strong></span> 
     </span>
    </p>
   </div>
   <div class='ocr_carea' id='block_1_111' title="bbox 2232 5195 3841 5285">
    <p class='ocr_par' dir='ltr' id='par_1_111' title="bbox 2232 5195 3841 5285">
     <span class='ocr_line' id='line_1_111' title="bbox 2232 5195 3841 5285; baseline -0.009 -22"><span class='ocrx_word' id='word_1_855' title='bbox 2232 5209 2440 5280; x_wconf 85' lang='lat' dir='ltr'><strong>solymis</strong></span> <span class='ocrx_word' id='word_1_856' title='bbox 2473 5222 2692 5272; x_wconf 87' lang='lat' dir='ltr'><strong>recessu,</strong></span> <span class='ocrx_word' id='word_1_857' title='bbox 2728 5205 2886 5259; x_wconf 84' lang='lat' dir='ltr'><strong>tristis</strong></span> <span class='ocrx_word' id='word_1_858' title='bbox 2922 5204 3065 5259; x_wconf 90' lang='lat' dir='ltr'><strong>sinus</strong></span> <span class='ocrx_word' id='word_1_859' title='bbox 3113 5203 3378 5285; x_wconf 81' lang='lat' dir='ltr'><strong>panditur,</strong></span> <span class='ocrx_word' id='word_1_860' title='bbox 3428 5215 3579 5272; x_wconf 88' lang='lat' dir='ltr'><strong>quem</strong></span> <span class='ocrx_word' id='word_1_861' title='bbox 3608 5196 3673 5253; x_wconf 88' lang='lat' dir='ltr'><strong>de</strong></span> <span class='ocrx_word' id='word_1_862' title='bbox 3708 5195 3841 5251; x_wconf 72' lang='lat' dir='ltr'><strong>ctzlo</strong></span> 
     </span>
    </p>
   </div>
   <div class='ocr_carea' id='block_1_112' title="bbox 2236 5287 3838 5369">
    <p class='ocr_par' dir='ltr' id='par_1_112' title="bbox 2236 5287 3838 5369">
     <span class='ocr_line' id='line_1_112' title="bbox 2236 5287 3838 5369; baseline -0.009 -13"><span class='ocrx_word' id='word_1_863' title='bbox 2236 5308 2427 5356; x_wconf 78' lang='lat' dir='ltr'><strong>tactum</strong></span> <span class='ocrx_word' id='word_1_864' title='bbox 2453 5308 2664 5355; x_wconf 87' lang='lat' dir='ltr'><strong>testatur</strong></span> <span class='ocrx_word' id='word_1_865' title='bbox 2689 5299 2873 5351; x_wconf 88' lang='lat' dir='ltr'><strong>humus</strong></span> <span class='ocrx_word' id='word_1_866' title='bbox 2894 5297 3062 5369; x_wconf 86' lang='lat' dir='ltr'><strong>nigra,</strong></span> <span class='ocrx_word' id='word_1_867' title='bbox 3088 5306 3136 5350; x_wconf 90' lang='lat' dir='ltr'><strong>et</strong></span> <span class='ocrx_word' id='word_1_868' title='bbox 3162 5297 3216 5350; x_wconf 90' lang='lat' dir='ltr'><strong>in</strong></span> <span class='ocrx_word' id='word_1_869' title='bbox 3245 5296 3464 5350; x_wconf 86' lang='lat' dir='ltr'><strong>cinerem</strong></span> <span class='ocrx_word' id='word_1_870' title='bbox 3491 5291 3682 5349; x_wconf 87' lang='lat' dir='ltr'><strong>soluta.</strong></span> <span class='ocrx_word' id='word_1_871' title='bbox 3715 5287 3838 5343; x_wconf 84' lang='lat' dir='ltr'><strong>Duo</strong></span> 
     </span>
    </p>
   </div>
   <div class='ocr_carea' id='block_1_113' title="bbox 2234 5382 3835 5465">
    <p class='ocr_par' dir='ltr' id='par_1_113' title="bbox 2234 5382 3835 5465">
     <span class='ocr_line' id='line_1_113' title="bbox 2234 5382 3835 5465; baseline -0.009 -16"><span class='ocrx_word' id='word_1_872' title='bbox 2234 5394 2307 5450; x_wconf 87' lang='lat' dir='ltr'><strong>ibi</strong></span> <span class='ocrx_word' id='word_1_873' title='bbox 2333 5392 2524 5465; x_wconf 88' lang='lat' dir='ltr'><strong>oppida</strong></span> <span class='ocrx_word' id='word_1_874' title='bbox 2553 5389 2839 5447; x_wconf 85' lang='lat' dir='ltr'><strong>Sodoutum</strong></span> <span class='ocrx_word' id='word_1_875' title='bbox 2863 5389 3203 5456; x_wconf 87' lang='lat' dir='ltr'><strong>nominatum,</strong></span> <span class='ocrx_word' id='word_1_876' title='bbox 3226 5386 3444 5443; x_wconf 88' lang='lat' dir='ltr'><strong>alterum</strong></span> <span class='ocrx_word' id='word_1_877' title='bbox 3463 5382 3835 5448; x_wconf 79' lang='lat' dir='ltr'><strong>Gomorrltum,</strong></span> 
     </span>
    </p>
   </div>
   <div class='ocr_carea' id='block_1_114' title="bbox 2241 5478 3846 5559">
    <p class='ocr_par' dir='ltr' id='par_1_114' title="bbox 2241 5478 3846 5559">
     <span class='ocr_line' id='line_1_114' title="bbox 2241 5478 3846 5559; baseline -0.008 -17"><span class='ocrx_word' id='word_1_878' title='bbox 2241 5486 2383 5559; x_wconf 89' lang='lat' dir='ltr'><strong>apud</strong></span> <span class='ocrx_word' id='word_1_879' title='bbox 2433 5500 2550 5557; x_wconf 75' lang='lat' dir='ltr'><strong>quae</strong></span> <span class='ocrx_word' id='word_1_880' title='bbox 2578 5499 2787 5555; x_wconf 89' lang='lat' dir='ltr'><strong>pomum</strong></span> <span class='ocrx_word' id='word_1_881' title='bbox 2826 5482 2963 5553; x_wconf 90' lang='lat' dir='ltr'><strong>quod</strong></span> <span class='ocrx_word' id='word_1_882' title='bbox 2991 5482 3242 5555; x_wconf 86' lang='lat' dir='ltr'><strong>gignitur,</strong></span> <span class='ocrx_word' id='word_1_883' title='bbox 3270 5479 3452 5535; x_wconf 88' lang='lat' dir='ltr'><strong>habeat</strong></span> <span class='ocrx_word' id='word_1_884' title='bbox 3477 5478 3596 5533; x_wconf 87' lang='lat' dir='ltr'><strong>licet</strong></span> <span class='ocrx_word' id='word_1_885' title='bbox 3618 5478 3846 5547; x_wconf 75' lang='lat' dir='ltr'><strong>speciem</strong></span> 
     </span>
    </p>
   </div>
   <div class='ocr_carea' id='block_1_115' title="bbox 2240 5567 3838 5645">
    <p class='ocr_par' dir='ltr' id='par_1_115' title="bbox 2240 5567 3838 5645">
     <span class='ocr_line' id='line_1_115' title="bbox 2240 5567 3838 5645; baseline -0.008 -12"><span class='ocrx_word' id='word_1_886' title='bbox 2240 5577 2571 5642; x_wconf 88' lang='lat' dir='ltr'><strong>maturitatis,</strong></span> <span class='ocrx_word' id='word_1_887' title='bbox 2602 5574 2780 5630; x_wconf 87' lang='lat' dir='ltr'><strong>mandi</strong></span> <span class='ocrx_word' id='word_1_888' title='bbox 2811 5584 2978 5630; x_wconf 87' lang='lat' dir='ltr'><strong>tamen</strong></span> <span class='ocrx_word' id='word_1_889' title='bbox 3003 5591 3107 5629; x_wconf 89' lang='lat' dir='ltr'><strong>non</strong></span> <span class='ocrx_word' id='word_1_890' title='bbox 3137 5582 3318 5644; x_wconf 88' lang='lat' dir='ltr'><strong>potest,</strong></span> <span class='ocrx_word' id='word_1_891' title='bbox 3354 5570 3620 5645; x_wconf 87' lang='lat' dir='ltr'><strong>fuliginem</strong></span> <span class='ocrx_word' id='word_1_892' title='bbox 3646 5567 3838 5623; x_wconf 73' lang='lat' dir='ltr'><strong>intrin-</strong></span> 
     </span>
    </p>
   </div>
   <div class='ocr_carea' id='block_1_116' title="bbox 2239 5657 3840 5742">
    <p class='ocr_par' dir='ltr' id='par_1_116' title="bbox 2239 5657 3840 5742">
     <span class='ocr_line' id='line_1_116' title="bbox 2239 5657 3840 5742; baseline -0.011 -15"><span class='ocrx_word' id='word_1_893' title='bbox 2239 5686 2382 5727; x_wconf 88' lang='lat' dir='ltr'><strong>secus</strong></span> <span class='ocrx_word' id='word_1_894' title='bbox 2405 5667 2720 5742; x_wconf 85' lang='lat' dir='ltr'><strong>favillaciam</strong></span> <span class='ocrx_word' id='word_1_895' title='bbox 2745 5665 2959 5723; x_wconf 82' lang='lat' dir='ltr'><strong>ambitio</strong></span> <span class='ocrx_word' id='word_1_896' title='bbox 2987 5675 3183 5723; x_wconf 88' lang='lat' dir='ltr'><strong>tantum</strong></span> <span class='ocrx_word' id='word_1_897' title='bbox 3223 5666 3426 5721; x_wconf 73' lang='lat' dir='ltr'><strong>extima:</strong></span> <span class='ocrx_word' id='word_1_898' title='bbox 3450 5663 3586 5719; x_wconf 89' lang='lat' dir='ltr'><strong>cutis</strong></span> <span class='ocrx_word' id='word_1_899' title='bbox 3616 5657 3840 5724; x_wconf 81' lang='lat' dir='ltr'><strong>cohibet,</strong></span> 
     </span>
    </p>
   </div>
   <div class='ocr_carea' id='block_1_117' title="bbox 2245 5749 3839 5834">
    <p class='ocr_par' dir='ltr' id='par_1_117' title="bbox 2245 5749 3839 5834">
     <span class='ocr_line' id='line_1_117' title="bbox 2245 5749 3839 5834; baseline -0.009 -16"><span class='ocrx_word' id='word_1_900' title='bbox 2245 5762 2474 5834; x_wconf 67' lang='grc' dir='ltr'><strong>φίας,υεὶ</strong></span> <span class='ocrx_word' id='word_1_901' title='bbox 2510 5761 2609 5817; x_wconf 89' lang='lat' dir='ltr'><strong>levi</strong></span> <span class='ocrx_word' id='word_1_902' title='bbox 2647 5776 2823 5833; x_wconf 87' lang='lat' dir='ltr'><strong>pressa</strong></span> <span class='ocrx_word' id='word_1_903' title='bbox 2849 5770 3008 5828; x_wconf 88' lang='lat' dir='ltr'><strong>tactu,</strong></span> <span class='ocrx_word' id='word_1_904' title='bbox 3045 5764 3244 5833; x_wconf 86' lang='lat' dir='ltr'><strong>fumum</strong></span> <span class='ocrx_word' id='word_1_905' title='bbox 3268 5758 3473 5815; x_wconf 68' lang='lat' dir='ltr'><strong>exhalat</strong></span> <span class='ocrx_word' id='word_1_906' title='bbox 3494 5764 3540 5810; x_wconf 92' lang='lat' dir='ltr'><strong>et</strong></span> <span class='ocrx_word' id='word_1_907' title='bbox 3566 5750 3758 5826; x_wconf 78' lang='lat' dir='ltr'><strong>fatiscit</strong></span> <span class='ocrx_word' id='word_1_908' title='bbox 3781 5749 3839 5804; x_wconf 78' lang='lat' dir='ltr'><strong>in</strong></span> 
     </span>
    </p>
   </div>
   <div class='ocr_carea' id='block_1_118' title="bbox 541 5842 3802 5929">
    <p class='ocr_par' dir='ltr' id='par_1_118' title="bbox 541 5842 3802 5929">
     <span class='ocr_line' id='line_1_118' title="bbox 541 5842 3802 5929; baseline 0.004 -28"><span class='ocrx_word' id='word_1_909' title='bbox 541 5846 619 5902; x_wconf 82' lang='lat' dir='ltr'><strong>De</strong></span> <span class='ocrx_word' id='word_1_910' title='bbox 653 5848 897 5919; x_wconf 69' lang='lat' dir='ltr'><strong>cladibus,</strong></span> <span class='ocrx_word' id='word_1_911' title='bbox 930 5868 1043 5923; x_wconf 70' lang='lat' dir='ltr'><strong>qua&#39;</strong></span> <span class='ocrx_word' id='word_1_912' title='bbox 1071 5864 1187 5907; x_wconf 85' lang='lat' dir='ltr'><strong>ante</strong></span> <span class='ocrx_word' id='word_1_913' title='bbox 1232 5853 1522 5911; x_wconf 69' lang='lat' dir='ltr'><strong>christiana:</strong></span> <span class='ocrx_word' id='word_1_914' title='bbox 1561 5856 1819 5927; x_wconf 76' lang='lat' dir='ltr'><strong>religionis</strong></span> <span class='ocrx_word' id='word_1_915' title='bbox 1860 5856 2140 5929; x_wconf 85' lang='lat' dir='ltr'><strong>primordia</strong></span> <span class='ocrx_word' id='word_1_916' title='bbox 2241 5869 2426 5927; x_wconf 77' lang='lat' dir='ltr'><strong>vagum</strong></span> <span class='ocrx_word' id='word_1_917' title='bbox 2452 5854 2709 5926; x_wconf 85' lang='lat' dir='ltr'><strong>pulverem</strong></span> <span class='ocrx_word' id='word_1_918' title='bbox 2738 5853 2932 5925; x_wconf 84' lang='lat' dir='ltr'><strong>(Salia.</strong></span> <span class='ocrx_word' id='word_1_919' title='bbox 2958 5851 3245 5925; x_wconf 79' lang='lat' dir='ltr'><strong>Polyhist.,</strong></span> <span class='ocrx_word' id='word_1_920' title='bbox 3265 5869 3379 5924; x_wconf 89' lang='lat' dir='ltr'><strong>cap.</strong></span> <span class='ocrx_word' id='word_1_921' title='bbox 3406 5850 3498 5912; x_wconf 65' lang='lat'><strong>&#39;55.</strong></span> <span class='ocrx_word' id='word_1_922' title='bbox 3527 5859 3649 5917; x_wconf 52' lang='lat' dir='ltr'><strong>P090</strong></span> <span class='ocrx_word' id='word_1_923' title='bbox 3678 5842 3802 5913; x_wconf 71' lang='lat'><strong>35)-</strong></span> 
     </span>
    </p>
   </div>
  </div>
