4076 6356
295 352 436 409 1073

1434 353 1882 411 DISSERTATIO
1920 354 1983 411 Ι).
2023 349 2112 411 LE
2149 356 2458 415 NOURRY.

3458 364 3600 421 i074

364 466 559 522 Postea
589 479 719 522 vero
760 466 1120 524 Tertullianus
1149 484 1161 524 :
1193 467 1302 523 Sed
1326 484 1414 523 nec
1453 468 1662 535 Tuscia,
1691 468 1884 538 inquit,
1914 468 1968 528 A
2064 469 2239 526 Minor
2268 487 2433 543 porro
2456 474 2746 532 dil‘lieultas
2773 484 2854 532 est
2884 476 2951 533 de
2978 477 3257 545 Vulsiniis,
3288 476 3403 535 sive
3419 477 3597 535 Volsi-

279 561 397 633 jam
414 570 535 614 tunc
552 570 704 631 alque
724 560 1003 631 Campania
1024 560 1086 616 de
1105 558 1410 616 Christianis
1436 562 1755 631 querebatur,
1772 577 1888 615 cum

298 651 560 708 Vulsinios
599 653 664 706 de
704 654 860 719 cado,
894 652 1167 722 Pompeios
1214 654 1279 709 de
1324 670 1418 710 suo
1447 664 1617 709 monte
1663 655 1887 726 perfudit

290 747 463 819 ignis(
496 744 797 801 Tertullian.
822 746 1115 818 Apologet.,
1137 764 1251 818 cap.
1283 749 1370 813 40,
1404 766 1459 819 p.
1489 748 1597 805 485
1616 749 1656 817 ).
1685 749 1889 807 Rursus

289 852 468 896 autem
498 840 605 896 alio
648 840 700 895 in
733 840 912 897 libro:
956 836 1041 897 Ea:
1076 842 1371 913 huiusmodi
1396 842 1588 910 nubilo,
1625 852 1672 898 et
1704 842 1888 898 Tuscia

298 934 558 1011 Vulsinios
582 934 820 1005 pristinos
845 934 1044 1001 deusta,
1075 928 1175 1004 quo
1203 935 1366 1004 magis
1393 935 1457 990 de
1493 936 1745 990 montibus
1782 938 1887 990 suis

287 1026 571 1098 Campania
616 1036 802 1097 speret,
853 1039 1025 1097 erepta
1073 1027 1346 1098 Pompeios
1393 1027 1521 1099 (lib.
1570 1028 1634 1082 de
1692 1027 1883 1093 Pallio,

287 1134 409 1191 cap.
436 1120 531 1193 ‘2).
560 1120 662 1177 Sed
700 1120 814 1176 lucc
851 1120 1163 1195 dillicultate
1207 1136 1303 1177 sua
1348 1136 1453 1177 non
1492 1129 1699 1178 carent.
1751 1121 1884 1178 Nam

286 1212 342 1267 in
397 1211 537 1268 libro
589 1211 659 1265 ad
705 1210 955 1268 Nationes
1004 1212 1272 1284 legimus:
1306 1211 1567 1268 Vulsinios
1615 1215 1679 1269 de
1726 1216 1881 1279 creto,

291 1302 536 1372 Tarpeios
591 1303 653 1359 de
699 1320 793 1359 suo
821 1302 989 1359 monte
1041 1306 1269 1377 perfudit
1319 1305 1450 1377 ignis
1492 1303 1710 1375 (Idem,
1745 1305 1885 1362 lib.l

283 1398 354 1453 ad
401 1396 578 1453 Natio.
635 1413 749 1467 cap.
802 1397 856 1453 9.
902 1414 1022 1469 pag.
1078 1397 1210 1467 54).
1260 1397 1363 1466 Qui
1414 1399 1560 1455 enim
1614 1398 1687 1454 ibi
1765 1397 1887 1454 Tur-

285 1492 421 1564 peii,
456 1490 510 1546 bi
550 1490 604 1547 in
633 1490 752 1544 aliis
786 1489 998 1545 duobus
1025 1488 1176 1545 libris
1206 1488 1442 1560 Pompeii
1483 1498 1776 1556 vocantur;
1808 1500 1887 1544 Ia-

283 1583 445 1640 metsi
469 1582 834 1639 Tertullianus
853 1581 1101 1638 videatur
1126 1582 1195 1637 de
1222 1581 1412 1639 iisdem
1455 1582 1666 1654 populis
1704 1581 1885 1640 lacere

283 1689 619 1733 sermonem.
644 1676 712 1730 At
736 1674 978 1746 Pompeii
1001 1689 1106 1730 non
1143 1690 1329 1745 parum
1377 1674 1649 1731 distabant
1686 1692 1716 1731 a
1753 1676 1884 1732 Tar-

284 1769 440 1841 peiis,
471 1768 563 1839 qui
579 1766 866 1837 Tarpeium
893 1781 959 1823 ex
987 1776 1196 1837 septem
1219 1766 1404 1823 Romae
1427 1767 1701 1823 montibus
1721 1784 1882 1825 unum

284 1859 616 1917 incolebant.
648 1858 725 1915 De
755 1859 859 1915 hoc
883 1868 1062 1915 autem
1090 1869 1280 1916 monte
1303 1861 1447 1916 canit
1478 1860 1763 1932 Virgilius:

437 1997 567 2049 Hinc
588 1996 647 2047 ad
664 1996 925 2062 Tarpeiam
948 1998 1119 2062 sedem
1145 2001 1196 2062 et
1218 1996 1451 2062 capitolia
1473 1999 1627 2055 ducit.

445 2061 612 2112 Aurea
630 2060 776 2121 nunc,
799 2060 914 2111 olim
932 2060 1256 2124 sylvestribus
1271 2061 1465 2111 horrida
1485 2062 1663 2112 dumis.

852 2140 1084 2211 (Virgil,
1117 2139 1202 2195 lib.
1229 2150 1302 2194 vn
1317 2143 1503 2198 manu.
1529 2160 1574 2198 υ.
1591 2147 1729 2211 su.)

284 2275 350 2331 Et
375 2290 588 2333 rursum
618 2286 802 2346 postea
832 2290 883 2333 τί

420 2398 492 2476 ,ἶῃ
517 2423 706 2476 summo
728 2420 893 2476 custos
913 2411 1140 2476 Tarpeiae
1170 2413 1375 2466 Manlius
1398 2416 1523 2469 arcis

437 2474 606 2523 Stabat
630 2487 718 2545 pro
735 2474 934 2538 templo,
963 2474 1269 2540 (et—Capitolia
1291 2477 1423 2528 celsa
1444 2480 1664 2530 tenebat.

1281 2564 1438 2631 (Ibid.
1459 2580 1503 2619 υ.
1529 2567 1665 2633 652.)

276 2716 294 2733 ι
354 2690 604 2747 Ovidium
631 2691 654 2765 (
678 2692 828 2747 Ouid.
855 2694 945 2748 lib.
998 2692 1039 2749 I‘
1067 2692 1296 2761 Fastor.,
1325 2713 1374 2751 tt.
1404 2695 1474 2752 79
1496 2697 1514 2767 )
1538 2696 1780 2769 aliosque
1829 2698 1883 2754 in

285 2798 346 2839 re
375 2782 509 2839 satis
540 2794 665 2839 nota
695 2786 867 2842 citare
896 2786 1028 2842 nihil
1058 2802 1284 2844 necesse
1312 2797 1416 2845 est.

355 2876 601 2948 Pompeii
647 2894 777 2935 vero
831 2880 1087 2952 oppidum
1138 2891 1253 2937 erat
1296 2881 1351 2937 in
1396 2897 1489 2938 ora
1532 2881 1881 2954 Campanite:

285 2967 445 3023 Iland
469 2969 670 3040 procul,
702 2971 874 3043 inquit
900 2973 1126 3039 Plinius,
1159 2973 1489 3045 adspectante
1515 2984 1681 3030 monte
1725 2974 1883 3031 Vesu-

282 3065 394 3129 vio,
425 3065 648 3121 alluente
693 3081 811 3121 vero
853 3066 1024 3122 Sarno
1065 3085 1215 3123 amne
1248 3066 1432 3139 (Plin.
1463 3069 1552 3123 lib.
1600 3068 1664 3125 Ill
1707 3079 1879 3125 natur.

284 3153 425 3210 Hist.
454 3165 570 3227 cap.
604 3158 659 3214 4.
693 3174 814 3228 pag.
848 3156 997 3229 527).
1028 3159 1205 3215 Plinio
1240 3159 1561 3232 suifragatur
1583 3161 1730 3217 hisce
1755 3178 1882 3217 ver-

1992 564 2115 632 niis,
2137 579 2274 635 quos
2300 566 2425 623 alibi
2455 566 2784 641 (Tertullian.
2813 570 3076 643 Apologet.
3099 588 3147 627 c.
3169 571 3265 639 2b,
3281 588 3336 644 p.
3354 571 3484 643 421)
3514 573 3593 630 uti

1991 654 2129 711 infra
2159 656 2443 729 dicemus(
2471 658 2612 731 Infr.
2640 677 2757 735 cap.
2800 662 2893 717 27.
2940 671 3040 721 art.
3080 663 3116 719 2
3141 661 3184 736 ),
3224 662 3594 724 Volsinienses

1993 749 2308 806 nominavit.
2341 751 2416 807 De
2448 751 2531 808 bis
2560 754 2823 824 siquidem
2856 755 3003 812 canit
3024 755 3300 814 Juvenalis
3326 775 3343 815 :

2042 900 2057 913 .
2146 863 2264 936 Quis
2290 866 2433 936 timet.
2457 873 2542 917 aut
2565 867 2912 936 timuitgelida
2934 869 3423 936 ngnesteruinam,

2144 926 2243 976 Aut
2266 929 2439 991 positis
2456 941 2712 981 nemorosa
2736 926 2866 981 inter
2880 930 3002 996 juga
3022 930 3272 985 Volsiniis.

2765 1014 3014 1070 Jurenal..
3032 1015 3171 1068 satir.
3195 1016 3245 1079 3,
3269 1015 3471 1082 p.181.)

1989 1113 2257 1187 Oppidum
2279 1126 2456 1173 autem
2480 1118 2690 1174 illorum
2705 1135 2732 1172 a
2755 1118 3023 1177 Strabone
3040 1119 3340 1192 appellatur
3352 1086 3594 1178 ootctsco-i

1989 1209 2156 1278 quod,
2197 1209 2336 1265 sicut
2364 1211 2439 1265 ait
2464 1210 2830 1269 Tertullianus
2854 1255 2867 1280 ,
2916 1214 3039 1285 igne
3067 1216 3342 1285 perfusum
3379 1215 3465 1272 bis
3487 1217 3594 1272 Pli-
3688 1210 3695 1219 ’

1990 1301 2109 1356 nius
2156 1301 2485 1374 totidemque
2527 1305 2702 1360 verbis
2748 1317 3050 1362 memorat:
3084 1305 3302 1363 Volsinii
3346 1309 3592 1383 oppidum

1989 1390 2272 1448 Tuscorum
2325 1394 2693 1450 nobilissimam
2761 1407 3133 1453 concrematam
3209 1410 3282 1455 est
3351 1401 3592 1473 fulmine.

1989 1484 2199 1559 (Plin.,
2228 1487 2316 1542 lib.
2342 1488 2385 1544 ll
2409 1499 2578 1545 natur.
2608 1488 2772 1558 Hist.,
2804 1508 2921 1564 cap.
2964 1492 3054 1548 52.
3074 1510 3194 1565 pag.
3218 1492 3324 1550 207
3347 1495 3392 1565 ).
3423 1494 3591 1552 Tacet

1992 1588 2170 1637 tamen
2203 1582 2276 1637 ibi
2306 1597 2414 1654 quo
2441 1593 2685 1655 tempore
2711 1584 2762 1639 id
2788 1584 3074 1656 contigerit
3102 1603 3116 1640 :
3150 1586 3247 1643 sed
3276 1601 3589 1658 persuasum

1989 1673 2231 1744 plerique
2256 1690 2444 1731 omnes
2486 1674 2686 1732 habent
2722 1686 3009 1748 utrumque
3056 1676 3126 1733 de
3165 1677 3356 1736 eodem
3401 1679 3597 1734 intelli-

1985 1766 2217 1839 gendum
2247 1768 2672 1841 incendio.quod
2690 1778 2814 1826 ante
2842 1779 2991 1826 ortos
3010 1770 3335 1828 christianos
3346 1772 3591 1844 contigit.

1911 1865 1959 1925 B
2057 1861 2224 1917 instat
2268 1861 2444 1917 adhuc
2482 1861 2872 1930 Tertullianns,
2904 1862 3120 1933 alioque
3173 1862 3455 1919 notissimo
3480 1879 3595 1918 om-

1988 1952 2144 2009 nibus
2168 1953 2416 2025 exemplo
2442 1953 2688 2010 ethnicos
2709 1953 2786 2009 sic
2815 1963 2972 2025 urget
2997 1971 3010 2009 :
3038 1952 3204 2008 Nemo
3222 1954 3392 2009 adhuc
3421 1953 3596 2009 Romae

1986 2043 2151 2101 Deum
2196 2060 2367 2100 verum
2425 2044 2708 2112 adorabat,
2760 2061 2875 2099 cum
2923 2044 3147 2101 Annibal
3190 2046 3332 2118 apud
3388 2043 3593 2102 Cannas

1986 2156 2077 2211 per
2126 2138 2387 2194 Romanos
2435 2138 2652 2195 annulos
2699 2140 2862 2196 caedes
2914 2156 3036 2195 suas
3084 2140 3257 2194 modio
3297 2139 3595 2194 metiebatur

1987 2231 2005 2301 (
2030 2228 2250 2286 Tertull.
2282 2231 2572 2304 Apologet..
2600 2248 2647 2286 c.
2675 2230 2844 2302 40m.
2872 2230 3022 2302 485).
3047 2230 3207 2286 Eccui
3236 2230 3380 2285 enim
3410 2229 3589 2301 ignota

1985 2331 2070 2379 est
2092 2320 2388 2379 Cannensis
2420 2338 2615 2395 pugna,
2658 2333 2778 2394 post
2808 2337 2968 2393 quam
3018 2322 3190 2377 victor
3235 2320 3487 2386 Annibal,
3518 2322 3595 2375 uti

1988 2424 2170 2470 narrat
2198 2414 2400 2479 Livius,
2430 2413 2629 2483 e/Iundi
2656 2415 2710 2469 in
2740 2412 2982 2470 vestibulo
3008 2413 3171 2467 curiae
3187 2412 3347 2483 jussit
3374 2412 3594 2467 aunulos

1986 2523 2184 2568 aureos.
2219 2507 2305 2574 qui
2327 2515 2496 2561 tantus
2527 2522 2743 2560 acervus
2762 2505 2877 2576 fuit,
2903 2514 2957 2557 ut
2984 2504 3298 2559 metientibus
3323 2502 3593 2557 dimidium

1985 2616 2139 2670 super
2180 2610 2279 2655 tres
2299 2599 2494 2654 modios
2526 2600 2753 2673 explesse
2779 2599 2879 2653 sint
2902 2597 3112 2669 quidam
3147 2608 3397 2651 auctores.
3430 2593 3596 2650 Fama

1986 2693 2168 2762 tenuit,
2213 2708 2327 2763 quia
2391 2694 2601 2765 propior
2641 2708 2757 2746 vero
2786 2702 2879 2755 est,
2930 2691 3071 2745 haud
3098 2691 3215 2764 plus
3245 2692 3401 2761 fuisse
3423 2690 3595 2745 modio

1988 2786 2007 2857 (
2034 2785 2173 2855 Liu.,
2200 2785 2288 2840 lib.
2309 2785 2475 2841 XXIII
2503 2828 2517 2852 ,
2552 2785 2581 2858 ᾗ
2614 2786 2683 2840 12
2708 2783 2749 2858 ).
2777 2786 2881 2841 Sed
2910 2786 3010 2841 etsi
3035 2800 3199 2840 unum
3224 2783 3598 2839 tantummodo

1987 2879 2224 2935 modium
2250 2878 2459 2947 fuisset,
2486 2880 2535 2934 id
2563 2880 2703 2935 haud
2722 2879 2884 2934 dubie
2909 2879 3124 2942 sullieit,
3152 2888 3211 2934 ut
3233 2879 3331 2934 bos
3346 2879 3595 2943 annulos,

1986 2974 2215 3029 sicutait
2242 2976 2445 3028 Auctor
2466 2982 2670 3038 noster,
2696 2973 2877 3028 modio
2909 2972 3250 3027 metircntur.
3280 2971 3486 3028 Plinius
3515 2979 3593 3025 ta-
3620 3019 3627 3026 .

1987 3084 2110 3123 men
2159 3067 2347 3123 scribit
2392 3066 2636 3122 trimodia
2681 3067 3001 3120 annulorum
3028 3065 3095 3120 ab
3134 3063 3396 3120 Annibale
3423 3064 3586 3118 missa

1987 3159 2363 3231 Carthaginem
2396 3162 2414 3229 (
2444 3158 2616 3224 Plin.,
2664 3158 2751 3212 lib.
2793 3156 3016 3212 XXXIII
3060 3166 3234 3211 natur.
3280 3154 3444 3221 Hist.,
3475 3171 3592 3226 cap.

284 3246 368 3301 bis
399 3247 726 3317 Pomponius
752 3248 886 3303 Mela
915 3268 931 3304 :
970 3247 1174 3305 Vesuvii
1208 3252 1394 3306 montis
1418 3251 1685 3322 adspectus
1728 3251 1888 3307 Pom-
1915 3254 1962 3317 C
1997 3254 2050 3307 l.
2079 3268 2201 3323 pag.
2226 3250 2295 3305 12
2321 3250 2363 3321 ),
2394 3250 2721 3321 totidemque
2753 3247 3126 3320 Augustinus(
3152 3249 3392 3319 August.,
3415 3245 3505 3300 lib.
3529 3243 3599 3300 Ill

283 3339 407 3411 peii,
444 3338 715 3410 Neapolis,
760 3340 967 3396 Puteoli
987 3343 1008 3413 (
1041 3341 1169 3397 Mel.
1208 3343 1273 3397 de
1300 3343 1405 3399 Sit.
1430 3344 1540 3399 arb.
1561 3345 1648 3399 lib.
1687 3344 1897 3417 ll.cap.’

284 3433 341 3496 4,
378 3430 407 3500 ς
440 3430 509 3487 65
541 3432 581 3504 ).
612 3431 815 3488 Eadem
868 3434 1030 3489 etiam
1078 3434 1297 3490 tradunt
1318 3434 1512 3492 Strabo
1538 3435 1558 3509 (
1586 3436 1759 3503 Strab.
1794 3438 1883 3495 lib.

285 3522 330 3578 ν
353 3522 565 3593 Geogr.,
599 3540 719 3596 pag.
748 3524 893 3597 247)
935 3526 1131 3597 aliique
1153 3527 1464 3599 geographi.
1487 3529 1689 3586 Seneca
1706 3540 1887 3588 autem

288 3631 396 3672 non
426 3618 598 3673 solum
628 3617 786 3688 hujus
815 3618 964 3674 urbis
993 3619 1178 3687 sitmn,
1197 3620 1293 3676 sed
1336 3620 1474 3676 illius
1516 3638 1730 3694 quoque
1773 3623 1887 3699 rui-

294 3726 423 3767 nam
437 3712 515 3767 sic
540 3712 824 3784 descripsit
853 3730 867 3766 :
895 3711 1169 3784 Pompeios
1197 3712 1447 3769 celebrem
1470 3712 1767 3785 Campania:
1802 3733 1888 3773 ur-

287 3806 417 3871 bem,
442 3806 495 3861 in
521 3823 672 3879 quam
701 3806 763 3860 ab
790 3806 953 3866 altera
978 3817 1121 3878 parte
1146 3806 1480 3863 Surentinum
1520 3807 1889 3865 Sabinianum-

286 3916 384 3970 qne
404 3899 567 3966 littus,
592 3901 657 3953 ab
683 3899 845 3954 altera
873 3898 1254 3955 Herculanense
1284 3886 1606 3968 conveniunt,
1654 3918 1891 3970 mareque

288 4007 353 4045 ex
375 4002 553 4062 aperto
571 3991 874 4046 conductum
900 3992 1079 4064 cingit,
1106 3992 1360 4048 desedisse
1382 4003 1532 4049 term
1554 4003 1712 4057 motu.
1739 4010 1891 4050 uexa-

287 4085 351 4140 tis
413 4101 744 4159 quwcumque
777 4085 1080 4157 adjacebant
1126 4086 1450 4157 regionibus,
1492 4086 1819 4153 audiuimus,
1843 4097 1892 4143 et

286 4177 488 4247 quidem
525 4177 701 4231 diebus
735 4175 971 4248 Iiybernis
1012 4178 1160 4231 nonis
1186 4178 1431 4250 [ebruarii
1464 4187 1626 4233 motus
1649 4179 1751 4247 hic,
1787 4178 1891 4235 lle-

286 4266 407 4337 gulo
446 4278 493 4322 et
556 4266 787 4339 Virginio
818 4267 1107 4324 consulibus
1137 4270 1155 4339 (
1184 4270 1392 4337 Senec.,
1421 4270 1508 4325 lib.
1543 4270 1611 4326 VI
1661 4271 1915 4326 natural.’

297 4360 492 4428 Quiest.
518 4378 634 4432 cap.
662 4362 713 4417 l.
746 4380 866 4433 pag.
899 4362 994 4421 88|
1032 4361 1071 4433 ).
1104 4362 1453 4419 Paucioribus
1478 4364 1689 4419 tandem
1712 4364 1892 4419 verbis

294 4450 579 4506 Cornelius
606 4451 845 4518 Tacitus,
878 4455 967 4508 ubi
1006 4454 1074 4508 de
1094 4452 1309 4510 Nerone
1352 4455 1675 4524 imperatore
1705 4474 1719 4511 :
1746 4454 1892 4510 Motu

291 4552 440 4598 terra
483 4542 677 4598 celebre
716 4545 1015 4614 (.‘ampanite
1055 4545 1302 4615 oppidum
1342 4544 1577 4617 Pompeii
1615 4563 1802 4616 magna
1831 4562 1895 4601 ea:

1992 3347 2056 3401 de
2082 3345 2230 3400 Civil.
2261 3362 2375 3417 cap.
2406 3345 2515 3414 19).

2065 3439 2136 3492 At
2157 3435 2244 3493 hic
2270 3447 2449 3491 Iacere
2476 3435 2696 3491 omnino
2724 3448 2833 3490 non
2862 3445 3147 3504 possumus
3176 3432 3228 3486 in
3255 3428 3471 3500 Rigaltii
3492 3428 3599 3484 edi-

1993 3528 2356 3584 tione-contra
2384 3526 2629 3584 codicum
2673 3534 3003 3590 nostrorum,
3036 3533 3091 3580 et
3117 3523 3456 3594 antiquorum
3485 3519 3602 3577 edi-
3712 3542 3719 3547 ’

1992 3626 2174 3675 torum
2205 3619 2577 3673 auctoritatem
2606 3621 2658 3672 in
2690 3616 3001 3672 Tertulliani
3030 3623 3177 3671 testu
3199 3614 3458 3669 omissum
3485 3627 3597 3685 per,

1992 3720 2047 3768 et
2076 3710 2333 3781 scriptum
2360 3712 2500 3765 ccede
2547 3726 2663 3764 sua.
2684 3709 2799 3777 Qua
2817 3718 2996 3762 autem
3020 3706 3245 3770 ratione,
3268 3704 3485 3781 penitus
3506 3702 3601 3759 ille

1992 3802 2160 3860 siluit.
2192 3802 2364 3869 Quam
2397 3801 2541 3857 enim
2592 3800 2790 3855 habere
2833 3798 3084 3868 poterat?
3133 3796 3321 3852 Nonne
3365 3795 3495 3851 satis
3527 3792 3600 3849 ibi

1992 3895 2415 3968 deprehenditur
2447 3894 2760 3953 Tertulliani
2790 3892 2979 3965 stylns,
3012 3902 3067 3949 et
3092 3891 3180 3947 bic
3206 3890 3324 3962 ejus
3359 3902 3549 3946 scusus
3583 3902 3599 3942 :

1993 3988 2224 4046 Annibal
2292 3997 2417 4059 post
2477 3986 2754 4043 victoriam
2796 3998 3076 4041 numerum
3133 3983 3499 4039 Romanorum
3545 3980 3599 4036 in

1994 4081 2182 4153 praelio
2205 4083 2509 4136 occisorum
2536 4078 2842 4148 singulatim
2875 4093 2980 4132 non
3008 4075 3313 4141 recensuit,
3346 4073 3441 4129 sed
3480 4086 3600 4128 mo-

1993 4173 2084 4229 dio
2112 4188 2207 4244 per
2236 4188 2422 4228 eorum
2463 4171 2691 4227 annulos
2722 4168 3077 4225 metiebatur?
3122 4169 3458 4238 Quapropter
3488 4164 3600 4234 jam

1993 4266 2244 4323 laudatus
2274 4282 2304 4321 a
2337 4265 2493 4321 nobis
2523 4264 2852 4335 Augustinus
2883 4281 2897 4318 :
2932 4260 3056 4317 Tres
3080 4262 3277 4317 modios
3296 4260 3604 4315 annulorttm

1994 4375 2289 4424 aureorum,
2315 4358 2509 4429 inquit,
2533 4355 2896 4427 Carthaginem
2935 4353 3091 4423 misit,
3135 4369 3234 4425 quo
3265 4351 3605 4424 intelligerent

1995 4460 2192 4507 tantum
2232 4452 2287 4505 in
2311 4450 2404 4505 illo
2443 4449 2620 4522 prcelio
2662 4448 2961 4521 dignitatem
3002 4448 3242 4503 cecidisse
3286 4460 3555 4501 romanam
3577 4486 3594 4510 ,

1997 4554 2051 4598 ut
2077 4544 2287 4615 {acilius
2311 4560 2424 4598 eam
2449 4555 2648 4615 cuperet
2680 4557 2942 4609 mensura,
2971 4556 3123 4612 quant
3144 4554 3387 4594 numerus
3410 4551 3429 4591 :
3453 4546 3603 4605 atquc

289 4647 437 4704 parte
455 4636 652 4708 proruit
676 4638 695 4710 (
721 4637 911 4705 Tacit.,
940 4637 1029 4692 lib.
1054 4636 1149 4693 XV
1170 4637 1359 4693 Annal.
1389 4639 1668 4710 long.,post
1699 4639 1813 4692 init.
1844 4638 1889 4711 ).
1921 4650 1978 4712 1)
2004 4638 2123 4692 hinc
2147 4648 2344 4708 strages
2386 4635 2546 4691 turben
2570 4643 2768 4690 cetera:
2812 4642 2951 4688 tanto
2990 4631 3160 4703 utique
3218 4628 3602 4691 numerosioris.

292 4730 491 4788 Verum
521 4730 638 4788 haec
665 4748 771 4786 non
802 4732 959 4802 plane
988 4731 1293 4787 conducunt
1328 4731 1396 4787 ad
1424 4731 1741 4787 Tertulliani
1771 4748 1898 4803 pro-

294 4826 556 4896 positum,
584 4826 674 4897 qui
714 4826 872 4896 hujus
912 4825 1059 4880 urbis
1092 4824 1358 4881 excidium
1401 4840 1506 4882 non
1539 4835 1697 4882 terra:
1726 4835 1895 4895 motu,

295 4916 391 4972 sed
421 4916 578 4988 igne;
609 4932 707 4974 nec
734 4928 991 4990 regnante
1017 4915 1251 4985 Nerone,
1274 4916 1367 4973 sed
1392 4926 1518 4973 ante
1537 4914 1734 4974 Christi
1765 4927 1898 4974 tem-

292 5022 422 5079 pora
446 5007 739 5080 contigisse
788 5008 1005 5065 asserit.
1031 5007 1369 5080 Quapropter
1396 5008 1440 5063 si
1471 5008 1592 5078 quis
1614 5008 1760 5063 illum
1788 4995 1895 5064 non

294 5098 363 5155 de
390 5099 495 5155 hoc
532 5100 909 5171 Pompeiorum
955 5100 1184 5173 oppido,
1230 5101 1324 5158 sed
1359 5100 1428 5157 de
1470 5100 1696 5172 Tarpeia
1736 5115 1893 5171 arce,

294 5191 500 5249 etelesti
540 5193 660 5263 igne
691 5207 877 5251 eversa
899 5235 914 5260 ,
961 5195 1204 5251 locutum
1272 5196 1395 5251 esse
1423 5193 1892 5265 demonstraverit,

294 5299 401 5341 non
453 5284 680 5341 multum
738 5287 951 5358 quidem
1010 5288 1441 5361 reclamabimus.
1492 5288 1597 5345 Sed
1646 5289 1895 5356 observa,

230 5412 239 5421 ρ
294 5393 502 5449 qua-so,
540 5379 914 5450 Pompeiorum
944 5380 1134 5437 urbem
1180 5381 1232 5436 in
1261 5382 1449 5449 altero,
1480 5397 1639 5453 quam
1665 5381 1899 5438 Vesuvio

292 5479 478 5526 monte
515 5469 684 5528 fuisse
731 5472 979 5542 positam.
1009 5473 1169 5543 Atqui
1208 5474 1254 5529 si
1291 5474 1692 5545 ermnpentibus
1713 5489 1780 5531 ex
1809 5475 1898 5531 illo

297 5561 532 5619 Vesuvio
564 5573 748 5620 monte
771 5564 1024 5633 ﬂammis,
1052 5578 1178 5622 ante
1200 5566 1521 5638 divulgatum
1547 5567 1895 5625 cbristianam

295 5654 609 5726 religionem
634 5657 925 5729 aliquando
944 5668 1129 5714 exusta
1153 5668 1258 5724 est,
1288 5675 1467 5716 nonne
1494 5660 1599 5715 hoc
1644 5670 1898 5733 tanquam

296 5750 785 5811 extraordinarium
825 5755 1026 5811 factum
1059 5769 1091 5809 a
1118 5753 1451 5814 Tertulliano
1489 5766 1674 5815 nostro
1724 5759 1901 5817 notari

296 5842 500 5913 potuit?

2001 4739 2192 4803 quanto
2211 4730 2505 4800 inﬁmioris,
2529 4728 2781 4785 videlicet
2798 4727 3098 4789 hominum,
3126 4738 3240 4795 quae
3264 4723 3374 4777 sine
3396 4721 3607 4777 annalis

1987 4823 2222 4896 jacebat,
2254 4821 2577 4891 conjicienda
2597 4821 2784 4894 potius,
2815 4834 2967 4889 quam
2998 4813 3316 4871 numeranda
3341 4822 3607 4885 putaretur

2000 4916 2020 4986 (
2050 4916 2290 4989 August.,
2322 4915 2420 4970 loc.
2452 4919 2541 4970 cit.
2572 4917 2612 4984 ).
2644 4912 2748 4969 Sed
2791 4922 2843 4967 tc
2891 4926 2996 4965 non
3030 4908 3205 4980 pigeat
3231 4906 3372 4961 bunc
3398 4910 3609 4977 Augusv

2002 5009 2099 5067 tini
2128 5010 2279 5067 adire
2301 5010 2517 5075 librum,
2552 5008 2644 5064 ubi
2674 5023 2739 5064 ex
2768 5004 2871 5061 bac
2902 5014 2957 5060 et
2985 5004 3106 5058 aliis
3136 5001 3377 5056 cladibus
3405 4999 3456 5054 in
3485 4998 3608 5055 eth-

1999 5104 2192 5172 nicos,
2259 5099 2711 5175 quemadmodum
2768 5098 2976 5154 Auctor
3030 5102 3254 5164 noster,
3318 5105 3606 5164 argumen-

1999 5205 2158 5255 tatur.
2492 5231 2517 5238 ι
3650 5255 3657 5259 .

2072 5290 2357 5363 Antiquior
2400 5305 2553 5356 sane,
2596 5286 2691 5347 sed
2733 5298 2842 5340 non
2882 5282 3061 5339 minus
3103 5278 3332 5336 celebris
3372 5284 3607 5346 notaque

2000 5384 2251 5441 omnibus
2278 5384 2374 5438 fuit
2400 5382 2502 5437 alia
2522 5381 2885 5435 Romanorum
2909 5373 3113 5441 clades,
3139 5388 3254 5427 cum
3272 5368 3602 5443 Capitolium,

2001 5487 2059 5534 ut
2086 5491 2299 5534 rursum
2332 5474 2690 5531 Tertullianus
2730 5470 2934 5535 scribit,
2972 5469 3199 5535 Senones
3229 5469 3606 5535 occupaverunt

2004 5570 2025 5641 (
2055 5568 2361 5625 Tertullian.
2394 5566 2685 5641 Apologet.,
2709 5579 2825 5635 cap.
2852 5560 2925 5618 40
2953 5560 2997 5632 ),
3033 5559 3147 5615 sive
3175 5558 3305 5612 utin
3330 5555 3609 5612 codicibus

2001 5667 2202 5723 nostris
2226 5665 2455 5735 legimus
2479 5669 2868 5734 occupauerant.
2910 5656 3016 5715 Sed
3042 5654 3170 5727 quid
3201 5653 3324 5718 sibi,
3372 5650 3606 5722 inquies,

2002 5758 2115 5814 vult
2161 5772 2282 5812 cum
2330 5754 2485 5823 dixit,
2534 5751 2953 5827 occupaverunt?
2996 5748 3188 5805 Nonne
3237 5742 3605 5816 Livius(Lio.

2005 5850 2095 5908 lib.
2126 5848 2249 5920 V,§
2301 5849 2368 5907 lt
2401 5859 2448 5907 et
2476 5864 2582 5919 seq.
2610 5846 2655 5920 ),
2701 5843 3033 5918 Augustinaes
3085 5842 3110 5913 (
3136 5840 3377 5913 August.,
3425 5836 3515 5894 lib.
3562 5834 3609 5892 ll
