  <div class='ocr_page' id='page_1' title='image "/cluster/home/n/w/nwhite01/storage/ocr_20150623/1/hvd.32044015466733/563.png"; bbox 0 0 4076 6356; ppageno 0'>
   <div class='ocr_carea' id='block_1_1' title="bbox 443 264 583 325">
    <p class='ocr_par' dir='ltr' id='par_1_1' title="bbox 443 264 583 325">
     <span class='ocr_line' id='line_1_1' title="bbox 443 264 583 325; baseline 0.021 -3"><span class='ocrx_word' id='word_1_1' title='bbox 443 264 583 325; x_wconf 75' lang='grc'><strong>1075</strong></span> 
     </span>
    </p>
   </div>
   <div class='ocr_carea' id='block_1_2' title="bbox 1543 240 2681 347">
    <p class='ocr_par' dir='ltr' id='par_1_2' title="bbox 1543 240 2681 347">
     <span class='ocr_line' id='line_1_2' title="bbox 1543 240 2681 347; baseline -0.001 -32"><span class='ocrx_word' id='word_1_2' title='bbox 1543 260 1609 347; x_wconf 68' lang='lat' dir='ltr'><strong>tu</strong></span> <span class='ocrx_word' id='word_1_3' title='bbox 1649 256 2112 317; x_wconf 80' lang='lat' dir='ltr'><strong>TERTULLIANI</strong></span> <span class='ocrx_word' id='word_1_4' title='bbox 2150 240 2681 316; x_wconf 67' lang='lat' dir='ltr'><strong>trememtem</strong></span> 
     </span>
    </p>
   </div>
   <div class='ocr_carea' id='block_1_3' title="bbox 3610 255 3755 315">
    <p class='ocr_par' dir='ltr' id='par_1_3' title="bbox 3610 255 3755 315">
     <span class='ocr_line' id='line_1_3' title="bbox 3610 255 3755 315; baseline 0.007 -1"><span class='ocrx_word' id='word_1_5' title='bbox 3610 255 3755 315; x_wconf 70' lang='lat' dir='ltr'><strong>i076</strong></span> 
     </span>
    </p>
   </div>
   <div class='ocr_carea' id='block_1_4' title="bbox 444 369 3755 450">
    <p class='ocr_par' dir='ltr' id='par_1_4' title="bbox 444 369 3755 450">
     <span class='ocr_line' id='line_1_4' title="bbox 444 369 3755 450; baseline -0.002 -17"><span class='ocrx_word' id='word_1_6' title='bbox 444 382 508 435; x_wconf 89' lang='lat' dir='ltr'><strong>de</strong></span> <span class='ocrx_word' id='word_1_7' title='bbox 533 373 680 435; x_wconf 73' lang='lat' dir='ltr'><strong>Cit-it.</strong></span> <span class='ocrx_word' id='word_1_8' title='bbox 705 393 818 450; x_wconf 86' lang='lat' dir='ltr'><strong>cap.</strong></span> <span class='ocrx_word' id='word_1_9' title='bbox 845 375 935 431; x_wconf 72' lang='lat'><strong>22.</strong></span> <span class='ocrx_word' id='word_1_10' title='bbox 958 391 1079 449; x_wconf 80' lang='lat' dir='ltr'><strong>pag.</strong></span> <span class='ocrx_word' id='word_1_11' title='bbox 1104 372 1218 446; x_wconf 74' lang='lat' dir='ltr'><strong>Si),</strong></span> <span class='ocrx_word' id='word_1_12' title='bbox 1246 382 1406 447; x_wconf 88' lang='lat' dir='ltr'><strong>atque</strong></span> <span class='ocrx_word' id='word_1_13' title='bbox 1432 371 1541 441; x_wconf 96' lang='lat' dir='ltr'><strong>alii,</strong></span> <span class='ocrx_word' id='word_1_14' title='bbox 1569 383 1715 435; x_wconf 85' lang='lat' dir='ltr'><strong>certe</strong></span> <span class='ocrx_word' id='word_1_15' title='bbox 1744 389 1904 444; x_wconf 90' lang='lat' dir='ltr'><strong>quam</strong></span> <span class='ocrx_word' id='word_1_16' title='bbox 1928 372 2046 444; x_wconf 88' lang='lat' dir='ltr'><strong>plu-</strong></span> <span class='ocrx_word' id='word_1_17' title='bbox 2072 373 2124 435; x_wconf 74' lang='grc' dir='ltr'>Α</span> <span class='ocrx_word' id='word_1_18' title='bbox 2150 373 2351 430; x_wconf 76' lang='lat' dir='ltr'><strong>leviora</strong></span> <span class='ocrx_word' id='word_1_19' title='bbox 2380 373 2581 429; x_wconf 83' lang='lat' dir='ltr'><strong>fuerint</strong></span> <span class='ocrx_word' id='word_1_20' title='bbox 2610 370 2971 441; x_wconf 85' lang='lat' dir='ltr'><strong>incommoda,</strong></span> <span class='ocrx_word' id='word_1_21' title='bbox 3002 370 3195 444; x_wconf 81' lang='lat' dir='ltr'><strong>quibus</strong></span> <span class='ocrx_word' id='word_1_22' title='bbox 3230 371 3473 431; x_wconf 84' lang='lat' dir='ltr'><strong>solebant</strong></span> <span class='ocrx_word' id='word_1_23' title='bbox 3505 369 3755 428; x_wconf 85' lang='lat' dir='ltr'><strong>homines</strong></span> 
     </span>
    </p>
   </div>
   <div class='ocr_carea' id='block_1_5' title="bbox 448 464 2819 543">
    <p class='ocr_par' dir='ltr' id='par_1_5' title="bbox 448 464 2819 543">
     <span class='ocr_line' id='line_1_5' title="bbox 448 464 2819 543; baseline -0.002 -17"><span class='ocrx_word' id='word_1_24' title='bbox 448 471 593 543; x_wconf 83' lang='lat' dir='ltr'><strong>rimi,</strong></span> <span class='ocrx_word' id='word_1_25' title='bbox 645 477 957 537; x_wconf 70' lang='lat' dir='ltr'><strong>constanter</strong></span> <span class='ocrx_word' id='word_1_26' title='bbox 997 473 1247 533; x_wconf 84' lang='lat' dir='ltr'><strong>asserunt</strong></span> <span class='ocrx_word' id='word_1_27' title='bbox 1282 464 1593 538; x_wconf 89' lang='lat' dir='ltr'><strong>neutiquam</strong></span> <span class='ocrx_word' id='word_1_28' title='bbox 1630 475 1985 536; x_wconf 76' lang='lat' dir='ltr'><strong>expugnatum</strong></span> <span class='ocrx_word' id='word_1_29' title='bbox 2016 479 2047 519; x_wconf 90' lang='lat' dir='ltr'><strong>a</strong></span> <span class='ocrx_word' id='word_1_30' title='bbox 2152 475 2308 522; x_wconf 85' lang='lat' dir='ltr'><strong>antea</strong></span> <span class='ocrx_word' id='word_1_31' title='bbox 2333 464 2497 539; x_wconf 84' lang='lat' dir='ltr'><strong>altligi</strong></span> <span class='ocrx_word' id='word_1_32' title='bbox 2525 481 2588 523; x_wconf 90' lang='lat' dir='ltr'><strong>ac</strong></span> <span class='ocrx_word' id='word_1_33' title='bbox 2614 468 2819 523; x_wconf 80' lang='lat' dir='ltr'><strong>vexari.</strong></span> 
     </span>
    </p>
   </div>
   <div class='ocr_carea' id='block_1_6' title="bbox 446 555 2051 630">
    <p class='ocr_par' dir='ltr' id='par_1_6' title="bbox 446 555 2051 630">
     <span class='ocr_line' id='line_1_6' title="bbox 446 555 2051 630; baseline -0.004 -10"><span class='ocrx_word' id='word_1_34' title='bbox 446 561 747 625; x_wconf 85' lang='lat' dir='ltr'><strong>Senonibus</strong></span> <span class='ocrx_word' id='word_1_35' title='bbox 785 555 1142 630; x_wconf 72' lang='lat' dir='ltr'><strong>Capitolium,</strong></span> <span class='ocrx_word' id='word_1_36' title='bbox 1200 557 1295 614; x_wconf 89' lang='lat' dir='ltr'><strong>sed</strong></span> <span class='ocrx_word' id='word_1_37' title='bbox 1333 557 1565 624; x_wconf 82' lang='lat' dir='ltr'><strong>Romam</strong></span> <span class='ocrx_word' id='word_1_38' title='bbox 1610 567 1815 619; x_wconf 87' lang='lat' dir='ltr'><strong>tantum</strong></span> <span class='ocrx_word' id='word_1_39' title='bbox 1858 556 1926 612; x_wconf 92' lang='lat' dir='ltr'><strong>ab</strong></span> <span class='ocrx_word' id='word_1_40' title='bbox 1970 557 2051 613; x_wconf 88' lang='lat' dir='ltr'><strong>eis</strong></span> 
     </span>
    </p>
   </div>
   <div class='ocr_carea' id='block_1_7' title="bbox 452 651 2050 729">
    <p class='ocr_par' dir='ltr' id='par_1_7' title="bbox 452 651 2050 729">
     <span class='ocr_line' id='line_1_7' title="bbox 452 651 2050 729; baseline -0.006 -14"><span class='ocrx_word' id='word_1_41' title='bbox 452 656 699 729; x_wconf 83' lang='lat' dir='ltr'><strong>captam?</strong></span> <span class='ocrx_word' id='word_1_42' title='bbox 724 654 867 714; x_wconf 80' lang='lat' dir='ltr'><strong>Nihil</strong></span> <span class='ocrx_word' id='word_1_43' title='bbox 898 661 1046 717; x_wconf 87' lang='lat' dir='ltr'><strong>certe</strong></span> <span class='ocrx_word' id='word_1_44' title='bbox 1070 653 1270 708; x_wconf 87' lang='lat' dir='ltr'><strong>verius.</strong></span> <span class='ocrx_word' id='word_1_45' title='bbox 1304 651 1668 721; x_wconf 82' lang='lat' dir='ltr'><strong>Quamobrem</strong></span> <span class='ocrx_word' id='word_1_46' title='bbox 1715 652 1935 707; x_wconf 82' lang='lat' dir='ltr'><strong>verbum</strong></span> <span class='ocrx_word' id='word_1_47' title='bbox 1962 667 2050 706; x_wconf 87' lang='lat' dir='ltr'><strong>oc-</strong></span> 
     </span>
    </p>
   </div>
   <div class='ocr_carea' id='block_1_8' title="bbox 452 744 2055 823">
    <p class='ocr_par' dir='ltr' id='par_1_8' title="bbox 452 744 2055 823">
     <span class='ocr_line' id='line_1_8' title="bbox 452 744 2055 823; baseline -0.003 -19"><span class='ocrx_word' id='word_1_48' title='bbox 452 758 765 823; x_wconf 85' lang='lat' dir='ltr'><strong>cupaverant</strong></span> <span class='ocrx_word' id='word_1_49' title='bbox 787 789 801 813; x_wconf 93' lang='lat'><strong>,</strong></span> <span class='ocrx_word' id='word_1_50' title='bbox 839 746 910 801; x_wconf 89' lang='lat' dir='ltr'><strong>ibi</strong></span> <span class='ocrx_word' id='word_1_51' title='bbox 937 746 1200 816; x_wconf 81' lang='lat' dir='ltr'><strong>accipitur</strong></span> <span class='ocrx_word' id='word_1_52' title='bbox 1226 761 1323 817; x_wconf 91' lang='lat' dir='ltr'><strong>pro</strong></span> <span class='ocrx_word' id='word_1_53' title='bbox 1350 754 1616 800; x_wconf 87' lang='lat' dir='ltr'><strong>tenuerant</strong></span> <span class='ocrx_word' id='word_1_54' title='bbox 1640 744 1921 801; x_wconf 87' lang='lat' dir='ltr'><strong>obsessum.</strong></span> <span class='ocrx_word' id='word_1_55' title='bbox 1959 744 2055 800; x_wconf 83' lang='lat' dir='ltr'><strong>At-</strong></span> 
     </span>
    </p>
   </div>
   <div class='ocr_carea' id='block_1_9' title="bbox 451 825 2051 914">
    <p class='ocr_par' dir='ltr' id='par_1_9' title="bbox 451 825 2051 914">
     <span class='ocr_line' id='line_1_9' title="bbox 451 825 2051 914; baseline -0.002 -17"><span class='ocrx_word' id='word_1_56' title='bbox 451 842 544 914; x_wconf 92' lang='lat' dir='ltr'><strong>qui</strong></span> <span class='ocrx_word' id='word_1_57' title='bbox 574 850 700 897; x_wconf 87' lang='lat' dir='ltr'><strong>tunc</strong></span> <span class='ocrx_word' id='word_1_58' title='bbox 742 840 1011 905; x_wconf 78' lang='lat' dir='ltr'><strong>Saturnus</strong></span> <span class='ocrx_word' id='word_1_59' title='bbox 1040 838 1239 909; x_wconf 84' lang='lat' dir='ltr'><strong>aliique</strong></span> <span class='ocrx_word' id='word_1_60' title='bbox 1279 838 1560 910; x_wconf 73' lang='lat' dir='ltr'><strong>gentilium</strong></span> <span class='ocrx_word' id='word_1_61' title='bbox 1583 839 1687 907; x_wconf 91' lang='lat' dir='ltr'><strong>dii,</strong></span> <span class='ocrx_word' id='word_1_62' title='bbox 1714 840 1787 897; x_wconf 88' lang='lat' dir='ltr'><strong>uti</strong></span> <span class='ocrx_word' id='word_1_63' title='bbox 1816 839 1891 894; x_wconf 89' lang='lat' dir='ltr'><strong>ait</strong></span> <span class='ocrx_word' id='word_1_64' title='bbox 1917 825 2051 894; x_wconf 85' lang='lat' dir='ltr'><strong>Ter-</strong></span> 
     </span>
    </p>
   </div>
   <div class='ocr_carea' id='block_1_10' title="bbox 451 932 2055 1004">
    <p class='ocr_par' dir='ltr' id='par_1_10' title="bbox 451 932 2055 1004">
     <span class='ocr_line' id='line_1_10' title="bbox 451 932 2055 1004; baseline 0.001 -15"><span class='ocrx_word' id='word_1_65' title='bbox 451 935 729 1003; x_wconf 76' lang='lat' dir='ltr'><strong>tullianus,</strong></span> <span class='ocrx_word' id='word_1_66' title='bbox 757 934 825 1001; x_wconf 79' lang='lat' dir='ltr'><strong>ab</strong></span> <span class='ocrx_word' id='word_1_67' title='bbox 851 933 1102 999; x_wconf 77' lang='lat' dir='ltr'><strong>onmibus</strong></span> <span class='ocrx_word' id='word_1_68' title='bbox 1132 942 1239 988; x_wconf 86' lang='lat' dir='ltr'><strong>tam</strong></span> <span class='ocrx_word' id='word_1_69' title='bbox 1267 932 1656 1000; x_wconf 85' lang='lat' dir='ltr'><strong>obsidentibus,</strong></span> <span class='ocrx_word' id='word_1_70' title='bbox 1681 949 1838 1004; x_wconf 90' lang='lat' dir='ltr'><strong>quam</strong></span> <span class='ocrx_word' id='word_1_71' title='bbox 1868 933 2055 991; x_wconf 88' lang='lat' dir='ltr'><strong>obses-</strong></span> 
     </span>
    </p>
   </div>
   <div class='ocr_carea' id='block_1_11' title="bbox 455 1029 2053 1100">
    <p class='ocr_par' dir='ltr' id='par_1_11' title="bbox 455 1029 2053 1100">
     <span class='ocr_line' id='line_1_11' title="bbox 455 1029 2053 1100; baseline -0.003 -14"><span class='ocrx_word' id='word_1_72' title='bbox 455 1032 529 1087; x_wconf 92' lang='lat' dir='ltr'><strong>sis</strong></span> <span class='ocrx_word' id='word_1_73' title='bbox 560 1031 901 1099; x_wconf 78' lang='lat' dir='ltr'><strong>colebantur.</strong></span> <span class='ocrx_word' id='word_1_74' title='bbox 930 1029 1220 1091; x_wconf 88' lang='lat' dir='ltr'><strong>Christiani</strong></span> <span class='ocrx_word' id='word_1_75' title='bbox 1247 1029 1426 1100; x_wconf 92' lang='lat' dir='ltr'><strong>igitur,</strong></span> <span class='ocrx_word' id='word_1_76' title='bbox 1454 1031 1543 1100; x_wconf 92' lang='lat' dir='ltr'><strong>qui</strong></span> <span class='ocrx_word' id='word_1_77' title='bbox 1584 1039 1709 1085; x_wconf 90' lang='lat' dir='ltr'><strong>tunc</strong></span> <span class='ocrx_word' id='word_1_78' title='bbox 1749 1044 1858 1084; x_wconf 92' lang='lat' dir='ltr'><strong>non</strong></span> <span class='ocrx_word' id='word_1_79' title='bbox 1880 1038 2053 1095; x_wconf 89' lang='lat' dir='ltr'><strong>erant,</strong></span> 
     </span>
    </p>
   </div>
   <div class='ocr_carea' id='block_1_12' title="bbox 460 1122 2056 1199">
    <p class='ocr_par' dir='ltr' id='par_1_12' title="bbox 460 1122 2056 1199">
     <span class='ocr_line' id='line_1_12' title="bbox 460 1122 2056 1199; baseline -0.002 -19"><span class='ocrx_word' id='word_1_80' title='bbox 460 1139 633 1199; x_wconf 91' lang='lat' dir='ltr'><strong>neque</strong></span> <span class='ocrx_word' id='word_1_81' title='bbox 660 1123 820 1195; x_wconf 88' lang='lat' dir='ltr'><strong>hujus</strong></span> <span class='ocrx_word' id='word_1_82' title='bbox 846 1123 1186 1191; x_wconf 77' lang='lat' dir='ltr'><strong>calamitatis,</strong></span> <span class='ocrx_word' id='word_1_83' title='bbox 1220 1138 1394 1196; x_wconf 89' lang='lat' dir='ltr'><strong>neque</strong></span> <span class='ocrx_word' id='word_1_84' title='bbox 1419 1122 1643 1177; x_wconf 90' lang='lat' dir='ltr'><strong>aliarum</strong></span> <span class='ocrx_word' id='word_1_85' title='bbox 1674 1137 1809 1193; x_wconf 88' lang='lat' dir='ltr'><strong>quas</strong></span> <span class='ocrx_word' id='word_1_86' title='bbox 1864 1122 2056 1178; x_wconf 84' lang='lat' dir='ltr'><strong>hacte-</strong></span> 
     </span>
    </p>
   </div>
   <div class='ocr_carea' id='block_1_13' title="bbox 464 1216 1655 1288">
    <p class='ocr_par' dir='ltr' id='par_1_13' title="bbox 464 1216 1655 1288">
     <span class='ocr_line' id='line_1_13' title="bbox 464 1216 1655 1288; baseline -0.003 -16"><span class='ocrx_word' id='word_1_87' title='bbox 464 1231 569 1288; x_wconf 68' lang='lat' dir='ltr'><strong>nus</strong></span> <span class='ocrx_word' id='word_1_88' title='bbox 593 1216 895 1283; x_wconf 88' lang='lat' dir='ltr'><strong>retulimus,</strong></span> <span class='ocrx_word' id='word_1_89' title='bbox 919 1225 1168 1273; x_wconf 84' lang='lat' dir='ltr'><strong>auctores</strong></span> <span class='ocrx_word' id='word_1_90' title='bbox 1197 1229 1317 1273; x_wconf 91' lang='lat' dir='ltr'><strong>csse</strong></span> <span class='ocrx_word' id='word_1_91' title='bbox 1346 1223 1655 1286; x_wconf 87' lang='lat' dir='ltr'><strong>potuerunt.</strong></span> 
     </span>
    </p>
   </div>
   <div class='ocr_carea' id='block_1_14' title="bbox 1062 1363 1470 1406">
    <p class='ocr_par' dir='ltr' id='par_1_14' title="bbox 1062 1363 1470 1406">
     <span class='ocr_line' id='line_1_14' title="bbox 1062 1363 1470 1406; baseline -0.005 0"><span class='ocrx_word' id='word_1_92' title='bbox 1062 1363 1360 1406; x_wconf 71' lang='lat' dir='ltr'><strong>ARTICULUS</strong></span> <span class='ocrx_word' id='word_1_93' title='bbox 1395 1364 1470 1404; x_wconf 81' lang='grc' dir='ltr'><strong>ιν.</strong></span> 
     </span>
    </p>
   </div>
   <div class='ocr_carea' id='block_1_15' title="bbox 467 1463 2063 1537">
    <p class='ocr_par' dir='ltr' id='par_1_15' title="bbox 467 1463 2063 1537">
     <span class='ocr_line' id='line_1_15' title="bbox 467 1463 2063 1537; baseline 0 -17"><span class='ocrx_word' id='word_1_94' title='bbox 467 1466 632 1534; x_wconf 84' lang='lat' dir='ltr'><strong>Quam</strong></span> <span class='ocrx_word' id='word_1_95' title='bbox 664 1465 927 1537; x_wconf 86' lang='lat' dir='ltr'><strong>perspicue</strong></span> <span class='ocrx_word' id='word_1_96' title='bbox 954 1463 1298 1519; x_wconf 85' lang='lat' dir='ltr'><strong>Tertullianus</strong></span> <span class='ocrx_word' id='word_1_97' title='bbox 1320 1463 1549 1519; x_wconf 74' lang='lat' dir='ltr'><strong>ostendat</strong></span> <span class='ocrx_word' id='word_1_98' title='bbox 1580 1463 1897 1533; x_wconf 85' lang='lat' dir='ltr'><strong>publicarum</strong></span> <span class='ocrx_word' id='word_1_99' title='bbox 1921 1465 2063 1520; x_wconf 88' lang='lat' dir='ltr'><strong>cala-</strong></span> 
     </span>
    </p>
   </div>
   <div class='ocr_carea' id='block_1_16' title="bbox 533 1542 2068 1629">
    <p class='ocr_par' dir='ltr' id='par_1_16' title="bbox 533 1542 2068 1629">
     <span class='ocr_line' id='line_1_16' title="bbox 533 1542 2068 1629; baseline 0 -16"><span class='ocrx_word' id='word_1_100' title='bbox 533 1560 766 1613; x_wconf 87' lang='lat' dir='ltr'><strong>mitatum</strong></span> <span class='ocrx_word' id='word_1_101' title='bbox 787 1566 1017 1611; x_wconf 77' lang='lat' dir='ltr'><strong>auctores</strong></span> <span class='ocrx_word' id='word_1_102' title='bbox 1039 1574 1139 1611; x_wconf 92' lang='lat' dir='ltr'><strong>non</strong></span> <span class='ocrx_word' id='word_1_103' title='bbox 1162 1574 1269 1612; x_wconf 86' lang='lat' dir='ltr'><strong>esse</strong></span> <span class='ocrx_word' id='word_1_104' title='bbox 1306 1542 1645 1622; x_wconf 72' lang='lat' dir='ltr'><strong>Christianos,</strong></span> <span class='ocrx_word' id='word_1_105' title='bbox 1688 1559 1774 1629; x_wconf 88' lang='lat' dir='ltr'><strong>qui</strong></span> <span class='ocrx_word' id='word_1_106' title='bbox 1802 1560 1865 1615; x_wconf 86' lang='lat' dir='ltr'><strong>iis</strong></span> <span class='ocrx_word' id='word_1_107' title='bbox 1900 1559 2068 1621; x_wconf 82' lang='lat' dir='ltr'><strong>immi-</strong></span> 
     </span>
    </p>
   </div>
   <div class='ocr_carea' id='block_1_17' title="bbox 537 1650 2065 1723">
    <p class='ocr_par' dir='ltr' id='par_1_17' title="bbox 537 1650 2065 1723">
     <span class='ocr_line' id='line_1_17' title="bbox 537 1650 2065 1723; baseline -0.001 -14"><span class='ocrx_word' id='word_1_108' title='bbox 537 1652 792 1719; x_wconf 88' lang='lat' dir='ltr'><strong>nentibus,</strong></span> <span class='ocrx_word' id='word_1_109' title='bbox 824 1652 926 1706; x_wconf 83' lang='lat' dir='ltr'><strong>veri</strong></span> <span class='ocrx_word' id='word_1_110' title='bbox 955 1650 1047 1705; x_wconf 81' lang='lat' dir='ltr'><strong>Dei</strong></span> <span class='ocrx_word' id='word_1_111' title='bbox 1068 1652 1469 1705; x_wconf 82' lang='lat' dir='ltr'><strong>misericordiam</strong></span> <span class='ocrx_word' id='word_1_112' title='bbox 1490 1652 1635 1706; x_wconf 83' lang='lat' dir='ltr'><strong>duris</strong></span> <span class='ocrx_word' id='word_1_113' title='bbox 1658 1653 1965 1723; x_wconf 72' lang='lat' dir='ltr'><strong>pwnitentiw</strong></span> <span class='ocrx_word' id='word_1_114' title='bbox 1985 1653 2065 1708; x_wconf 86' lang='lat' dir='ltr'><strong>Ia-</strong></span> 
     </span>
    </p>
   </div>
   <div class='ocr_carea' id='block_1_18' title="bbox 2223 557 3755 631">
    <p class='ocr_par' dir='ltr' id='par_1_18' title="bbox 2223 557 3755 631">
     <span class='ocr_line' id='line_1_18' title="bbox 2223 557 3755 631; baseline -0.001 -16"><span class='ocrx_word' id='word_1_115' title='bbox 2223 557 2425 615; x_wconf 84' lang='lat' dir='ltr'><strong>Contra</strong></span> <span class='ocrx_word' id='word_1_116' title='bbox 2462 573 2592 616; x_wconf 86' lang='lat' dir='ltr'><strong>vero</strong></span> <span class='ocrx_word' id='word_1_117' title='bbox 2619 559 2843 626; x_wconf 89' lang='lat' dir='ltr'><strong>ethnici,</strong></span> <span class='ocrx_word' id='word_1_118' title='bbox 2876 559 3226 630; x_wconf 80' lang='lat' dir='ltr'><strong>impendente</strong></span> <span class='ocrx_word' id='word_1_119' title='bbox 3250 559 3431 631; x_wconf 86' lang='lat' dir='ltr'><strong>aliqua</strong></span> <span class='ocrx_word' id='word_1_120' title='bbox 3461 559 3550 615; x_wconf 89' lang='lat' dir='ltr'><strong>vel</strong></span> <span class='ocrx_word' id='word_1_121' title='bbox 3566 565 3755 613; x_wconf 74' lang='lat' dir='ltr'><strong>exorta</strong></span> 
     </span>
    </p>
   </div>
   <div class='ocr_carea' id='block_1_19' title="bbox 2155 649 3755 724">
    <p class='ocr_par' dir='ltr' id='par_1_19' title="bbox 2155 649 3755 724">
     <span class='ocr_line' id='line_1_19' title="bbox 2155 649 3755 724; baseline 0.003 -19"><span class='ocrx_word' id='word_1_122' title='bbox 2155 649 2460 708; x_wconf 86' lang='lat' dir='ltr'><strong>calamitate</strong></span> <span class='ocrx_word' id='word_1_123' title='bbox 2486 653 2655 724; x_wconf 88' lang='lat' dir='ltr'><strong>magis</strong></span> <span class='ocrx_word' id='word_1_124' title='bbox 2703 649 3064 722; x_wconf 79' lang='lat' dir='ltr'><strong>formidanda,</strong></span> <span class='ocrx_word' id='word_1_125' title='bbox 3094 653 3261 709; x_wconf 88' lang='lat' dir='ltr'><strong>Deum</strong></span> <span class='ocrx_word' id='word_1_126' title='bbox 3308 668 3492 710; x_wconf 84' lang='lat' dir='ltr'><strong>verum</strong></span> <span class='ocrx_word' id='word_1_127' title='bbox 3541 668 3755 711; x_wconf 79' lang='lat' dir='ltr'><strong>comes-</strong></span> 
     </span>
    </p>
   </div>
   <div class='ocr_carea' id='block_1_20' title="bbox 2156 745 3755 818">
    <p class='ocr_par' dir='ltr' id='par_1_20' title="bbox 2156 745 3755 818">
     <span class='ocr_line' id='line_1_20' title="bbox 2156 745 3755 818; baseline 0 -16"><span class='ocrx_word' id='word_1_128' title='bbox 2156 745 2476 813; x_wconf 82' lang='lat' dir='ltr'><strong>Sationibus,</strong></span> <span class='ocrx_word' id='word_1_129' title='bbox 2505 746 2786 815; x_wconf 81' lang='lat' dir='ltr'><strong>ebrietate,</strong></span> <span class='ocrx_word' id='word_1_130' title='bbox 2811 747 3033 817; x_wconf 82' lang='lat' dir='ltr'><strong>stupris,</strong></span> <span class='ocrx_word' id='word_1_131' title='bbox 3065 746 3362 812; x_wconf 86' lang='lat' dir='ltr'><strong>adulteriis,</strong></span> <span class='ocrx_word' id='word_1_132' title='bbox 3393 756 3449 802; x_wconf 90' lang='lat' dir='ltr'><strong>et</strong></span> <span class='ocrx_word' id='word_1_133' title='bbox 3473 747 3634 818; x_wconf 88' lang='lat' dir='ltr'><strong>impia</strong></span> <span class='ocrx_word' id='word_1_134' title='bbox 3654 747 3755 802; x_wconf 82' lang='lat' dir='ltr'><strong>lal-</strong></span> 
     </span>
    </p>
   </div>
   <div class='ocr_carea' id='block_1_21' title="bbox 2157 828 3761 911">
    <p class='ocr_par' dir='ltr' id='par_1_21' title="bbox 2157 828 3761 911">
     <span class='ocr_line' id='line_1_21' title="bbox 2157 828 3761 911; baseline -0.001 -18"><span class='ocrx_word' id='word_1_135' title='bbox 2157 852 2342 894; x_wconf 88' lang='lat' dir='ltr'><strong>sorum</strong></span> <span class='ocrx_word' id='word_1_136' title='bbox 2371 838 2600 894; x_wconf 88' lang='lat' dir='ltr'><strong>deorum</strong></span> <span class='ocrx_word' id='word_1_137' title='bbox 2624 828 2968 896; x_wconf 83' lang='lat' dir='ltr'><strong>invocatione</strong></span> <span class='ocrx_word' id='word_1_138' title='bbox 2994 839 3295 895; x_wconf 84' lang='lat' dir='ltr'><strong>irritabant.</strong></span> <span class='ocrx_word' id='word_1_139' title='bbox 3321 839 3457 895; x_wconf 84' lang='lat' dir='ltr'><strong>Tum</strong></span> <span class='ocrx_word' id='word_1_140' title='bbox 3475 839 3616 895; x_wconf 88' lang='lat' dir='ltr'><strong>enim</strong></span> <span class='ocrx_word' id='word_1_141' title='bbox 3632 855 3761 911; x_wconf 80' lang='lat' dir='ltr'><strong>quo-</strong></span> 
     </span>
    </p>
   </div>
   <div class='ocr_carea' id='block_1_22' title="bbox 2160 931 3760 1003">
    <p class='ocr_par' dir='ltr' id='par_1_22' title="bbox 2160 931 3760 1003">
     <span class='ocr_line' id='line_1_22' title="bbox 2160 931 3760 1003; baseline 0 -17"><span class='ocrx_word' id='word_1_142' title='bbox 2160 933 2284 988; x_wconf 88' lang='lat' dir='ltr'><strong>tidie</strong></span> <span class='ocrx_word' id='word_1_143' title='bbox 2312 933 2464 1003; x_wconf 85' lang='lat' dir='ltr'><strong>pasti,</strong></span> <span class='ocrx_word' id='word_1_144' title='bbox 2498 931 2575 989; x_wconf 90' lang='lat' dir='ltr'><strong>uti</strong></span> <span class='ocrx_word' id='word_1_145' title='bbox 2625 931 2991 991; x_wconf 88' lang='lat' dir='ltr'><strong>Tertullianus</strong></span> <span class='ocrx_word' id='word_1_146' title='bbox 3031 947 3129 989; x_wconf 84' lang='lat' dir='ltr'><strong>eos</strong></span> <span class='ocrx_word' id='word_1_147' title='bbox 3170 932 3434 989; x_wconf 83' lang='lat' dir='ltr'><strong>allocutus</strong></span> <span class='ocrx_word' id='word_1_148' title='bbox 3489 932 3585 997; x_wconf 88' lang='lat' dir='ltr'><strong>ait,</strong></span> <span class='ocrx_word' id='word_1_149' title='bbox 3654 942 3760 987; x_wconf 86' lang='lat' dir='ltr'><strong>sta-</strong></span> 
     </span>
    </p>
   </div>
   <div class='ocr_carea' id='block_1_23' title="bbox 2161 1023 3762 1099">
    <p class='ocr_par' dir='ltr' id='par_1_23' title="bbox 2161 1023 3762 1099">
     <span class='ocr_line' id='line_1_23' title="bbox 2161 1023 3762 1099; baseline 0 -18"><span class='ocrx_word' id='word_1_150' title='bbox 2161 1024 2349 1096; x_wconf 87' lang='lat' dir='ltr'><strong>timque</strong></span> <span class='ocrx_word' id='word_1_151' title='bbox 2400 1026 2660 1096; x_wconf 86' lang='lat' dir='ltr'><strong>pransuri,</strong></span> <span class='ocrx_word' id='word_1_152' title='bbox 2711 1023 2924 1093; x_wconf 82' lang='lat' dir='ltr'><strong>balneis,</strong></span> <span class='ocrx_word' id='word_1_153' title='bbox 2946 1035 2996 1081; x_wconf 86' lang='lat' dir='ltr'><strong>et</strong></span> <span class='ocrx_word' id='word_1_154' title='bbox 3040 1027 3306 1099; x_wconf 80' lang='lat' dir='ltr'><strong>cauponis,</strong></span> <span class='ocrx_word' id='word_1_155' title='bbox 3342 1035 3391 1081; x_wconf 87' lang='lat' dir='ltr'><strong>et</strong></span> <span class='ocrx_word' id='word_1_156' title='bbox 3429 1025 3762 1099; x_wconf 77' lang='lat' dir='ltr'><strong>lupanaribus</strong></span> 
     </span>
    </p>
   </div>
   <div class='ocr_carea' id='block_1_24' title="bbox 2163 1117 3765 1190">
    <p class='ocr_par' dir='ltr' id='par_1_24' title="bbox 2163 1117 3765 1190">
     <span class='ocr_line' id='line_1_24' title="bbox 2163 1117 3765 1190; baseline 0.002 -19"><span class='ocrx_word' id='word_1_157' title='bbox 2163 1118 2507 1190; x_wconf 80' lang='lat' dir='ltr'><strong>operantibus,</strong></span> <span class='ocrx_word' id='word_1_158' title='bbox 2531 1118 2772 1189; x_wconf 83' lang='lat' dir='ltr'><strong>aquilicia</strong></span> <span class='ocrx_word' id='word_1_159' title='bbox 2800 1117 2918 1174; x_wconf 82' lang='lat' dir='ltr'><strong>Joui</strong></span> <span class='ocrx_word' id='word_1_160' title='bbox 2946 1119 3218 1175; x_wconf 83' lang='lat' dir='ltr'><strong>immolatis</strong></span> <span class='ocrx_word' id='word_1_161' title='bbox 3254 1118 3273 1190; x_wconf 94' lang='lat'><strong>(</strong></span> <span class='ocrx_word' id='word_1_162' title='bbox 3301 1118 3441 1173; x_wconf 76' lang='lat' dir='ltr'><strong>Ibid.</strong></span> <span class='ocrx_word' id='word_1_163' title='bbox 3470 1118 3513 1190; x_wconf 92' lang='lat'><strong>).</strong></span> <span class='ocrx_word' id='word_1_164' title='bbox 3539 1118 3607 1174; x_wconf 87' lang='lat' dir='ltr'><strong>Et</strong></span> <span class='ocrx_word' id='word_1_165' title='bbox 3647 1118 3765 1174; x_wconf 58' lang='lat' dir='ltr'><strong>huic</strong></span> 
     </span>
    </p>
   </div>
   <div class='ocr_carea' id='block_1_25' title="bbox 2163 1209 3764 1281">
    <p class='ocr_par' dir='ltr' id='par_1_25' title="bbox 2163 1209 3764 1281">
     <span class='ocr_line' id='line_1_25' title="bbox 2163 1209 3764 1281; baseline 0.002 -18"><span class='ocrx_word' id='word_1_166' title='bbox 2163 1209 2376 1279; x_wconf 88' lang='lat' dir='ltr'><strong>quidem</strong></span> <span class='ocrx_word' id='word_1_167' title='bbox 2396 1221 2524 1267; x_wconf 83' lang='lat' dir='ltr'><strong>sunt</strong></span> <span class='ocrx_word' id='word_1_168' title='bbox 2544 1210 2763 1269; x_wconf 82' lang='lat' dir='ltr'><strong>totidem</strong></span> <span class='ocrx_word' id='word_1_169' title='bbox 2781 1211 2899 1281; x_wconf 85' lang='lat' dir='ltr'><strong>ejus</strong></span> <span class='ocrx_word' id='word_1_170' title='bbox 2914 1210 3076 1267; x_wconf 87' lang='lat' dir='ltr'><strong>verba</strong></span> <span class='ocrx_word' id='word_1_171' title='bbox 3100 1212 3156 1267; x_wconf 92' lang='lat' dir='ltr'><strong>in</strong></span> <span class='ocrx_word' id='word_1_172' title='bbox 3168 1211 3365 1266; x_wconf 83' lang='lat' dir='ltr'><strong>nostris</strong></span> <span class='ocrx_word' id='word_1_173' title='bbox 3387 1211 3764 1280; x_wconf 81' lang='lat' dir='ltr'><strong>manuscriptis</strong></span> 
     </span>
    </p>
   </div>
   <div class='ocr_carea' id='block_1_26' title="bbox 2164 1302 3769 1375">
    <p class='ocr_par' dir='ltr' id='par_1_26' title="bbox 2164 1302 3769 1375">
     <span class='ocr_line' id='line_1_26' title="bbox 2164 1302 3769 1375; baseline 0 -16"><span class='ocrx_word' id='word_1_174' title='bbox 2164 1302 2334 1369; x_wconf 88' lang='lat' dir='ltr'><strong>libris,</strong></span> <span class='ocrx_word' id='word_1_175' title='bbox 2366 1302 2469 1359; x_wconf 88' lang='lat' dir='ltr'><strong>nisi</strong></span> <span class='ocrx_word' id='word_1_176' title='bbox 2496 1304 2638 1375; x_wconf 87' lang='lat' dir='ltr'><strong>quod</strong></span> <span class='ocrx_word' id='word_1_177' title='bbox 2683 1304 2735 1360; x_wconf 90' lang='lat' dir='ltr'><strong>in</strong></span> <span class='ocrx_word' id='word_1_178' title='bbox 2771 1304 2853 1360; x_wconf 89' lang='lat' dir='ltr'><strong>eis</strong></span> <span class='ocrx_word' id='word_1_179' title='bbox 2892 1304 3146 1375; x_wconf 86' lang='lat' dir='ltr'><strong>scriptum</strong></span> <span class='ocrx_word' id='word_1_180' title='bbox 3183 1312 3287 1373; x_wconf 86' lang='lat' dir='ltr'><strong>est,</strong></span> <span class='ocrx_word' id='word_1_181' title='bbox 3330 1304 3617 1374; x_wconf 72' lang='lat' dir='ltr'><strong>cauponiis,</strong></span> <span class='ocrx_word' id='word_1_182' title='bbox 3659 1318 3769 1374; x_wconf 86' lang='lat' dir='ltr'><strong>quo</strong></span> 
     </span>
    </p>
   </div>
   <div class='ocr_carea' id='block_1_27' title="bbox 2167 1396 3769 1464">
    <p class='ocr_par' dir='ltr' id='par_1_27' title="bbox 2167 1396 3769 1464">
     <span class='ocr_line' id='line_1_27' title="bbox 2167 1396 3769 1464; baseline 0.001 -9"><span class='ocrx_word' id='word_1_183' title='bbox 2167 1397 2384 1455; x_wconf 87' lang='lat' dir='ltr'><strong>nomine</strong></span> <span class='ocrx_word' id='word_1_184' title='bbox 2408 1396 2653 1455; x_wconf 82' lang='lat' dir='ltr'><strong>Justinus</strong></span> <span class='ocrx_word' id='word_1_185' title='bbox 2678 1398 2970 1457; x_wconf 84' lang='lat' dir='ltr'><strong>historicus</strong></span> <span class='ocrx_word' id='word_1_186' title='bbox 2999 1400 3186 1464; x_wconf 85' lang='lat' dir='ltr'><strong>utitur,</strong></span> <span class='ocrx_word' id='word_1_187' title='bbox 3218 1400 3314 1456; x_wconf 84' lang='lat' dir='ltr'><strong>sed</strong></span> <span class='ocrx_word' id='word_1_188' title='bbox 3348 1398 3769 1457; x_wconf 84' lang='lat' dir='ltr'><strong>addiditartibus</strong></span> 
     </span>
    </p>
   </div>
   <div class='ocr_carea' id='block_1_28' title="bbox 2170 1489 3768 1564">
    <p class='ocr_par' dir='ltr' id='par_1_28' title="bbox 2170 1489 3768 1564">
     <span class='ocr_line' id='line_1_28' title="bbox 2170 1489 3768 1564; baseline 0.003 -20"><span class='ocrx_word' id='word_1_189' title='bbox 2170 1489 2189 1564; x_wconf 92' lang='lat'><strong>(</strong></span> <span class='ocrx_word' id='word_1_190' title='bbox 2218 1489 2415 1545; x_wconf 73' lang='lat' dir='ltr'><strong>Justiti.</strong></span> <span class='ocrx_word' id='word_1_191' title='bbox 2446 1490 2535 1546; x_wconf 86' lang='lat' dir='ltr'><strong>lib.</strong></span> <span class='ocrx_word' id='word_1_192' title='bbox 2567 1490 2654 1563; x_wconf 84' lang='grc' dir='ltr'><strong>ι).</strong></span> <span class='ocrx_word' id='word_1_193' title='bbox 2698 1493 2896 1548; x_wconf 82' lang='lat' dir='ltr'><strong>Eadem</strong></span> <span class='ocrx_word' id='word_1_194' title='bbox 2925 1492 3150 1564; x_wconf 75' lang='lat' dir='ltr'><strong>legimus</strong></span> <span class='ocrx_word' id='word_1_195' title='bbox 3176 1492 3231 1548; x_wconf 91' lang='lat' dir='ltr'><strong>in</strong></span> <span class='ocrx_word' id='word_1_196' title='bbox 3261 1493 3495 1563; x_wconf 84' lang='lat' dir='ltr'><strong>antiquis</strong></span> <span class='ocrx_word' id='word_1_197' title='bbox 3524 1492 3768 1563; x_wconf 78' lang='lat' dir='ltr'><strong>eiusdem</strong></span> 
     </span>
    </p>
   </div>
   <div class='ocr_carea' id='block_1_29' title="bbox 2170 1584 3771 1657">
    <p class='ocr_par' dir='ltr' id='par_1_29' title="bbox 2170 1584 3771 1657">
     <span class='ocr_line' id='line_1_29' title="bbox 2170 1584 3771 1657; baseline 0.001 -18"><span class='ocrx_word' id='word_1_198' title='bbox 2170 1584 2509 1656; x_wconf 82' lang='lat' dir='ltr'><strong>Apologetici</strong></span> <span class='ocrx_word' id='word_1_199' title='bbox 2533 1584 2883 1653; x_wconf 83' lang='lat' dir='ltr'><strong>editionibus,</strong></span> <span class='ocrx_word' id='word_1_200' title='bbox 2932 1586 3035 1641; x_wconf 86' lang='lat' dir='ltr'><strong>nisi</strong></span> <span class='ocrx_word' id='word_1_201' title='bbox 3060 1586 3201 1657; x_wconf 89' lang='lat' dir='ltr'><strong>quod</strong></span> <span class='ocrx_word' id='word_1_202' title='bbox 3227 1586 3488 1655; x_wconf 89' lang='lat' dir='ltr'><strong>scriptum</strong></span> <span class='ocrx_word' id='word_1_203' title='bbox 3514 1595 3616 1648; x_wconf 76' lang='lat' dir='ltr'><strong>est.</strong></span> <span class='ocrx_word' id='word_1_204' title='bbox 3643 1602 3771 1640; x_wconf 82' lang='lat' dir='ltr'><strong>cau-</strong></span> 
     </span>
    </p>
   </div>
   <div class='ocr_carea' id='block_1_30' title="bbox 2172 1677 3771 1751">
    <p class='ocr_par' dir='ltr' id='par_1_30' title="bbox 2172 1677 3771 1751">
     <span class='ocr_line' id='line_1_30' title="bbox 2172 1677 3771 1751; baseline 0.001 -20"><span class='ocrx_word' id='word_1_205' title='bbox 2172 1677 2318 1749; x_wconf 81' lang='lat' dir='ltr'><strong>ponis</strong></span> <span class='ocrx_word' id='word_1_206' title='bbox 2343 1678 2560 1747; x_wconf 80' lang='lat' dir='ltr'><strong>operati,</strong></span> <span class='ocrx_word' id='word_1_207' title='bbox 2591 1678 2686 1734; x_wconf 88' lang='lat' dir='ltr'><strong>sed</strong></span> <span class='ocrx_word' id='word_1_208' title='bbox 2715 1679 2767 1734; x_wconf 92' lang='lat' dir='ltr'><strong>in</strong></span> <span class='ocrx_word' id='word_1_209' title='bbox 2796 1678 2918 1734; x_wconf 86' lang='lat' dir='ltr'><strong>aliis</strong></span> <span class='ocrx_word' id='word_1_210' title='bbox 2945 1679 3136 1735; x_wconf 86' lang='lat' dir='ltr'><strong>melius</strong></span> <span class='ocrx_word' id='word_1_211' title='bbox 3160 1679 3505 1749; x_wconf 75' lang='lat' dir='ltr'><strong>operantibus,</strong></span> <span class='ocrx_word' id='word_1_212' title='bbox 3533 1678 3637 1737; x_wconf 79' lang='lat' dir='ltr'><strong>hoc</strong></span> <span class='ocrx_word' id='word_1_213' title='bbox 3665 1687 3771 1751; x_wconf 80' lang='lat' dir='ltr'><strong>est,</strong></span> 
     </span>
    </p>
   </div>
   <div class='ocr_carea' id='block_1_31' title="bbox 541 1744 3775 1841">
    <p class='ocr_par' dir='ltr' id='par_1_31' title="bbox 541 1744 3775 1841">
     <span class='ocr_line' id='line_1_31' title="bbox 541 1744 3775 1841; baseline -0.012 -37"><span class='ocrx_word' id='word_1_214' title='bbox 541 1746 1234 1841; x_wconf 43' lang='lat' dir='ltr'><strong>boribusimplorabantrsed</strong></span> <span class='ocrx_word' id='word_1_215' title='bbox 1253 1745 1483 1818; x_wconf 76' lang='lat' dir='ltr'><strong>gentiles,</strong></span> <span class='ocrx_word' id='word_1_216' title='bbox 1623 1744 2067 1815; x_wconf 84' lang='lat' dir='ltr'><strong>ebriosi,balneis,</strong></span> <span class='ocrx_word' id='word_1_217' title='bbox 2100 1778 2148 1841; x_wconf 79' lang='grc' dir='ltr'><strong>Β</strong></span> <span class='ocrx_word' id='word_1_218' title='bbox 2172 1744 2394 1840; x_wconf 59' lang='lat' dir='ltr'><strong>&#39;Opemn&#39;]</strong></span> <span class='ocrx_word' id='word_1_219' title='bbox 2446 1744 2598 1827; x_wconf 58' lang='lat' dir='ltr'><strong>suam</strong></span> <span class='ocrx_word' id='word_1_220' title='bbox 2645 1744 3218 1829; x_wconf 35' lang='lat' dir='ltr'><strong>subministrauubus;</strong></span> <span class='ocrx_word' id='word_1_221' title='bbox 3263 1770 3461 1825; x_wconf 65' lang='lat' dir='ltr'><strong>verum</strong></span> <span class='ocrx_word' id='word_1_222' title='bbox 3513 1744 3775 1841; x_wconf 34' lang='lat' dir='ltr'><strong>“malum;</strong></span> 
     </span>
    </p>
   </div>
   <div class='ocr_carea' id='block_1_32' title="bbox 545 1839 2086 1937">
    <p class='ocr_par' dir='ltr' id='par_1_32' title="bbox 545 1839 2072 1914">
     <span class='ocr_line' id='line_1_32' title="bbox 545 1839 2072 1914; baseline -0.001 -15"><span class='ocrx_word' id='word_1_223' title='bbox 545 1841 826 1914; x_wconf 86' lang='lat' dir='ltr'><strong>cauponis,</strong></span> <span class='ocrx_word' id='word_1_224' title='bbox 873 1839 1225 1911; x_wconf 86' lang='lat' dir='ltr'><strong>lupanaribus</strong></span> <span class='ocrx_word' id='word_1_225' title='bbox 1273 1839 1640 1910; x_wconf 88' lang='lat' dir='ltr'><strong>operantibus,</strong></span> <span class='ocrx_word' id='word_1_226' title='bbox 1672 1841 1918 1911; x_wconf 84' lang='lat' dir='ltr'><strong>aquilicia</strong></span> <span class='ocrx_word' id='word_1_227' title='bbox 1953 1840 2072 1897; x_wconf 84' lang='lat' dir='ltr'><strong>Jovi</strong></span> 
     </span>
    </p>
   </div>
   <div class='ocr_carea' id='block_1_33' title="bbox 2184 1839 3776 1937">
    <p class='ocr_par' dir='ltr' id='par_1_33' title="bbox 2184 1839 3776 1937">
     <span class='ocr_line' id='line_1_33' title="bbox 2184 1839 3776 1937; baseline 0.001 -21"><span class='ocrx_word' id='word_1_228' title='bbox 2184 1839 2325 1918; x_wconf 88' lang='lat' dir='ltr'><strong>nullo</strong></span> <span class='ocrx_word' id='word_1_229' title='bbox 2352 1864 2536 1919; x_wconf 91' lang='lat' dir='ltr'><strong>codice</strong></span> <span class='ocrx_word' id='word_1_230' title='bbox 2557 1864 2744 1930; x_wconf 85' lang='lat' dir='ltr'><strong>citato,</strong></span> <span class='ocrx_word' id='word_1_231' title='bbox 2789 1879 2852 1919; x_wconf 91' lang='lat' dir='ltr'><strong>ac</strong></span> <span class='ocrx_word' id='word_1_232' title='bbox 2899 1866 3110 1936; x_wconf 89' lang='lat' dir='ltr'><strong>propria</strong></span> <span class='ocrx_word' id='word_1_233' title='bbox 3148 1865 3331 1936; x_wconf 88' lang='lat' dir='ltr'><strong>procul</strong></span> <span class='ocrx_word' id='word_1_234' title='bbox 3353 1862 3515 1937; x_wconf 77' lang='lat' dir='ltr'><strong>dubio</strong></span> <span class='ocrx_word' id='word_1_235' title='bbox 3540 1839 3776 1921; x_wconf 77' lang='lat' dir='ltr'><strong>auctori-</strong></span> 
     </span>
    </p>
   </div>
   <div class='ocr_carea' id='block_1_34' title="bbox 546 1933 2076 2011">
    <p class='ocr_par' dir='ltr' id='par_1_34' title="bbox 546 1933 2076 2011">
     <span class='ocr_line' id='line_1_34' title="bbox 546 1933 2076 2011; baseline 0 -20"><span class='ocrx_word' id='word_1_236' title='bbox 546 1933 914 1998; x_wconf 88' lang='lat' dir='ltr'><strong>immolabant,</strong></span> <span class='ocrx_word' id='word_1_237' title='bbox 972 1933 1309 2005; x_wconf 89' lang='lat' dir='ltr'><strong>nudipedalia</strong></span> <span class='ocrx_word' id='word_1_238' title='bbox 1347 1934 1712 1989; x_wconf 80' lang='lat' dir='ltr'><strong>denuntiabant</strong></span> <span class='ocrx_word' id='word_1_239' title='bbox 1758 1936 1987 2011; x_wconf 80' lang='lat' dir='ltr'><strong>papula,</strong></span> <span class='ocrx_word' id='word_1_240' title='bbox 2019 1945 2076 1995; x_wconf 89' lang='lat' dir='ltr'><strong>et</strong></span> 
     </span>
    </p>
   </div>
   <div class='ocr_carea' id='block_1_35' title="bbox 545 2025 1571 2098">
    <p class='ocr_par' dir='ltr' id='par_1_35' title="bbox 545 2025 1571 2098">
     <span class='ocr_line' id='line_1_35' title="bbox 545 2025 1571 2098; baseline -0.004 -14"><span class='ocrx_word' id='word_1_241' title='bbox 545 2027 725 2084; x_wconf 89' lang='lat' dir='ltr'><strong>nubila</strong></span> <span class='ocrx_word' id='word_1_242' title='bbox 747 2025 813 2080; x_wconf 89' lang='lat' dir='ltr'><strong>de</strong></span> <span class='ocrx_word' id='word_1_243' title='bbox 834 2025 1171 2097; x_wconf 80' lang='lat' dir='ltr'><strong>laquearibus</strong></span> <span class='ocrx_word' id='word_1_244' title='bbox 1196 2026 1571 2098; x_wconf 76' lang='lat' dir='ltr'><strong>exspectabant.</strong></span> 
     </span>
    </p>
   </div>
   <div class='ocr_carea' id='block_1_36' title="bbox 546 2142 2076 2217">
    <p class='ocr_par' dir='ltr' id='par_1_36' title="bbox 546 2142 2076 2217">
     <span class='ocr_line' id='line_1_36' title="bbox 546 2142 2076 2217; baseline -0.002 -16"><span class='ocrx_word' id='word_1_245' title='bbox 546 2144 788 2214; x_wconf 76' lang='lat' dir='ltr'><strong>Ethnicis</strong></span> <span class='ocrx_word' id='word_1_246' title='bbox 819 2142 1213 2217; x_wconf 80' lang='lat' dir='ltr'><strong>inquirentibus</strong></span> <span class='ocrx_word' id='word_1_247' title='bbox 1237 2143 1348 2214; x_wconf 86' lang='lat' dir='ltr'><strong>qui,</strong></span> <span class='ocrx_word' id='word_1_248' title='bbox 1379 2142 1480 2198; x_wconf 86' lang='lat' dir='ltr'><strong>nisi</strong></span> <span class='ocrx_word' id='word_1_249' title='bbox 1509 2142 1821 2210; x_wconf 76' lang='lat' dir='ltr'><strong>Christiani,</strong></span> <span class='ocrx_word' id='word_1_250' title='bbox 1851 2142 2076 2203; x_wconf 85' lang='lat' dir='ltr'><strong>deorum</strong></span> 
     </span>
    </p>
   </div>
   <div class='ocr_carea' id='block_1_37' title="bbox 478 2236 2079 2307">
    <p class='ocr_par' dir='ltr' id='par_1_37' title="bbox 478 2236 2079 2307">
     <span class='ocr_line' id='line_1_37' title="bbox 478 2236 2079 2307; baseline 0.001 -10"><span class='ocrx_word' id='word_1_251' title='bbox 478 2242 666 2297; x_wconf 74' lang='lat' dir='ltr'><strong>hostes</strong></span> <span class='ocrx_word' id='word_1_252' title='bbox 696 2238 1066 2307; x_wconf 78' lang='lat' dir='ltr'><strong>inlapsissimi,</strong></span> <span class='ocrx_word' id='word_1_253' title='bbox 1107 2236 1440 2307; x_wconf 89' lang='lat' dir='ltr'><strong>publicarum</strong></span> <span class='ocrx_word' id='word_1_254' title='bbox 1470 2237 1703 2301; x_wconf 81' lang='lat' dir='ltr'><strong>cladium</strong></span> <span class='ocrx_word' id='word_1_255' title='bbox 1741 2253 1930 2297; x_wconf 81' lang='lat' dir='ltr'><strong>caussa</strong></span> <span class='ocrx_word' id='word_1_256' title='bbox 1956 2252 2079 2297; x_wconf 80' lang='lat' dir='ltr'><strong>esse</strong></span> 
     </span>
    </p>
   </div>
   <div class='ocr_carea' id='block_1_38' title="bbox 474 2329 2078 2407">
    <p class='ocr_par' dir='ltr' id='par_1_38' title="bbox 474 2329 2078 2407">
     <span class='ocr_line' id='line_1_38' title="bbox 474 2329 2078 2407; baseline -0.009 -14"><span class='ocrx_word' id='word_1_257' title='bbox 474 2342 746 2407; x_wconf 85' lang='lat' dir='ltr'><strong>poterant,</strong></span> <span class='ocrx_word' id='word_1_258' title='bbox 766 2332 1057 2405; x_wconf 77' lang='lat' dir='ltr'><strong>respondet</strong></span> <span class='ocrx_word' id='word_1_259' title='bbox 1077 2329 1436 2386; x_wconf 88' lang='lat' dir='ltr'><strong>Tertullianus</strong></span> <span class='ocrx_word' id='word_1_260' title='bbox 1452 2345 1569 2385; x_wconf 86' lang='lat' dir='ltr'><strong>eam</strong></span> <span class='ocrx_word' id='word_1_261' title='bbox 1599 2331 1654 2393; x_wconf 85' lang='lat' dir='ltr'><strong>in</strong></span> <span class='ocrx_word' id='word_1_262' title='bbox 1681 2331 1933 2402; x_wconf 81' lang='lat' dir='ltr'><strong>ipsosmet</strong></span> <span class='ocrx_word' id='word_1_263' title='bbox 1964 2340 2078 2391; x_wconf 66' lang='lat' dir='ltr'><strong>tan-</strong></span> 
     </span>
    </p>
   </div>
   <div class='ocr_carea' id='block_1_39' title="bbox 490 2421 2079 2499">
    <p class='ocr_par' dir='ltr' id='par_1_39' title="bbox 490 2421 2079 2499">
     <span class='ocr_line' id='line_1_39' title="bbox 490 2421 2079 2499; baseline -0.003 -14"><span class='ocrx_word' id='word_1_264' title='bbox 490 2429 600 2489; x_wconf 76' lang='lat' dir='ltr'><strong>tum</strong></span> <span class='ocrx_word' id='word_1_265' title='bbox 626 2424 860 2499; x_wconf 74' lang='lat' dir='ltr'><strong>gentiles</strong></span> <span class='ocrx_word' id='word_1_266' title='bbox 890 2438 1014 2481; x_wconf 82' lang='lat' dir='ltr'><strong>esse</strong></span> <span class='ocrx_word' id='word_1_267' title='bbox 1040 2422 1425 2485; x_wconf 77' lang='lat' dir='ltr'><strong>refundendam</strong></span> <span class='ocrx_word' id='word_1_268' title='bbox 1471 2421 1706 2496; x_wconf 78' lang='lat' dir='ltr'><strong>(Tertul.</strong></span> <span class='ocrx_word' id='word_1_269' title='bbox 1734 2424 2001 2497; x_wconf 79' lang='lat' dir='ltr'><strong>Apologet.</strong></span> <span class='ocrx_word' id='word_1_270' title='bbox 2029 2442 2079 2481; x_wconf 81' lang='grc' dir='ltr'><strong>ο.</strong></span> 
     </span>
    </p>
   </div>
   <div class='ocr_carea' id='block_1_40' title="bbox 480 2514 2085 2592">
    <p class='ocr_par' dir='ltr' id='par_1_40' title="bbox 480 2514 2085 2592">
     <span class='ocr_line' id='line_1_40' title="bbox 480 2514 2085 2592; baseline -0.003 -15"><span class='ocrx_word' id='word_1_271' title='bbox 480 2519 572 2589; x_wconf 72' lang='grc'><strong>40,</strong></span> <span class='ocrx_word' id='word_1_272' title='bbox 587 2518 796 2592; x_wconf 75' lang='grc' dir='ltr'><strong>ρ.487).</strong></span> <span class='ocrx_word' id='word_1_273' title='bbox 820 2516 1030 2575; x_wconf 85' lang='lat' dir='ltr'><strong>Etenim</strong></span> <span class='ocrx_word' id='word_1_274' title='bbox 1052 2514 1299 2589; x_wconf 87' lang='lat' dir='ltr'><strong>:Semper</strong></span> <span class='ocrx_word' id='word_1_275' title='bbox 1316 2516 1562 2576; x_wconf 83' lang='lat' dir='ltr'><strong>humana.</strong></span> <span class='ocrx_word' id='word_1_276' title='bbox 1587 2516 1779 2586; x_wconf 87' lang='lat' dir='ltr'><strong>inquit,</strong></span> <span class='ocrx_word' id='word_1_277' title='bbox 1805 2533 1927 2588; x_wconf 81' lang='lat' dir='ltr'><strong>gens</strong></span> <span class='ocrx_word' id='word_1_278' title='bbox 1954 2517 2085 2579; x_wconf 81' lang='lat' dir='ltr'><strong>male</strong></span> 
     </span>
    </p>
   </div>
   <div class='ocr_carea' id='block_1_41' title="bbox 482 2607 2081 2682">
    <p class='ocr_par' dir='ltr' id='par_1_41' title="bbox 482 2607 2081 2682">
     <span class='ocr_line' id='line_1_41' title="bbox 482 2607 2081 2682; baseline -0.001 -15"><span class='ocrx_word' id='word_1_279' title='bbox 482 2612 545 2669; x_wconf 89' lang='lat' dir='ltr'><strong>de</strong></span> <span class='ocrx_word' id='word_1_280' title='bbox 572 2611 704 2682; x_wconf 81' lang='lat' dir='ltr'><strong>Dea,</strong></span> <span class='ocrx_word' id='word_1_281' title='bbox 731 2625 858 2667; x_wconf 87' lang='lat' dir='ltr'><strong>vero</strong></span> <span class='ocrx_word' id='word_1_282' title='bbox 889 2619 944 2665; x_wconf 89' lang='lat' dir='ltr'><strong>et</strong></span> <span class='ocrx_word' id='word_1_283' title='bbox 971 2610 1151 2675; x_wconf 90' lang='lat' dir='ltr'><strong>unico,</strong></span> <span class='ocrx_word' id='word_1_284' title='bbox 1183 2608 1383 2676; x_wconf 87' lang='lat' dir='ltr'><strong>meruit,</strong></span> <span class='ocrx_word' id='word_1_285' title='bbox 1415 2607 1684 2678; x_wconf 89' lang='lat' dir='ltr'><strong>duplicem</strong></span> <span class='ocrx_word' id='word_1_286' title='bbox 1706 2609 1776 2667; x_wconf 87' lang='lat' dir='ltr'><strong>ob</strong></span> <span class='ocrx_word' id='word_1_287' title='bbox 1795 2610 2081 2667; x_wconf 85' lang='lat' dir='ltr'><strong>rationem.</strong></span> 
     </span>
    </p>
   </div>
   <div class='ocr_carea' id='block_1_42' title="bbox 485 2699 2086 2775">
    <p class='ocr_par' dir='ltr' id='par_1_42' title="bbox 485 2699 2086 2775">
     <span class='ocr_line' id='line_1_42' title="bbox 485 2699 2086 2775; baseline -0.002 -15"><span class='ocrx_word' id='word_1_288' title='bbox 485 2706 565 2761; x_wconf 86' lang='lat' dir='ltr'><strong>Ac</strong></span> <span class='ocrx_word' id='word_1_289' title='bbox 594 2703 767 2775; x_wconf 74' lang='lat' dir='ltr'><strong>primo</strong></span> <span class='ocrx_word' id='word_1_290' title='bbox 793 2701 1033 2774; x_wconf 88' lang='lat' dir='ltr'><strong>quidem,</strong></span> <span class='ocrx_word' id='word_1_291' title='bbox 1063 2709 1118 2755; x_wconf 90' lang='lat' dir='ltr'><strong>ut</strong></span> <span class='ocrx_word' id='word_1_292' title='bbox 1140 2699 1419 2770; x_wconf 68' lang='lat' dir='ltr'><strong>inoﬂiciosa</strong></span> <span class='ocrx_word' id='word_1_293' title='bbox 1459 2702 1590 2772; x_wconf 84' lang='lat' dir='ltr'><strong>ejus,</strong></span> <span class='ocrx_word' id='word_1_294' title='bbox 1621 2717 1770 2771; x_wconf 74' lang='lat' dir='ltr'><strong>quem</strong></span> <span class='ocrx_word' id='word_1_295' title='bbox 1799 2718 1913 2757; x_wconf 89' lang='lat' dir='ltr'><strong>cum</strong></span> <span class='ocrx_word' id='word_1_296' title='bbox 1938 2703 2086 2765; x_wconf 79' lang='lat' dir='ltr'><strong>intel-</strong></span> 
     </span>
    </p>
   </div>
   <div class='ocr_carea' id='block_1_43' title="bbox 485 2790 2086 2869">
    <p class='ocr_par' dir='ltr' id='par_1_43' title="bbox 485 2790 2086 2869">
     <span class='ocr_line' id='line_1_43' title="bbox 485 2790 2086 2869; baseline 0.002 -19"><span class='ocrx_word' id='word_1_297' title='bbox 485 2796 661 2869; x_wconf 84' lang='lat' dir='ltr'><strong>ligeret</strong></span> <span class='ocrx_word' id='word_1_298' title='bbox 681 2810 743 2850; x_wconf 76' lang='lat' dir='ltr'><strong>ea:</strong></span> <span class='ocrx_word' id='word_1_299' title='bbox 762 2803 921 2869; x_wconf 89' lang='lat' dir='ltr'><strong>parte,</strong></span> <span class='ocrx_word' id='word_1_300' title='bbox 948 2809 1048 2848; x_wconf 90' lang='lat' dir='ltr'><strong>non</strong></span> <span class='ocrx_word' id='word_1_301' title='bbox 1074 2793 1329 2865; x_wconf 76' lang='lat' dir='ltr'><strong>requisivit</strong></span> <span class='ocrx_word' id='word_1_302' title='bbox 1347 2793 1368 2864; x_wconf 97' lang='lat'>(</span> <span class='ocrx_word' id='word_1_303' title='bbox 1386 2790 1412 2846; x_wconf 93' lang='lat'><strong><em>1</em></strong></span> <span class='ocrx_word' id='word_1_304' title='bbox 1421 2792 1519 2847; x_wconf 79' lang='lat' dir='ltr'><strong>bid.</strong></span> <span class='ocrx_word' id='word_1_305' title='bbox 1540 2793 1585 2864; x_wconf 89' lang='lat'><strong>),</strong></span> <span class='ocrx_word' id='word_1_306' title='bbox 1609 2794 1662 2849; x_wconf 88' lang='lat' dir='ltr'><strong>id</strong></span> <span class='ocrx_word' id='word_1_307' title='bbox 1685 2804 1789 2861; x_wconf 88' lang='lat' dir='ltr'><strong>est,</strong></span> <span class='ocrx_word' id='word_1_308' title='bbox 1805 2810 1929 2851; x_wconf 88' lang='lat' dir='ltr'><strong>cum</strong></span> <span class='ocrx_word' id='word_1_309' title='bbox 1967 2797 2086 2853; x_wconf 86' lang='lat' dir='ltr'><strong>solo</strong></span> 
     </span>
    </p>
   </div>
   <div class='ocr_carea' id='block_1_44' title="bbox 488 2885 2087 2957">
    <p class='ocr_par' dir='ltr' id='par_1_44' title="bbox 488 2885 2087 2957">
     <span class='ocr_line' id='line_1_44' title="bbox 488 2885 2087 2957; baseline 0.002 -15"><span class='ocrx_word' id='word_1_310' title='bbox 488 2887 695 2943; x_wconf 89' lang='lat' dir='ltr'><strong>lumine</strong></span> <span class='ocrx_word' id='word_1_311' title='bbox 720 2886 948 2942; x_wconf 78' lang='lat' dir='ltr'><strong>naturali</strong></span> <span class='ocrx_word' id='word_1_312' title='bbox 970 2900 1034 2941; x_wconf 80' lang='lat' dir='ltr'><strong>ex</strong></span> <span class='ocrx_word' id='word_1_313' title='bbox 1061 2894 1214 2957; x_wconf 89' lang='lat' dir='ltr'><strong>parte</strong></span> <span class='ocrx_word' id='word_1_314' title='bbox 1241 2885 1432 2942; x_wconf 88' lang='lat' dir='ltr'><strong>saltem</strong></span> <span class='ocrx_word' id='word_1_315' title='bbox 1453 2887 1795 2957; x_wconf 77' lang='lat' dir='ltr'><strong>cognovisset</strong></span> <span class='ocrx_word' id='word_1_316' title='bbox 1824 2886 1971 2949; x_wconf 88' lang='lat' dir='ltr'><strong>illum</strong></span> <span class='ocrx_word' id='word_1_317' title='bbox 2002 2904 2087 2945; x_wconf 89' lang='lat' dir='ltr'><strong>re-</strong></span> 
     </span>
    </p>
   </div>
   <div class='ocr_carea' id='block_1_45' title="bbox 488 2977 2088 3049">
    <p class='ocr_par' dir='ltr' id='par_1_45' title="bbox 488 2977 2088 3049">
     <span class='ocr_line' id='line_1_45' title="bbox 488 2977 2088 3049; baseline 0.003 -16"><span class='ocrx_word' id='word_1_318' title='bbox 488 2994 617 3034; x_wconf 85' lang='lat' dir='ltr'><strong>vera</strong></span> <span class='ocrx_word' id='word_1_319' title='bbox 641 2978 897 3048; x_wconf 76' lang='lat' dir='ltr'><strong>existere,</strong></span> <span class='ocrx_word' id='word_1_320' title='bbox 930 2993 1029 3035; x_wconf 91' lang='lat' dir='ltr'><strong>nec</strong></span> <span class='ocrx_word' id='word_1_321' title='bbox 1058 2977 1220 3033; x_wconf 87' lang='lat' dir='ltr'><strong>alium</strong></span> <span class='ocrx_word' id='word_1_322' title='bbox 1259 2992 1380 3034; x_wconf 90' lang='lat' dir='ltr'><strong>esse</strong></span> <span class='ocrx_word' id='word_1_323' title='bbox 1421 2992 1581 3049; x_wconf 88' lang='lat' dir='ltr'><strong>posse</strong></span> <span class='ocrx_word' id='word_1_324' title='bbox 1615 2979 1812 3048; x_wconf 88' lang='lat' dir='ltr'><strong>Deum,</strong></span> <span class='ocrx_word' id='word_1_325' title='bbox 1862 2996 1970 3037; x_wconf 89' lang='lat' dir='ltr'><strong>non</strong></span> <span class='ocrx_word' id='word_1_326' title='bbox 1994 2996 2088 3037; x_wconf 85' lang='lat' dir='ltr'><strong>en-</strong></span> 
     </span>
    </p>
   </div>
   <div class='ocr_carea' id='block_1_46' title="bbox 494 3058 2089 3146">
    <p class='ocr_par' dir='ltr' id='par_1_46' title="bbox 494 3058 2089 3146">
     <span class='ocr_line' id='line_1_46' title="bbox 494 3058 2089 3146; baseline 0.004 -20"><span class='ocrx_word' id='word_1_327' title='bbox 494 3071 633 3127; x_wconf 90' lang='lat' dir='ltr'><strong>ravit</strong></span> <span class='ocrx_word' id='word_1_328' title='bbox 659 3071 888 3143; x_wconf 74' lang='lat' dir='ltr'><strong>amplius</strong></span> <span class='ocrx_word' id='word_1_329' title='bbox 919 3070 1239 3141; x_wconf 80' lang='lat' dir='ltr'><strong>investigare</strong></span> <span class='ocrx_word' id='word_1_330' title='bbox 1266 3071 1387 3140; x_wconf 91' lang='lat' dir='ltr'><strong>quis</strong></span> <span class='ocrx_word' id='word_1_331' title='bbox 1430 3058 1522 3127; x_wconf 83' lang='lat' dir='ltr'><strong>ille</strong></span> <span class='ocrx_word' id='word_1_332' title='bbox 1546 3083 1711 3139; x_wconf 85' lang='lat' dir='ltr'><strong>esset,</strong></span> <span class='ocrx_word' id='word_1_333' title='bbox 1741 3088 1842 3129; x_wconf 89' lang='lat' dir='ltr'><strong>nec</strong></span> <span class='ocrx_word' id='word_1_334' title='bbox 1866 3075 2089 3146; x_wconf 84' lang='lat' dir='ltr'><strong>proinde</strong></span> 
     </span>
    </p>
   </div>
   <div class='ocr_carea' id='block_1_47' title="bbox 500 3148 1968 3235">
    <p class='ocr_par' dir='ltr' id='par_1_47' title="bbox 500 3148 1968 3235">
     <span class='ocr_line' id='line_1_47' title="bbox 500 3148 1968 3235; baseline 0.002 -16"><span class='ocrx_word' id='word_1_335' title='bbox 500 3162 677 3219; x_wconf 89' lang='lat' dir='ltr'><strong>debita</strong></span> <span class='ocrx_word' id='word_1_336' title='bbox 710 3163 783 3217; x_wconf 90' lang='lat' dir='ltr'><strong>illi</strong></span> <span class='ocrx_word' id='word_1_337' title='bbox 806 3162 1002 3231; x_wconf 81' lang='lat' dir='ltr'><strong>ofﬁcia,</strong></span> <span class='ocrx_word' id='word_1_338' title='bbox 1035 3148 1375 3233; x_wconf 88' lang='lat' dir='ltr'><strong>honoresque</strong></span> <span class='ocrx_word' id='word_1_339' title='bbox 1401 3161 1611 3219; x_wconf 90' lang='lat' dir='ltr'><strong>debitos</strong></span> <span class='ocrx_word' id='word_1_340' title='bbox 1641 3164 1968 3235; x_wconf 82' lang='lat' dir='ltr'><strong>persolvere.</strong></span> 
     </span>
    </p>
   </div>
   <div class='ocr_carea' id='block_1_48' title="bbox 565 3253 2088 3325">
    <p class='ocr_par' dir='ltr' id='par_1_48' title="bbox 565 3253 2088 3325">
     <span class='ocr_line' id='line_1_48' title="bbox 565 3253 2088 3325; baseline -0.002 -12"><span class='ocrx_word' id='word_1_341' title='bbox 565 3256 835 3321; x_wconf 91' lang='lat' dir='ltr'><strong>Secundo,</strong></span> <span class='ocrx_word' id='word_1_342' title='bbox 865 3254 1053 3310; x_wconf 89' lang='lat' dir='ltr'><strong>eadem</strong></span> <span class='ocrx_word' id='word_1_343' title='bbox 1080 3269 1209 3325; x_wconf 87' lang='lat' dir='ltr'><strong>gens</strong></span> <span class='ocrx_word' id='word_1_344' title='bbox 1230 3253 1464 3309; x_wconf 87' lang='lat' dir='ltr'><strong>humana</strong></span> <span class='ocrx_word' id='word_1_345' title='bbox 1491 3256 1621 3312; x_wconf 87' lang='lat' dir='ltr'><strong>alios</strong></span> <span class='ocrx_word' id='word_1_346' title='bbox 1657 3256 1790 3314; x_wconf 89' lang='lat' dir='ltr'><strong>deos</strong></span> <span class='ocrx_word' id='word_1_347' title='bbox 1814 3259 1910 3317; x_wconf 81' lang='lat' dir='ltr'><strong>sibi</strong></span> <span class='ocrx_word' id='word_1_348' title='bbox 1944 3260 2088 3315; x_wconf 80' lang='lat' dir='ltr'><strong>insu-</strong></span> 
     </span>
    </p>
   </div>
   <div class='ocr_carea' id='block_1_49' title="bbox 491 3346 2091 3422">
    <p class='ocr_par' dir='ltr' id='par_1_49' title="bbox 491 3346 2091 3422">
     <span class='ocr_line' id='line_1_49' title="bbox 491 3346 2091 3422; baseline 0.003 -19"><span class='ocrx_word' id='word_1_349' title='bbox 491 3366 581 3422; x_wconf 86' lang='lat' dir='ltr'><strong>per</strong></span> <span class='ocrx_word' id='word_1_350' title='bbox 606 3356 941 3405; x_wconf 87' lang='lat' dir='ltr'><strong>commentata</strong></span> <span class='ocrx_word' id='word_1_351' title='bbox 972 3354 1068 3413; x_wconf 85' lang='lat' dir='ltr'><strong>est,</strong></span> <span class='ocrx_word' id='word_1_352' title='bbox 1097 3362 1222 3415; x_wconf 87' lang='lat' dir='ltr'><strong>quos</strong></span> <span class='ocrx_word' id='word_1_353' title='bbox 1250 3346 1454 3407; x_wconf 84' lang='lat' dir='ltr'><strong>coleret.</strong></span> <span class='ocrx_word' id='word_1_354' title='bbox 1482 3346 1598 3403; x_wconf 85' lang='lat' dir='ltr'><strong>Non</strong></span> <span class='ocrx_word' id='word_1_355' title='bbox 1629 3349 1858 3420; x_wconf 79' lang='lat' dir='ltr'><strong>amplius</strong></span> <span class='ocrx_word' id='word_1_356' title='bbox 1910 3350 2091 3422; x_wconf 87' lang='lat' dir='ltr'><strong>itaque</strong></span> 
     </span>
    </p>
   </div>
   <div class='ocr_carea' id='block_1_50' title="bbox 488 3439 2091 3516">
    <p class='ocr_par' dir='ltr' id='par_1_50' title="bbox 488 3439 2091 3516">
     <span class='ocr_line' id='line_1_50' title="bbox 488 3439 2091 3516; baseline 0.001 -18"><span class='ocrx_word' id='word_1_357' title='bbox 488 3440 758 3516; x_wconf 62' lang='lat' dir='ltr'><strong>querendo</strong></span> <span class='ocrx_word' id='word_1_358' title='bbox 798 3441 1095 3512; x_wconf 77' lang='lat' dir='ltr'><strong>magistrum</strong></span> <span class='ocrx_word' id='word_1_359' title='bbox 1124 3439 1422 3495; x_wconf 75' lang='lat' dir='ltr'><strong>innocentia:</strong></span> <span class='ocrx_word' id='word_1_360' title='bbox 1448 3440 1467 3510; x_wconf 87' lang='lat'>(</span> <span class='ocrx_word' id='word_1_361' title='bbox 1492 3439 1632 3497; x_wconf 74' lang='lat' dir='ltr'><strong>Ibid.</strong></span> <span class='ocrx_word' id='word_1_362' title='bbox 1668 3441 1688 3514; x_wconf 90' lang='lat'>)</span> <span class='ocrx_word' id='word_1_363' title='bbox 1722 3453 1777 3510; x_wconf 79' lang='lat' dir='ltr'><strong>et</strong></span> <span class='ocrx_word' id='word_1_364' title='bbox 1825 3444 2091 3511; x_wconf 81' lang='lat' dir='ltr'><strong>scelerum</strong></span> 
     </span>
    </p>
   </div>
   <div class='ocr_carea' id='block_1_51' title="bbox 491 3532 2093 3609">
    <p class='ocr_par' dir='ltr' id='par_1_51' title="bbox 491 3532 2093 3609">
     <span class='ocr_line' id='line_1_51' title="bbox 491 3532 2093 3609; baseline 0.004 -18"><span class='ocrx_word' id='word_1_365' title='bbox 491 3535 781 3602; x_wconf 81' lang='lat' dir='ltr'><strong>vindicem,</strong></span> <span class='ocrx_word' id='word_1_366' title='bbox 802 3549 869 3591; x_wconf 93' lang='lat' dir='ltr'><strong>eo</strong></span> <span class='ocrx_word' id='word_1_367' title='bbox 884 3532 1163 3599; x_wconf 85' lang='lat' dir='ltr'><strong>derelicto,</strong></span> <span class='ocrx_word' id='word_1_368' title='bbox 1189 3534 1241 3587; x_wconf 93' lang='lat' dir='ltr'><strong>in</strong></span> <span class='ocrx_word' id='word_1_369' title='bbox 1260 3532 1615 3603; x_wconf 86' lang='lat' dir='ltr'><strong>idololatriam</strong></span> <span class='ocrx_word' id='word_1_370' title='bbox 1628 3545 1682 3591; x_wconf 91' lang='lat' dir='ltr'><strong>et</strong></span> <span class='ocrx_word' id='word_1_371' title='bbox 1696 3551 1857 3593; x_wconf 87' lang='lat' dir='ltr'><strong>omne</strong></span> <span class='ocrx_word' id='word_1_372' title='bbox 1868 3536 2093 3609; x_wconf 52' lang='lat' dir='ltr'><strong>ﬂagitio:</strong></span> 
     </span>
    </p>
   </div>
   <div class='ocr_carea' id='block_1_52' title="bbox 495 3624 2094 3701">
    <p class='ocr_par' dir='ltr' id='par_1_52' title="bbox 495 3624 2094 3701">
     <span class='ocr_line' id='line_1_52' title="bbox 495 3624 2094 3701; baseline -0.004 -16"><span class='ocrx_word' id='word_1_373' title='bbox 495 3643 616 3685; x_wconf 87' lang='lat' dir='ltr'><strong>rum</strong></span> <span class='ocrx_word' id='word_1_374' title='bbox 643 3640 813 3698; x_wconf 90' lang='lat' dir='ltr'><strong>genus</strong></span> <span class='ocrx_word' id='word_1_375' title='bbox 860 3638 982 3681; x_wconf 90' lang='lat' dir='ltr'><strong>sese</strong></span> <span class='ocrx_word' id='word_1_376' title='bbox 1011 3624 1338 3696; x_wconf 69' lang='lat' dir='ltr'><strong>praecipitem</strong></span> <span class='ocrx_word' id='word_1_377' title='bbox 1377 3624 1542 3683; x_wconf 89' lang='lat' dir='ltr'><strong>dedit.</strong></span> <span class='ocrx_word' id='word_1_378' title='bbox 1592 3627 1760 3695; x_wconf 82' lang='lat' dir='ltr'><strong>Deum</strong></span> <span class='ocrx_word' id='word_1_379' title='bbox 1802 3644 1931 3701; x_wconf 85' lang='lat' dir='ltr'><strong>ergo</strong></span> <span class='ocrx_word' id='word_1_380' title='bbox 1972 3631 2094 3687; x_wconf 77' lang='lat' dir='ltr'><strong>eth.</strong></span> 
     </span>
    </p>
   </div>
   <div class='ocr_carea' id='block_1_53' title="bbox 497 3717 2087 3795">
    <p class='ocr_par' dir='ltr' id='par_1_53' title="bbox 497 3717 2087 3795">
     <span class='ocr_line' id='line_1_53' title="bbox 497 3717 2087 3795; baseline 0 -17"><span class='ocrx_word' id='word_1_381' title='bbox 497 3721 627 3790; x_wconf 90' lang='lat' dir='ltr'><strong>nici,</strong></span> <span class='ocrx_word' id='word_1_382' title='bbox 654 3735 814 3792; x_wconf 90' lang='lat' dir='ltr'><strong>quem</strong></span> <span class='ocrx_word' id='word_1_383' title='bbox 835 3717 1292 3789; x_wconf 81' lang='lat' dir='ltr'><strong>recognoscendo,</strong></span> <span class='ocrx_word' id='word_1_384' title='bbox 1325 3733 1387 3775; x_wconf 88' lang='lat' dir='ltr'><strong>ac</strong></span> <span class='ocrx_word' id='word_1_385' title='bbox 1411 3720 1552 3776; x_wconf 89' lang='lat' dir='ltr'><strong>sicut</strong></span> <span class='ocrx_word' id='word_1_386' title='bbox 1577 3736 1673 3792; x_wconf 89' lang='lat' dir='ltr'><strong>par</strong></span> <span class='ocrx_word' id='word_1_387' title='bbox 1696 3731 1814 3785; x_wconf 86' lang='lat' dir='ltr'><strong>erat</strong></span> <span class='ocrx_word' id='word_1_388' title='bbox 1840 3724 2087 3795; x_wconf 79' lang='lat' dir='ltr'><strong>colendo,</strong></span> 
     </span>
    </p>
   </div>
   <div class='ocr_carea' id='block_1_54' title="bbox 498 3816 2101 3889">
    <p class='ocr_par' dir='ltr' id='par_1_54' title="bbox 498 3816 2101 3889">
     <span class='ocr_line' id='line_1_54' title="bbox 498 3816 2101 3889; baseline 0.003 -14"><span class='ocrx_word' id='word_1_389' title='bbox 498 3818 793 3889; x_wconf 86' lang='lat' dir='ltr'><strong>prapitium</strong></span> <span class='ocrx_word' id='word_1_390' title='bbox 812 3816 1013 3873; x_wconf 88' lang='lat' dir='ltr'><strong>habere</strong></span> <span class='ocrx_word' id='word_1_391' title='bbox 1040 3825 1307 3888; x_wconf 88' lang='lat' dir='ltr'><strong>poterant,</strong></span> <span class='ocrx_word' id='word_1_392' title='bbox 1329 3832 1425 3873; x_wconf 88' lang='lat' dir='ltr'><strong>sua</strong></span> <span class='ocrx_word' id='word_1_393' title='bbox 1450 3819 1520 3875; x_wconf 88' lang='lat' dir='ltr'><strong>ob</strong></span> <span class='ocrx_word' id='word_1_394' title='bbox 1537 3819 1759 3877; x_wconf 84' lang='lat' dir='ltr'><strong>crimina</strong></span> <span class='ocrx_word' id='word_1_395' title='bbox 1788 3820 1980 3881; x_wconf 84' lang='lat' dir='ltr'><strong>iratum</strong></span> <span class='ocrx_word' id='word_1_396' title='bbox 2002 3839 2101 3881; x_wconf 53' lang='lat' dir='ltr'><strong>ex.</strong></span> 
     </span>
    </p>
   </div>
   <div class='ocr_carea' id='block_1_55' title="bbox 500 3910 2094 3987">
    <p class='ocr_par' dir='ltr' id='par_1_55' title="bbox 500 3910 2094 3987">
     <span class='ocr_line' id='line_1_55' title="bbox 500 3910 2094 3987; baseline 0.003 -17"><span class='ocrx_word' id='word_1_397' title='bbox 500 3914 639 3987; x_wconf 86' lang='lat' dir='ltr'><strong>perti</strong></span> <span class='ocrx_word' id='word_1_398' title='bbox 681 3920 827 3970; x_wconf 91' lang='lat' dir='ltr'><strong>sunt.</strong></span> <span class='ocrx_word' id='word_1_399' title='bbox 869 3910 985 3967; x_wconf 87' lang='lat' dir='ltr'><strong>Non</strong></span> <span class='ocrx_word' id='word_1_400' title='bbox 1016 3910 1306 3967; x_wconf 86' lang='lat' dir='ltr'><strong>Christiani</strong></span> <span class='ocrx_word' id='word_1_401' title='bbox 1353 3911 1537 3982; x_wconf 83' lang='lat' dir='ltr'><strong>igitur,</strong></span> <span class='ocrx_word' id='word_1_402' title='bbox 1573 3914 1665 3984; x_wconf 90' lang='lat' dir='ltr'><strong>qui</strong></span> <span class='ocrx_word' id='word_1_403' title='bbox 1694 3914 1859 3970; x_wconf 89' lang='lat' dir='ltr'><strong>Deum</strong></span> <span class='ocrx_word' id='word_1_404' title='bbox 1905 3932 2094 3974; x_wconf 81' lang='lat' dir='ltr'><strong>verum</strong></span> 
     </span>
    </p>
   </div>
   <div class='ocr_carea' id='block_1_56' title="bbox 499 4000 2096 4078">
    <p class='ocr_par' dir='ltr' id='par_1_56' title="bbox 499 4000 2096 4078">
     <span class='ocr_line' id='line_1_56' title="bbox 499 4000 2096 4078; baseline 0.003 -17"><span class='ocrx_word' id='word_1_405' title='bbox 499 4006 645 4061; x_wconf 89' lang='lat' dir='ltr'><strong>cultu</strong></span> <span class='ocrx_word' id='word_1_406' title='bbox 675 4003 857 4059; x_wconf 91' lang='lat' dir='ltr'><strong>debito</strong></span> <span class='ocrx_word' id='word_1_407' title='bbox 887 4010 943 4058; x_wconf 90' lang='lat' dir='ltr'><strong>et</strong></span> <span class='ocrx_word' id='word_1_408' title='bbox 989 4000 1094 4073; x_wconf 90' lang='lat' dir='ltr'><strong>piis</strong></span> <span class='ocrx_word' id='word_1_409' title='bbox 1120 4001 1374 4071; x_wconf 85' lang='lat' dir='ltr'><strong>aperibus</strong></span> <span class='ocrx_word' id='word_1_410' title='bbox 1415 4016 1630 4073; x_wconf 87' lang='lat' dir='ltr'><strong>semper</strong></span> <span class='ocrx_word' id='word_1_411' title='bbox 1656 4005 1891 4074; x_wconf 85' lang='lat' dir='ltr'><strong>coluere,</strong></span> <span class='ocrx_word' id='word_1_412' title='bbox 1925 4010 2096 4078; x_wconf 86' lang='lat' dir='ltr'><strong>publi-</strong></span> 
     </span>
    </p>
   </div>
   <div class='ocr_carea' id='block_1_57' title="bbox 500 4092 2097 4169">
    <p class='ocr_par' dir='ltr' id='par_1_57' title="bbox 500 4092 2097 4169">
     <span class='ocr_line' id='line_1_57' title="bbox 500 4092 2097 4169; baseline -0.004 -16"><span class='ocrx_word' id='word_1_413' title='bbox 500 4110 685 4153; x_wconf 89' lang='lat' dir='ltr'><strong>carum</strong></span> <span class='ocrx_word' id='word_1_414' title='bbox 698 4094 1057 4151; x_wconf 87' lang='lat' dir='ltr'><strong>calamitatum</strong></span> <span class='ocrx_word' id='word_1_415' title='bbox 1075 4106 1263 4149; x_wconf 82' lang='lat' dir='ltr'><strong>caussa</strong></span> <span class='ocrx_word' id='word_1_416' title='bbox 1282 4101 1458 4159; x_wconf 87' lang='lat' dir='ltr'><strong>erant,</strong></span> <span class='ocrx_word' id='word_1_417' title='bbox 1494 4092 1589 4149; x_wconf 89' lang='lat' dir='ltr'><strong>sed</strong></span> <span class='ocrx_word' id='word_1_418' title='bbox 1606 4094 1809 4166; x_wconf 86' lang='lat' dir='ltr'><strong>ingrata</strong></span> <span class='ocrx_word' id='word_1_419' title='bbox 1830 4098 2097 4169; x_wconf 84' lang='lat' dir='ltr'><strong>ipsorum-</strong></span> 
     </span>
    </p>
   </div>
   <div class='ocr_carea' id='block_1_58' title="bbox 501 4185 2100 4264">
    <p class='ocr_par' dir='ltr' id='par_1_58' title="bbox 501 4185 2100 4264">
     <span class='ocr_line' id='line_1_58' title="bbox 501 4185 2100 4264; baseline 0.006 -20"><span class='ocrx_word' id='word_1_420' title='bbox 501 4199 617 4247; x_wconf 89' lang='lat' dir='ltr'><strong>met</strong></span> <span class='ocrx_word' id='word_1_421' title='bbox 642 4188 975 4244; x_wconf 86' lang='lat' dir='ltr'><strong>ethnicorum</strong></span> <span class='ocrx_word' id='word_1_422' title='bbox 1006 4200 1160 4256; x_wconf 84' lang='lat' dir='ltr'><strong>gens,</strong></span> <span class='ocrx_word' id='word_1_423' title='bbox 1191 4201 1309 4257; x_wconf 67' lang='lat' dir='ltr'><strong>quae</strong></span> <span class='ocrx_word' id='word_1_424' title='bbox 1348 4185 1496 4243; x_wconf 87' lang='lat' dir='ltr'><strong>illum</strong></span> <span class='ocrx_word' id='word_1_425' title='bbox 1539 4187 1858 4260; x_wconf 79' lang='lat' dir='ltr'><strong>adspernata</strong></span> <span class='ocrx_word' id='word_1_426' title='bbox 1899 4206 2001 4264; x_wconf 79' lang='lat' dir='ltr'><strong>est,</strong></span> <span class='ocrx_word' id='word_1_427' title='bbox 2044 4208 2100 4257; x_wconf 88' lang='lat' dir='ltr'><strong>et</strong></span> 
     </span>
    </p>
   </div>
   <div class='ocr_carea' id='block_1_59' title="bbox 503 4278 2093 4353">
    <p class='ocr_par' dir='ltr' id='par_1_59' title="bbox 503 4278 2093 4353">
     <span class='ocr_line' id='line_1_59' title="bbox 503 4278 2093 4353; baseline 0.007 -15"><span class='ocrx_word' id='word_1_428' title='bbox 503 4279 840 4344; x_wconf 83' lang='lat' dir='ltr'><strong>idololatria,</strong></span> <span class='ocrx_word' id='word_1_429' title='bbox 888 4279 1112 4349; x_wconf 80' lang='lat' dir='ltr'><strong>aliisque</strong></span> <span class='ocrx_word' id='word_1_430' title='bbox 1149 4278 1443 4335; x_wconf 89' lang='lat' dir='ltr'><strong>sceleribus</strong></span> <span class='ocrx_word' id='word_1_431' title='bbox 1490 4281 1806 4353; x_wconf 86' lang='lat' dir='ltr'><strong>gravissime</strong></span> <span class='ocrx_word' id='word_1_432' title='bbox 1851 4287 2093 4349; x_wconf 62' lang='lat' dir='ltr'><strong>attendit.</strong></span> 
     </span>
    </p>
   </div>
   <div class='ocr_carea' id='block_1_60' title="bbox 507 4371 2096 4456">
    <p class='ocr_par' dir='ltr' id='par_1_60' title="bbox 507 4371 2096 4456">
     <span class='ocr_line' id='line_1_60' title="bbox 507 4371 2096 4456; baseline 0.006 -23"><span class='ocrx_word' id='word_1_433' title='bbox 507 4375 697 4433; x_wconf 82' lang='lat' dir='ltr'><strong>Totam</strong></span> <span class='ocrx_word' id='word_1_434' title='bbox 725 4381 903 4431; x_wconf 87' lang='lat' dir='ltr'><strong>autem</strong></span> <span class='ocrx_word' id='word_1_435' title='bbox 936 4371 1074 4426; x_wconf 86' lang='lat' dir='ltr'><strong>hanc</strong></span> <span class='ocrx_word' id='word_1_436' title='bbox 1097 4374 1614 4442; x_wconf 70' lang='lat' dir='ltr'><strong>argumentationem</strong></span> <span class='ocrx_word' id='word_1_437' title='bbox 1654 4377 1738 4436; x_wconf 87' lang='lat' dir='ltr'><strong>his</strong></span> <span class='ocrx_word' id='word_1_438' title='bbox 1763 4384 2096 4456; x_wconf 75' lang='lat' dir='ltr'><strong>corroborat,</strong></span> 
     </span>
    </p>
   </div>
   <div class='ocr_carea' id='block_1_61' title="bbox 505 4463 2101 4551">
    <p class='ocr_par' dir='ltr' id='par_1_61' title="bbox 505 4463 2101 4551">
     <span class='ocr_line' id='line_1_61' title="bbox 505 4463 2101 4551; baseline 0.008 -24"><span class='ocrx_word' id='word_1_439' title='bbox 505 4486 648 4545; x_wconf 65' lang='lat' dir='ltr'><strong>quoa,</strong></span> <span class='ocrx_word' id='word_1_440' title='bbox 666 4476 785 4531; x_wconf 86' lang='lat' dir='ltr'><strong>orta</strong></span> <span class='ocrx_word' id='word_1_441' title='bbox 830 4464 984 4523; x_wconf 86' lang='lat' dir='ltr'><strong>clade</strong></span> <span class='ocrx_word' id='word_1_442' title='bbox 1022 4463 1196 4534; x_wconf 87' lang='lat' dir='ltr'><strong>aliqua</strong></span> <span class='ocrx_word' id='word_1_443' title='bbox 1239 4474 1329 4520; x_wconf 90' lang='lat' dir='ltr'><strong>aut</strong></span> <span class='ocrx_word' id='word_1_444' title='bbox 1370 4467 1724 4540; x_wconf 85' lang='lat' dir='ltr'><strong>imminente,</strong></span> <span class='ocrx_word' id='word_1_445' title='bbox 1758 4476 1827 4531; x_wconf 82' lang='lat' dir='ltr'><strong>ab</strong></span> <span class='ocrx_word' id='word_1_446' title='bbox 1856 4482 2101 4551; x_wconf 83' lang='lat' dir='ltr'><strong>utrisque</strong></span> 
     </span>
    </p>
   </div>
   <div class='ocr_carea' id='block_1_62' title="bbox 2179 1954 3775 2028">
    <p class='ocr_par' dir='ltr' id='par_1_62' title="bbox 2179 1954 3775 2028">
     <span class='ocr_line' id='line_1_62' title="bbox 2179 1954 3775 2028; baseline 0.001 -20"><span class='ocrx_word' id='word_1_447' title='bbox 2179 1964 2287 2014; x_wconf 84' lang='lat' dir='ltr'><strong>tate</strong></span> <span class='ocrx_word' id='word_1_448' title='bbox 2368 1955 2577 2026; x_wconf 89' lang='lat' dir='ltr'><strong>penitus</strong></span> <span class='ocrx_word' id='word_1_449' title='bbox 2644 1956 2843 2013; x_wconf 75' lang='lat' dir='ltr'><strong>delevit</strong></span> <span class='ocrx_word' id='word_1_450' title='bbox 2904 1957 3083 2028; x_wconf 86' lang='lat' dir='ltr'><strong>priora</strong></span> <span class='ocrx_word' id='word_1_451' title='bbox 3156 1956 3273 2012; x_wconf 67' lang='lat' dir='ltr'><strong>haec</strong></span> <span class='ocrx_word' id='word_1_452' title='bbox 3316 1954 3498 2020; x_wconf 85' lang='lat' dir='ltr'><strong>verba,</strong></span> <span class='ocrx_word' id='word_1_453' title='bbox 3552 1956 3775 2023; x_wconf 83' lang='lat' dir='ltr'><strong>quotidie</strong></span> 
     </span>
    </p>
   </div>
   <div class='ocr_carea' id='block_1_63' title="bbox 2176 2048 3775 2120">
    <p class='ocr_par' dir='ltr' id='par_1_63' title="bbox 2176 2048 3775 2120">
     <span class='ocr_line' id='line_1_63' title="bbox 2176 2048 3775 2120; baseline 0.001 -20"><span class='ocrx_word' id='word_1_454' title='bbox 2176 2048 2332 2119; x_wconf 88' lang='lat' dir='ltr'><strong>pasti,</strong></span> <span class='ocrx_word' id='word_1_455' title='bbox 2357 2048 2626 2119; x_wconf 77' lang='lat' dir='ltr'><strong>statimque</strong></span> <span class='ocrx_word' id='word_1_456' title='bbox 2656 2051 2914 2120; x_wconf 82' lang='lat' dir='ltr'><strong>pransuri.</strong></span> <span class='ocrx_word' id='word_1_457' title='bbox 2946 2050 3092 2109; x_wconf 81' lang='lat' dir='ltr'><strong>Itane</strong></span> <span class='ocrx_word' id='word_1_458' title='bbox 3119 2065 3250 2120; x_wconf 84' lang='lat' dir='ltr'><strong>ergo</strong></span> <span class='ocrx_word' id='word_1_459' title='bbox 3280 2049 3472 2105; x_wconf 91' lang='lat' dir='ltr'><strong>editori</strong></span> <span class='ocrx_word' id='word_1_460' title='bbox 3500 2049 3624 2103; x_wconf 87' lang='lat' dir='ltr'><strong>licet</strong></span> <span class='ocrx_word' id='word_1_461' title='bbox 3645 2062 3775 2101; x_wconf 85' lang='lat' dir='ltr'><strong>auc-</strong></span> 
     </span>
    </p>
   </div>
   <div class='ocr_carea' id='block_1_64' title="bbox 2177 2142 3778 2219">
    <p class='ocr_par' dir='ltr' id='par_1_64' title="bbox 2177 2142 3778 2219">
     <span class='ocr_line' id='line_1_64' title="bbox 2177 2142 3778 2219; baseline 0.001 -25"><span class='ocrx_word' id='word_1_462' title='bbox 2177 2142 2311 2197; x_wconf 90' lang='lat' dir='ltr'><strong>toris</strong></span> <span class='ocrx_word' id='word_1_463' title='bbox 2335 2142 2417 2197; x_wconf 81' lang='lat' dir='ltr'><strong>sui</strong></span> <span class='ocrx_word' id='word_1_464' title='bbox 2453 2151 2675 2210; x_wconf 79' lang='lat' dir='ltr'><strong>textum,</strong></span> <span class='ocrx_word' id='word_1_465' title='bbox 2710 2143 2853 2198; x_wconf 91' lang='lat' dir='ltr'><strong>nulla</strong></span> <span class='ocrx_word' id='word_1_466' title='bbox 2888 2142 3321 2219; x_wconf 71' lang='lat' dir='ltr'><strong>rationc’allata,</strong></span> <span class='ocrx_word' id='word_1_467' title='bbox 3375 2142 3664 2214; x_wconf 80' lang='lat' dir='ltr'><strong>corrigere,</strong></span> <span class='ocrx_word' id='word_1_468' title='bbox 3694 2142 3778 2197; x_wconf 85' lang='lat' dir='ltr'><strong>vel</strong></span> 
     </span>
    </p>
   </div>
   <div class='ocr_carea' id='block_1_65' title="bbox 2182 2235 3778 2306">
    <p class='ocr_par' dir='ltr' id='par_1_65' title="bbox 2182 2235 3778 2306">
     <span class='ocr_line' id='line_1_65' title="bbox 2182 2235 3778 2306; baseline 0.001 -19"><span class='ocrx_word' id='word_1_469' title='bbox 2182 2235 2360 2304; x_wconf 87' lang='lat' dir='ltr'><strong>potius</strong></span> <span class='ocrx_word' id='word_1_470' title='bbox 2400 2236 2790 2306; x_wconf 85' lang='lat' dir='ltr'><strong>corrumpere?</strong></span> <span class='ocrx_word' id='word_1_471' title='bbox 2846 2235 3213 2292; x_wconf 88' lang='lat' dir='ltr'><strong>Tertullianus</strong></span> <span class='ocrx_word' id='word_1_472' title='bbox 3267 2237 3411 2292; x_wconf 93' lang='lat' dir='ltr'><strong>enim</strong></span> <span class='ocrx_word' id='word_1_473' title='bbox 3455 2235 3778 2291; x_wconf 88' lang='lat' dir='ltr'><strong>christianos</strong></span> 
     </span>
    </p>
   </div>
   <div class='ocr_carea' id='block_1_66' title="bbox 2182 2328 3780 2409">
    <p class='ocr_par' dir='ltr' id='par_1_66' title="bbox 2182 2328 3780 2409">
     <span class='ocr_line' id='line_1_66' title="bbox 2182 2328 3780 2409; baseline 0.001 -26"><span class='ocrx_word' id='word_1_474' title='bbox 2182 2330 2403 2399; x_wconf 88' lang='lat' dir='ltr'><strong>opponit</strong></span> <span class='ocrx_word' id='word_1_475' title='bbox 2433 2328 2664 2390; x_wconf 84' lang='lat' dir='ltr'><strong>ethnicis</strong></span> <span class='ocrx_word' id='word_1_476' title='bbox 2685 2371 2702 2397; x_wconf 95' lang='lat'><strong>,</strong></span> <span class='ocrx_word' id='word_1_477' title='bbox 2731 2329 3072 2401; x_wconf 87' lang='lat' dir='ltr'><strong>ostenditque</strong></span> <span class='ocrx_word' id='word_1_478' title='bbox 3112 2345 3273 2401; x_wconf 86' lang='lat' dir='ltr'><strong>quam</strong></span> <span class='ocrx_word' id='word_1_479' title='bbox 3314 2330 3545 2409; x_wconf 63' lang='lat' dir='ltr'><strong>diverso~</strong></span> <span class='ocrx_word' id='word_1_480' title='bbox 3567 2331 3780 2400; x_wconf 79' lang='lat' dir='ltr'><strong>utrique</strong></span> 
     </span>
    </p>
   </div>
   <div class='ocr_carea' id='block_1_67' title="bbox 2183 2423 3779 2497">
    <p class='ocr_par' dir='ltr' id='par_1_67' title="bbox 2183 2423 3779 2497">
     <span class='ocr_line' id='line_1_67' title="bbox 2183 2423 3779 2497; baseline 0.001 -19"><span class='ocrx_word' id='word_1_481' title='bbox 2183 2423 2344 2478; x_wconf 91' lang='lat' dir='ltr'><strong>modo</strong></span> <span class='ocrx_word' id='word_1_482' title='bbox 2373 2424 2707 2494; x_wconf 85' lang='lat' dir='ltr'><strong>ingruentem</strong></span> <span class='ocrx_word' id='word_1_483' title='bbox 2737 2424 3003 2497; x_wconf 89' lang='lat' dir='ltr'><strong>publicam</strong></span> <span class='ocrx_word' id='word_1_484' title='bbox 3033 2423 3389 2479; x_wconf 87' lang='lat' dir='ltr'><strong>calamitatem</strong></span> <span class='ocrx_word' id='word_1_485' title='bbox 3434 2438 3465 2478; x_wconf 90' lang='lat' dir='ltr'><strong>a</strong></span> <span class='ocrx_word' id='word_1_486' title='bbox 3504 2439 3563 2479; x_wconf 91' lang='lat' dir='ltr'><strong>se</strong></span> <span class='ocrx_word' id='word_1_487' title='bbox 3587 2423 3779 2494; x_wconf 87' lang='lat' dir='ltr'><strong>depre-</strong></span> 
     </span>
    </p>
   </div>
   <div class='ocr_carea' id='block_1_68' title="bbox 2185 2514 3779 2586">
    <p class='ocr_par' dir='ltr' id='par_1_68' title="bbox 2185 2514 3779 2586">
     <span class='ocr_line' id='line_1_68' title="bbox 2185 2514 3779 2586; baseline 0.001 -17"><span class='ocrx_word' id='word_1_488' title='bbox 2185 2523 2459 2570; x_wconf 88' lang='lat' dir='ltr'><strong>carentur.</strong></span> <span class='ocrx_word' id='word_1_489' title='bbox 2487 2514 2623 2571; x_wconf 88' lang='lat' dir='ltr'><strong>Tum</strong></span> <span class='ocrx_word' id='word_1_490' title='bbox 2654 2531 2786 2572; x_wconf 88' lang='lat' dir='ltr'><strong>vero</strong></span> <span class='ocrx_word' id='word_1_491' title='bbox 2813 2516 3109 2581; x_wconf 86' lang='lat' dir='ltr'><strong>christiani,</strong></span> <span class='ocrx_word' id='word_1_492' title='bbox 3129 2516 3319 2586; x_wconf 86' lang='lat' dir='ltr'><strong>inquit,</strong></span> <span class='ocrx_word' id='word_1_493' title='bbox 3351 2530 3507 2572; x_wconf 85' lang='lat' dir='ltr'><strong>sacco</strong></span> <span class='ocrx_word' id='word_1_494' title='bbox 3528 2525 3582 2571; x_wconf 90' lang='lat' dir='ltr'><strong>et</strong></span> <span class='ocrx_word' id='word_1_495' title='bbox 3600 2516 3779 2571; x_wconf 86' lang='lat' dir='ltr'><strong>cinere</strong></span> 
     </span>
    </p>
   </div>
   <div class='ocr_carea' id='block_1_69' title="bbox 2186 2607 3777 2679">
    <p class='ocr_par' dir='ltr' id='par_1_69' title="bbox 2186 2607 3777 2679">
     <span class='ocr_line' id='line_1_69' title="bbox 2186 2607 3777 2679; baseline -0.001 -15"><span class='ocrx_word' id='word_1_496' title='bbox 2186 2607 2456 2676; x_wconf 88' lang='lat' dir='ltr'><strong>sorditati,</strong></span> <span class='ocrx_word' id='word_1_497' title='bbox 2488 2608 2694 2663; x_wconf 89' lang='lat' dir='ltr'><strong>nullum</strong></span> <span class='ocrx_word' id='word_1_498' title='bbox 2716 2610 2844 2664; x_wconf 88' lang='lat' dir='ltr'><strong>totis</strong></span> <span class='ocrx_word' id='word_1_499' title='bbox 2865 2609 3058 2665; x_wconf 90' lang='lat' dir='ltr'><strong>diebus</strong></span> <span class='ocrx_word' id='word_1_500' title='bbox 3099 2609 3385 2679; x_wconf 84' lang='lat' dir='ltr'><strong>capiebant</strong></span> <span class='ocrx_word' id='word_1_501' title='bbox 3415 2608 3614 2664; x_wconf 85' lang='lat' dir='ltr'><strong>cibum.</strong></span> <span class='ocrx_word' id='word_1_502' title='bbox 3645 2608 3777 2663; x_wconf 84' lang='lat' dir='ltr'><strong>Eth-</strong></span> 
     </span>
    </p>
   </div>
   <div class='ocr_carea' id='block_1_70' title="bbox 2189 2699 3781 2772">
    <p class='ocr_par' dir='ltr' id='par_1_70' title="bbox 2189 2699 3781 2772">
     <span class='ocr_line' id='line_1_70' title="bbox 2189 2699 3781 2772; baseline 0.002 -19"><span class='ocrx_word' id='word_1_503' title='bbox 2189 2700 2294 2754; x_wconf 91' lang='lat' dir='ltr'><strong>nici</strong></span> <span class='ocrx_word' id='word_1_504' title='bbox 2320 2715 2351 2755; x_wconf 92' lang='lat' dir='ltr'><strong>e</strong></span> <span class='ocrx_word' id='word_1_505' title='bbox 2393 2702 2666 2756; x_wconf 88' lang='lat' dir='ltr'><strong>contrario</strong></span> <span class='ocrx_word' id='word_1_506' title='bbox 2703 2717 2810 2756; x_wconf 88' lang='lat' dir='ltr'><strong>non</strong></span> <span class='ocrx_word' id='word_1_507' title='bbox 2853 2710 3160 2772; x_wconf 77' lang='lat' dir='ltr'><strong>exspectata</strong></span> <span class='ocrx_word' id='word_1_508' title='bbox 3189 2701 3318 2756; x_wconf 89' lang='lat' dir='ltr'><strong>hora</strong></span> <span class='ocrx_word' id='word_1_509' title='bbox 3364 2700 3607 2771; x_wconf 88' lang='lat' dir='ltr'><strong>prandii,</strong></span> <span class='ocrx_word' id='word_1_510' title='bbox 3633 2699 3781 2756; x_wconf 85' lang='lat' dir='ltr'><strong>cibos</strong></span> 
     </span>
    </p>
   </div>
   <div class='ocr_carea' id='block_1_71' title="bbox 2189 2784 3781 2864">
    <p class='ocr_par' dir='ltr' id='par_1_71' title="bbox 2189 2784 3781 2864">
     <span class='ocr_line' id='line_1_71' title="bbox 2189 2784 3781 2864; baseline 0 -17"><span class='ocrx_word' id='word_1_511' title='bbox 2189 2804 2349 2849; x_wconf 87' lang='lat' dir='ltr'><strong>antea</strong></span> <span class='ocrx_word' id='word_1_512' title='bbox 2380 2784 2801 2864; x_wconf 65' lang='lat' dir='ltr'><strong>praegustabant,</strong></span> <span class='ocrx_word' id='word_1_513' title='bbox 2825 2810 2950 2849; x_wconf 83' lang='lat' dir='ltr'><strong>mox</strong></span> <span class='ocrx_word' id='word_1_514' title='bbox 2998 2794 3191 2850; x_wconf 87' lang='lat' dir='ltr'><strong>lautius</strong></span> <span class='ocrx_word' id='word_1_515' title='bbox 3235 2795 3289 2848; x_wconf 93' lang='lat' dir='ltr'><strong>in</strong></span> <span class='ocrx_word' id='word_1_516' title='bbox 3318 2795 3575 2864; x_wconf 88' lang='lat' dir='ltr'><strong>cauponis</strong></span> <span class='ocrx_word' id='word_1_517' title='bbox 3620 2809 3781 2864; x_wconf 87' lang='lat' dir='ltr'><strong>pran-</strong></span> 
     </span>
    </p>
   </div>
   <div class='ocr_carea' id='block_1_72' title="bbox 2190 2888 3783 2961">
    <p class='ocr_par' dir='ltr' id='par_1_72' title="bbox 2190 2888 3783 2961">
     <span class='ocr_line' id='line_1_72' title="bbox 2190 2888 3783 2961; baseline 0 -17"><span class='ocrx_word' id='word_1_518' title='bbox 2190 2888 2325 2945; x_wconf 87' lang='lat' dir='ltr'><strong>suri.</strong></span> <span class='ocrx_word' id='word_1_519' title='bbox 2350 2888 2541 2945; x_wconf 86' lang='lat' dir='ltr'><strong>Postea</strong></span> <span class='ocrx_word' id='word_1_520' title='bbox 2572 2890 2884 2945; x_wconf 86' lang='lat' dir='ltr'><strong>balnearum</strong></span> <span class='ocrx_word' id='word_1_521' title='bbox 2906 2891 3287 2946; x_wconf 87' lang='lat' dir='ltr'><strong>recreabantur</strong></span> <span class='ocrx_word' id='word_1_522' title='bbox 3302 2889 3594 2961; x_wconf 83' lang='lat' dir='ltr'><strong>voluptate,</strong></span> <span class='ocrx_word' id='word_1_523' title='bbox 3625 2896 3783 2960; x_wconf 60' lang='lat' dir='ltr'><strong>ablue</strong></span> 
     </span>
    </p>
   </div>
   <div class='ocr_carea' id='block_1_73' title="bbox 2193 2985 3601 3058">
    <p class='ocr_par' dir='ltr' id='par_1_73' title="bbox 2193 2985 3601 3058">
     <span class='ocr_line' id='line_1_73' title="bbox 2193 2985 3601 3058; baseline -0.004 -15"><span class='ocrx_word' id='word_1_524' title='bbox 2193 2988 2246 3044; x_wconf 83' lang='lat' dir='ltr'><strong>in</strong></span> <span class='ocrx_word' id='word_1_525' title='bbox 2277 2989 2421 3043; x_wconf 89' lang='lat' dir='ltr'><strong>omni</strong></span> <span class='ocrx_word' id='word_1_526' title='bbox 2454 2995 2641 3058; x_wconf 88' lang='lat' dir='ltr'><strong>stupro</strong></span> <span class='ocrx_word' id='word_1_527' title='bbox 2670 3001 2791 3042; x_wconf 88' lang='lat' dir='ltr'><strong>sese</strong></span> <span class='ocrx_word' id='word_1_528' title='bbox 2817 2986 2870 3041; x_wconf 91' lang='lat' dir='ltr'><strong>in</strong></span> <span class='ocrx_word' id='word_1_529' title='bbox 2898 2986 3243 3055; x_wconf 84' lang='lat' dir='ltr'><strong>lupanaribus</strong></span> <span class='ocrx_word' id='word_1_530' title='bbox 3268 2985 3601 3040; x_wconf 88' lang='lat' dir='ltr'><strong>volutabant.</strong></span> 
     </span>
    </p>
   </div>
   <div class='ocr_carea' id='block_1_74' title="bbox 2272 3077 3793 3153">
    <p class='ocr_par' dir='ltr' id='par_1_74' title="bbox 2272 3077 3793 3153">
     <span class='ocr_line' id='line_1_74' title="bbox 2272 3077 3793 3153; baseline -0.002 -16"><span class='ocrx_word' id='word_1_531' title='bbox 2272 3083 2394 3137; x_wconf 85' lang='lat' dir='ltr'><strong>Alio</strong></span> <span class='ocrx_word' id='word_1_532' title='bbox 2419 3090 2678 3153; x_wconf 71' lang='lat' dir='ltr'><strong>prmtcrea</strong></span> <span class='ocrx_word' id='word_1_533' title='bbox 2708 3080 3025 3136; x_wconf 77' lang='lat' dir='ltr'><strong>idololatriae</strong></span> <span class='ocrx_word' id='word_1_534' title='bbox 3053 3079 3277 3134; x_wconf 88' lang='lat' dir='ltr'><strong>crimine</strong></span> <span class='ocrx_word' id='word_1_535' title='bbox 3296 3093 3481 3134; x_wconf 87' lang='lat' dir='ltr'><strong>verum</strong></span> <span class='ocrx_word' id='word_1_536' title='bbox 3510 3077 3793 3135; x_wconf 86' lang='lat' dir='ltr'><strong>irritabant</strong></span> 
     </span>
    </p>
   </div>
   <div class='ocr_carea' id='block_1_75' title="bbox 2112 3172 3788 3244">
    <p class='ocr_par' dir='ltr' id='par_1_75' title="bbox 2112 3172 3788 3244">
     <span class='ocr_line' id='line_1_75' title="bbox 2112 3172 3788 3244; baseline -0.003 -12"><span class='ocrx_word' id='word_1_537' title='bbox 2112 3178 2157 3242; x_wconf 88' lang='lat' dir='ltr'>C</span> <span class='ocrx_word' id='word_1_538' title='bbox 2195 3177 2381 3232; x_wconf 88' lang='lat' dir='ltr'><strong>Deum.</strong></span> <span class='ocrx_word' id='word_1_539' title='bbox 2406 3174 2566 3241; x_wconf 86' lang='lat' dir='ltr'><strong>Nam,</strong></span> <span class='ocrx_word' id='word_1_540' title='bbox 2597 3173 2983 3244; x_wconf 87' lang='lat' dir='ltr'><strong>eorepudiato,</strong></span> <span class='ocrx_word' id='word_1_541' title='bbox 3003 3173 3353 3228; x_wconf 85' lang='lat' dir='ltr'><strong>immolabant</strong></span> <span class='ocrx_word' id='word_1_542' title='bbox 3385 3172 3623 3241; x_wconf 82' lang='lat' dir='ltr'><strong>aquilicia</strong></span> <span class='ocrx_word' id='word_1_543' title='bbox 3646 3172 3788 3227; x_wconf 70' lang='lat' dir='ltr'><strong>lori.</strong></span> 
     </span>
    </p>
   </div>
   <div class='ocr_carea' id='block_1_76' title="bbox 2195 3267 3795 3343">
    <p class='ocr_par' dir='ltr' id='par_1_76' title="bbox 2195 3267 3795 3343">
     <span class='ocr_line' id='line_1_76' title="bbox 2195 3267 3795 3343; baseline -0.006 -14"><span class='ocrx_word' id='word_1_544' title='bbox 2195 3270 2515 3343; x_wconf 80' lang='lat' dir='ltr'><strong>Aquilicinm</strong></span> <span class='ocrx_word' id='word_1_545' title='bbox 2538 3277 2714 3325; x_wconf 84' lang='lat' dir='ltr'><strong>autem</strong></span> <span class='ocrx_word' id='word_1_546' title='bbox 2745 3270 2859 3324; x_wconf 86' lang='lat' dir='ltr'><strong>sive</strong></span> <span class='ocrx_word' id='word_1_547' title='bbox 2888 3267 3225 3339; x_wconf 73' lang='lat' dir='ltr'><strong>aqumlicium</strong></span> <span class='ocrx_word' id='word_1_548' title='bbox 3248 3309 3261 3333; x_wconf 95' lang='lat'><strong>,</strong></span> <span class='ocrx_word' id='word_1_549' title='bbox 3297 3274 3430 3323; x_wconf 83' lang='lat' dir='ltr'><strong>teste</strong></span> <span class='ocrx_word' id='word_1_550' title='bbox 3456 3267 3636 3333; x_wconf 78' lang='lat' dir='ltr'><strong>Festo,</strong></span> <span class='ocrx_word' id='word_1_551' title='bbox 3658 3267 3795 3321; x_wconf 87' lang='lat' dir='ltr'><strong>dici-</strong></span> 
     </span>
    </p>
   </div>
   <div class='ocr_carea' id='block_1_77' title="bbox 2196 3360 3794 3435">
    <p class='ocr_par' dir='ltr' id='par_1_77' title="bbox 2196 3360 3794 3435">
     <span class='ocr_line' id='line_1_77' title="bbox 2196 3360 3794 3435; baseline -0.004 -16"><span class='ocrx_word' id='word_1_552' title='bbox 2196 3373 2297 3430; x_wconf 87' lang='lat' dir='ltr'><strong>tur,</strong></span> <span class='ocrx_word' id='word_1_553' title='bbox 2326 3365 2443 3421; x_wconf 80' lang='lat' dir='ltr'><strong>cam</strong></span> <span class='ocrx_word' id='word_1_554' title='bbox 2467 3378 2600 3433; x_wconf 85' lang='lat' dir='ltr'><strong>aqua</strong></span> <span class='ocrx_word' id='word_1_555' title='bbox 2632 3360 2873 3435; x_wconf 74' lang='lat' dir='ltr'><strong>pluuialis</strong></span> <span class='ocrx_word' id='word_1_556' title='bbox 2904 3361 3138 3416; x_wconf 78' lang='lat' dir='ltr'><strong>remediis</strong></span> <span class='ocrx_word' id='word_1_557' title='bbox 3165 3360 3468 3431; x_wconf 82' lang='lat' dir='ltr'><strong>quibusdam</strong></span> <span class='ocrx_word' id='word_1_558' title='bbox 3492 3360 3708 3424; x_wconf 88' lang='lat' dir='ltr'><strong>elicitur,</strong></span> <span class='ocrx_word' id='word_1_559' title='bbox 3738 3368 3794 3414; x_wconf 79' lang='lat' dir='ltr'><strong>ut</strong></span> 
     </span>
    </p>
   </div>
   <div class='ocr_carea' id='block_1_78' title="bbox 2194 3456 3795 3533">
    <p class='ocr_par' dir='ltr' id='par_1_78' title="bbox 2194 3456 3795 3533">
     <span class='ocr_line' id='line_1_78' title="bbox 2194 3456 3795 3533; baseline -0.002 -19"><span class='ocrx_word' id='word_1_560' title='bbox 2194 3458 2454 3533; x_wconf 84' lang='lat' dir='ltr'><strong>quondam</strong></span> <span class='ocrx_word' id='word_1_561' title='bbox 2478 3500 2493 3525; x_wconf 93' lang='lat'><strong>,</strong></span> <span class='ocrx_word' id='word_1_562' title='bbox 2545 3459 2591 3513; x_wconf 88' lang='lat' dir='ltr'><strong>si</strong></span> <span class='ocrx_word' id='word_1_563' title='bbox 2633 3458 2871 3522; x_wconf 82' lang='lat' dir='ltr'><strong>creditur,</strong></span> <span class='ocrx_word' id='word_1_564' title='bbox 2905 3458 3099 3512; x_wconf 80' lang='lat' dir='ltr'><strong>manali</strong></span> <span class='ocrx_word' id='word_1_565' title='bbox 3126 3457 3294 3530; x_wconf 86' lang='lat' dir='ltr'><strong>lapide</strong></span> <span class='ocrx_word' id='word_1_566' title='bbox 3336 3458 3388 3511; x_wconf 87' lang='lat' dir='ltr'><strong>in</strong></span> <span class='ocrx_word' id='word_1_567' title='bbox 3419 3456 3605 3511; x_wconf 86' lang='lat' dir='ltr'><strong>Urbem</strong></span> <span class='ocrx_word' id='word_1_568' title='bbox 3640 3456 3795 3511; x_wconf 83' lang='lat' dir='ltr'><strong>ducto</strong></span> 
     </span>
    </p>
   </div>
   <div class='ocr_carea' id='block_1_79' title="bbox 2197 3547 3793 3623">
    <p class='ocr_par' dir='ltr' id='par_1_79' title="bbox 2197 3547 3793 3623">
     <span class='ocr_line' id='line_1_79' title="bbox 2197 3547 3793 3623; baseline -0.001 -18"><span class='ocrx_word' id='word_1_569' title='bbox 2197 3555 2215 3623; x_wconf 95' lang='lat'><strong>(</strong></span> <span class='ocrx_word' id='word_1_570' title='bbox 2242 3550 2385 3607; x_wconf 82' lang='lat' dir='ltr'><strong>Fest.</strong></span> <span class='ocrx_word' id='word_1_571' title='bbox 2414 3568 2528 3622; x_wconf 85' lang='lat' dir='ltr'><strong>cap.</strong></span> <span class='ocrx_word' id='word_1_572' title='bbox 2551 3550 2643 3607; x_wconf 71' lang='lat'><strong>20.</strong></span> <span class='ocrx_word' id='word_1_573' title='bbox 2671 3552 2734 3605; x_wconf 86' lang='lat' dir='ltr'><strong>de</strong></span> <span class='ocrx_word' id='word_1_574' title='bbox 2752 3549 2945 3605; x_wconf 81' lang='lat' dir='ltr'><strong>verbor.</strong></span> <span class='ocrx_word' id='word_1_575' title='bbox 2989 3550 3180 3623; x_wconf 81' lang='lat' dir='ltr'><strong>Signif.</strong></span> <span class='ocrx_word' id='word_1_576' title='bbox 3216 3549 3284 3603; x_wconf 87' lang='lat' dir='ltr'><strong>ad</strong></span> <span class='ocrx_word' id='word_1_577' title='bbox 3309 3565 3356 3603; x_wconf 81' lang='grc' dir='ltr'><strong>υ.</strong></span> <span class='ocrx_word' id='word_1_578' title='bbox 3387 3549 3720 3621; x_wconf 83' lang='lat' dir='ltr'><strong>Aqualicium</strong></span> <span class='ocrx_word' id='word_1_579' title='bbox 3750 3547 3793 3623; x_wconf 85' lang='lat'><strong>).</strong></span> 
     </span>
    </p>
   </div>
   <div class='ocr_carea' id='block_1_80' title="bbox 2196 3642 3796 3715">
    <p class='ocr_par' dir='ltr' id='par_1_80' title="bbox 2196 3642 3796 3715">
     <span class='ocr_line' id='line_1_80' title="bbox 2196 3642 3796 3715; baseline -0.001 -16"><span class='ocrx_word' id='word_1_580' title='bbox 2196 3647 2328 3714; x_wconf 78' lang='lat' dir='ltr'><strong>Quis</strong></span> <span class='ocrx_word' id='word_1_581' title='bbox 2362 3662 2489 3702; x_wconf 89' lang='lat' dir='ltr'><strong>vero</strong></span> <span class='ocrx_word' id='word_1_582' title='bbox 2518 3644 2588 3701; x_wconf 85' lang='lat' dir='ltr'><strong>sit</strong></span> <span class='ocrx_word' id='word_1_583' title='bbox 2610 3646 2838 3700; x_wconf 85' lang='lat' dir='ltr'><strong>manalis</strong></span> <span class='ocrx_word' id='word_1_584' title='bbox 2862 3645 2953 3699; x_wconf 89' lang='lat' dir='ltr'><strong>ille</strong></span> <span class='ocrx_word' id='word_1_585' title='bbox 2971 3643 3128 3715; x_wconf 87' lang='lat' dir='ltr'><strong>lapis,</strong></span> <span class='ocrx_word' id='word_1_586' title='bbox 3162 3644 3207 3698; x_wconf 91' lang='lat' dir='ltr'><strong>si</strong></span> <span class='ocrx_word' id='word_1_587' title='bbox 3252 3658 3484 3714; x_wconf 72' lang='lat' dir='ltr'><strong>quaeras,</strong></span> <span class='ocrx_word' id='word_1_588' title='bbox 3518 3642 3611 3698; x_wconf 92' lang='lat' dir='ltr'><strong>tibi</strong></span> <span class='ocrx_word' id='word_1_589' title='bbox 3648 3642 3796 3698; x_wconf 88' lang='lat' dir='ltr'><strong>idem</strong></span> 
     </span>
    </p>
   </div>
   <div class='ocr_carea' id='block_1_81' title="bbox 2197 3733 3799 3808">
    <p class='ocr_par' dir='ltr' id='par_1_81' title="bbox 2197 3733 3799 3808">
     <span class='ocr_line' id='line_1_81' title="bbox 2197 3733 3799 3808; baseline -0.005 -13"><span class='ocrx_word' id='word_1_590' title='bbox 2197 3739 2389 3795; x_wconf 80' lang='lat' dir='ltr'><strong>Festus</strong></span> <span class='ocrx_word' id='word_1_591' title='bbox 2412 3736 2758 3808; x_wconf 85' lang='lat' dir='ltr'><strong>respondebit</strong></span> <span class='ocrx_word' id='word_1_592' title='bbox 2781 3755 2795 3792; x_wconf 92' lang='lat'><strong>:</strong></span> <span class='ocrx_word' id='word_1_593' title='bbox 2820 3735 3078 3790; x_wconf 77' lang='lat' dir='ltr'><strong>Manalem</strong></span> <span class='ocrx_word' id='word_1_594' title='bbox 3104 3736 3324 3807; x_wconf 85' lang='lat' dir='ltr'><strong>lapidem</strong></span> <span class='ocrx_word' id='word_1_595' title='bbox 3344 3733 3588 3788; x_wconf 83' lang='lat' dir='ltr'><strong>vocabant</strong></span> <span class='ocrx_word' id='word_1_596' title='bbox 3601 3744 3799 3806; x_wconf 83' lang='lat' dir='ltr'><strong>petram</strong></span> 
     </span>
    </p>
   </div>
   <div class='ocr_carea' id='block_1_82' title="bbox 2197 3828 3799 3905">
    <p class='ocr_par' dir='ltr' id='par_1_82' title="bbox 2197 3828 3799 3905">
     <span class='ocr_line' id='line_1_82' title="bbox 2197 3828 3799 3905; baseline -0.002 -18"><span class='ocrx_word' id='word_1_597' title='bbox 2197 3834 2495 3905; x_wconf 85' lang='lat' dir='ltr'><strong>quamdam,</strong></span> <span class='ocrx_word' id='word_1_598' title='bbox 2523 3846 2639 3902; x_wconf 71' lang='lat' dir='ltr'><strong>qua:</strong></span> <span class='ocrx_word' id='word_1_599' title='bbox 2662 3839 2768 3885; x_wconf 90' lang='lat' dir='ltr'><strong>erat</strong></span> <span class='ocrx_word' id='word_1_600' title='bbox 2797 3839 2943 3885; x_wconf 72' lang='lat' dir='ltr'><strong>extra</strong></span> <span class='ocrx_word' id='word_1_601' title='bbox 2968 3838 3168 3903; x_wconf 88' lang='lat' dir='ltr'><strong>portam</strong></span> <span class='ocrx_word' id='word_1_602' title='bbox 3188 3828 3442 3902; x_wconf 80' lang='lat' dir='ltr'><strong>Capenam</strong></span> <span class='ocrx_word' id='word_1_603' title='bbox 3462 3829 3617 3900; x_wconf 69' lang='lat' dir='ltr'><strong>juxta</strong></span> <span class='ocrx_word' id='word_1_604' title='bbox 3635 3829 3799 3883; x_wconf 65' lang='lat' dir='ltr'><strong>edem</strong></span> 
     </span>
    </p>
   </div>
   <div class='ocr_carea' id='block_1_83' title="bbox 2203 3922 3800 3997">
    <p class='ocr_par' dir='ltr' id='par_1_83' title="bbox 2203 3922 3800 3997">
     <span class='ocr_line' id='line_1_83' title="bbox 2203 3922 3800 3997; baseline -0.003 -15"><span class='ocrx_word' id='word_1_605' title='bbox 2203 3927 2409 3994; x_wconf 68' lang='lat' dir='ltr'><strong>Martis,</strong></span> <span class='ocrx_word' id='word_1_606' title='bbox 2439 3942 2592 3997; x_wconf 87' lang='lat' dir='ltr'><strong>quam</strong></span> <span class='ocrx_word' id='word_1_607' title='bbox 2616 3942 2732 3980; x_wconf 88' lang='lat' dir='ltr'><strong>cum</strong></span> <span class='ocrx_word' id='word_1_608' title='bbox 2754 3935 2961 3995; x_wconf 83' lang='lat' dir='ltr'><strong>propter</strong></span> <span class='ocrx_word' id='word_1_609' title='bbox 2985 3923 3197 3978; x_wconf 88' lang='lat' dir='ltr'><strong>nimiam</strong></span> <span class='ocrx_word' id='word_1_610' title='bbox 3226 3925 3503 3978; x_wconf 81' lang='lat' dir='ltr'><strong>siccitatem</strong></span> <span class='ocrx_word' id='word_1_611' title='bbox 3524 3924 3575 3981; x_wconf 91' lang='lat' dir='ltr'><strong>in</strong></span> <span class='ocrx_word' id='word_1_612' title='bbox 3609 3922 3800 3979; x_wconf 79' lang='lat' dir='ltr'><strong>Urbem</strong></span> 
     </span>
    </p>
   </div>
   <div class='ocr_carea' id='block_1_84' title="bbox 2199 4017 3802 4095">
    <p class='ocr_par' dir='ltr' id='par_1_84' title="bbox 2199 4017 3802 4095">
     <span class='ocr_line' id='line_1_84' title="bbox 2199 4017 3802 4095; baseline -0.001 -22"><span class='ocrx_word' id='word_1_613' title='bbox 2199 4021 2576 4095; x_wconf 75' lang='lat' dir='ltr'><strong>protrahet-ent,</strong></span> <span class='ocrx_word' id='word_1_614' title='bbox 2622 4018 2974 4088; x_wconf 74' lang='lat' dir='ltr'><strong>insequebatur</strong></span> <span class='ocrx_word' id='word_1_615' title='bbox 3001 4017 3171 4087; x_wconf 78' lang='lat' dir='ltr'><strong>pluvia</strong></span> <span class='ocrx_word' id='word_1_616' title='bbox 3199 4018 3390 4083; x_wconf 84' lang='lat' dir='ltr'><strong>statim,</strong></span> <span class='ocrx_word' id='word_1_617' title='bbox 3417 4033 3625 4086; x_wconf 87' lang='lat' dir='ltr'><strong>eumque</strong></span> <span class='ocrx_word' id='word_1_618' title='bbox 3658 4017 3802 4086; x_wconf 82' lang='lat' dir='ltr'><strong>quod</strong></span> 
     </span>
    </p>
   </div>
   <div class='ocr_carea' id='block_1_85' title="bbox 2200 4107 3797 4186">
    <p class='ocr_par' dir='ltr' id='par_1_85' title="bbox 2200 4107 3797 4186">
     <span class='ocr_line' id='line_1_85' title="bbox 2200 4107 3797 4186; baseline -0.004 -16"><span class='ocrx_word' id='word_1_619' title='bbox 2200 4132 2361 4186; x_wconf 85' lang='lat' dir='ltr'><strong>aquas</strong></span> <span class='ocrx_word' id='word_1_620' title='bbox 2401 4123 2652 4177; x_wconf 86' lang='lat' dir='ltr'><strong>manaret,</strong></span> <span class='ocrx_word' id='word_1_621' title='bbox 2705 4111 2961 4165; x_wconf 83' lang='lat' dir='ltr'><strong>ntanalem</strong></span> <span class='ocrx_word' id='word_1_622' title='bbox 2996 4110 3219 4182; x_wconf 88' lang='lat' dir='ltr'><strong>lapidem</strong></span> <span class='ocrx_word' id='word_1_623' title='bbox 3262 4108 3434 4163; x_wconf 73' lang='lat' dir='ltr'><strong>dixere</strong></span> <span class='ocrx_word' id='word_1_624' title='bbox 3457 4108 3476 4180; x_wconf 94' lang='lat'>(</span> <span class='ocrx_word' id='word_1_625' title='bbox 3503 4107 3668 4163; x_wconf 85' lang='lat' dir='ltr'><strong>Idem.</strong></span> <span class='ocrx_word' id='word_1_626' title='bbox 3702 4109 3797 4164; x_wconf 88' lang='lat' dir='ltr'><strong>ad.</strong></span> 
     </span>
    </p>
   </div>
   <div class='ocr_carea' id='block_1_86' title="bbox 2201 4201 3802 4279">
    <p class='ocr_par' dir='ltr' id='par_1_86' title="bbox 2201 4201 3802 4279">
     <span class='ocr_line' id='line_1_86' title="bbox 2201 4201 3802 4279; baseline -0.006 -14"><span class='ocrx_word' id='word_1_627' title='bbox 2201 4227 2251 4265; x_wconf 73' lang='grc' dir='ltr'>ιι.</span> <span class='ocrx_word' id='word_1_628' title='bbox 2279 4207 2540 4265; x_wconf 83' lang='lat' dir='ltr'><strong>Manualis</strong></span> <span class='ocrx_word' id='word_1_629' title='bbox 2556 4204 2602 4279; x_wconf 83' lang='lat'><strong>).</strong></span> <span class='ocrx_word' id='word_1_630' title='bbox 2635 4204 2902 4261; x_wconf 89' lang='lat' dir='ltr'><strong>Siccitatis</strong></span> <span class='ocrx_word' id='word_1_631' title='bbox 2928 4203 3107 4273; x_wconf 88' lang='lat' dir='ltr'><strong>itaque</strong></span> <span class='ocrx_word' id='word_1_632' title='bbox 3132 4211 3375 4271; x_wconf 83' lang='lat' dir='ltr'><strong>tempore</strong></span> <span class='ocrx_word' id='word_1_633' title='bbox 3400 4202 3541 4257; x_wconf 90' lang='lat' dir='ltr'><strong>hunc</strong></span> <span class='ocrx_word' id='word_1_634' title='bbox 3566 4201 3802 4273; x_wconf 86' lang='lat' dir='ltr'><strong>lapidem</strong></span> 
     </span>
    </p>
   </div>
   <div class='ocr_carea' id='block_1_87' title="bbox 2202 4294 3806 4370">
    <p class='ocr_par' dir='ltr' id='par_1_87' title="bbox 2202 4294 3806 4370">
     <span class='ocr_line' id='line_1_87' title="bbox 2202 4294 3806 4370; baseline -0.006 -9"><span class='ocrx_word' id='word_1_635' title='bbox 2202 4321 2270 4362; x_wconf 82' lang='lat' dir='ltr'><strong>ex</strong></span> <span class='ocrx_word' id='word_1_636' title='bbox 2303 4302 2483 4360; x_wconf 74' lang='lat' dir='ltr'><strong>Martis</strong></span> <span class='ocrx_word' id='word_1_637' title='bbox 2499 4301 2614 4356; x_wconf 59' lang='lat' dir='ltr'><strong>ade</strong></span> <span class='ocrx_word' id='word_1_638' title='bbox 2629 4298 3022 4370; x_wconf 86' lang='lat' dir='ltr'><strong>protrahentes,</strong></span> <span class='ocrx_word' id='word_1_639' title='bbox 3045 4311 3195 4352; x_wconf 88' lang='lat' dir='ltr'><strong>sacra</strong></span> <span class='ocrx_word' id='word_1_640' title='bbox 3216 4294 3482 4351; x_wconf 80' lang='lat' dir='ltr'><strong>faciebant</strong></span> <span class='ocrx_word' id='word_1_641' title='bbox 3499 4295 3634 4361; x_wconf 87' lang='lat' dir='ltr'><strong>Jovi,</strong></span> <span class='ocrx_word' id='word_1_642' title='bbox 3656 4295 3806 4352; x_wconf 86' lang='lat' dir='ltr'><strong>haud</strong></span> 
     </span>
    </p>
   </div>
   <div class='ocr_carea' id='block_1_88' title="bbox 2203 4388 3804 4460">
    <p class='ocr_par' dir='ltr' id='par_1_88' title="bbox 2203 4388 3804 4460">
     <span class='ocr_line' id='line_1_88' title="bbox 2203 4388 3804 4460; baseline -0.007 -6"><span class='ocrx_word' id='word_1_643' title='bbox 2203 4396 2365 4455; x_wconf 87' lang='lat' dir='ltr'><strong>dubie</strong></span> <span class='ocrx_word' id='word_1_644' title='bbox 2395 4393 2621 4460; x_wconf 77' lang='lat' dir='ltr'><strong>Pluvia,</strong></span> <span class='ocrx_word' id='word_1_645' title='bbox 2669 4392 2783 4448; x_wconf 89' lang='lat' dir='ltr'><strong>sive</strong></span> <span class='ocrx_word' id='word_1_646' title='bbox 2816 4390 3073 4457; x_wconf 85' lang='lat' dir='ltr'><strong>Pluviali,</strong></span> <span class='ocrx_word' id='word_1_647' title='bbox 3122 4390 3212 4460; x_wconf 88' lang='lat' dir='ltr'><strong>qui</strong></span> <span class='ocrx_word' id='word_1_648' title='bbox 3255 4404 3286 4443; x_wconf 87' lang='lat' dir='ltr'><strong>a</strong></span> <span class='ocrx_word' id='word_1_649' title='bbox 3333 4388 3597 4443; x_wconf 88' lang='lat' dir='ltr'><strong>Pausania</strong></span> <span class='ocrx_word' id='word_1_650' title='bbox 3647 4395 3804 4450; x_wconf 72' lang='grc' dir='ltr'><strong>ὑέτιος</strong></span> 
     </span>
    </p>
   </div>
   <div class='ocr_carea' id='block_1_89' title="bbox 2207 4482 3806 4565">
    <p class='ocr_par' dir='ltr' id='par_1_89' title="bbox 2207 4482 3806 4565">
     <span class='ocr_line' id='line_1_89' title="bbox 2207 4482 3806 4565; baseline -0.008 -19"><span class='ocrx_word' id='word_1_651' title='bbox 2207 4493 2226 4565; x_wconf 92' lang='grc'><strong>(</strong></span> <span class='ocrx_word' id='word_1_652' title='bbox 2256 4491 2486 4546; x_wconf 89' lang='lat' dir='ltr'><strong>Pausan.</strong></span> <span class='ocrx_word' id='word_1_653' title='bbox 2508 4488 2595 4553; x_wconf 81' lang='lat' dir='ltr'><strong>tib.</strong></span> <span class='ocrx_word' id='word_1_654' title='bbox 2618 4486 2678 4541; x_wconf 81' lang='grc' dir='ltr'>ιι.</span> <span class='ocrx_word' id='word_1_655' title='bbox 2699 4502 2821 4558; x_wconf 84' lang='lat' dir='ltr'><strong>pag.</strong></span> <span class='ocrx_word' id='word_1_656' title='bbox 2849 4484 2940 4539; x_wconf 81' lang='lat' dir='ltr'><strong>et.</strong></span> <span class='ocrx_word' id='word_1_657' title='bbox 2964 4484 3056 4538; x_wconf 84' lang='lat' dir='ltr'><strong>lin.</strong></span> <span class='ocrx_word' id='word_1_658' title='bbox 3080 4483 3150 4537; x_wconf 74' lang='lat' dir='ltr'><strong>tt</strong></span> <span class='ocrx_word' id='word_1_659' title='bbox 3180 4483 3219 4553; x_wconf 84' lang='lat'><strong>),</strong></span> <span class='ocrx_word' id='word_1_660' title='bbox 3246 4482 3315 4538; x_wconf 86' lang='lat' dir='ltr'><strong>ab</strong></span> <span class='ocrx_word' id='word_1_661' title='bbox 3339 4483 3456 4537; x_wconf 89' lang='lat' dir='ltr'><strong>aliis</strong></span> <span class='ocrx_word' id='word_1_662' title='bbox 3475 4488 3662 4554; x_wconf 73' lang='grc' dir='ltr'><strong>δμεριος</strong></span> <span class='ocrx_word' id='word_1_663' title='bbox 3688 4487 3806 4543; x_wconf 67' lang='grc' dir='ltr'><strong>ως</strong></span> 
     </span>
    </p>
   </div>
   <div class='ocr_carea' id='block_1_90' title="bbox 506 4554 2086 4656">
    <p class='ocr_par' dir='ltr' id='par_1_90' title="bbox 506 4554 2086 4656">
     <span class='ocr_line' id='line_1_90' title="bbox 506 4554 2086 4656; baseline 0.002 -33"><span class='ocrx_word' id='word_1_664' title='bbox 506 4559 813 4625; x_wconf 78' lang='lat' dir='ltr'><strong>christianis</strong></span> <span class='ocrx_word' id='word_1_665' title='bbox 841 4566 895 4617; x_wconf 89' lang='lat' dir='ltr'><strong>et</strong></span> <span class='ocrx_word' id='word_1_666' title='bbox 919 4554 1219 4656; x_wconf 75' lang='lat' dir='ltr'><strong>gentilibus</strong></span> <span class='ocrx_word' id='word_1_667' title='bbox 1237 4556 1557 4627; x_wconf 88' lang='lat' dir='ltr'><strong>agebantur.</strong></span> <span class='ocrx_word' id='word_1_668' title='bbox 1581 4562 1715 4621; x_wconf 85' lang='lat' dir='ltr'><strong>Cum</strong></span> <span class='ocrx_word' id='word_1_669' title='bbox 1747 4571 1890 4627; x_wconf 86' lang='lat' dir='ltr'><strong>enim</strong></span> <span class='ocrx_word' id='word_1_670' title='bbox 1911 4574 1975 4629; x_wconf 84' lang='lat' dir='ltr'><strong>ab</strong></span> <span class='ocrx_word' id='word_1_671' title='bbox 2004 4578 2086 4633; x_wconf 76' lang='lat' dir='ltr'><strong>im.</strong></span> 
     </span>
    </p>
   </div>
   <div class='ocr_carea' id='block_1_91' title="bbox 2184 4554 3783 4656">
    <p class='ocr_par' dir='ltr' id='par_1_91' title="bbox 2205 4554 3783 4656">
     <span class='ocr_line' id='line_1_91' title="bbox 2205 4554 3783 4656; baseline -0.006 -17"><span class='ocrx_word' id='word_1_672' title='bbox 2205 4554 2531 4656; x_wconf 78' lang='lat' dir='ltr'><strong>appellatur.</strong></span> <span class='ocrx_word' id='word_1_673' title='bbox 2564 4554 2719 4635; x_wconf 86' lang='lat' dir='ltr'><strong>Unde</strong></span> <span class='ocrx_word' id='word_1_674' title='bbox 2748 4554 2994 4632; x_wconf 76' lang='lat' dir='ltr'><strong>Tibullus</strong></span> <span class='ocrx_word' id='word_1_675' title='bbox 3020 4575 3088 4630; x_wconf 91' lang='lat' dir='ltr'><strong>de</strong></span> <span class='ocrx_word' id='word_1_676' title='bbox 3116 4573 3351 4647; x_wconf 65' lang='lat' dir='ltr'><strong>Egypto</strong></span> <span class='ocrx_word' id='word_1_677' title='bbox 3380 4572 3496 4630; x_wconf 71' lang='lat' dir='ltr'><strong>hmo</strong></span> <span class='ocrx_word' id='word_1_678' title='bbox 3518 4575 3783 4630; x_wconf 86' lang='lat' dir='ltr'><strong>canebat:</strong></span> 
     </span>
    </p>
   </div>
   <div class='ocr_carea' id='block_1_92' title="bbox 504 4647 2102 4735">
    <p class='ocr_par' dir='ltr' id='par_1_92' title="bbox 504 4647 2102 4735">
     <span class='ocr_line' id='line_1_92' title="bbox 504 4647 2102 4735; baseline 0.008 -23"><span class='ocrx_word' id='word_1_679' title='bbox 504 4657 696 4722; x_wconf 86' lang='lat' dir='ltr'><strong>bribus,</strong></span> <span class='ocrx_word' id='word_1_680' title='bbox 724 4648 912 4724; x_wconf 85' lang='lat' dir='ltr'><strong>inquit,</strong></span> <span class='ocrx_word' id='word_1_681' title='bbox 936 4647 1111 4703; x_wconf 68' lang='lat' dir='ltr'><strong>ivstitia</strong></span> <span class='ocrx_word' id='word_1_682' title='bbox 1131 4647 1356 4719; x_wconf 81' lang='lat' dir='ltr'><strong>hyberna</strong></span> <span class='ocrx_word' id='word_1_683' title='bbox 1375 4655 1691 4722; x_wconf 81' lang='lat' dir='ltr'><strong>suspendunt</strong></span> <span class='ocrx_word' id='word_1_684' title='bbox 1712 4657 2012 4735; x_wconf 66' lang='lat' dir='ltr'><strong>facundos,</strong></span> <span class='ocrx_word' id='word_1_685' title='bbox 2042 4679 2102 4727; x_wconf 86' lang='lat' dir='ltr'><strong>ut</strong></span> 
     </span>
    </p>
   </div>
   <div class='ocr_carea' id='block_1_93' title="bbox 506 4738 2098 4823">
    <p class='ocr_par' dir='ltr' id='par_1_93' title="bbox 506 4738 2098 4823">
     <span class='ocr_line' id='line_1_93' title="bbox 506 4738 2098 4823; baseline 0.004 -15"><span class='ocrx_word' id='word_1_686' title='bbox 506 4750 669 4823; x_wconf 87' lang='lat' dir='ltr'><strong>paulo</strong></span> <span class='ocrx_word' id='word_1_687' title='bbox 695 4753 853 4810; x_wconf 78' lang='lat' dir='ltr'><strong>antea</strong></span> <span class='ocrx_word' id='word_1_688' title='bbox 884 4742 1118 4801; x_wconf 82' lang='lat' dir='ltr'><strong>diximus</strong></span> <span class='ocrx_word' id='word_1_689' title='bbox 1144 4738 1328 4814; x_wconf 88' lang='lat' dir='ltr'><strong>(Ibid.</strong></span> <span class='ocrx_word' id='word_1_690' title='bbox 1357 4741 1400 4814; x_wconf 87' lang='lat'><strong>),</strong></span> <span class='ocrx_word' id='word_1_691' title='bbox 1422 4758 1487 4800; x_wconf 89' lang='lat' dir='ltr'><strong>ac</strong></span> <span class='ocrx_word' id='word_1_692' title='bbox 1514 4745 1847 4812; x_wconf 86' lang='lat' dir='ltr'><strong>desideratos</strong></span> <span class='ocrx_word' id='word_1_693' title='bbox 1867 4762 2098 4822; x_wconf 73' lang='lat' dir='ltr'><strong>maxime</strong></span> 
     </span>
    </p>
   </div>
   <div class='ocr_carea' id='block_1_94' title="bbox 503 4836 2100 4912">
    <p class='ocr_par' dir='ltr' id='par_1_94' title="bbox 503 4836 2100 4912">
     <span class='ocr_line' id='line_1_94' title="bbox 503 4836 2100 4912; baseline 0.012 -18"><span class='ocrx_word' id='word_1_694' title='bbox 503 4844 708 4903; x_wconf 85' lang='lat' dir='ltr'><strong>imbres</strong></span> <span class='ocrx_word' id='word_1_695' title='bbox 727 4857 742 4908; x_wconf 90' lang='lat'><strong>;</strong></span> <span class='ocrx_word' id='word_1_696' title='bbox 762 4847 807 4894; x_wconf 88' lang='lat' dir='ltr'><strong>et</strong></span> <span class='ocrx_word' id='word_1_697' title='bbox 822 4852 988 4893; x_wconf 84' lang='lat' dir='ltr'><strong>annus</strong></span> <span class='ocrx_word' id='word_1_698' title='bbox 1008 4836 1062 4890; x_wconf 85' lang='lat' dir='ltr'><strong>in</strong></span> <span class='ocrx_word' id='word_1_699' title='bbox 1080 4850 1205 4890; x_wconf 88' lang='lat' dir='ltr'><strong>cura</strong></span> <span class='ocrx_word' id='word_1_700' title='bbox 1230 4843 1322 4898; x_wconf 85' lang='lat' dir='ltr'><strong>est,</strong></span> <span class='ocrx_word' id='word_1_701' title='bbox 1346 4836 1459 4893; x_wconf 86' lang='lat' dir='ltr'><strong>sive</strong></span> <span class='ocrx_word' id='word_1_702' title='bbox 1484 4838 1553 4895; x_wconf 89' lang='lat' dir='ltr'><strong>de</strong></span> <span class='ocrx_word' id='word_1_703' title='bbox 1576 4840 1720 4901; x_wconf 89' lang='lat' dir='ltr'><strong>illius</strong></span> <span class='ocrx_word' id='word_1_704' title='bbox 1748 4846 1963 4907; x_wconf 88' lang='lat' dir='ltr'><strong>timetur</strong></span> <span class='ocrx_word' id='word_1_705' title='bbox 1987 4864 2100 4912; x_wconf 78' lang='lat' dir='ltr'><strong>ste-</strong></span> 
     </span>
    </p>
   </div>
   <div class='ocr_carea' id='block_1_95' title="bbox 506 4927 2098 5018">
    <p class='ocr_par' dir='ltr' id='par_1_95' title="bbox 506 4927 2098 5018">
     <span class='ocr_line' id='line_1_95' title="bbox 506 4927 2098 5018; baseline 0.018 -43"><span class='ocrx_word' id='word_1_706' title='bbox 506 4937 728 4997; x_wconf 60' lang='lat' dir='ltr'><strong>rilitate,</strong></span> <span class='ocrx_word' id='word_1_707' title='bbox 758 4929 1001 4985; x_wconf 88' lang='lat' dir='ltr'><strong>autsicut</strong></span> <span class='ocrx_word' id='word_1_708' title='bbox 1021 4927 1146 4983; x_wconf 88' lang='lat' dir='ltr'><strong>alibi</strong></span> <span class='ocrx_word' id='word_1_709' title='bbox 1163 4928 1280 4999; x_wconf 85' lang='lat' dir='ltr'><strong>ipse</strong></span> <span class='ocrx_word' id='word_1_710' title='bbox 1300 4927 1552 5000; x_wconf 88' lang='lat' dir='ltr'><strong>loquitur,</strong></span> <span class='ocrx_word' id='word_1_711' title='bbox 1580 4949 1695 4990; x_wconf 87' lang='lat' dir='ltr'><strong>cum</strong></span> <span class='ocrx_word' id='word_1_712' title='bbox 1715 4947 1882 5010; x_wconf 83' lang='lat' dir='ltr'><strong>stupet</strong></span> <span class='ocrx_word' id='word_1_713' title='bbox 1895 4946 2098 5018; x_wconf 72' lang='lat' dir='ltr'><strong>emtum,</strong></span> 
     </span>
    </p>
   </div>
   <div class='ocr_carea' id='block_1_96' title="bbox 507 5021 2099 5115">
    <p class='ocr_par' dir='ltr' id='par_1_96' title="bbox 507 5021 2099 5115">
     <span class='ocr_line' id='line_1_96' title="bbox 507 5021 2099 5115; baseline 0.006 -30"><span class='ocrx_word' id='word_1_714' title='bbox 507 5039 554 5085; x_wconf 90' lang='lat' dir='ltr'><strong>et</strong></span> <span class='ocrx_word' id='word_1_715' title='bbox 581 5034 689 5083; x_wconf 84' lang='lat' dir='ltr'><strong>aret</strong></span> <span class='ocrx_word' id='word_1_716' title='bbox 715 5040 879 5080; x_wconf 87' lang='lat' dir='ltr'><strong>annus</strong></span> <span class='ocrx_word' id='word_1_717' title='bbox 904 5021 1167 5093; x_wconf 84' lang='lat' dir='ltr'><strong>(Tertull.,</strong></span> <span class='ocrx_word' id='word_1_718' title='bbox 1200 5022 1422 5096; x_wconf 82' lang='lat' dir='ltr'><strong>Apolog.</strong></span> <span class='ocrx_word' id='word_1_719' title='bbox 1453 5024 1551 5082; x_wconf 85' lang='lat' dir='ltr'><strong>loc.</strong></span> <span class='ocrx_word' id='word_1_720' title='bbox 1576 5028 1662 5082; x_wconf 86' lang='lat' dir='ltr'><strong>cit.</strong></span> <span class='ocrx_word' id='word_1_721' title='bbox 1695 5041 1742 5088; x_wconf 87' lang='lat' dir='ltr'><strong>et</strong></span> <span class='ocrx_word' id='word_1_722' title='bbox 1769 5033 1858 5091; x_wconf 83' lang='lat' dir='ltr'><strong>lib.</strong></span> <span class='ocrx_word' id='word_1_723' title='bbox 1891 5037 2099 5115; x_wconf 80' lang='lat' dir='ltr'><strong>delej.,</strong></span> 
     </span>
    </p>
   </div>
   <div class='ocr_carea' id='block_1_97' title="bbox 505 5115 2102 5195">
    <p class='ocr_par' dir='ltr' id='par_1_97' title="bbox 505 5115 2102 5195">
     <span class='ocr_line' id='line_1_97' title="bbox 505 5115 2102 5195; baseline 0.01 -19"><span class='ocrx_word' id='word_1_724' title='bbox 505 5140 553 5177; x_wconf 89' lang='lat' dir='ltr'><strong>c.</strong></span> <span class='ocrx_word' id='word_1_725' title='bbox 610 5120 723 5191; x_wconf 83' lang='grc'><strong>16),</strong></span> <span class='ocrx_word' id='word_1_726' title='bbox 780 5128 890 5172; x_wconf 90' lang='lat' dir='ltr'><strong>tum</strong></span> <span class='ocrx_word' id='word_1_727' title='bbox 941 5115 1220 5171; x_wconf 89' lang='lat' dir='ltr'><strong>christiani</strong></span> <span class='ocrx_word' id='word_1_728' title='bbox 1263 5116 1482 5188; x_wconf 82' lang='lat' dir='ltr'><strong>jejuniis</strong></span> <span class='ocrx_word' id='word_1_729' title='bbox 1530 5120 1756 5195; x_wconf 90' lang='lat' dir='ltr'><strong>aliisque</strong></span> <span class='ocrx_word' id='word_1_730' title='bbox 1800 5128 2102 5193; x_wconf 83' lang='lat' dir='ltr'><strong>durissimis</strong></span> 
     </span>
    </p>
   </div>
   <div class='ocr_carea' id='block_1_98' title="bbox 512 5207 2103 5295">
    <p class='ocr_par' dir='ltr' id='par_1_98' title="bbox 512 5207 2103 5295">
     <span class='ocr_line' id='line_1_98' title="bbox 512 5207 2103 5295; baseline 0.008 -27"><span class='ocrx_word' id='word_1_731' title='bbox 512 5210 843 5287; x_wconf 62' lang='lat' dir='ltr'><strong>pauitantia:</strong></span> <span class='ocrx_word' id='word_1_732' title='bbox 908 5207 1217 5276; x_wconf 86' lang='lat' dir='ltr'><strong>laboribus,</strong></span> <span class='ocrx_word' id='word_1_733' title='bbox 1283 5209 1352 5266; x_wconf 92' lang='lat' dir='ltr'><strong>de</strong></span> <span class='ocrx_word' id='word_1_734' title='bbox 1417 5212 1612 5283; x_wconf 86' lang='lat' dir='ltr'><strong>quibus</strong></span> <span class='ocrx_word' id='word_1_735' title='bbox 1677 5232 1839 5289; x_wconf 86' lang='lat' dir='ltr'><strong>supra</strong></span> <span class='ocrx_word' id='word_1_736' title='bbox 1895 5226 2103 5295; x_wconf 79' lang='lat' dir='ltr'><strong>egimus</strong></span> 
     </span>
    </p>
   </div>
   <div class='ocr_carea' id='block_1_99' title="bbox 508 5301 2103 5386">
    <p class='ocr_par' dir='ltr' id='par_1_99' title="bbox 508 5301 2103 5386">
     <span class='ocr_line' id='line_1_99' title="bbox 508 5301 2103 5386; baseline 0.004 -24"><span class='ocrx_word' id='word_1_737' title='bbox 508 5309 529 5380; x_wconf 90' lang='lat'><strong>(</strong></span> <span class='ocrx_word' id='word_1_738' title='bbox 554 5307 743 5377; x_wconf 85' lang='lat' dir='ltr'><strong>Supr.,</strong></span> <span class='ocrx_word' id='word_1_739' title='bbox 769 5320 887 5373; x_wconf 86' lang='lat' dir='ltr'><strong>cap.</strong></span> <span class='ocrx_word' id='word_1_740' title='bbox 914 5301 1002 5359; x_wconf 68' lang='lat' dir='ltr'><strong>l4.</strong></span> <span class='ocrx_word' id='word_1_741' title='bbox 1037 5310 1137 5355; x_wconf 87' lang='lat' dir='ltr'><strong>art.</strong></span> <span class='ocrx_word' id='word_1_742' title='bbox 1167 5303 1195 5359; x_wconf 78' lang='grc'><strong>1</strong></span> <span class='ocrx_word' id='word_1_743' title='bbox 1224 5312 1269 5356; x_wconf 87' lang='lat' dir='ltr'><strong>et</strong></span> <span class='ocrx_word' id='word_1_744' title='bbox 1291 5302 1347 5367; x_wconf 74' lang='lat'><strong>2.</strong></span> <span class='ocrx_word' id='word_1_745' title='bbox 1375 5322 1492 5376; x_wconf 80' lang='lat' dir='ltr'><strong>cap.</strong></span> <span class='ocrx_word' id='word_1_746' title='bbox 1524 5308 1613 5366; x_wconf 80' lang='grc'><strong>15.</strong></span> <span class='ocrx_word' id='word_1_747' title='bbox 1643 5321 1743 5367; x_wconf 89' lang='lat' dir='ltr'><strong>art.</strong></span> <span class='ocrx_word' id='word_1_748' title='bbox 1775 5315 1826 5368; x_wconf 81' lang='lat' dir='ltr'><strong>l.</strong></span> <span class='ocrx_word' id='word_1_749' title='bbox 1861 5316 1900 5386; x_wconf 88' lang='lat'><strong>),</strong></span> <span class='ocrx_word' id='word_1_750' title='bbox 1924 5318 2103 5377; x_wconf 74' lang='grc' dir='ltr'><strong>ίιιᾶηξ.</strong></span> 
     </span>
    </p>
   </div>
   <div class='ocr_carea' id='block_1_100' title="bbox 506 5393 2100 5484">
    <p class='ocr_par' dir='ltr' id='par_1_100' title="bbox 506 5393 2100 5484">
     <span class='ocr_line' id='line_1_100' title="bbox 506 5393 2100 5484; baseline 0.004 -28"><span class='ocrx_word' id='word_1_751' title='bbox 506 5411 619 5458; x_wconf 86' lang='lat' dir='ltr'><strong>tam</strong></span> <span class='ocrx_word' id='word_1_752' title='bbox 646 5398 743 5455; x_wconf 88' lang='lat' dir='ltr'><strong>Dei</strong></span> <span class='ocrx_word' id='word_1_753' title='bbox 768 5393 1191 5452; x_wconf 84' lang='lat' dir='ltr'><strong>misericordiam</strong></span> <span class='ocrx_word' id='word_1_754' title='bbox 1217 5405 1368 5466; x_wconf 84' lang='lat' dir='ltr'><strong>grata</strong></span> <span class='ocrx_word' id='word_1_755' title='bbox 1402 5399 1455 5454; x_wconf 90' lang='lat' dir='ltr'><strong>vi</strong></span> <span class='ocrx_word' id='word_1_756' title='bbox 1485 5404 1795 5462; x_wconf 76' lang='lat' dir='ltr'><strong>exorabant.</strong></span> <span class='ocrx_word' id='word_1_757' title='bbox 1828 5408 1948 5477; x_wconf 75' lang='lat' dir='ltr'><strong>Quo</strong></span> <span class='ocrx_word' id='word_1_758' title='bbox 1977 5416 2100 5484; x_wconf 82' lang='lat' dir='ltr'><strong>qui.</strong></span> 
     </span>
    </p>
   </div>
   <div class='ocr_carea' id='block_1_101' title="bbox 506 5489 2100 5567">
    <p class='ocr_par' dir='ltr' id='par_1_101' title="bbox 506 5489 2100 5567">
     <span class='ocr_line' id='line_1_101' title="bbox 506 5489 2100 5567; baseline 0.008 -16"><span class='ocrx_word' id='word_1_759' title='bbox 506 5495 631 5553; x_wconf 88' lang='lat' dir='ltr'><strong>dem</strong></span> <span class='ocrx_word' id='word_1_760' title='bbox 654 5493 853 5548; x_wconf 76' lang='lat' dir='ltr'><strong>factum</strong></span> <span class='ocrx_word' id='word_1_761' title='bbox 875 5496 978 5556; x_wconf 87' lang='lat' dir='ltr'><strong>est,</strong></span> <span class='ocrx_word' id='word_1_762' title='bbox 1008 5489 1460 5559; x_wconf 80' lang='lat' dir='ltr'><strong>quemadmodum</strong></span> <span class='ocrx_word' id='word_1_763' title='bbox 1489 5492 1581 5551; x_wconf 92' lang='lat' dir='ltr'><strong>ille</strong></span> <span class='ocrx_word' id='word_1_764' title='bbox 1603 5498 1726 5567; x_wconf 69' lang='lat' dir='ltr'><strong>iure</strong></span> <span class='ocrx_word' id='word_1_765' title='bbox 1758 5504 1952 5561; x_wconf 83' lang='lat' dir='ltr'><strong>merito</strong></span> <span class='ocrx_word' id='word_1_766' title='bbox 1979 5510 2100 5564; x_wconf 85' lang='lat' dir='ltr'><strong>ani-</strong></span> 
     </span>
    </p>
   </div>
   <div class='ocr_carea' id='block_1_102' title="bbox 507 5582 2104 5667">
    <p class='ocr_par' dir='ltr' id='par_1_102' title="bbox 507 5582 2104 5667">
     <span class='ocr_line' id='line_1_102' title="bbox 507 5582 2104 5667; baseline 0.008 -23"><span class='ocrx_word' id='word_1_767' title='bbox 507 5584 798 5647; x_wconf 84' lang='lat' dir='ltr'><strong>madvertit</strong></span> <span class='ocrx_word' id='word_1_768' title='bbox 827 5582 1178 5656; x_wconf 83' lang='lat' dir='ltr'><strong>(Tertulliau.</strong></span> <span class='ocrx_word' id='word_1_769' title='bbox 1211 5584 1473 5658; x_wconf 77' lang='lat' dir='ltr'><strong>Apologet.</strong></span> <span class='ocrx_word' id='word_1_770' title='bbox 1510 5606 1627 5658; x_wconf 77' lang='lat' dir='ltr'><strong>cap.</strong></span> <span class='ocrx_word' id='word_1_771' title='bbox 1672 5593 1748 5651; x_wconf 76' lang='grc'><strong>40</strong></span> <span class='ocrx_word' id='word_1_772' title='bbox 1772 5594 1811 5667; x_wconf 89' lang='lat'><strong>),</strong></span> <span class='ocrx_word' id='word_1_773' title='bbox 1841 5607 1898 5653; x_wconf 83' lang='lat' dir='ltr'><strong>ut</strong></span> <span class='ocrx_word' id='word_1_774' title='bbox 1935 5600 2005 5656; x_wconf 89' lang='lat' dir='ltr'><strong>ab</strong></span> <span class='ocrx_word' id='word_1_775' title='bbox 2036 5617 2104 5660; x_wconf 86' lang='lat' dir='ltr'><strong>eo</strong></span> 
     </span>
    </p>
   </div>
   <div class='ocr_carea' id='block_1_103' title="bbox 511 5673 2104 5755">
    <p class='ocr_par' dir='ltr' id='par_1_103' title="bbox 511 5673 2104 5755">
     <span class='ocr_line' id='line_1_103' title="bbox 511 5673 2104 5755; baseline 0.014 -29"><span class='ocrx_word' id='word_1_776' title='bbox 511 5691 774 5748; x_wconf 76' lang='lat' dir='ltr'><strong>tempore,</strong></span> <span class='ocrx_word' id='word_1_777' title='bbox 819 5690 924 5755; x_wconf 86' lang='lat' dir='ltr'><strong>quo</strong></span> <span class='ocrx_word' id='word_1_778' title='bbox 974 5673 1250 5730; x_wconf 84' lang='lat' dir='ltr'><strong>christiani</strong></span> <span class='ocrx_word' id='word_1_779' title='bbox 1299 5675 1418 5734; x_wconf 80' lang='lat' dir='ltr'><strong>vita:</strong></span> <span class='ocrx_word' id='word_1_780' title='bbox 1461 5684 1812 5742; x_wconf 84' lang='lat' dir='ltr'><strong>sanctimonia</strong></span> <span class='ocrx_word' id='word_1_781' title='bbox 1854 5698 1913 5744; x_wconf 85' lang='lat' dir='ltr'><strong>et</strong></span> <span class='ocrx_word' id='word_1_782' title='bbox 1956 5692 2104 5753; x_wconf 78' lang='lat' dir='ltr'><strong>hisce</strong></span> 
     </span>
    </p>
   </div>
   <div class='ocr_carea' id='block_1_104' title="bbox 508 5756 2105 5851">
    <p class='ocr_par' dir='ltr' id='par_1_104' title="bbox 508 5756 2105 5851">
     <span class='ocr_line' id='line_1_104' title="bbox 508 5756 2105 5851; baseline 0.011 -24"><span class='ocrx_word' id='word_1_783' title='bbox 508 5773 613 5845; x_wconf 81' lang='lat' dir='ltr'><strong>piis</strong></span> <span class='ocrx_word' id='word_1_784' title='bbox 636 5756 888 5843; x_wconf 80' lang='lat' dir='ltr'><strong>operibus</strong></span> <span class='ocrx_word' id='word_1_785' title='bbox 916 5766 1221 5838; x_wconf 85' lang='lat' dir='ltr'><strong>iniquitates</strong></span> <span class='ocrx_word' id='word_1_786' title='bbox 1264 5771 1443 5827; x_wconf 71' lang='lat' dir='ltr'><strong>szeculi</strong></span> <span class='ocrx_word' id='word_1_787' title='bbox 1481 5781 1887 5851; x_wconf 82' lang='lat' dir='ltr'><strong>temperavere,</strong></span> <span class='ocrx_word' id='word_1_788' title='bbox 1937 5786 2105 5845; x_wconf 86' lang='lat' dir='ltr'><strong>multo</strong></span> 
     </span>
    </p>
   </div>
   <div class='ocr_carea' id='block_1_105' title="bbox 2356 4687 3569 4757">
    <p class='ocr_par' dir='ltr' id='par_1_105' title="bbox 2356 4687 3569 4757">
     <span class='ocr_line' id='line_1_105' title="bbox 2356 4687 3569 4757; baseline -0.007 -11"><span class='ocrx_word' id='word_1_789' title='bbox 2356 4695 2431 4746; x_wconf 87' lang='lat' dir='ltr'><strong>Te</strong></span> <span class='ocrx_word' id='word_1_790' title='bbox 2454 4697 2657 4757; x_wconf 83' lang='lat' dir='ltr'><strong>prOpter</strong></span> <span class='ocrx_word' id='word_1_791' title='bbox 2680 4690 2840 4757; x_wconf 71' lang='lat' dir='ltr'><strong>milies</strong></span> <span class='ocrx_word' id='word_1_792' title='bbox 2861 4688 3010 4739; x_wconf 85' lang='lat' dir='ltr'><strong>tellus</strong></span> <span class='ocrx_word' id='word_1_793' title='bbox 3023 4693 3108 4757; x_wconf 74' lang='lat' dir='ltr'><strong>tua</strong></span> <span class='ocrx_word' id='word_1_794' title='bbox 3132 4687 3353 4757; x_wconf 52' lang='lat' dir='ltr'><strong>postulat.</strong></span> <span class='ocrx_word' id='word_1_795' title='bbox 3366 4689 3569 4757; x_wconf 81' lang='lat' dir='ltr'><strong>imbres,</strong></span> 
     </span>
    </p>
   </div>
   <div class='ocr_carea' id='block_1_106' title="bbox 2420 4750 3454 4816">
    <p class='ocr_par' dir='ltr' id='par_1_106' title="bbox 2420 4750 3454 4816">
     <span class='ocr_line' id='line_1_106' title="bbox 2420 4750 3454 4816; baseline -0.007 -9"><span class='ocrx_word' id='word_1_796' title='bbox 2420 4750 2569 4807; x_wconf 64' lang='lat' dir='ltr'><strong>mea</strong></span> <span class='ocrx_word' id='word_1_797' title='bbox 2587 4768 2682 4806; x_wconf 81' lang='lat' dir='ltr'><strong>nec</strong></span> <span class='ocrx_word' id='word_1_798' title='bbox 2698 4754 2874 4804; x_wconf 80' lang='lat' dir='ltr'><strong>Pluvia</strong></span> <span class='ocrx_word' id='word_1_799' title='bbox 2894 4750 3312 4816; x_wconf 29' lang='lat' dir='ltr'><strong>supplicat‘berba</strong></span> <span class='ocrx_word' id='word_1_800' title='bbox 3326 4750 3353 4800; x_wconf 86' lang='lat' dir='ltr'><strong>J</strong></span> <span class='ocrx_word' id='word_1_801' title='bbox 3357 4753 3454 4801; x_wconf 89' lang='lat' dir='ltr'><strong>ovi.</strong></span> 
     </span>
    </p>
   </div>
   <div class='ocr_carea' id='block_1_107' title="bbox 2733 4837 3674 4907">
    <p class='ocr_par' dir='ltr' id='par_1_107' title="bbox 2733 4837 3674 4907">
     <span class='ocr_line' id='line_1_107' title="bbox 2733 4837 3674 4907; baseline -0.003 -14"><span class='ocrx_word' id='word_1_802' title='bbox 2733 4837 3048 4907; x_wconf 75' lang='lat' dir='ltr'><strong>[Tibull._lib.</strong></span> <span class='ocrx_word' id='word_1_803' title='bbox 3068 4847 3105 4903; x_wconf 85' lang='grc' dir='ltr'>ι,</span> <span class='ocrx_word' id='word_1_804' title='bbox 3130 4839 3254 4907; x_wconf 82' lang='lat' dir='ltr'><strong>eleg.</strong></span> <span class='ocrx_word' id='word_1_805' title='bbox 3273 4841 3320 4892; x_wconf 86' lang='lat'><strong>7.</strong></span> <span class='ocrx_word' id='word_1_806' title='bbox 3347 4852 3394 4891; x_wconf 77' lang='grc' dir='ltr'><strong>υ.</strong></span> <span class='ocrx_word' id='word_1_807' title='bbox 3422 4840 3487 4892; x_wconf 79' lang='lat' dir='ltr'><strong>ss</strong></span> <span class='ocrx_word' id='word_1_808' title='bbox 3508 4840 3674 4905; x_wconf 75' lang='lat' dir='ltr'><strong>uas.)</strong></span> 
     </span>
    </p>
   </div>
   <div class='ocr_carea' id='block_1_108' title="bbox 2204 4948 3810 5023">
    <p class='ocr_par' dir='ltr' id='par_1_108' title="bbox 2204 4948 3810 5023">
     <span class='ocr_line' id='line_1_108' title="bbox 2204 4948 3810 5023; baseline -0.006 -9"><span class='ocrx_word' id='word_1_809' title='bbox 2204 4958 2286 5014; x_wconf 81' lang='lat' dir='ltr'><strong>Ad</strong></span> <span class='ocrx_word' id='word_1_810' title='bbox 2319 4957 2435 5013; x_wconf 81' lang='lat' dir='ltr'><strong>haec</strong></span> <span class='ocrx_word' id='word_1_811' title='bbox 2458 4969 2613 5023; x_wconf 78' lang='lat' dir='ltr'><strong>vero,</strong></span> <span class='ocrx_word' id='word_1_812' title='bbox 2639 4952 2838 5021; x_wconf 89' lang='lat' dir='ltr'><strong>ethnici</strong></span> <span class='ocrx_word' id='word_1_813' title='bbox 2868 4952 2958 5006; x_wconf 78' lang='lat' dir='ltr'><strong>ilio</strong></span> <span class='ocrx_word' id='word_1_814' title='bbox 2989 4950 3245 5006; x_wconf 90' lang='lat' dir='ltr'><strong>siccitatis</strong></span> <span class='ocrx_word' id='word_1_815' title='bbox 3272 4958 3511 5021; x_wconf 85' lang='lat' dir='ltr'><strong>tempore</strong></span> <span class='ocrx_word' id='word_1_816' title='bbox 3531 4992 3546 5017; x_wconf 93' lang='lat'><strong>,</strong></span> <span class='ocrx_word' id='word_1_817' title='bbox 3579 4948 3810 5021; x_wconf 82' lang='lat' dir='ltr'><strong>nudipe—</strong></span> 
     </span>
    </p>
   </div>
   <div class='ocr_carea' id='block_1_109' title="bbox 2207 5038 3812 5121">
    <p class='ocr_par' dir='ltr' id='par_1_109' title="bbox 2207 5038 3812 5121">
     <span class='ocr_line' id='line_1_109' title="bbox 2207 5038 3812 5121; baseline -0.006 -15"><span class='ocrx_word' id='word_1_818' title='bbox 2207 5050 2348 5106; x_wconf 79' lang='lat' dir='ltr'><strong>dalia</strong></span> <span class='ocrx_word' id='word_1_819' title='bbox 2390 5047 2579 5121; x_wconf 82' lang='lat' dir='ltr'><strong>papula</strong></span> <span class='ocrx_word' id='word_1_820' title='bbox 2619 5044 3007 5102; x_wconf 85' lang='lat' dir='ltr'><strong>denuntiabant.</strong></span> <span class='ocrx_word' id='word_1_821' title='bbox 3053 5041 3167 5098; x_wconf 74' lang='lat' dir='ltr'><strong>Mos</strong></span> <span class='ocrx_word' id='word_1_822' title='bbox 3210 5041 3499 5097; x_wconf 87' lang='lat' dir='ltr'><strong>enimillis</strong></span> <span class='ocrx_word' id='word_1_823' title='bbox 3545 5038 3647 5096; x_wconf 83' lang='lat' dir='ltr'><strong>fuit</strong></span> <span class='ocrx_word' id='word_1_824' title='bbox 3685 5043 3812 5113; x_wconf 86' lang='lat' dir='ltr'><strong>qui-</strong></span> 
     </span>
    </p>
   </div>
   <div class='ocr_carea' id='block_1_110' title="bbox 2206 5134 3808 5206">
    <p class='ocr_par' dir='ltr' id='par_1_110' title="bbox 2206 5134 3808 5206">
     <span class='ocr_line' id='line_1_110' title="bbox 2206 5134 3808 5206; baseline -0.004 -6"><span class='ocrx_word' id='word_1_825' title='bbox 2206 5143 2431 5200; x_wconf 87' lang='lat' dir='ltr'><strong>busdam</strong></span> <span class='ocrx_word' id='word_1_826' title='bbox 2470 5138 2661 5197; x_wconf 88' lang='lat' dir='ltr'><strong>diebus</strong></span> <span class='ocrx_word' id='word_1_827' title='bbox 2725 5137 2878 5194; x_wconf 81' lang='lat' dir='ltr'><strong>festis</strong></span> <span class='ocrx_word' id='word_1_828' title='bbox 2918 5142 3011 5189; x_wconf 90' lang='lat' dir='ltr'><strong>aut</strong></span> <span class='ocrx_word' id='word_1_829' title='bbox 3049 5135 3378 5191; x_wconf 90' lang='lat' dir='ltr'><strong>solemnibus</strong></span> <span class='ocrx_word' id='word_1_830' title='bbox 3418 5135 3616 5206; x_wconf 87' lang='lat' dir='ltr'><strong>templa</strong></span> <span class='ocrx_word' id='word_1_831' title='bbox 3645 5134 3808 5193; x_wconf 88' lang='lat' dir='ltr'><strong>nudis</strong></span> 
     </span>
    </p>
   </div>
   <div class='ocr_carea' id='block_1_111' title="bbox 2206 5227 3811 5310">
    <p class='ocr_par' dir='ltr' id='par_1_111' title="bbox 2206 5227 3811 5310">
     <span class='ocr_line' id='line_1_111' title="bbox 2206 5227 3811 5310; baseline -0.004 -18"><span class='ocrx_word' id='word_1_832' title='bbox 2206 5235 2433 5310; x_wconf 87' lang='lat' dir='ltr'><strong>pedibus</strong></span> <span class='ocrx_word' id='word_1_833' title='bbox 2472 5232 2642 5290; x_wconf 86' lang='lat' dir='ltr'><strong>adire.</strong></span> <span class='ocrx_word' id='word_1_834' title='bbox 2672 5229 2895 5287; x_wconf 81' lang='lat' dir='ltr'><strong>Ovidius</strong></span> <span class='ocrx_word' id='word_1_835' title='bbox 2934 5228 3079 5285; x_wconf 90' lang='lat' dir='ltr'><strong>enim</strong></span> <span class='ocrx_word' id='word_1_836' title='bbox 3112 5228 3343 5285; x_wconf 84' lang='lat' dir='ltr'><strong>Vestalia</strong></span> <span class='ocrx_word' id='word_1_837' title='bbox 3381 5227 3529 5284; x_wconf 90' lang='lat' dir='ltr'><strong>hisce</strong></span> <span class='ocrx_word' id='word_1_838' title='bbox 3554 5227 3811 5285; x_wconf 86' lang='lat' dir='ltr'><strong>versibus</strong></span> 
     </span>
    </p>
   </div>
   <div class='ocr_carea' id='block_1_112' title="bbox 2205 5330 2477 5386">
    <p class='ocr_par' dir='ltr' id='par_1_112' title="bbox 2205 5330 2477 5386">
     <span class='ocr_line' id='line_1_112' title="bbox 2205 5330 2477 5386; baseline -0.018 0"><span class='ocrx_word' id='word_1_839' title='bbox 2205 5330 2441 5386; x_wconf 86' lang='lat' dir='ltr'><strong>celebrat</strong></span> <span class='ocrx_word' id='word_1_840' title='bbox 2464 5346 2477 5381; x_wconf 91' lang='lat'><strong>:</strong></span> 
     </span>
    </p>
   </div>
   <div class='ocr_carea' id='block_1_113' title="bbox 2330 5458 3402 5520">
    <p class='ocr_par' dir='ltr' id='par_1_113' title="bbox 2330 5458 3402 5520">
     <span class='ocr_line' id='line_1_113' title="bbox 2330 5458 3402 5520; baseline -0.007 -5"><span class='ocrx_word' id='word_1_841' title='bbox 2330 5465 2481 5515; x_wconf 87' lang='lat' dir='ltr'><strong>Forte</strong></span> <span class='ocrx_word' id='word_1_842' title='bbox 2505 5461 2797 5517; x_wconf 83' lang='lat' dir='ltr'><strong>revertebar</strong></span> <span class='ocrx_word' id='word_1_843' title='bbox 2821 5458 2962 5513; x_wconf 81' lang='lat' dir='ltr'><strong>festis</strong></span> <span class='ocrx_word' id='word_1_844' title='bbox 2982 5458 3289 5520; x_wconf 80' lang='lat' dir='ltr'><strong>Vestalibus,</strong></span> <span class='ocrx_word' id='word_1_845' title='bbox 3317 5458 3402 5511; x_wconf 88' lang='lat' dir='ltr'><strong>illa</strong></span> 
     </span>
    </p>
   </div>
   <div class='ocr_carea' id='block_1_114' title="bbox 2390 5520 3540 5586">
    <p class='ocr_par' dir='ltr' id='par_1_114' title="bbox 2390 5520 3540 5586">
     <span class='ocr_line' id='line_1_114' title="bbox 2390 5520 3540 5586; baseline -0.005 -11"><span class='ocrx_word' id='word_1_846' title='bbox 2390 5526 2496 5586; x_wconf 84' lang='lat' dir='ltr'><strong>Qua</strong></span> <span class='ocrx_word' id='word_1_847' title='bbox 2516 5537 2639 5575; x_wconf 86' lang='lat' dir='ltr'><strong>nova</strong></span> <span class='ocrx_word' id='word_1_848' title='bbox 2658 5535 2861 5573; x_wconf 90' lang='lat' dir='ltr'><strong>romano</strong></span> <span class='ocrx_word' id='word_1_849' title='bbox 2891 5535 3021 5586; x_wconf 80' lang='lat' dir='ltr'><strong>nunc</strong></span> <span class='ocrx_word' id='word_1_850' title='bbox 3035 5523 3109 5586; x_wconf 86' lang='lat' dir='ltr'><strong>via</strong></span> <span class='ocrx_word' id='word_1_851' title='bbox 3132 5520 3297 5586; x_wconf 83' lang='lat' dir='ltr'><strong>juncta</strong></span> <span class='ocrx_word' id='word_1_852' title='bbox 3318 5520 3423 5586; x_wconf 85' lang='lat' dir='ltr'><strong>loro</strong></span> <span class='ocrx_word' id='word_1_853' title='bbox 3446 5524 3540 5586; x_wconf 78' lang='lat' dir='ltr'><strong>est.</strong></span> 
     </span>
    </p>
   </div>
   <div class='ocr_carea' id='block_1_115' title="bbox 2326 5584 3499 5649">
    <p class='ocr_par' dir='ltr' id='par_1_115' title="bbox 2326 5584 3499 5649">
     <span class='ocr_line' id='line_1_115' title="bbox 2326 5584 3499 5649; baseline -0.007 -9"><span class='ocrx_word' id='word_1_854' title='bbox 2326 5584 2437 5649; x_wconf 68' lang='lat' dir='ltr'><strong>Hoc</strong></span> <span class='ocrx_word' id='word_1_855' title='bbox 2456 5587 2590 5649; x_wconf 75' lang='lat' dir='ltr'><strong>pede</strong></span> <span class='ocrx_word' id='word_1_856' title='bbox 2611 5593 2880 5636; x_wconf 78' lang='lat' dir='ltr'><strong>matronam</strong></span> <span class='ocrx_word' id='word_1_857' title='bbox 2902 5585 3034 5636; x_wconf 82' lang='lat' dir='ltr'><strong>nudo</strong></span> <span class='ocrx_word' id='word_1_858' title='bbox 3046 5584 3356 5649; x_wconf 79' lang='lat' dir='ltr'><strong>descendere</strong></span> <span class='ocrx_word' id='word_1_859' title='bbox 3379 5584 3499 5634; x_wconf 81' lang='lat' dir='ltr'><strong>vidi.</strong></span> 
     </span>
    </p>
   </div>
   <div class='ocr_carea' id='block_1_116' title="bbox 2348 5646 3425 5760">
    <p class='ocr_par' dir='ltr' id='par_1_116' title="bbox 2348 5646 3425 5760">
     <span class='ocr_line' id='line_1_116' title="bbox 2348 5646 3425 5760; baseline -0.005 3"><span class='ocrx_word' id='word_1_860' title='bbox 2348 5646 2353 5653; x_wconf 54' lang='grc'><em>’</em></span> <span class='ocrx_word' id='word_1_861' title='bbox 2392 5646 2630 5713; x_wconf 55' lang='grc' dir='ltr'><strong>⁰⁵⁵²¹¹¹δ¹¹ί</strong></span> <span class='ocrx_word' id='word_1_862' title='bbox 2655 5649 2846 5717; x_wconf 52' lang='lat' dir='ltr'><strong>“cm</strong></span> <span class='ocrx_word' id='word_1_863' title='bbox 2865 5647 3425 5760; x_wconf 56' lang='grc' dir='ltr'><strong>ῗὸδυῖοῗῗίῧῖῗὲινῗτῗιξιῗῑ</strong></span> 
     </span>
    </p>
   </div>
   <div class='ocr_carea' id='block_1_117' title="bbox 2865 5705 3613 5773">
    <p class='ocr_par' dir='ltr' id='par_1_117' title="bbox 2865 5705 3613 5773">
     <span class='ocr_line' id='line_1_117' title="bbox 2865 5705 3613 5773; baseline -0.012 -11"><span class='ocrx_word' id='word_1_864' title='bbox 2865 5705 3050 5773; x_wconf 83' lang='lat' dir='ltr'><strong>(0vid.,</strong></span> <span class='ocrx_word' id='word_1_865' title='bbox 3076 5705 3163 5760; x_wconf 74' lang='lat' dir='ltr'><strong>lib.</strong></span> <span class='ocrx_word' id='word_1_866' title='bbox 3190 5705 3243 5757; x_wconf 64' lang='grc' dir='ltr'>ἦ</span> <span class='ocrx_word' id='word_1_867' title='bbox 3264 5708 3453 5759; x_wconf 79' lang='lat' dir='ltr'><strong>Faster.</strong></span> <span class='ocrx_word' id='word_1_868' title='bbox 3494 5705 3613 5772; x_wconf 86' lang='lat'><strong>§9.)</strong></span> 
     </span>
    </p>
   </div>
   <div class='ocr_carea' id='block_1_118' title="bbox 2208 5788 3813 5867">
    <p class='ocr_par' dir='ltr' id='par_1_118' title="bbox 2208 5788 3813 5867">
     <span class='ocr_line' id='line_1_118' title="bbox 2208 5788 3813 5867; baseline -0.007 -13"><span class='ocrx_word' id='word_1_869' title='bbox 2208 5797 2401 5856; x_wconf 86' lang='lat' dir='ltr'><strong>Postea</strong></span> <span class='ocrx_word' id='word_1_870' title='bbox 2423 5811 2551 5854; x_wconf 87' lang='lat' dir='ltr'><strong>vero</strong></span> <span class='ocrx_word' id='word_1_871' title='bbox 2577 5811 2736 5867; x_wconf 85' lang='lat' dir='ltr'><strong>quam</strong></span> <span class='ocrx_word' id='word_1_872' title='bbox 2764 5802 3034 5853; x_wconf 83' lang='lat' dir='ltr'><strong>mortuum</strong></span> <span class='ocrx_word' id='word_1_873' title='bbox 3060 5792 3285 5866; x_wconf 74' lang='lat' dir='ltr'><strong>Augusti</strong></span> <span class='ocrx_word' id='word_1_874' title='bbox 3313 5788 3649 5864; x_wconf 87' lang='lat' dir='ltr'><strong>imperatoris</strong></span> <span class='ocrx_word' id='word_1_875' title='bbox 3677 5800 3813 5854; x_wconf 62' lang='lat' dir='ltr'><strong>cor-5</strong></span> 
     </span>
    </p>
   </div>
  </div>
