4076 6356
492 320 512 375 l
525 319 633 377 079

1573 323 1641 380 lN
1678 321 2142 383 TEBTULLIANI
2178 320 2705 384 APOLOGETICUM

3650 331 3792 392 1080

490 449 717 491 cernere
742 450 772 490 a
798 434 1136 492 Christianis.
1161 434 1266 493 Sed
1293 436 1345 492 id
1376 436 1500 493 inde
1523 438 1592 513 ab
1614 454 1681 494 eo
1700 448 1850 495 recte
1884 439 2089 513 colligi-
2112 444 2164 501 Α
2193 440 2566 506 brachmanes,
2596 442 2665 499 ab
2689 442 2806 499 aliis
2827 442 3136 501 hominibus
3163 446 3411 518 sejuncti,
3442 445 3788 505 durissimam

495 538 601 593 tur,
632 532 752 598 quia
784 530 1011 586 etbnicis
1049 531 1192 585 nulla
1218 531 1372 600 plane
1399 540 1547 588 certa
1578 535 1715 588 ratio
1743 534 2085 605 suppetebat,

490 638 594 692 qua
637 637 857 693 sperare
907 633 1123 693 possent
1162 624 1296 690 fore,
1339 635 1399 681 ut
1436 637 1716 699 postquam
1742 644 1806 684 ex
1855 630 1952 685 hac
1981 630 2087 685 vita

489 718 886 785 excessissent,
913 728 1171 773 aeternam
1216 735 1246 774 a
1286 720 1389 775 diis
1428 723 1560 789 suis,
1593 723 1682 792 qui
1722 722 1851 778 nulli
1892 733 2085 790 erant,

489 811 796 880 acciperent
838 811 1094 867 virtutum
1143 828 1360 868 suarum
1413 815 1739 871 mercedem.
1798 815 2086 886 Christiani

489 916 619 959 vero
672 903 839 970 illam,
894 888 954 961 ut
996 906 1249 971 diximus,
1297 905 1366 959 ab
1418 907 1787 976 omnipotente
1827 906 1937 963 Deo
1988 921 2088 962 suo

488 995 790 1053 certissime
819 999 1223 1070 exspectabant.
1252 998 1375 1054 Non
1405 998 1674 1054 debebant
1700 1000 1859 1071 igitur
1887 999 2086 1056 ethnici

488 1082 588 1143 hos
615 1089 746 1145 deos
771 1091 974 1157 colere,
1006 1094 1052 1148 si
1080 1108 1393 1163 persuasum
1418 1093 1684 1149 habebant
1708 1107 1768 1148 se
1790 1093 1859 1148 ab
1885 1092 1991 1147 illis
2016 1091 2088 1148 ob

486 1181 828 1241 Christianos
879 1186 1108 1256 publicis
1150 1187 1544 1242 calamitatibus
1590 1188 1791 1241 vexari.
1845 1186 1900 1240 Si
1943 1187 2083 1241 enim

486 1276 788 1334 cultoribus
808 1280 942 1347 suis,
967 1281 1055 1351 qtti
1078 1260 1303 1335 aliorum
1333 1296 1519 1336 caussa
1546 1281 1785 1351 publicas
1806 1281 2084 1336 calamita-

487 1374 571 1421 tes
596 1367 650 1421 in
673 1367 771 1424 hac
796 1370 902 1424 vita
932 1372 1172 1442 perpessi
1200 1382 1345 1433 sunt.
1381 1372 1510 1445 nihil
1545 1381 1664 1442 post
1694 1384 1921 1429 mortem
1951 1388 2083 1428 con-

488 1454 628 1513 ferre
655 1460 879 1529 possint,
906 1462 1093 1532 ingrati
1124 1479 1342 1532 prorsus
1363 1473 1417 1518 et
1443 1464 1623 1535 iujusti
1652 1476 1794 1528 sunt,
1820 1474 1910 1519 aut
1936 1475 2085 1522 certe

488 1550 710 1620 infirmi,
742 1570 804 1609 ac
833 1556 1057 1625 proinde
1086 1557 1380 1612 divinitatis
1410 1572 1628 1627 prorsus
1656 1571 1921 1629 expertes.
1952 1558 2084 1615 Ter—

487 1645 740 1701 tullianus
769 1649 947 1720 itaque
977 1661 1121 1706 recte
1151 1653 1422 1708 concludit
1448 1653 1637 1708 horum
1663 1653 1885 1709 deorum
1912 1656 2084 1711 culto~

486 1754 595 1803 res,
621 1741 840 1797 minime
860 1742 1693 1815 veroChristianos,publicarum
1720 1746 2081 1803 calamitatum

2194 533 2646 590 consectabantur
2693 536 2907 591 vivendi
2932 578 2947 601 ,
2976 546 3031 593 et
3056 552 3084 590 a
3117 538 3253 593 cibis
3281 538 3590 597 abstinendi
3618 542 3790 597 ratio-

2193 641 2346 690 nem,
2371 641 2399 680 a
2431 627 2584 682 nobis
2613 628 2734 683 loco
2758 628 2869 698 jam
2896 629 3059 685 citato
3088 631 3429 700 erplicatam.

2261 715 2368 773 Sed
2399 716 2556 787 longe
2584 717 2897 787 dissimilis,
2931 728 2988 775 ut
3025 730 3171 776 recte
3209 721 3576 779 Tertullianus
3602 735 3791 783 noster

2189 819 2493 875 asseverat,
2524 820 2642 866 erat
2664 811 2984 869 abstinentia
3012 812 3466 881 Christianorum,
3497 818 3589 888 qui
3636 818 3791 875 cibos

2189 900 2291 956 sibi
2334 915 2366 956 a
2409 901 2522 958 Deo
2558 901 2713 958 datos
2753 918 2877 959 cum
2913 905 3202 975 gratiarum
3233 906 3445 962 actione
3478 910 3786 974 sumebant,

2189 993 2285 1048 sed
2310 993 2536 1049 servatis
2560 1009 2774 1064 semper
2796 997 3160 1066 temperantia;
3184 998 3405 1069 legibus.
3431 997 3617 1070 Neque
3642 1002 3788 1056 enim

2189 1087 2357 1142 ullum
2382 1088 2604 1159 fructum
2625 1129 2640 1155 ,
2673 1088 2843 1160 inquit
2879 1089 2969 1145 ille
2992 1131 3007 1152 ,
3038 1105 3249 1159 cperunt
3288 1089 3387 1145 Dei
3415 1092 3788 1165 repudiamus;

2188 1181 2340 1253 plane
2383 1189 2739 1253 temperamus,
2789 1198 2851 1235 ne
2920 1182 3055 1237 ultra
3108 1183 3338 1249 modum,
3382 1193 3474 1238 aut
3524 1202 3789 1257 perperam

2189 1281 2392 1326 utamur
2407 1271 2645 1343 (Tertull.
2671 1273 2938 1345 Apologet.
2961 1290 3074 1345 cap.
3092 1274 3211 1346 4‘2).
3233 1273 3420 1346 Neque
3439 1278 3605 1331 etiam
3627 1276 3788 1333 iidem

2186 1362 2476 1419 Christiani
2497 1376 2650 1421 erant
2672 1365 2942 1438 sylvarum
2972 1366 3159 1421 incola:
3181 1409 3196 1430 ,
3224 1382 3288 1423 ac
3314 1367 3475 1423 veluti
3505 1369 3790 1426 btachmao

2187 1470 2285 1513 nes
2307 1467 2361 1512 et
2384 1459 2858 1529 gymnosophistaa,
2881 1459 3079 1513 exsules
3113 1460 3228 1514 vitta
3244 1461 3545 1518 communis
3573 1461 3786 1535 (Ibid.),

2186 1559 2241 1602 et
2266 1564 2294 1602 a
2321 1560 2637 1605 cazterorum
2662 1549 2940 1605 hominum
2963 1553 3236 1606 consortio
3266 1555 3423 1621 plane
3450 1555 3701 1624 separati.
3729 1556 3787 1610 In

2187 1641 2396 1711 Oppidis
2420 1641 2685 1713 siquidem
2734 1651 2790 1699 et
2834 1643 3054 1699 urbibus
3077 1659 3199 1719 cum
3225 1645 3456 1701 ethnicis
3474 1688 3489 1712 ,
3519 1648 3657 1702 sicut
3676 1648 3790 1717 jam

2185 1733 2438 1799 diximus,
2486 1736 2754 1791 commisti
2801 1735 3132 1805 habitabant,
3179 1752 3242 1793 ac
3313 1754 3628 1796 communes
3663 1757 3786 1796 cum

486 1845 608 1886 esse
635 1843 906 1891 auctores.
935 1835 1116 1891 Palam
1144 1852 1274 1892 vero
1304 1852 1402 1892 nos
1429 1839 1555 1894 alibi
1582 1836 1809 1894 fecimus
1838 1838 2078 1911 (Dissert.
2112 1841 2161 1901 B
2189 1826 2292 1882 “"5
2321 1826 2516 1897 Ubique
2547 1828 2840 1884 misceba'“
2869 1844 3077 1899 operas»
3109 1830 3162 1884 ίη
3187 1834 3322 1902 [υτον
3345 1832 3579 1898 macello.
3603 1833 3791 1888 "undi-

482 1927 539 1981 in
564 1927 756 1985 Arnob.
789 1947 905 2003 cap.
936 1931 989 1986 6.
1016 1942 1115 1986 art.
1145 1934 1180 1988 4
1205 1944 1252 1986 et
1274 1936 1437 2006 seqq.)
1466 1934 1736 2004 quomodo
1766 1935 1880 1991 lucc
1904 1937 2086 1992 crimi-

484 2020 634 2076 natio
661 2028 767 2075 tam
796 2036 961 2093 Stt'pe,
989 2026 1148 2094 quam
1172 2025 1374 2080 insulse
1402 2025 1470 2080 ab
1496 2026 1724 2081 ethnicis
1745 2027 1992 2097 repetita,
2016 2028 2085 2084 ab

484 2111 729 2168 Arnobio
796 2117 1071 2172 confutata
1129 2118 1325 2187 fuerit,
1384 2105 1470 2173 ac.
1504 2118 1775 2189 quoutodo
1832 2119 2085 2178 Minatius

486 2203 641 2261 Felix
681 2216 736 2261 et
783 2207 1093 2264 Lactantius
1125 2210 1496 2267 demonstrent
1526 2210 1791 2268 imbecilla
1830 2212 1994 2284 plane
2030 2224 2086 2270 et

484 2296 659 2354 iutilia
690 2315 811 2356 esse
839 2302 1052 2357 illortnn
1080 2313 1414 2374 argumenta,
1442 2304 1533 2374 qui
1558 2305 1681 2361 inde
1706 2306 1939 2361 divinam
1969 2322 2083 2378 pro-
2102 2354 2115 2359 -

484 2380 775 2449 videntiam
821 2395 1146 2451 labefactare
1169 2398 1346 2452 conati
1374 2408 1496 2452 sunt
1527 2397 1768 2469 (Dissert.
1795 2400 1849 2453 in
1889 2400 2081 2459 Minui.

480 2501 597 2558 cap.
622 2486 687 2542 6:
703 2496 803 2541 art.
837 2489 891 2554 5,
922 2498 970 2543 et
1014 2491 1065 2542 in
1094 2487 1309 2544 Lactan.
1332 2507 1450 2559 cap.
1475 2489 1565 2546 14.
1587 2500 1687 2545 art.
1718 2490 1798 2563 5).
1842 2492 1950 2548 Sed
1969 2494 2082 2564 jam

483 2580 549 2635 ad
581 2582 826 2637 ultimum
866 2584 1178 2640 eorumdem
1216 2585 1527 2657 gentilium,
1558 2595 1746 2642 contra
1775 2585 2084 2645 christiana:

485 2673 764 2746 religionis
792 2680 1073 2733 veritatem
1090 2721 1106 2746 ,
1129 2689 1500 2750 argumentum
1528 2679 1889 2739 accedamus-
2080 2690 2085 2693 '

1053 2788 1281 2848 CAPUT
1318 2790 1510 2875 xm.

486 2923 653 2993 Quam
680 2926 899 2982 absurde
936 2929 1124 2984 ethnici
1159 2932 1591 3002 conquerebantur
1628 2931 1942 2989 Christianos
1978 2936 2082 2991 rei-

559 3020 777 3089 publicae
804 3040 911 3078 esse
934 3024 1160 3092 inutiles,
1186 3037 1338 3099 atque
1360 3028 1552 3084 idcirco
1578 3030 2006 3086 exterminandas.

1006 3175 1296 3217 ARTICULUS
1335 3177 1544 3218 HUIUS.
2080 3200 2083 3203 ί

486 3268 752 3337 Quomodo
781 3270 1126 3329 Tertullianus
1153 3276 1437 3344 probaverit
1467 3276 1779 3333 Christianos
1800 3296 1902 3335 non
1927 3281 2085 3351 fuisse

557 3366 893 3421 brachmanas
914 3411 926 3432 ,
961 3385 1051 3423 nec
1077 3368 1330 3424 Indorum
1356 3374 1827 3445 gymnosOp/iistas,
1856 3392 1949 3431 nec
1972 3378 2079 3449 syl-

556 3459 765 3526 vicolas,
794 3459 885 3514 sed
910 3461 1201 3531 reipublica:
1224 3463 1504 3532 plurimum
1530 3464 1701 3520 utiles.

551 3576 788 3645 Ethnici,
823 3576 1027 3633 nullum
1064 3594 1171 3633 non
1204 3589 1485 3637 moventes
1515 3579 1919 3639 inChristianos
1945 3584 2080 3656 lapi-

478 3668 625 3736 dem,
651 3668 827 3724 adhuc
856 3670 1199 3741 obiectabant
1223 3671 1343 3731 illos
1371 3673 1682 3743 reipublicae
1707 3689 1928 3745 prorsus
1956 3692 2078 3733 esse

476 3763 695 3819 inutiles
715 3807 729 3833 ,
758 3780 931 3837 eoque
959 3768 1077 3823 solo
1104 3769 1325 3824 nomine
1360 3770 1572 3840 penitus
1610 3771 2072 3829 exterminandas.

475 3856 583 3913 Sed
611 3858 687 3927 bi,
720 3860 887 3930 inquit
910 3860 1290 3931 Tertullianus,
1316 3881 1476 3934 neque
1502 3867 1841 3932 brae/imbuta,
1869 3878 1957 3922 aut
1982 3867 2078 3922 ln-

476 3950 659 4004 dorum
697 3953 1128 4025 gynmosOpItista:
1150 3997 1164 4021 ,
1195 3956 1482 4027 sglvicolar,
1515 3967 1562 4010 et
1591 3957 1788 4013 exsules
1815 3958 1930 4013 vita:
1955 3970 2071 4014 sunt

474 4040 717 4110 (Tertull.
745 4041 1011 4115 Apologet.
1043 4063 1157 4119 cap.
1187 4048 1304 4119 42).
1338 4050 1443 4104 Sed
1471 4050 1708 4123 quinam,
1740 4052 1943 4121 inquiet
1972 4052 2073 4107 for-

475 4134 843 4204 tasse-aliquis,
865 4147 1019 4192 erant
1035 4139 1109 4192 illi
1130 4140 1468 4195 braelnnana:
1486 4150 1542 4197 et
1576 4142 2069 4213 gymnosolihistw?

469 4225 738 4295 Numquid
766 4228 950 4294 iidem,
985 4240 1077 4285 aut
1104 4230 1300 4309 diversi
1330 4250 1356 4286 a
1384 4249 1443 4289 se
1472 4234 1703 4289 invicem
1735 4236 1917 4305 pepuli
1949 4237 2064 4291 fue-

469 4328 595 4373 runt
617 4318 640 4373 ?
666 4317 800 4375 Nam
831 4312 1144 4392 Apollonius
1169 4323 1434 4396 Tyanzeus
1462 4334 1520 4382 et
1557 4326 1805 4383 Damides
1825 4370 1840 4395 ,
1870 4327 1901 4383 ἐι
1941 4328 2066 4385 Plii-

466 4413 695 4471 lostrato
723 4416 869 4472 citati
899 4416 1140 4485 (Philost.
1172 4416 1260 4473 lib.
1295 4416 1362 4472 lll
1380 4419 1442 4474 de
1470 4418 1581 4473 Vita
1605 4419 1844 4492 Apollon.
1869 4436 1985 4492 cap.
2006 4420 2060 4476 4.

470 4526 593 4581 pag.
635 4512 762 4568 M9.
792 4526 840 4566 et
887 4511 974 4566 lib.
1008 4512 1093 4567 Vl.
1135 4528 1252 4584 cap.
1280 4513 1333 4567 4.
1381 4528 1500 4581 pag.
1547 4512 1710 4582 265),
1749 4522 2063 4568 asseverant

465 4605 825 4664 brachmane‘s
873 4608 1034 4664 India:
1078 4610 1279 4665 incolas
1328 4609 1520 4674 fuisse,
1548 4596 1785 4682 eosque,
1819 4608 1894 4663 uti
1932 4607 2055 4662 alibi
2082 4628 2138 4690 D

468 4698 624 4767 dixit,
648 4699 1076 4774 )uputtbc(llud0$)
1107 4706 1207 4783 seu
1226 4701 1702 4773 gyimwmpbistas
1730 4701 1923 4757 collem
1956 4699 2054 4755 ha-

459 4792 692 4848 bitantes
722 4811 906 4864 parum
938 4811 966 4849 a
985 4795 1084 4849 Nili
1107 4798 1234 4868 ripis
1261 4796 1570 4851 distantem.
1617 4795 1701 4851 Ab
1730 4795 2058 4866 Hieronymo

459 4901 638 4947 autem
668 4892 899 4959 alicubi,
925 4892 1174 4948 Indorum
1216 4893 1539 4950 brae/numne
1561 4939 1576 4962 ,
1605 4905 1652 4950 et
1682 4883 2057 4967 Egyptiorum

458 4986 887 5056 gymnosOphista:
935 4990 1284 5065 (Hieronym.
1332 4993 1481 5063 epist.
1526 4993 1592 5049 57
1624 5032 1639 5059 ,
1696 4991 1766 5045 ad
1813 4989 1944 5044 Ltet.
2011 4996 2058 5044 et

458 5084 548 5138 lib.
589 5083 607 5136 l
642 5085 761 5139 adv.
796 5084 971 5141 Jovin.
1000 5088 1042 5158 ),
1088 5087 1211 5143 alibi
1242 5102 1391 5155 vero,
1424 5095 1480 5142 et
1516 5085 1585 5141 al)
1635 5085 1763 5152 illo,
1810 5092 1868 5140 et
1911 5083 2052 5165 aliis,

454 5192 589 5245 quos
616 5177 719 5233 alia
765 5179 819 5232 in
863 5179 1241 5235 dissertatione
1269 5181 1571 5247 citavimus,
1594 5177 2049 5250 gymnosophistas

454 5269 621 5326 Indiae
715 5273 1049 5343 appellantur
1109 5274 1303 5346 (Tom.
1386 5275 1704 5349 lApparat.
1776 5274 1865 5329 lib.

466 5363 670 5419 dissert.
708 5364 763 5420 ‘2.
819 5382 933 5437 cap.
983 5367 1069 5423 19.
1117 5378 1217 5421 art.
1278 5370 1329 5423 l.
1387 5386 1509 5442 pag.
1577 5369 1717 5424 1160
1761 5378 1805 5422 et
1857 5369 2044 5440 scqq.).

457 5459 528 5512 At
552 5458 749 5514 ibidem
780 5459 999 5531 insuper
1028 5464 1401 5519 auuotavimus
1428 5464 1622 5535 duplex
1650 5462 1838 5517 saltem
1880 5463 2046 5534 fuisse

455 5536 666 5607 illorum
710 5567 898 5624 genus.
950 5554 1005 5609 Si
1057 5554 1176 5624 quis
1221 5572 1381 5627 porro
1427 5558 1733 5629 probaverit
1775 5558 1894 5614 illos
1939 5575 2044 5614 non

454 5644 627 5699 solum
679 5646 733 5709 in
781 5646 945 5709 India,
994 5646 1088 5709 sed
1137 5647 1369 5721 IEg‘ypto
1414 5651 1576 5706 etiam
1624 5667 1749 5707 suas
1802 5652 2047 5722 posuisse

2190 1918 2302 1985 nis,
2334 1920 2492 1990 agris,
2518 1920 2732 1990 balneis,
2764 1921 2982 1976 tabernis
3013 1921 3225 1992 (Ibid.),
3257 1941 3362 1978 non
3392 1926 3608 1996 quidem
3637 1928 3789 1981 vina-

2190 2009 2303 2076 riis,
2350 2011 2443 2065 sed
2480 2010 2741 2078 aediliciis,
2789 2028 2928 2082 qua),
2981 2022 3037 2067 ut
3070 2013 3153 2068 ait
3195 2013 3384 2070 Festus
3426 2015 3611 2088 (Fest.
3643 2018 3712 2072 ad
3734 2035 3783 2073 ν.

2189 2100 2599 2173 'l'ahernacula),
2623 2120 2685 2160 ex
2708 2104 2903 2161 tabulis
2926 2115 3252 2172 constructa,
3273 2108 3410 2173 usui,
3441 2108 3784 2176 testeNonio,

2186 2203 2341 2248 erant
2383 2195 2616 2267 populari
2657 2195 2884 2269 (Nonius
2920 2197 2988 2251 ad
3036 2213 3081 2251 υ.
3118 2196 3363 2268 'l‘aber.).
3413 2201 3573 2257 Artes
3621 2205 3781 2258 etiam

2187 2300 2311 2342 suas
2338 2288 2657 2361 exercebant
2686 2290 2738 2344 in
2784 2290 3007 2360 ofﬁcinis
3081 2290 3303 2347 cuilibet
3351 2294 3654 2363 patentibus
3676 2336 3693 2361 ,
3721 2310 3784 2351 ac

2186 2382 2657 2438 commorabantur
2685 2384 2734 2437 iu
2764 2383 2975 2439 stabulis
3002 2384 3241 2454 (Tertull.
3271 2386 3443 2456 ibid),
3479 2402 3575 2444 seu
3606 2388 3783 2444 diver-

2186 2471 2345 2527 soriis
2391 2485 2443 2529 et
2471 2474 2736 2545 hostiitiis,
2768 2476 2854 2531 ubi
2876 2477 3113 2546 hospites
3134 2488 3186 2532 et
3214 2480 3524 2551 peregrinos
3553 2483 3783 2551 excipie-

2188 2567 2315 2623 bant
2337 2608 2352 2633 ,
2383 2582 2482 2625 seu
2513 2570 2688 2640 potius
2715 2569 3133 2626 habitationibus
3152 2613 3168 2639 ,
3196 2584 3253 2628 et
3282 2575 3499 2643 privatis
3524 2591 3781 2645 quorum-

2086 2686 2087 2689 η
2186 2662 2331 2731 dam,
2360 2664 2525 2720 veluti
2554 2664 3206 2735 agricolarum,domibus,
3232 2666 3301 2723 de
3326 2668 3519 2739 quibus
3547 2669 3619 2724 ita
3642 2671 3781 2726 canit

2186 2754 2440 2829 Virgilius
2468 2777 2482 2812 :

2372 2872 2535 2937 Ardua
2559 2879 2689 2937 tecta
2714 2876 2841 2937 petit
2876 2874 3059 2926 stabuli
3086 2876 3214 2928 etde
3235 2875 3451 2929 culmine
3472 2891 3661 2929 summo

2374 2934 2625 2988 Pastorale
2641 2934 2772 2988 cauit
2790 2938 3006 3000 signum.

2775 3018 3007 3088 (Virgil.,
3030 3018 3113 3072 lib.
3140 3029 3211 3071 \’tl
3237 3023 3429 3075 /Eneid.
3450 3037 3494 3083 υ.
3518 3024 3659 3088 512.)

2186 3128 2360 3196 Atque
2388 3125 2459 3182 ita
2490 3125 2798 3195 Christiani,
2830 3132 3131 3188 aitAuctor
3157 3143 3368 3200 noster,
3402 3134 3783 3193 cohabitabant

2108 3234 2153 3297 ρ
2188 3220 2283 3275 hoc
2311 3221 2575 3287 sarculum,
2604 3223 2739 3292 sive,
2767 3224 2905 3281 sicut
2932 3226 2985 3282 in
3011 3227 3388 3300 manuscriptis
3419 3230 3617 3285 nostris
3645 3229 3780 3302 legi-

2189 3321 2294 3379 tur,
2322 3313 2377 3368 in
2398 3314 2493 3369 hoc
2518 3316 2725 3370 sarculo.

2255 3405 2615 3473 Quamobrem
2649 3411 2878 3481 gentiles
2919 3412 3064 3482 ipsos
3107 3414 3185 3469 sic
3233 3424 3426 3486 urget:
3460 3414 3781 3487 Navigamus

2183 3507 2229 3551 et
2256 3514 2347 3553 nos
2375 3500 2651 3565 uobiscum,
2686 3512 2732 3555 et
2768 3503 3027 3561 vobiscum
3052 3504 3179 3576 (hoc
3209 3506 3451 3561 ultimum
3484 3508 3707 3563 verbum
3746 3523 3777 3562 a

2184 3592 2562 3662 manuscriptis
2589 3594 2788 3649 nostris
2817 3594 2971 3649 libris
2993 3595 3170 3669 abest)
3194 3598 3470 3653 militamus
3493 3641 3507 3661 ,
3537 3608 3585 3652 et
3611 3600 3776 3654 rusti-

2180 3698 2378 3751 camur,
2418 3694 2463 3737 et
2506 3701 2809 3747 mercamur,
2839 3688 3053 3758 proinde
3098 3689 3360 3745 miscemus
3402 3703 3551 3755 artes,
3594 3708 3777 3760 operas

2180 3786 2379 3832 nostras
2415 3777 2788 3848 (manuscripti
2833 3789 2887 3835 ct
2924 3793 3049 3835 ante
3080 3781 3362 3852 Rigaltium
3391 3784 3517 3837 editi
3559 3784 3775 3840 codices

2178 3886 2332 3942 opera
2354 3870 2552 3942 nostra)
2582 3870 2901 3944 publicamus
2928 3874 3041 3928 usui
3062 3884 3240 3938 vestro,
3273 3884 3432 3946 atque
3474 3875 3543 3930 ita
3573 3877 3774 3931 mutuis

2175 3960 2430 4030 operibus
2458 3977 2554 4016 nos
2586 3961 2816 4016 invicem
2846 3963 3183 4033 adjuvantus.
3214 3966 3372 4035 Atqui
3403 3981 3482 4027 ea,
3495 3966 3672 4021 omnia
3701 3982 3772 4022 eo

2175 4051 2433 4121 majorem
2479 4053 2577 4107 toti
2621 4053 2925 4124 reipublica:
2972 4054 3272 4109 all'crebaut
3313 4056 3613 4122 utilitatem,
3660 4072 3770 4126 quo

2174 4145 2344 4215 major
2360 4154 2507 4213 tunc,
2528 4147 2664 4201 sicut
2688 4158 2845 4202 antea
2870 4147 3120 4213 vidimus,
3144 4159 3258 4205 erat
3284 4150 3590 4205 eormndem
3613 4148 3769 4206 Chri-

2173 4239 2437 4293 tianornm
2484 4254 2757 4294 numerus.
2785 4239 2927 4294 Nihil
2970 4256 3097 4311 ergo
3122 4257 3152 4295 a
3190 4226 3423 4297 veritate
3442 4243 3608 4313 magis
3630 4241 3765 4297 alie-

2171 4348 2305 4387 num
2324 4333 2612 4403 excogitari
2640 4333 2829 4403 potuit,
2851 4349 3009 4405 quam
3036 4333 3370 4391 Christianos
3409 4333 3630 4405 publicis
3665 4349 3754 4392 re-

2169 4427 2269 4483 bus
2293 4440 2414 4483 esse
2444 4426 2679 4483 inutiles.

2772 4556 3065 4601 ABTICULUS
3103 4561 3161 4601 11.

2162 4675 2385 4732 Nullum
2425 4678 2714 4750 reipublicae
2757 4679 3001 4733 damnum
3039 4679 3217 4759 inferri
3250 4695 3283 4733 a
3318 4678 3640 4745 Christianis,
3676 4679 3765 4748 qui

2231 4770 2545 4825 ethnicorum
2564 4771 2889 4826 cwremonias
2914 4788 3013 4825 non
3038 4771 3436 4842 frequentabant,
3483 4787 3572 4826 nec
3591 4779 3759 4825 satur-

2232 4862 2680 4917 nalibnslavabnnt
2697 4863 2939 4927 diluculo,
2968 4862 3057 4917 sed
3073 4864 3197 4916 liora
3225 4864 3408 4927 debita,
3430 4878 3519 4917 nec
3531 4861 3751 4917 liberali-

2234 4956 2323 5009 bus
2341 4950 2717 5009 discumbebant
2734 4955 2785 5009 in
2805 4955 3026 5028 publica,
3048 4955 3174 5009 sicut
3194 4952 3446 5008 bestiariis
3468 4967 3757 5026 supremum

2231 5049 2542 5104 canentibus
2573 5036 2679 5104 mos
2714 5059 2806 5101 est.

2222 5184 2575 5254 Quantumvis
2603 5184 2746 5239 clare
2766 5192 2820 5238 et
2848 5191 2996 5238 certo
3023 5180 3380 5237 Tertullianus
3408 5179 3746 5233 demonstra-

1956 5275 2068 5330 lllr
2152 5281 2289 5337 verit
2310 5279 2648 5335 Christianos
2679 5276 2840 5331 rebus
2863 5274 3085 5344 publicis
3108 5274 3356 5328 maxima:
3375 5286 3494 5327 esse
3520 5269 3755 5341 utilitati;

2148 5370 2385 5445 gentiles’
2404 5383 2579 5425 tamen
2604 5379 2794 5424 contra
2823 5366 3118 5422 reclamare
3149 5380 3252 5419 non
3280 5362 3604 5419 verebantur
3631 5362 3755 5417 illos

2152 5464 2460 5536 reipublicze
2492 5461 2612 5517 ideo
2644 5475 2749 5514 non
2786 5474 2906 5514 esse
2940 5456 3242 5513 fructuosos
3267 5496 3281 5521 ,
3307 5456 3427 5526 quia
3454 5468 3645 5508 omnes
3674 5454 3756 5524 ip-

2150 5572 2330 5612 sorum
2360 5554 2750 5619 caeremonias,
2802 5551 3231 5620 sacratioresque
3281 5548 3552 5618 religionis
3598 5556 3753 5602 actus

2149 5650 2476 5719 adspernati,
2502 5648 2566 5701 iis
2593 5647 2855 5702 interesse
2881 5645 3035 5716 plane
3062 5643 3379 5714 penitusque
3405 5640 3750 5697 recusabant.

455 5735 629 5801 sedes,
665 5738 710 5791 is
755 5735 908 5794 facile
944 5737 1333 5795 Tertullianum
1373 5743 1615 5815 aliosque
1657 5759 1686 5799 a
1714 5743 2042 5801 Philostrato
2078 5802 2089 5812 ,
2146 5742 2251 5799 Sed
2279 5741 2383 5798 hoc
2410 5739 2768 5797 Tertullianus
2797 5753 3075 5825 concesso,
3101 5747 3321 5806 prorsus
3348 5742 3503 5804 negat
3525 5731 3750 5789 eosdem

453 5824 696 5883 laudatos
727 5828 865 5885 inter
891 5845 949 5887 sc
979 5832 1300 5890 conciliabit.
1338 5834 1605 5893 Caeterum
1652 5837 1759 5909 illi,
1790 5838 1944 5895 sicuti
1987 5847 2043 5915 et
2144 5835 2478 5894 Christianos
2498 5833 2630 5890 nulli
2652 5832 2853 5891 ideirco
2878 5824 3185 5903 reipublicae
3211 5842 3332 5884 esse
3358 5827 3476 5883 usui
3503 5834 3556 5883 et
3584 5839 3739 5883 emo-
