4076 6356
190 341 199 347 ο
280 299 413 391 lost

1399 327 1850 392 DISSERTATIO
1882 324 1947 388 D.
1987 330 2077 389 LE
2111 331 2413 396 NOURRY.

3376 414 3377 417 η
3432 344 3581 406 1082

277 447 864 518 lumento.Quemlibet
890 448 1069 522 itaque
1087 448 1343 522 gentilem
1362 449 1442 507 sic
1461 451 1750 521 compellat
1776 467 1790 506 :
1815 447 1955 510 SiA
1983 451 2230 523 perdere,
2275 467 2380 513 tam
2418 458 2580 528 impia
2633 458 2766 518 festa
2812 461 3156 521 celebrando.
3212 464 3572 535 Quamobrem

277 542 606 599 ceremonias
628 553 741 598 tuas
761 559 862 598 non
891 543 1173 615 frequento,
1202 554 1425 599 attamen
1445 555 1491 600 et
1512 544 1603 598 illa
1624 544 1706 598 die
1725 546 1877 598 hoino

277 651 391 691 sum
417 633 680 705 (Tertull.,
722 635 961 708 Apolog.,
989 652 1102 710 cap.
1131 636 1245 708 42),
1281 637 1370 708 qui
1398 635 1637 708 quidem,
1666 645 1723 691 ut
1752 650 1875 691 mox

277 728 479 784 dictum
509 736 613 795 est,
637 743 740 783 uua
769 743 891 782 cum
918 727 1148 784 ethnicis
1176 728 1425 796 vivendo,
1450 742 1705 798 measque
1729 743 1878 783 com-

279 820 555 891 miscendo
582 829 725 875 artes
748 861 762 885 ,
797 820 888 877 tibi
926 820 1155 893 aliisque
1187 821 1414 892 plurima
1442 863 1457 887 ,
1488 837 1607 892 qum
1631 820 1696 874 ad
1731 812 1876 875 tuam

276 928 339 970 ac
357 923 672 969 caeterorum
696 912 971 969 hominum
990 917 1149 969 vitam
1172 923 1226 970 et
1240 915 1550 970 societatem
1574 913 1874 969 necessaria

276 1016 436 1071 sunt,
467 1006 537 1061 ita
568 1005 888 1077 suppedito,
917 1015 975 1061 ut
1008 1000 1300 1062 maximum
1332 1023 1395 1061 ex
1444 1006 1698 1077 operibus
1740 1006 1877 1062 meis

276 1096 510 1156 fructum
538 1098 903 1171 unusquisque
947 1100 1227 1171 percipiat.

346 1192 520 1249 Nemo
540 1201 624 1249 est
650 1201 849 1258 autem,
877 1194 967 1264 qui
1000 1210 1106 1249 non
1136 1195 1366 1251 fateatur
1394 1194 1497 1252 hoc
1534 1209 1709 1252 cuneo
1757 1194 1875 1251 fun-

275 1284 421 1341 ditus
440 1285 606 1340 everti
631 1285 886 1340 insulsam
903 1286 1123 1341 omnino
1143 1286 1419 1358 gentilium
1446 1287 1872 1343 accusationem.

276 1377 657 1434 Verumtamen
688 1375 1048 1433 Tertullianus
1088 1378 1246 1443 ultra,
1296 1392 1455 1449 quam
1482 1378 1611 1434 satis
1636 1378 1723 1444 sit,
1757 1393 1874 1434 ma-

274 1468 524 1526 nifestum
545 1469 784 1540 pluribus
797 1460 1057 1540 exemplis
1072 1471 1292 1527 cuilibet
1313 1469 1456 1537 facit,
1478 1487 1507 1525 a
1530 1470 1869 1538 Christianis,

274 1561 485 1619 etiamsi
537 1550 1131 1634 gentilium'mysteriis
1168 1578 1274 1618 non
1302 1561 1573 1628 all‘ueriut,
1626 1572 1718 1617 aut
1743 1562 1875 1617 nihil

274 1655 403 1712 inde
429 1654 738 1711 detrimenti
770 1654 932 1712 rebus
962 1657 1237 1726 importari
1270 1656 1513 1726 publicis,
1545 1666 1636 1711 aut
1661 1657 1704 1710 si
1732 1655 1876 1727 quod

275 1747 642 1817 importatum,
691 1747 906 1804 aliunde
958 1748 1093 1805 illud
1127 1748 1285 1804 abiis
1327 1748 1528 1805 alfalim
1558 1749 1873 1807 resarcitum

245 1840 460 1922 luisse.

347 1934 453 1991 Sed
492 1934 662 2003 illum,
716 1934 759 1989 si
798 1932 981 2000 lubet,
1036 1948 1067 1989 a
1116 1934 1475 1991 saturnalibus
1527 1934 1869 1992 ethnicorum

271 2026 429 2085 festis
450 2027 791 2098 incipientem
819 2027 1102 2083 audiamus
1132 2045 1145 2081 :
1174 2026 1288 2083 Non
1319 2028 1483 2094 lavor,
1517 2028 1705 2098 inquit.
1736 2028 1873 2082 dilu-

270 2119 392 2175 culo
429 2118 796 2185 saturnalibus,
816 2135 879 2173 ne
901 2129 945 2173 et
963 2127 1160 2176 noctem
1188 2129 1236 2173 ct
1262 2118 1398 2173 diem
1425 2118 1636 2189 perdam
1656 2116 1866 2191 (lbid.),

274 2216 451 2286 Atque
478 2214 547 2269 ita
573 2212 788 2284 quidem
833 2212 950 2268 haec
977 2212 1139 2268 verba
1164 2212 1216 2266 in
1242 2212 1447 2268 nostris
1474 2212 1873 2282 exemplaribus

277 2307 658 2377 manuscriptis
688 2314 743 2362 et
765 2304 924 2362 editis
950 2305 1339 2376 antiquioribus
1382 2304 1724 2361 exhibentur.
1757 2303 1871 2361 Ve-

273 2416 394 2456 rum
434 2397 696 2470 Rigaltius
747 2397 934 2468 rejecit
987 2397 1302 2454 adverbium
1351 2395 1600 2464 diluculo,
1628 2405 1685 2453 et
1711 2396 1874 2453 scribi

270 2492 453 2564 jussit,
481 2492 650 2548 Lovor
673 2493 767 2548 sub
792 2501 988 2546 noctem
1014 2508 1033 2547 :
1058 2492 1154 2548 sed
1193 2507 1370 2547 meras
1399 2506 1609 2563 nugas,
1641 2492 1875 2563 genuino

281 2586 530 2641 Auctoris
570 2584 737 2639 uestri
764 2583 929 2639 textui
970 2581 1161 2656 (Idem,
1182 2584 1271 2640 lib.
1302 2583 1366 2638 de
1390 2582 1615 2651 Idolol.,
1640 2600 1756 2656 cap.
1783 2583 1873 2656 10)

276 2676 553 2748 mentique
584 2685 964 2748 repugnantes,
1019 2676 1174 2731 nobis
1235 2676 1440 2748 vendit.
1491 2677 1574 2732 Ab
1626 2677 1876 2733 omnibus

275 2780 504 2834 autem,
567 2778 622 2823 ut
703 2768 908 2823 facilius
984 2767 1036 2824 id
1101 2769 1345 2840 dignoadi
1417 2772 1624 2837 queatl,
1684 2769 1875 2826 obser-

276 2860 509 2916 vandum
550 2870 647 2925 (est
684 2861 973 2917 saturnalia
1022 2860 1179 2929 festa,
1218 2871 1275 2917 ut
1319 2863 1431 2932 ipse
1468 2860 1592 2917 alibi
1621 2870 1676 2917 et
1708 2861 1877 2918 Varro

281 2952 468 3026 (Varr.
501 2953 589 3008 lib.
642 2952 704 3007 V.
756 2955 820 3009 de
869 2954 1019 3027 Liug.
1052 2955 1146 3010 lat.
1180 2973 1232 3025 p.
1262 2955 1380 3024 51.)
1403 2971 1463 3010 ac
1484 2953 1678 3011 Festus
1706 2951 1875 3027 (Fest.

283 3047 352 3102 ad
376 3063 428 3101 υ.
456 3045 702 3104 Saturnia
735 3049 754 3118 )
803 3048 1176 3115 testiﬁcantur,
1226 3048 1469 3103 instituta
1513 3047 1677 3105 fuisse
1702 3047 1754 3102 in
1782 3048 1881 3104 Sa-

282 3142 447 3209 turni,
502 3157 772 3212 agrorum,
818 3142 974 3198 sicuti
996 3142 1375 3212 opinabantur,
1407 3141 1674 3212 prtesidis,
1709 3141 1881 3197 hono-

1979 561 2084 598 non
2115 544 2248 611 lavo,
2282 548 2445 620 inquit
2478 550 2840 611 Tertullianus
2874 597 2889 622 ,
2931 556 3159 612 diluculo
3221 558 3574 614 saturnalibus

1980 637 2318 708 (Tertullian.
2342 645 2616 717 Apologet.
2639 663 2684 701 c.
2717 648 2804 702 42.
2832 667 2885 720 p.
2915 648 3070 723 482),
3094 659 3148 704 ιιι
3171 650 3341 706 adilla
3368 652 3572 723 agenda

1978 746 2066 789 tne
2090 748 2412 807 prmparem.
2442 737 2572 806 Quis
2601 740 2744 795 enim
2774 743 2979 797 neseiat
3006 757 3210 799 morem
3234 743 3571 800 ethnicorum

1977 822 2145 882 fuisse
2172 842 2232 884 se
2258 839 2384 887 ante
2407 833 2715 889 convivium
2747 834 2966 890 lavandi
2993 837 3016 891 ?
3043 835 3148 891 Sed
3178 836 3463 892 Christiani
3494 836 3585 892 fast

1978 921 2077 978 sibi
2112 937 2232 978 esse
2258 938 2366 980 non
2393 925 2686 982 credebant
2727 942 2849 985 sese
2872 929 2940 984 ad
2967 927 3050 984 illa
3074 928 3299 984 nefanda
3327 929 3571 985 convivia

1976 1022 2030 1067 et
2088 1015 2348 1086 mysteria
2387 1018 2591 1089 agenda
2618 1020 2870 1088 diluculo,
2901 1035 3021 1077 cum
3052 1021 3240 1093 ltyems
3267 1021 3523 1077 szeviebat
3553 1064 3568 1087 ,
3630 1038 3637 1045 δ

1978 1106 2031 1162 in
2061 1110 2379 1179 tempestivo
2408 1111 2603 1169 balneo
2634 1128 2956 1184 praeparare.

2052 1200 2262 1256 Nullum
2297 1212 2473 1259 tamen
2504 1205 2667 1260 rebus
2693 1206 2921 1277 publicis
2957 1206 3340 1263 detrimentum
3371 1207 3573 1263 ideirco

1979 1293 2354 1364 importabatit.
2390 1295 2600 1352 Etenim
2631 1297 2768 1366 lavo,
2799 1299 2874 1353 ait
2904 1300 3106 1354 Auctor
3131 1309 3333 1366 noster,
3364 1300 3574 1353 honesta
3630 1364 3631 1371 γ

1978 1390 2105 1443 liora
2128 1396 2172 1442 et
2197 1391 2413 1447 salubri.
2442 1391 2705 1464 Rigaltius
2756 1408 2884 1449 vero
2924 1394 3085 1449 scribi
3144 1395 3331 1449 maluit
3384 1394 3572 1457 debita,

1977 1499 2139 1554 quam
2167 1486 2380 1540 honesta
2408 1488 2535 1541 Ιιοτα
2562 1504 2583 1542 :
2611 1486 2710 1543 sed
2732 1497 2918 1544 contra
2940 1489 3192 1546 codicum
3221 1490 3459 1544 omnium
3490 1505 3576 1544 rc-

1977 1576 2374 1633 clantatiouem.
2438 1578 2630 1634 Nonne
2673 1586 2852 1635 autem
2908 1582 3111 1636 Auctor
3159 1591 3343 1636 noster
3391 1580 3575 1636 dicere

1979 1670 2152 1739 potuit
2177 1667 2517 1728 Christianos
2544 1689 2648 1727 non
2690 1675 2963 1744 respuisse
3008 1675 3251 1739 balneas,
3295 1666 3390 1729 sed
3427 1675 3573 1730 lava-

1980 1756 2090 1818 tum
2108 1764 2304 1820 abiisse
2335 1765 2461 1818 hora
2490 1766 2700 1821 honesta
2727 1776 2774 1820 et
2804 1766 3015 1833 salubri,
3043 1783 3144 1838 qua
3174 1767 3423 1822 videlicet
3447 1782 3569 1822 cum

1902 1850 1950 1911 B
1979 1855 2265 1914 honestate
2293 1868 2347 1913 et
2373 1858 2684 1913 salubritate
2729 1874 2917 1914 omnes
2955 1876 3013 1914 se
3057 1860 3236 1916 laVare
3276 1875 3575 1916 consueve-

1974 1959 2114 2005 rant.
2148 1949 2275 2006 llzec
2319 1958 2499 2005 autem
2545 1950 2740 2021 hyeme,
2773 1961 2831 2004 ut
2872 1952 2947 2005 ait
2999 1950 3236 2018 Plinius,
3293 1963 3401 2007 erat
3441 1969 3578 2007 noua

1978 2042 2127 2107 hora,
2155 2053 2329 2098 testate
2352 2054 2531 2098 octava
2558 2043 2727 2118 (Plin.
2760 2045 2847 2099 lib.
2882 2044 2968 2099 Ill.
3005 2047 3157 2117 epist.
3190 2046 3239 2100 1.
3271 2063 3390 2117 pag.
3433 2045 3574 2119 90.),

1974 2145 2066 2191 aut
2090 2146 2149 2191 ut
2177 2137 2267 2193 alii
2292 2137 2603 2207 observant,
2652 2154 2680 2192 a
2714 2138 2941 2195 meridie
2971 2136 3374 2212 ad’vesperam.
3404 2139 3576 2196 Hora-

1976 2229 2082 2284 tius
2111 2239 2288 2284 autem
2313 2230 2541 2286 canebat
2566 2248 2581 2286 :

2190 2346 2280 2394 Ast
2302 2345 2384 2395 ubi
2406 2359 2486 2395 me
2512 2344 2691 2396 fessum
2716 2347 2787 2397 sol
2806 2349 2963 2399 acrior
2983 2349 3057 2399 ire
3082 2348 3292 2399 lavatum

2199 2407 2480 2469 Admonuit,
2507 2408 2641 2474 fugio
2662 2411 2839 2461 rabiosi
2867 2420 3091 2475 tempora
3111 2413 3261 2474 signi.

2563 2493 2781 2556 (Horat.,
2807 2491 2889 2546 lib.
2914 2500 2951 2554 ι,
2974 2491 3115 2547 satir.
3136 2494 3186 2555 6,
3206 2506 3250 2546 v.
3279 2493 3410 2557 125.)

1977 2597 2171 2653 Nonne
2196 2612 2329 2669 ergo
2352 2597 2717 2655 Tertullianns
2742 2598 3026 2670 designare
3064 2598 3281 2654 videtur
3319 2598 3575 2656 meridia-

1977 2706 2103 2745 nam
2129 2690 2335 2756 ltoram,
2377 2708 2497 2761 qtae
2530 2706 2715 2748 mense
2754 2692 3056 2758 decembri,
3129 2707 3236 2763 quo
3279 2693 3576 2747 saturnalia

1979 2782 2295 2851 agebantur,
2324 2783 2547 2836 honesta
2577 2794 2632 2838 et
2657 2783 2891 2839 salubris
2920 2795 3065 2848 erat;
3099 2793 3156 2838 ttt
3192 2783 3336 2845 milii.
3387 2783 3578 2852 inquit,

1979 2872 2222 2937 calorem,
2253 2882 2300 2928 et
2324 2874 2624 2944 sanguinem
2668 2884 2848 2930 servet.
2887 2873 3002 2931 Non
3031 2875 3114 2929 ltis
3145 2876 3305 2945 igitur
3338 2874 3540 2945 frigidis
3561 2916 3577 2940 ,

1984 2967 2153 3036 pergit
2179 2965 2288 3030 ille,
2323 2966 2610 3034 impiorum
2643 2967 3061 3022 saturnaliorum
3112 2966 3303 3022 diebus
3346 2967 3459 3021 lavo
3488 2967 3572 3019 rli-

1983 3058 2176 3126 luculo,
2206 3059 2425 3129 quando
2444 3060 2665 3130 quidem
2693 3061 2858 3133 rigere
2882 3071 2927 3115 et
2957 3059 3152 3131 pallere
3181 3068 3294 3128 post
3318 3059 3583 3113 lavacrum

1984 3162 2215 3207 mortuus
2246 3168 2470 3221 possum.
2493 3152 2708 3221 Quibus
2733 3153 2826 3208 ille
2850 3153 3028 3209 verbis
3054 3151 3245 3208 alludit
3276 3151 3458 3221 procul
3483 3150 3581 3204 dn-
3678 3190 3681 3195 ς

279 3252 416 3292 rem.
445 3234 626 3289 Livius
656 3251 783 3290 vt-ro
808 3235 1019 3290 illorum
1046 3234 1669 3304 originem,etstatutum
1690 3249 1877 3290 eorum
1906 3245 1952 3308 ρ
1989 3244 2078 3299 ω.)
2133 3245 2199 3300 ad
2245 3245 2411 3299 anum
2461 3247 2740 3315 antiquum
2789 3260 2996 3300 morem
3046 3252 3255 3301 ιηοτιυςι
3303 3241 3584 3297 hominum

230 3326 237 3329 ’
280 3326 727 3383 celebrandorum
779 3326 921 3387 diem
973 3327 1054 3381 his
1108 3326 1289 3396 pandit
1343 3327 1567 3381 verbis:
1614 3326 1880 3382 Decembri

274 3421 390 3493 jam
437 3435 606 3473 mense
652 3419 720 3472 ad
767 3422 929 3474 a'dem
967 3418 1186 3473 Saturni
1230 3418 1412 3474 Roma:
1436 3419 1756 3474 immolatum
1784 3428 1876 3488 est,

281 3512 740 3582 lectisterniumque
783 3512 1111 3582 imperatum,
1160 3520 1207 3566 et
1243 3526 1359 3566 eum
1406 3511 1589 3566 lectum
1622 3520 1881 3567 senatores

280 3613 586 3670 straverunt,
619 3614 668 3658 et
706 3606 992 3659 convivium
1035 3603 1313 3675 publicum,
1340 3619 1401 3658 ac
1439 3619 1528 3674 per
1559 3601 1745 3659 Urbem
1774 3603 1879 3659 Sa-

297 3697 525 3752 turnalia
554 3696 687 3751 diem
724 3714 785 3751 ac
827 3706 1021 3751 noctem
1074 3696 1385 3764 clamatum,
1419 3696 1740 3767 populusque
1766 3711 1882 3750 eum

285 3794 420 3849 diem
473 3793 657 3863 [astant
706 3791 894 3847 habere
922 3808 982 3846 ac
1010 3808 1210 3846 servare
1261 3791 1315 3845 in
1360 3799 1661 3860 perpetuum
1702 3790 1883 3861 jussus

290 3882 562 3956 (Liv.,lib.
604 3883 665 3939 II.
716 3883 744 3957 §
784 3881 856 3955 1).
908 3881 1014 3939 Sed
1045 3882 1346 3938 Macrobius
1374 3880 1658 3953 (Macrob,
1705 3881 1797 3936 lib.
1857 3881 1879 3936 Ι

288 3977 560 4033 Saturnul.
588 3992 634 4029 c.
670 3978 703 4030 8
728 3986 775 4030 et
803 3976 916 4045 10),
945 3991 1009 4030 ac
1033 3983 1215 4045 postea
1242 3973 1456 4044 Lipsius
1497 3972 1691 4046 (Lips,
1736 3972 1826 4029 lib.
1860 3974 1880 4029 Ι

285 4070 504 4129 Saturn.
541 4087 589 4126 c.
621 4072 683 4135 5,
719 4080 839 4125 tom.
872 4069 934 4124 lll
965 4070 984 4142 )
1022 4070 1364 4140 disputarunt
1416 4080 1593 4123 utrum
1634 4070 1748 4125 haec
1774 4085 1882 4126 uno

283 4164 564 4230 duntaxat,
589 4180 654 4218 att
681 4162 911 4233 septeni,
946 4173 1003 4219 ιιι
1030 4164 1355 4234 probabilius
1375 4170 1589 4233 putant,
1610 4164 1880 4219 coutinuis

283 4258 472 4314 diebus
500 4267 804 4329 agerentur.
831 4256 964 4313 Tum
987 4268 1187 4323 autem,
1213 4264 1346 4312 teste
1372 4256 1608 4312 Lueiano
1634 4255 1875 4327 (Lucian.

286 4351 427 4406 Dial.
452 4351 662 4408 Saturn.
686 4369 739 4423 p.
768 4351 955 4421 1021),
980 4367 1084 4405 non
1107 4350 1298 4406 licebat
1315 4351 1514 4406 serium
1533 4349 1744 4421 aliquod
1764 4351 1879 4423 pri-

283 4453 464 4498 vatum
520 4453 611 4497 aut
650 4445 917 4513 publicum
949 4444 1215 4513 negotium
1265 4443 1502 4514 transigi,
1544 4442 1638 4496 sed
1672 4451 1878 4512 potare,

284 4536 560 4600 inebriari,
590 4535 894 4600 vociferari,
930 4535 1132 4597 ludere,
1180 4544 1391 4590 certare
1431 4535 1675 4599 tesseris.
1708 4537 1882 4591 nudos

1985 3350 2215 3406 corpora
2244 3336 2478 3403 lavandi,
2513 3352 2577 3392 ac
2603 3330 2755 3393 forte
2784 3337 2850 3392 ad
2897 3338 3012 3393 haec
3043 3333 3251 3407 Virgilii
3279 3333 3349 3391 de
3396 3331 3585 3389 Miseni

1983 3426 2173 3484 funere
2202 3429 2440 3483 carmina
2478 3446 2490 3482 :

2108 3544 2234 3596 Pars
2250 3545 2433 3597 calidos
2455 3545 2630 3597 latices
2652 3553 2705 3597 et
2730 3545 2887 3595 ahena
2909 3543 3143 3594 undantia
3165 3540 3375 3593 ﬂammis

2108 3608 2409 3673 Expediunt,
2429 3621 2710 3673 corpusque
2743 3608 2905 3658 lavant
2924 3606 3153 3670 frigentis
3185 3614 3237 3655 et
3260 3611 3464 3667 ungunt.

2418 3689 2646 3759 (Virgil.,
2677 3689 2759 3743 lib.
2786 3698 2839 3739 Vl
2863 3690 3113 3743 incido.
3138 3688 3227 3740 217
3249 3695 3296 3740 et
3316 3684 3474 3754 seqq.)

1983 3800 2203 3859 Servius
2231 3816 2361 3859 vero
2390 3801 2443 3857 in
2473 3803 2588 3857 suis
2612 3802 2680 3858 ad
2710 3802 2835 3856 haec
2878 3799 3120 3856 carmina
3166 3795 3588 3853 animadversio-

1980 3897 2143 3955 uilius
2170 3900 2296 3952 citat
2329 3896 2455 3952 illttd
2484 3897 2553 3951 ab
2588 3896 2766 3951 Ennio
2786 3894 3138 3964 compositum
3172 3910 3186 3949 :

2142 4015 2393 4078 Tarquinii
2420 4027 2598 4079 corpus
2619 4013 2745 4064 bona
2766 4011 3122 4079 fmmiuaIavit,
3151 4016 3205 4060 et
3226 4011 3386 4079 ungit.

2922 4075 3104 4137 (Seria,
3128 4085 3240 4140 pag.
3266 4071 3397 4137 ill.)

1986 4188 2130 4247 Dicit‘
2153 4187 2333 4258 itaque
2374 4186 2738 4244 Tertullianus
2767 4199 2925 4255 posse
2954 4182 3171 4254 quidem
3202 4189 3321 4251 post
3357 4186 3590 4234 mortem

1983 4297 2052 4338 eo
2079 4283 2290 4336 lavacro
2316 4281 2492 4352 rigere
2511 4292 2564 4335 et
2595 4279 2816 4350 pallere,
2843 4276 2984 4331 nolle
3009 4283 3187 4329 autem
3212 4273 3339 4327 dum
3360 4272 3587 4336 viveret,

1986 4376 2115 4431 illud
2166 4385 2492 4446 pra-vertere
2542 4370 2928 4441 intempestivo
2964 4368 3195 4441 ltyemali
3228 4365 3441 4431 balneo,
3482 4379 3590 4434 quo

1986 4471 2276 4526 saturnalia
2331 4466 2741 4523 inchoabantur.
2775 4466 3032 4531 Quamvis
3074 4471 3253 4517 autem
3301 4460 3413 4514 hare
3456 4458 3592 4513 ratio

1986 4563 2056 4616 sit
2084 4577 2232 4616 ntere
2262 4559 2541 4623 naturalis,
2576 4574 2643 4613 eo
2691 4568 2866 4612 tamen
2899 4556 3077 4609 acrius
3103 4553 3351 4610 ethnicos
3380 4565 3589 4621 punge-

282 4645 498 4696 canere,
539 4630 731 4684 saltare
766 4629 968 4684 lascivo
1009 4629 1253 4699 corporis
1293 4640 1441 4683 ιιιοιιι
1480 4668 1494 4695 ,
1552 4644 1682 4684 sese
1730 4631 1877 4686 vultu

1991 4653 2102 4717 bat,
2135 4668 2242 4722 quo
2281 4650 2564 4706 absurdius
2614 4648 2941 4720 ohjiciebaut
2959 4646 3293 4702 Christianos
3322 4641 3444 4697 ideo
3476 4642 3581 4695 rei-

286 4726 508 4797 fuligine
532 4726 700 4780 oblito
760 4726 810 4778 iu
843 4740 1034 4795 aquam
1066 4723 1355 4794 aliquando
1382 4724 1533 4793 dare,
1565 4742 1628 4780 ac
1656 4724 1885 4785 famulos

286 4821 546 4877 adhibere
594 4822 646 4875 in
689 4819 1016 4878 convivium.
1051 4819 1501 4887 tptetnadmodum
1524 4821 1720 4877 Accius
1749 4821 1834 4878 his
1856 4841 1886 4878 a

283 4916 554 4973 Maerobio
579 4914 918 4986 transcriptis
939 4914 1182 4969 versibus
1211 4913 1406 4969 cecinit
1434 4930 1448 4968 :

378 5033 590 5083 Maxima
607 5044 719 5094 pars
743 5030 946 5082 Graium
967 5029 1204 5094 Saturno,
1232 5035 1285 5079 et
1308 5028 1519 5094 maxime
1539 5028 1770 5094 Athenae,

380 5092 650 5145 Coniieiunt
672 5106 831 5151 sacra,
848 5108 960 5151 quae.
983 5092 1154 5144 Cronia
1182 5098 1426 5141 iterantur
1448 5092 1510 5141 ab
1536 5092 1660 5150 illis;

382 5156 602 5220 Cumque
638 5157 771 5206 diem
816 5151 1110 5213 celebrant,
1152 5167 1242 5221 per
1279 5166 1444 5216 agros,
1491 5156 1744 5217 urbesque
1780 5151 1890 5204 fere

1495 5229 1675 5266 omnes
1860 5237 1875 5248 °

381 5281 634 5333 Exercent
657 5281 819 5346 epulis
838 5281 959 5341 laeti,
987 5278 1286 5346 famulosque
1322 5284 1582 5346 procurant

383 5346 602 5409 Quisque
639 5338 773 5403 suos,
792 5338 1068 5409 nostrisque
1090 5338 1261 5409 itidem
1286 5338 1336 5390 et
1361 5354 1466 5409 mos
1488 5340 1696 5409 traditus
1725 5338 1857 5391 illinc

381 5402 502 5470 late,
520 5402 583 5457 ἰιι
603 5420 713 5458 cum
731 5402 942 5457 dominis
960 5402 1121 5453 famuli
1144 5411 1246 5455 tum
1274 5404 1542 5467 epulantur
1563 5402 1766 5452 ibidem.

800 5487 1060 5555 (Macrob,
1080 5483 1168 5539 lib.
1195 5494 1213 5537 ι
1236 5484 1510 5550 Saturnal.,
1536 5499 1646 5552 cap.
1672 5485 1742 5551 7.)

361 5603 474 5659 Non
505 5601 698 5658 mirum
726 5601 905 5671 itaque
932 5600 976 5654 sl
1002 5598 1292 5655 Christiani
1323 5600 1420 5654 bos
1448 5598 1687 5656 nefarios
1710 5596 1879 5653 idolo-

289 5695 478 5760 latriae,
508 5694 765 5760 lasciviae,
817 5691 1116 5754 ebrietatis,
1160 5692 1424 5762 aliosque,
1456 5698 1589 5762 quos
1619 5706 1685 5746 ex
1713 5689 1889 5746 citatis

291 5794 538 5860 superius
614 5789 968 5860 scriptoribus
1035 5788 1407 5844 recensuimus
1440 5829 1456 5853 ,
1537 5787 1887 5844 detestandos

291 5894 442 5939 actus
480 5881 914 5955 improbaverint,
949 5864 1326 5954 noluerintqtie
1378 5888 1595 5939 noctem
1633 5887 1688 5939 et
1736 5879 1881 5937 diem

1992 4746 2218 4818 publica:
2249 4761 2371 4801 esse
2412 4745 2657 4810 inutiles;
2690 4742 2811 4813 quia
2839 4742 2942 4795 huc
2991 4738 3260 4800 balneum,
3291 4742 3452 4805 atque
3492 4734 3594 4787 im-

1995 4841 2111 4909 pias
2157 4838 2535 4904 caeremonias,
2570 4835 2699 4891 illud
2753 4833 3168 4902 subsequentes,
3246 4825 3592 4882 meritissimo

1992 4934 2128 5004 jure
2147 4932 2417 5001 fugiebant
2440 4939 2496 4986 et
2515 4927 2958 4985 exsecrabantur.

2065 5028 2145 5086 Ad
2215 5026 2452 5082 liberalia
2482 5026 2699 5090 deinde,
2748 5023 2861 5079 sive
2908 5020 2974 5075 ad
3018 5019 3137 5075 dies
3193 5017 3454 5088 ludosque
3494 5016 3592 5072 Li-

1996 5123 2147 5188 bero,
2164 5125 2278 5178 sive
2295 5120 2532 5183 Baccho,
2555 5118 2780 5180 dicatos,
2804 5116 2883 5170 sic
2913 5113 3102 5185 transit
3130 5128 3145 5168 :
3173 5111 3295 5166 Non
3320 5112 3371 5166 in
3393 5112 3594 5183 publica

1996 5215 2287 5271 liberalibus
2331 5214 2593 5269 discumbo
2638 5210 2657 5284 (
2687 5209 2994 5265 Tertullian.
3048 5206 3317 5279 Apologet.
3348 5222 3464 5276 cap.
3495 5203 3585 5258 42.

1996 5330 2118 5384 pag.
2148 5310 2305 5381 492).
2339 5308 2621 5364 Rationem
2649 5305 2716 5360 ab
2761 5319 2828 5358 eo
2875 5305 2918 5356 si
2940 5301 3195 5372 postules,
3229 5300 3336 5355 alio
3363 5300 3415 5354 in
3449 5300 3594 5353 libro

1998 5421 2115 5461 eam
2149 5404 2231 5458 bis
2266 5402 2446 5457 verbis
2470 5399 2649 5454 datam
2679 5395 2887 5450 videbis
2919 5412 2931 5448 :
2966 5392 3094 5448 Cum
3148 5391 3431 5456 promiscue
3485 5389 3594 5443 ludi

1997 5497 2253 5553 Liberalia
2278 5503 2592 5555 vocarentur,
2630 5491 2870 5545 honorem
2910 5487 3077 5542 Liberi
3115 5487 3277 5558 patris
3327 5486 3595 5556 manifeste

1996 5591 2264 5648 sonabant.
2294 5586 2477 5641 Libero
2506 5586 2639 5639 enim
2682 5601 2715 5637 a
2751 5582 2957 5637 rusticis
2988 5581 3153 5652 primo
3185 5581 3393 5656 ﬁebant,
3422 5578 3483 5632 ob
3511 5577 3596 5631 be-

1994 5686 2229 5755 ne/icium
2274 5682 2410 5754 quod
2457 5679 2502 5734 ei
2544 5678 2856 5744 adscribunt,
2914 5677 3257 5731 demonstrata
3282 5674 3452 5745 gratia
3476 5672 3581 5727 vini

1992 5778 2186 5849 (Idem,
2215 5775 2303 5829 lib.
2333 5774 2398 5828 de
2437 5771 2676 5842 Spectac.
2718 5787 2835 5841 cap.
2861 5768 2941 5841 5).
2983 5768 3095 5836 Qua
3137 5767 3207 5822 dc
3244 5781 3303 5821 re
3342 5779 3450 5820 non
3503 5779 3593 5820 se-

1990 5870 2101 5929 mel
2132 5866 2351 5941 quidem
2381 5864 2749 5924 disseruimus.
2790 5862 3055 5931 Quoniam
3108 5874 3237 5932 ergo
3285 5857 3401 5916 haec
3454 5858 3588 5915 festa
