4076 6356
489 301 634 370 ιῦβΰ

1565 285 1634 344 lN
1669 277 2135 350 TEBTULLIANI
2170 276 2702 342 ΑΡοιοθΕτιουκ

3645 267 3802 340 mu

490 415 678 486 infalsi
705 412 791 473 dei
819 411 1111 478 honorem,
1155 420 1264 468 non
1313 404 1432 462 sine
1483 401 1802 459 idololatria
1853 400 2079 470 aliisque
2106 398 2160 466 Α
2255 398 2402 456 bticte
2439 401 2728 469 fructuosos
2775 411 2878 452 non
2908 409 3035 462 esse,
3065 394 3189 464 quia
3241 409 3458 456 manus
3497 409 3600 447 non
3647 409 3794 450 eme-

489 529 554 570 ac
628 509 962 584 potissimum
1018 502 1252 574 crapula:
1325 507 1380 556 et
1428 497 1704 560 ebrietatis
1745 492 2079 558 criminibus,

469 603 924 666 'celcbrabantur,
972 609 1185 656 summo
1241 592 1565 650 Christianis
1619 598 1774 647 erant
1846 585 2080 644 horrori.

495 697 717 756 Addidit
746 697 952 752 Auctor
997 699 1225 748 noster:
1259 687 1384 744 Non
1436 687 1489 741 in
1536 685 1740 756 publica
1796 680 2088 746 liberalibus

492 790 774 858 discumbo,
797 786 932 859 quod
961 783 1211 842 bestiariis
1233 784 1525 854 supremum
1545 777 1858 834 ctenantibus
1883 792 1992 830 mos
2016 784 2087 852 est

492 882 687 952 (Idem,
722 880 991 952 Apologet.
1021 878 1120 934 loc.
1143 873 1283 947 cit.).
1310 873 1400 929 Sic
1427 880 1606 928 autem
1636 870 1860 941 legimus
1887 868 1939 923 in
1969 881 2087 922 ma-

493 975 769 1046 nuscripto
788 973 1047 1038 Puteano,
1078 976 1133 1025 et
1161 967 1332 1040 primo
1359 963 1705 1029 Colbertino;
1739 959 1835 1016 sed
1866 961 1918 1015 in
1948 957 2085 1018 llar-

495 1069 652 1126 lcano
691 1075 744 1123 et
778 1064 1092 1120 Colbertino
1115 1060 1377 1128 secundo,
1417 1071 1729 1129 supremam.
1777 1054 1847 1112 At
1895 1051 2090 1112 Junius

495 1163 753 1233 scriptum
783 1159 1120 1230 suspicatur,
1161 1154 1252 1213 sub
1280 1153 1532 1225 primam;
1571 1149 1693 1222 quia
1722 1146 1983 1211 bestiarii,
2025 1145 2091 1200 de

495 1255 691 1327 quibus
745 1261 902 1308 antea
957 1251 1185 1322 egimus,
1237 1245 1483 1310 meridie,
1549 1241 1741 1314 inquit,
1793 1239 2088 1296 certabant.

496 1349 830 1419 Bulengerus
858 1359 986 1400 vero
1017 1345 1152 1398 hanc
1182 1341 1544 1410 conjecturam
1568 1351 1673 1391 non
1692 1335 1810 1390 sine
1830 1333 1944 1388 risu
1972 1331 2094 1388 ideo

499 1440 744 1512 explodit
773 1436 1012 1511 (Buleng.
1043 1436 1131 1490 lib.
1168 1434 1230 1488 de
1261 1432 1440 1488 Vertat.
1480 1430 1614 1485 Circ.
1639 1445 1757 1500 cap.
1788 1425 1880 1501 ’54)
1914 1468 1930 1494 ,
1971 1425 2096 1496 quia

499 1531 738 1589 bestiarii
767 1545 872 1586 non
906 1528 1080 1584 solum
1100 1526 1324 1582 meridie
1353 1523 1678 1595 pugnabant,
1729 1519 1822 1576 sed
1854 1528 2095 1588 tempore

499 1627 659 1684 etiam
693 1624 973 1680 matutino.
1003 1621 1140 1692 Quid
1167 1621 1310 1677 enim
1349 1619 1432 1674 his
1473 1616 1713 1674 Suetonii
1762 1613 1831 1671 de
1874 1610 2096 1668 Claudio

499 1719 827 1790 imperatore
868 1715 1045 1771 verbis
1083 1713 1283 1770 clarius
1331 1729 1342 1765 :
1394 1709 1658 1766 Bestiariis
1706 1703 2100 1774 meridianisque

2259 491 2399 558 bant,
2447 490 2516 544 ad
2569 489 2858 560 spectacula
2909 503 3010 543 non
3058 487 3439 553 conveniebant,
3483 486 3638 540 tltura
3683 503 3794 546 non

2260 583 2838 651 mercabantur,tametsi
2861 581 3012 653 plura
3031 597 3092 635 ac
3109 579 3577 646 cariora,aSabteis
3591 590 3790 650 empta,

2260 678 2326 750 in‘
2342 686 2654 731 mortuorum
2683 675 2999 746 sepulturam
3043 675 3368 740 insumerent,
3394 689 3549 744 quam
3577 675 3795 745 gentiles

2259 771 2328 826 ad
2354 771 2473 825 deos
2497 787 2617 826 suos
2646 770 2990 842 fumigandos.

2263 886 2538 957 Frequens
2592 885 2776 956 procul
2825 883 2987 939 dubio
3017 891 3134 939 erat
3171 881 3489 938 Tertulliani
3539 891 3793 953 tempore

2192 995 2516 1037 coronarum
2567 994 2696 1034 usus
2741 995 2755 1034 :
2803 976 3238 1050 quandoquidem
3291 975 3490 1037 ethnici
3523 974 3592 1030 de
3622 975 3711 1030 illo
3759 991 3796 1031 a

2193 1073 2512 1130 Christianis
2536 1071 2756 1142 rejecto,
2788 1078 3039 1140 tanquam
3080 1083 3272 1138 magno
3301 1066 3613 1137 reipublicae
3639 1065 3803 1122 dam-

2194 1180 2285 1230 no,
2315 1163 2708 1236 querimoniam
2739 1163 3064 1233 singularem
3117 1160 3408 1217 habebant.
3447 1158 3643 1214 Verum
3673 1159 3801 1215 cui—

2194 1257 2325 1312 libet
2350 1255 2568 1310 etbnico
2595 1255 2672 1310 sic
2693 1253 2782 1310 ille
2805 1251 3099 1323 respondet
3133 1269 3145 1306 :
3177 1249 3299 1306 Non
3326 1266 3436 1304 emo
3464 1251 3621 1320 capiti
3645 1266 3803 1306 coro—

2197 1365 2356 1415 nam;
2383 1347 2475 1403 sed
2494 1347 2616 1418 quid
2631 1356 2716 1400 tua
2731 1346 2975 1400 interest?
3003 1343 3282 1412 Quodnam
3311 1343 3454 1399 enim
3480 1341 3602 1398 inde
3634 1343 3806 1398 rebus

2197 1439 2428 1512 publicis
2462 1437 2884 1496 detrimentum?
2915 1437 3130 1492 Nullum
3186 1436 3360 1506 plane.
3387 1435 3597 1506 Emptis
3625 1436 3801 1506 siqui-

2199 1532 2320 1589 dem
2342 1531 2567 1587 ﬂoribus
2590 1539 2728 1596 utor,
2757 1531 2928 1601 inquit
2954 1531 3065 1597 ille,
3094 1529 3188 1584 sed
3212 1529 3298 1595 iis,
3331 1538 3388 1582 ut
3430 1538 3573 1597 puto,
3601 1530 3808 1600 gratius

2200 1625 2392 1692 liberis,
2419 1634 2466 1678 et
2490 1625 2688 1691 solutis,
2722 1633 2769 1678 et
2795 1623 3020 1694 undique
3034 1621 3509 1694 uagis(Tertttllian.
3533 1623 3803 1693 Apologet.

2199 1735 2248 1774 ο.
2273 1718 2360 1774 42.
2379 1735 2430 1788 p.
2450 1718 2707 1787 t93),nec
2722 1719 3014 1788 compactis
3033 1718 3083 1772 in
3100 1731 3378 1772 coronam.
3401 1715 3586 1770 Nullus
3603 1717 3807 1786 quippe

499 1813 629 1866 adeo
655 1810 1022 1877 delectabatur,
1059 1818 1113 1862 ut
1160 1807 1309 1862 etiam
1335 1805 1500 1876 prima
1528 1803 1637 1858 luce
1661 1800 1728 1854 ad
1755 1796 2100 1870 spectaculum

2213 1810 2435 1882 capillis,
2483 1809 2576 1864 sed
2606 1808 2827 1864 naribus
2859 1817 3062 1864 tantum
3093 1808 3228 1863 odor
3265 1807 3455 1863 ﬂorum
3491 1807 3804 1878 percipitur.

499 1908 859 1974 descenderet,
917 1902 980 1962 δι’
1009 1904 1218 1961 meridie
1267 1901 1476 1956 dimisso
1527 1897 1716 1969 populo
1737 1936 1751 1961 ,
1813 1891 2094 1965 persederet

501 2003 740 2076 (Sueton.
772 2000 860 2056 lib.
887 1997 948 2054 V.
995 1999 1048 2053 in
1085 1996 1203 2052 Vita
1227 1995 1413 2052 Clattd.
1443 1993 1471 2065 §
1511 1991 1630 2064 3t).
1676 1989 1880 2048 Seneca
1926 2001 2094 2042 vero:

505 2095 664 2151 Mane
691 2093 921 2148 leonibus
945 2101 992 2147 et
1020 2090 1153 2145 ursis
1203 2088 1450 2152 homines,
1499 2083 1708 2140 meridie
1731 2078 2097 2154 spectatoribus

507 2189 610 2245 suis
639 2188 947 2252 obiiciuntur
974 2185 1183 2254 (Senec.
1213 2184 1360 2254 epist.
1391 2180 1480 2235 70.
1530 2196 1582 2250 p.
1626 2176 1778 2246 295).
1833 2175 2000 2230 Visne
2043 2180 2100 2228 et

505 2282 606 2338 alia
642 2297 748 2336 non
781 2281 957 2336 minus
983 2276 1262 2350 perspicua
1311 2273 1457 2329 illius
1501 2270 1695 2328 verba?
1725 2268 1807 2324 En
1838 2267 1952 2322 hmc
1981 2265 2098 2335 ipsa

506 2384 632 2432 sunt
661 2392 672 2428 :
707 2373 841 2429 Casu
897 2374 950 2426 in
1000 2369 1339 2425 meridianum
1367 2364 1712 2435 spectaculum
1739 2358 1914 2423 incidi,
1957 2358 2098 2411 lusus

512 2477 901 2538 exspectans....
927 2464 1083 2518 Mane
1110 2461 1358 2526 leonibus,
1383 2468 1428 2512 et
1459 2457 1590 2511 ursis
1613 2453 1861 2517 homines,
1889 2447 2100 2503 meridie

510 2560 876 2634 spectatoribus
904 2559 1010 2613 suis
1037 2555 1361 2626 objiciuntur.
1383 2549 1749 2619 Interfectores
1765 2545 1827 2599 ab
1858 2543 2098 2612 interfec-

511 2658 639 2712 turis
683 2655 930 2726 jubentur
983 2649 1155 2720 objici,
1205 2657 1251 2702 et
1305 2647 1544 2700 uictorem
1591 2643 1643 2696 in
1689 2638 1847 2693 aliam
1871 2635 2099 2692 detinent

505 2759 715 2805 mortem
741 2746 879 2816 (Lib.
912 2743 1000 2797 Ill.
1035 2741 1097 2796 de
1121 2742 1220 2806 ira,
1249 2755 1364 2808 cap.
1396 2737 1490 2802 43,
1516 2751 1632 2805 pag.
1686 2730 1838 2802 583).
1891 2728 2100 2783 Rursus

505 2843 630 2899 alibi
678 2858 691 2894 :
738 2837 921 2908 Nuper
963 2835 1171 2890 inludo
1221 2830 1575 2886 bestiariorum
1619 2839 1753 2879 unus
1782 2837 1808 2877 ο
1833 2817 2100 2876 Germanis

505 2952 621 2992 eum
651 2935 717 2988 ad
744 2931 994 2986 matutina
1020 2927 1309 2997 spectacula
1336 2931 1625 2994 pararetur,
1649 2919 1851 2974 secessit
1898 2914 2096 2986 (Idem,

509 3032 660 3102 epist.
690 3029 742 3086 7.
790 3043 910 3098 pag.
943 3023 1120 3079 {72a
1150 3020 1302 3090 173).
1353 3016 1592 3086 Denique
1651 3013 1738 3068 illa
1786 3025 1886 3068 nec
1930 3009 2100 3066 semel

506 3131 721 3204 quidem
746 3136 902 3184 vocat
932 3126 1179 3180 matutina
1197 3139 1368 3178 arente
1391 3121 1678 3194 spectacula
1709 3119 1848 3183 (Lib.
1882 3119 1945 3172 de
1982 3104 2099 3162 1m-

2200 1902 2310 1958 Nos
2339 1917 2467 1958 vero
2497 1901 2611 1957 haec
2654 1902 2822 1955 fusius
2872 1903 3143 1971 prosecuti
3182 1915 3366 1956 sumus
3391 1901 3443 1955 in
3473 1901 3574 1954 alia
3598 1900 3802 1956 disser-

2203 1995 2425 2060 tatione,
2471 1992 2560 2050 ubi
2597 2001 2853 2064 praeterea
2895 1993 3232 2048 ostendimus
3267 1993 3388 2047 ideo
3432 1991 3807 2062 hujuscemodi

2202 2101 2525 2142 coronarum
2570 2100 2726 2140 usum
2752 2101 2781 2137 a
2807 2083 3126 2140 Christianis
3161 2084 3455 2153 reiectum;
3499 2084 3621 2154 quia
3647 2098 3806 2138 sua

2203 2180 2272 2235 ab
2298 2180 2596 2235 idololatria
2631 2187 2866 2234 traxerat
2881 2179 3140 2250 originem
3170 2177 3470 2248 (Disseruit.
3516 2178 3568 2231 in
3603 2175 3800 2232 Minue.

2203 2292 2320 2346 cap.
2355 2275 2436 2329 i3.
2472 2284 2573 2327 art.
2604 2270 2682 2344 3).

2278 2393 2551 2466 Urgebant
2613 2390 2811 2448 ethnici
2858 2389 3194 2446 Christianos
3243 2401 3439 2462 magno
3491 2384 3804 2456 reipublicm

2204 2485 2347 2541 malo
2377 2485 2603 2556 publicis
2633 2484 2957 2556 Spectaculis
2987 2499 3092 2538 non
3129 2482 3436 2538 interfuisse
3465 2479 3799 2550 (Tertullian.

2205 2579 2300 2632 loc.
2333 2580 2470 2652 cit.).
2495 2579 2710 2636 Grande
2747 2579 2954 2634 scilicet
2992 2577 3187 2632 malum
3217 2583 3332 2632 erat
3358 2590 3419 2631 ea
3452 2578 3654 2644 fugere,
3681 2588 3802 2644 quae

2207 2669 2566 2728 Tcrtullianus
2605 2673 2714 2726 alio
2774 2673 2824 2726 in
2854 2671 2990 2726 libro
3019 2681 3136 2724 orta
3177 2684 3298 2725 esse
3332 2668 3517 2739 probat
3557 2668 3622 2720 de
3658 2676 3800 2720 reatu

2203 2764 2428 2836 generali
2479 2763 2786 2819 idololatria
2846 2763 3104 2834 genitricis
3185 2777 3290 2816 sua:
3353 2758 3559 2828 (Idem,
3595 2759 3682 2812 lib.
3738 2759 3801 2812 de

2205 2857 2440 2929 Spectac.
2500 2874 2616 2924 cap.
2663 2857 2761 2929 7).
2813 2856 2946 2911 Aliis
3006 2865 3185 2910 autem
3232 2854 3284 2908 in
3334 2849 3799 2908 dissertationibus

2204 2950 2581 3005 annotavimus
2627 2949 2742 3005 haec
2783 2948 3087 3020 spectacula
3129 2961 3232 3001 non
3278 2947 3394 3001 solo
3444 2943 3795 3009 idololatriae,

2205 3043 2299 3099 sed
2344 3043 2588 3116 pluribus
2628 3043 2749 3098 aliis
2796 3042 2972 3096 adhuc
3014 3040 3354 3111 coinquinata
3405 3037 3571 3093 fuisse
3624 3035 3803 3092 crimi-

2208 3137 2396 3206 nibus,
2457 3152 2576 3208 qum
2626 3135 2914 3191 Christiani
2958 3151 3065 3190 non
3111 3149 3265 3190 secus
3319 3148 3382 3190 ac
3430 3141 3640 3203 pestem
3695 3148 3793 3201 pu-

508 3242 625 3296 cap.
659 3224 747 3278 43.
781 3238 902 3293 pag.
932 3219 1081 3289 583).
1110 3217 1218 3273 Nec
1239 3215 1457 3271 difficile
1501 3215 1637 3268 foret
1675 3211 1777 3267 huc
1813 3211 1962 3281 plura
1999 3208 2100 3264 alia

2213 3231 2403 3287 blicatn
2432 3206 2553 3304 jure
2586 3232 2776 3287 merito
2819 3230 3112 3302 fugiebant.
3165 3229 3296 3298 Qum
3340 3244 3467 3299 ergo
3514 3227 3638 3283 inde
3678 3225 3803 3282 boni

507 3331 804 3388 congerere
831 3332 843 3366 :
875 3313 968 3368 sed
999 3311 1122 3382 quia
1152 3311 1266 3365 hinc
1291 3306 1587 3375 sufﬁciunt,
1613 3305 1743 3360 nihil
1774 3303 1917 3359 aliud
1943 3301 2108 3358 adde-

514 3427 656 3480 mus,
686 3411 787 3466 nisi
817 3409 919 3465 hoc
944 3407 1198 3464 Martialis
1225 3420 1450 3462 carmen
1488 3421 1500 3456 :

752 3527 816 3638 {in
837 3525 1072 3599 matutina
1098 3535 1256 3587 nuper
1272 3525 1520 3585 spectatus
1540 3532 1690 3571 arena

804 3602 959 3638 uetus.

804 3602 959 3639 “eius.
1193 3643 1432 3711 (Martial.
1459 3645 1546 3698 lib.
1569 3655 1626 3708 Χ,
1651 3645 1808 3713 epigr.
1839 3645 1942 3707 25.)

510 3762 662 3820 Nihil
685 3775 816 3832 ergo
843 3758 1153 3815 mutandum
1186 3759 1240 3814 in
1273 3765 1421 3812 textu
1450 3755 1792 3819 Tertulliani,
1835 3752 1928 3824 qui
1973 3750 2109 3808 scite

508 3873 824 3929 supremam,
843 3859 955 3910 sive
973 3854 1212 3910 ultimam
1229 3852 1462 3924 appellat
1486 3852 1858 3908 bestiariorum
1873 3863 2105 3916 omnem;

513 3953 634 4023 quia
699 3949 961 4020 postridie
1017 3962 1137 4003 cum
1191 3947 1313 4002 aliis
1375 3944 1705 4017 gladiatoriis
1770 3952 1861 3998 aut
1921 3940 2107 3996 bestiis

511 4045 816 4116 pugnaturi,
863 4058 1049 4102 necem
1090 4041 1285 4112 potius,
1341 4055 1501 4110 quam
1549 4037 1830 4093 victoriam
1885 4047 2104 4106 sperare

513 4136 800 4194 debebant.
832 4135 1043 4191 Etenim
1071 4133 1429 4207 pugnantium,
1461 4131 1617 4186 sicuti
1647 4139 1830 4186 monet
1853 4129 1961 4201 jam
1988 4130 2107 4184 lau-

514 4229 670 4285 datus
689 4229 917 4294 Seneca,
941 4228 1105 4284 exitus
1133 4243 1267 4282 mors
1292 4235 1360 4282 est
1384 4224 1591 4299 (Senec.
1616 4225 1765 4295 epist.
1795 4225 1848 4280 7.
1872 4243 1924 4297 p.
1957 4223 2106 4296 173).

513 4323 572 4378 Si
602 4323 694 4393 qui
723 4323 1000 4377 enimvero
1028 4322 1150 4376 inde
1181 4320 1479 4376 incolumes
1524 4317 1827 4375 evadebant
1850 4361 1864 4385 ,
1902 4319 2003 4374 hoc
2035 4328 2111 4374 ta-

515 4433 639 4474 men
686 4430 906 4484 Sperare
945 4429 1050 4470 non
1102 4414 1240 4481 ausi,
1273 4430 1559 4486 supremam
1609 4428 1820 4470 ccenam
1855 4412 2025 4484 pridie
2049 4426 2110 4470 se

513 4525 736 4580 carpere
789 4507 1209 4564 arbitrabantur.
1249 4507 1331 4561 Ab
1369 4518 1592 4563 auczore
1638 4521 1802 4576 porro
1851 4508 2108 4562 Actorum

2213 3325 2406 3397 publici
2426 3325 2676 3400 jactura?
2728 3325 2913 3405 Magna
2963 3323 3534 3396 quidem,inquiebant
3555 3321 3799 3392 gentiles.

2209 3417 2270 3473 In
2306 3419 2523 3491 longum
2547 3419 2828 3474 enimvero
2869 3428 3076 3489 tempus
3119 3417 3420 3490 Spectacula
3461 3415 3549 3470 illa
3606 3413 3804 3486 produ-

2211 3511 2494 3580 cebantur,
2537 3523 2697 3586 atque
2746 3513 2946 3568 idcirco
2985 3522 3316 3583 spectatores
3347 3511 3400 3566 in
3427 3508 3804 3581 amphitheatri

2211 3605 2358 3660 aditu
2399 3605 2551 3678 plttra
2581 3605 2880 3661 eduliorutn
2926 3605 3176 3661 emebant
3212 3619 3430 3675 genera,
3462 3601 3653 3673 quibus
3685 3617 3828 3680 pose

2210 3710 2332 3756 sent
2359 3699 2626 3755 interdum
2661 3701 2826 3756 relici.
2867 3700 3162 3756 Christiani
3209 3701 3388 3770 itaque
3435 3697 3613 3754 nullos
3649 3698 3806 3767 plane

2210 3797 2478 3854 faciebant
2508 3795 2813 3870 hujusmodi
2843 3806 3107 3867 sumptus.

2281 3921 2384 3980 Sed
2431 3920 2476 3976 si
2530 3919 2686 3987 nihil,
2721 3919 2892 3990 inquit
2922 3916 3302 3984 Tertullianus,
3337 3915 3410 3971 ibi
3454 3929 3756 3970 mercamur
3785 3953 3804 3984 ,

2215 4017 2342 4084 Qua:
2370 4026 2537 4071 tamen
2569 4013 2709 4085 apud
2736 4013 2853 4068 illos
2875 4025 3030 4068 cretus
3058 4011 3405 4078 venditantur,
3458 4010 3503 4066 si
3549 4008 3803 4063 desidera-

2211 4124 2348 4175 vero,
2401 4108 2634 4165 libentius
2687 4107 2750 4161 de
2791 4107 3013 4177 propriis
3064 4104 3187 4159 locis
3232 4120 3427 4158 sumam
3481 4101 3802 4174 (Tertullian.

2211 4201 2479 4272 Apologet.
2511 4217 2627 4273 cap.
2663 4201 2754 4272 η.
2782 4217 2898 4272 pag.
2943 4197 3094 4270 493).
3133 4197 3391 4265 Quaedam
3432 4198 3662 4266 antiqua:
3692 4193 3806 4250 edi-

2213 4297 2406 4363 tiones,
2454 4295 2777 4351 sumo:aliae
2829 4294 3075 4366 quaedam
3127 4294 3479 4359 recentiores,
3524 4299 3802 4346 sumentur.

2211 4389 2400 4445 Melius
2456 4389 2507 4444 in
2557 4389 2754 4445 nostris
2802 4387 3077 4444 eodicibus
3118 4396 3172 4444 et
3218 4387 3424 4442 cmteris
3459 4385 3801 4453 editionibus,

2211 4499 2430 4540 sumam.
2464 4481 2608 4538 Nihil
2637 4497 2765 4552 ergo
2811 4481 2881 4538 de
2934 4481 3075 4536 bono
3128 4479 3346 4552 publico
3370 4479 3728 4549 deperditum,
3759 4477 3804 4532 si

517 4573 623 4660 ss:
666 4602 945 4672 Ρετρθιυω
992 4610 1048 4654 οι
1100 4599 1392 4656 Felicitatis
1435 4573 1693 4655 damn},
1731 4601 1869 4658 hanc
1897 4614 2106 4662 coenam
2135 4608 2188 4668 Β
2215 4577 2512 4632 Christiani
2539 4577 2658 4631 aliis
2687 4576 2850 4632 licitis
2893 4575 2994 4631 sibi
3043 4575 3096 4630 in
3139 4574 3272 4630 locis
3299 4589 3360 4629 ea
3390 4573 3660 4648 emebant,
3693 4584 3810 4641 qua

517 4695 728 4750 liberam
777 4691 1023 4760 vocitari,
1047 4691 1186 4746 haud
1213 4690 1372 4746 dubie
1401 4692 1525 4760 quia
1572 4691 1867 4748 lautissima
1887 4706 2024 4763 erat,
2047 4713 2113 4756 ac

514 4788 842 4859 gladiatores
869 4787 1004 4842 cibis
1043 4785 1110 4841 ad
1143 4784 1350 4840 libitum
1379 4769 1638 4854 appositis
1667 4799 1789 4842 sese
1816 4787 2114 4860 ingurgita—

517 4882 666 4936 bant.

588 4974 878 5031 Christiani
902 4987 1032 5044 ergo
1060 4972 1304 5042 publicas
1344 4971 1462 5026 illas
1505 4986 1690 5028 coenas
1728 4973 1924 5029 merito
1951 4989 2114 5045 repu-

517 5068 772 5132 diabant;
802 5076 986 5136 utpote
1042 5081 1161 5136 qua:
1207 5067 1258 5119 in
1291 5063 1484 5120 Bacchi
1511 5063 1792 5131 honorem,
1822 5081 1886 5124 ac
1923 5067 2116 5124 intem-

519 5170 769 5233 peranter
823 5160 1108 5215 dabantur.
1164 5157 1378 5214 Nullum
1428 5167 1606 5212 tamen
1647 5156 1901 5214 damnum
1951 5159 2114 5214 rebus

518 5253 745 5326 publicis
771 5251 894 5307 inde
919 5251 1229 5308 accedebat.
1261 5250 1392 5305 Nam
1414 5249 1622 5318 ubiubi,
1649 5250 1726 5305 sic
1754 5250 2117 5308 Tertullianus

517 5344 810 5416 quemlibet
845 5342 1118 5398 ethnicuut
1148 5341 1458 5410 alloquitur,
1493 5345 1555 5394 tle
1605 5342 1766 5412 copiis
1807 5342 1906 5396 tuis
1930 5357 2069 5396 canto
2097 5382 2113 5412 ,

518 5439 572 5495 id
603 5447 704 5503 est,
735 5437 891 5503 cibis,
941 5450 1076 5507 quos
1120 5451 1151 5491 a
1205 5437 1307 5493 tuis
1333 5436 1622 5507 gentilibus
1676 5438 1727 5491 in
1774 5449 2116 5507 quocumque

520 5533 736 5604 publico
765 5532 906 5600 loco,
940 5530 1090 5588 falsis
1126 5529 1230 5586 diis
1268 5547 1374 5586 non
1412 5539 1745 5595 consecrato,
1779 5545 1959 5588 emere
1986 5544 2115 5585 con-

519 5625 691 5682 suevi.

1116 5709 1408 5752 ARTICULUS
1446 5711 1524 5751 111.

520 5809 690 5877 Quam
715 5809 904 5868 insulse
933 5811 1120 5866 ethnici
1147 5810 1418 5881 objicerent
1446 5810 1762 5868 Christianos
1796 5811 1914 5869 ideo
1942 5811 2118 5880 reipus

2217 4669 2359 4743 apud
2389 4669 2728 4726 ethnicorum
2763 4668 2979 4724 illicitos
3019 4676 3192 4724 caelus
3231 4666 3662 4722 venditabantur.

2287 4781 2432 4842 Nihil
2457 4789 2641 4849 etiam,
2671 4785 2930 4856 quidquid
2961 4784 3136 4840 adhuc
3182 4783 3341 4839 iidem
3390 4791 3773 4838 eaussarentur
3793 4821 3808 4849 ,

2218 4879 2529 4951 reipublica:
2558 4879 2788 4947 deperit,
2817 4879 2862 4933 si
2895 4876 3074 4942 thura,
3105 4877 3278 4946 inquit
3299 4874 3683 4944 Tertullianus,
3715 4888 3815 4936 non

2220 4975 2432 5026 emimus
2487 4969 2700 5042 (Ibid),
2756 4987 2873 5041 qua:
2923 4969 3124 5026 ethnici
3178 4968 3330 5026 falsis
3361 4967 3466 5024 diis
3501 4965 3811 5022 adolebant.

2219 5064 2352 5120 Nam
2397 5065 2449 5119 id
2503 5065 2657 5119 uoltis
2709 5063 2930 5118 omnino
2956 5063 3179 5118 vetitum
3225 5071 3362 5128 erat,
3397 5060 3675 5131 thurisque
3704 5075 3818 5134 pre-

2223 5159 2354 5213 tium
2407 5157 2584 5218 minus
2637 5166 2772 5225 erat,
2820 5171 2980 5228 quam
3010 5155 3209 5212 ethnici
3249 5156 3317 5212 de
3364 5155 3465 5211 hoc
3491 5155 3818 5210 detrimento

2223 5253 2485 5325 conqueri
2515 5268 2747 5324 unquam
2795 5251 3097 5308 debuerint.
3134 5251 3346 5307 Etenim
3380 5249 3580 5306 Arabiae
3601 5291 3616 5316 ,
3645 5250 3820 5321 pergit

2223 5347 2336 5409 ille,
2367 5345 2563 5417 potiori
2583 5345 2704 5414 jure
2727 5353 3026 5413 queruntur.
3044 5344 3244 5401 Verum
3270 5345 3316 5400 si
3340 5359 3459 5415 qua:
3483 5343 3551 5398 sit
3581 5343 3819 5400 Arabum

2231 5437 2300 5494 de
2338 5438 2546 5493 cariore
2581 5450 2680 5492 suo
2707 5436 2862 5494 thure
2885 5451 2991 5492 non
3011 5437 3227 5494 vendito
3249 5435 3604 5506 querimonia,
3637 5436 3816 5502 scient,

2223 5531 2318 5598 ait,
2349 5530 2464 5588 sive
2488 5543 2587 5602 pro
2615 5529 2770 5587 nobis
2795 5529 3194 5604 respondebunt
3225 5547 3239 5584 :
3268 5528 3439 5586 Sabtei
3465 5530 3625 5600 pluris
3655 5538 3701 5584 et
3724 5546 3822 5584 ca-

2218 5622 2369 5678 rioris
2423 5638 2544 5680 suas
2591 5638 2778 5679 merces
2827 5624 3118 5680 cbristianis
3179 5623 3478 5695 sepeliendis
3522 5623 3816 5694 proﬂigari,

2218 5733 2372 5861 ripam
2402 5717 2500 5772 diis
2537 5717 2850 5789 fumigandis
2873 5717 3084 5791 (Ibid).
3111 5718 3186 5776 De
3223 5717 3414 5776 Sabino
3448 5725 3624 5774 autem
3663 5713 3825 5774 thure

2273 5811 2474 5861 imilius
2508 5829 2522 5861 :

2273 5811 2474 5882 irgilius
2508 5829 2522 5866 ;
